5176 7160
2444 371 2516 408 LE
2548 370 2730 409 TRAIT
2762 369 3011 420 D’UNIQN

542 482 686 523 payées
710 479 732 515 à
755 479 887 514 raison
911 481 958 513 de
980 482 995 511 1
1019 482 1131 511 frano
1156 480 1192 511 ia
1216 479 1322 516 ligne
1346 484 1444 515 pour
1467 476 1563 508 trois

538 532 650 564 mois.
682 531 732 562 Ce
762 531 864 562 délai
896 527 1045 566 écoulé,
1078 528 1132 558 les
1164 524 1375 559 intéressés
1405 524 1565 555 doivent

536 584 753 616 demander
783 584 817 614 le
848 580 1187 614 renouvellement
1219 587 1227 614 ;

577 643 618 673 6°
656 642 704 674 La
739 640 919 674 montant
950 638 1019 671 des
1051 635 1339 670 abonnements
1370 632 1452 663 doit
1485 631 1566 662 être

536 691 698 727 adressé
715 700 766 724 au
788 691 988 723 Directeur
1007 689 1060 720 du
1078 687 1196 720 Trait-
1206 672 1372 720 4'Union
1392 691 1440 716 en
1463 690 1568 715 man¬

539 747 639 784 dats,
667 747 764 778 bons
790 744 838 776 de
864 743 972 782 poste
999 748 1048 774 ou
1075 741 1238 774 timbres
1266 747 1275 778 ;

579 803 618 833 7°
648 803 700 834 La
726 800 923 832 Direction
951 798 1148 835 n’accepta
1172 803 1248 834 que
1272 795 1340 827 des
1366 798 1567 826 annonces

538 854 616 889 très
638 854 847 891 sérieuses,
868 851 987 884 celles
1007 850 1103 882 dont
1126 850 1163 882 la
1184 846 1387 880 rédaction
1410 852 1458 878 ne
1480 851 1567 878 con¬

539 908 705 941 viendra
732 912 802 946 pas
831 906 964 937 seront
992 902 1167 935 refusées
1196 910 1206 940 ;

579 966 619 996 9°
647 964 706 1000 On
731 964 826 1005 peut
846 959 1134 998 correspondre
1156 959 1182 992 à
1205 959 1243 992 la
1266 955 1343 988 fois
1367 962 1463 986 avec
1487 954 1569 992 plu¬

540 1018 668 1054 sieurs
697 1014 876 1050 abonnés
902 1020 915 1055 ;

581 1073 641 1106 10°
680 1074 731 1107 La
769 1072 859 1110 plus
892 1067 1148 1103 élémentaire
1186 1066 1371 1105 politesse
1406 1063 1479 1095 fait
1515 1068 1567 1094 un

539 1126 678 1160 devoir
707 1132 784 1158 aux
816 1120 992 1158 abonnés
1023 1122 1071 1154 de
1102 1119 1296 1158 répondre
1324 1123 1404 1150 aux
1436 1116 1568 1148 lettres

540 1185 690 1218 reçues.
724 1179 800 1211 Pas
831 1177 928 1210 n’est
959 1174 1096 1207 besoin
1128 1174 1175 1205 de
1208 1173 1374 1212 longues
1406 1170 1570 1207 phrases

539 1234 640 1269 dans
662 1231 835 1266 certains
858 1236 937 1264 cas.
964 1229 1072 1261 Deux
1098 1228 1198 1259 mots
1222 1223 1411 1256 suffisent
1435 1228 1446 1259 ;

580 1290 642 1322 11°
672 1288 795 1322 Toute
826 1286 937 1320 lettre
966 1283 1032 1323 qui
1063 1288 1164 1315 nous
1191 1283 1251 1314 est
1275 1278 1459 1312 adressée
1488 1283 1570 1315 per¬

540 1342 830 1377 sonnellement
849 1340 886 1372 et
904 1338 970 1379 qui
991 1336 1186 1370 demande
1206 1340 1283 1367 une
1303 1330 1470 1370 réponse
1488 1330 1571 1362 doit

541 1395 622 1429 être
643 1391 936 1432 accompagnée
957 1391 1049 1422 d’un
1071 1390 1214 1422 timbre
1235 1388 1283 1420 de
1304 1387 1343 1417 10
1365 1383 1568 1417 centimes.

583 1452 643 1483 12°
676 1451 726 1483 Ne
754 1456 826 1488 pas
855 1446 1008 1481 oublier
1038 1446 1095 1478 les
1122 1444 1287 1479 timbres
1315 1438 1571 1478 obligatoires

542 1511 642 1544 pour
662 1504 699 1535 la
719 1500 912 1542 première
934 1501 971 1531 et
992 1499 1028 1530 la
1048 1496 1258 1530 deuxième
1278 1494 1528 1531 enveloppes.

584 1560 644 1591 15°
683 1559 804 1591 Toute
840 1555 1098 1596 suppression
1134 1554 1367 1587 d’annonce,
1402 1550 1570 1586 change¬

544 1611 651 1640 ment
692 1614 742 1638 ou
787 1603 1061 1637 modification
1104 1600 1336 1634 d’insertion
1379 1603 1426 1628 en
1454 1602 1570 1628 cours

543 1656 861 1692 d’abonnement,
894 1652 1057 1684 nuisant
1087 1650 1110 1684 à
1142 1650 1179 1680 la
1210 1650 1338 1680 bonne
1369 1644 1570 1685 organisa¬

542 1706 626 1738 tion
649 1704 695 1735 de
718 1710 782 1735 ma
802 1698 1079 1735 combinaison
1102 1696 1313 1735 mariages,
1336 1695 1391 1726 les
1413 1698 1571 1731 person¬

544 1759 615 1784 nes
653 1751 722 1788 qui
760 1758 811 1782 en
850 1750 983 1780 feront
1006 1747 1044 1778 la
1067 1745 1263 1778 demande
1287 1748 1486 1779 expresse,
1509 1740 1572 1771 de¬

544 1802 660 1837 vront
683 1806 724 1831 se
747 1799 972 1833 conformer
996 1802 1047 1827 au
1072 1794 1166 1828 tarif
1189 1792 1351 1827 suivant
1375 1798 1384 1820 :

584 1855 851 1895 Suppression
886 1853 1392 1887 d’annonce.
1440 1846 1458 1875 5
1482 1844 1530 1876 fr.

586 1903 859 1942 Changement
892 1899 1390 1938 complet.
1438 1894 1458 1924 3
1480 1892 1530 1923 fr.

587 1950 847 1990 Supplément
872 1950 991 1982 d’une
1019 1947 1390 1986 ligne.
1439 1940 1455 1972 1
1480 1940 1530 1973 fr.

586 2009 709 2039 Toute
732 2011 928 2044 personne
949 2002 1128 2035 abonnée
1150 2008 1246 2034 sans
1266 2004 1460 2035 annonce,
1483 2003 1572 2029 con¬

542 2062 656 2088 serve
690 2060 761 2087 son
795 2054 901 2086 droit
932 2050 1166 2083 d’insertion
1199 2047 1363 2087 gratuit,
1396 2044 1571 2083 pendant

542 2106 651 2139 toute
670 2104 707 2135 la
725 2102 847 2135 durée
863 2102 911 2134 de
927 2106 1000 2131 son
1018 2099 1299 2131 abonnement.

1162 2163 1216 2194 LE
1243 2158 1530 2192 DIRECTEUR.

545 2344 913 2449 OFFRES
977 2343 1181 2447 AUX
1245 2338 1577 2443 DARES

600 2595 719 2636 6077.
784 2593 956 2635 Guinée
1020 2591 1274 2640 Française.
1306 2612 1360 2618 —
1395 2587 1576 2627 Institu¬

544 2658 646 2695 teur
672 2655 880 2702 colonial,
908 2654 959 2693 24
986 2663 1082 2700 ans,
1110 2651 1270 2702 grand,
1300 2649 1434 2695 brun,
1462 2647 1574 2698 phy¬

546 2714 676 2767 sique
708 2714 919 2766 agréable
979 2711 1194 2752 situation
1230 2707 1420 2750 actuelle
1452 2707 1574 2746 5.000

547 2775 714 2823 francs,
776 2774 926 2814 rentes
955 2774 1034 2811 500
1080 2771 1247 2818 francs,
1307 2767 1574 2818 espérances

544 2836 695 2876 50.000
724 2834 892 2880 francs,
942 2830 1202 2882 épouserait
1255 2827 1460 2878 collègue
1515 2836 1573 2864 ou

545 2896 683 2947 jeune
713 2894 812 2937 fille
843 2892 1019 2932 aimant
1074 2900 1283 2940 voyager.
1347 2885 1571 2927 Situation

546 2964 600 2994 en
634 2952 835 3004 rapport.

596 3048 715 3088 6089.
742 3047 940 3087 Canada.
961 3046 1015 3085 —
1034 3046 1178 3085 Jeune
1202 3042 1384 3083 homme
1398 3042 1448 3082 33
1471 3051 1567 3087 ans,

543 3105 752 3150 habitant
776 3102 1074 3146 merveilleux
1097 3112 1223 3155 pays,
1249 3098 1410 3144 climat
1430 3096 1570 3141 excel¬

543 3167 651 3215 lent,
684 3166 773 3208 bon
805 3164 965 3207 métier
995 3162 1265 3215 rapportant
1291 3162 1344 3203 20
1374 3159 1399 3199 à
1427 3160 1480 3199 22
1511 3158 1566 3198 fr.

543 3238 624 3283 par
647 3226 768 3277 jour,
794 3224 940 3268 désire
963 3222 1165 3274 mariage
1188 3232 1295 3262 avec
1317 3220 1455 3271 jeune
1477 3215 1571 3259 fille

543 3287 599 3328 de
618 3287 670 3326 24
693 3285 719 3327 à
740 3286 792 3326 30
815 3296 910 3336 ans,
938 3294 1044 3324 avec
1066 3294 1124 3324 ou
1148 3292 1253 3323 sans
1276 3279 1367 3323 dot.

595 3380 712 3420 6102.
768 3380 991 3420 Charente
1011 3398 1026 3407 -
1048 3376 1311 3418 Inférieure.
1334 3395 1388 3403 —
1439 3372 1570 3419 Veuf,

540 3446 647 3475 sans
671 3434 866 3481 enfants,
892 3434 943 3472 39
966 3443 1063 3479 ans,
1119 3434 1138 3470 1
1164 3442 1224 3470 m.
1251 3430 1318 3475 58,
1371 3426 1570 3472 châtain,

540 3497 751 3543 charron,
783 3495 921 3535 établi
952 3492 1114 3543 depuis
1147 3494 1195 3531 10
1225 3501 1321 3538 ans,
1355 3488 1570 3530 situation

538 3552 664 3591 2.000
691 3550 748 3588 fr.
778 3548 969 3599 liquide,
997 3546 1145 3587 désire
1171 3546 1363 3596 épouser
1390 3552 1571 3593 person¬

542 3615 599 3646 ne
626 3603 815 3644 environ
842 3604 893 3643 30
922 3612 1018 3648 ans,
1049 3600 1198 3642 bonne
1224 3598 1367 3644 santé,
1423 3596 1572 3635 bonne

540 3655 768 3704 conduite,
804 3655 943 3706 ayant
972 3654 1083 3705 petit
1114 3652 1240 3692 avoir
1296 3651 1339 3691 et
1371 3648 1573 3700 pouvant

540 3703 583 3754 le
606 3710 840 3753 seconder.
867 3707 1056 3751 Sérieux
1080 3707 1120 3748 et
1146 3706 1311 3759 pressé.

592 3798 713 3836 6117.
754 3795 1142 3835 Lot-et-Garonne.
1171 3795 1232 3833 —
1264 3795 1410 3833 Jeune
1447 3791 1571 3830 hom¬

540 3852 614 3891 me
633 3852 686 3890 25
706 3860 803 3899 ans,
830 3848 1122 3899 agriculteur,
1148 3846 1347 3893 instruit,
1371 3855 1455 3896 pas
1472 3844 1572 3884 vul¬

539 3903 678 3955 gaire,
734 3906 871 3955 ayant
923 3912 1115 3943 avances
1167 3902 1211 3942 et
1236 3898 1465 3951 propriété
1517 3896 1571 3938 de

544 3960 691 4003 15.000
710 3958 787 4004 fr.,
808 3955 1067 4008 épouserait
1084 3955 1220 4004 jeune
1241 3963 1481 4005 personne,
1504 3962 1573 3991 ca¬

540 4010 726 4059 ractère,
758 4011 840 4060 âge
868 4011 910 4052 et
938 4008 1154 4058 situation
1185 4019 1239 4048 en
1270 4007 1458 4056 rapport
1513 4016 1570 4044 ou

542 4063 664 4107 riche
691 4075 795 4104 sans
820 4062 1048 4116 préjugés.

594 4154 712 4191 6119.
739 4154 980 4192 Toulouse.
1003 4174 1058 4179 —
1080 4151 1211 4199 Veuf,
1235 4151 1288 4189 59
1311 4159 1407 4196 ans,
1434 4148 1572 4198 ayant

540 4206 810 4262 profession,
835 4205 1011 4247 maison
1035 4215 1088 4247 en
1111 4204 1219 4246 ville
1238 4204 1282 4245 et
1302 4211 1567 4252 campagne,

543 4271 737 4304 revenus
769 4262 893 4300 2.500
930 4258 986 4307 fr,
1023 4258 1294 4300 sentiments
1328 4255 1565 4304 religieux,

539 4311 687 4355 désire
712 4312 914 4364 mariage
939 4322 1045 4352 avec
1068 4320 1295 4362 personne
1319 4309 1409 4350 très
1432 4310 1571 4351 hono¬

541 4366 682 4416 rable,
706 4367 834 4419 d’âge
859 4364 1034 4414 assorti,
1060 4363 1192 4418 goûts
1214 4362 1415 4414 simples.
1443 4360 1571 4403 Réfé¬

541 4429 696 4462 rences
728 4419 919 4471 exigées.

592 4502 712 4543 6120.
746 4498 1163 4550 Basses-Pyrénées.
1192 4522 1247 4528 —
1276 4498 1406 4544 Veuf,
1455 4496 1567 4543 seul,

539 4553 710 4599 certain
767 4555 862 4604 âge,
922 4552 1256 4595 fonctionnaire
1310 4551 1366 4591 de
1419 4550 1567 4596 l’Etat,

538 4609 660 4650 2.000
687 4607 743 4648 fr.
772 4606 955 4659 jusqu’à
982 4606 1026 4648 la
1052 4606 1119 4647 fin
1147 4606 1202 4648 de
1230 4616 1298 4653 ses
1323 4604 1467 4654 jours,
1497 4603 1566 4644 bel

539 4663 739 4711 homme,
772 4662 898 4702 avoir
928 4660 1184 4712 personnel,
1246 4659 1372 4700 santé
1429 4656 1570 4698 excel¬

540 4716 675 4766 lente,
710 4715 920 4755 habitant
955 4714 1063 4755 ville
1098 4714 1274 4763 d’eaux,
1312 4710 1569 4764 épouserait

539 4769 812 4811 Demoiselle
836 4782 894 4810 ou
920 4768 1062 4808 Dame
1087 4768 1143 4808 de
1167 4768 1218 4807 40
1243 4768 1268 4807 à
1292 4768 1344 4807 56
1370 4776 1464 4815 ans,
1494 4767 1570 4804 ho¬

538 4824 726 4863 norable
751 4824 794 4864 et
820 4823 923 4863 bien
951 4822 1115 4870 élevée,
1146 4822 1283 4871 ayant
1309 4819 1458 4859 rentes
1510 4830 1567 4859 ou

538 4876 807 4919 économies.

590 4956 707 4995 6131.
754 4956 878 4995 Gers.
918 4955 973 4995 —
1026 4955 1307 5005 Célibataire,
1362 4956 1410 4994 41
1464 4966 1561 5002 ans,

539 5014 686 5056 15.000
714 5015 770 5055 fr.
803 5028 858 5056 en
888 5016 1083 5071 espèces,
1114 5015 1263 5056 bonne
1293 5014 1562 5055 instruction

538 5073 580 5116 et
621 5075 876 5124 éducation,
907 5073 1086 5116 sérieux
1112 5075 1155 5116 et
1180 5076 1408 5123 économe,
1438 5075 1565 5115 hom¬

537 5146 608 5176 me
664 5135 720 5176 de
772 5143 912 5185 cœur,
959 5134 1102 5175 solide
1146 5134 1371 5183 affection,
1418 5134 1566 5175 désire

537 5194 678 5236 union
726 5204 832 5236 avec
878 5194 1140 5236 demoiselle
1168 5207 1227 5236 ou
1256 5204 1400 5236 veuve
1428 5194 1563 5249 ayant

536 5254 686 5295 bonne
720 5254 936 5296 situation
972 5254 1015 5295 et
1048 5254 1319 5296 excellentes
1351 5248 1558 5304 qualités.

536 5311 619 5354 Lui
642 5314 798 5358 écrire.

588 5408 707 5449 6132.
731 5408 871 5449 Tarn.
892 5410 946 5449 —
964 5410 1108 5450 Jeune
1130 5408 1330 5458 homme,
1353 5408 1488 5456 brun,
1510 5409 1563 5448 27

537 5478 631 5518 ans,
656 5468 908 5519 négociant,
932 5469 1148 5510 situation
1167 5472 1192 5508 7
1212 5470 1239 5510 à
1257 5470 1380 5510 8.000
1400 5468 1455 5508 fr.
1479 5480 1562 5520 par

535 5540 611 5578 an,
632 5530 898 5584 espérances
918 5530 1018 5573 cent
1039 5528 1178 5571 mille.
1203 5528 1472 5580 Epouserait
1489 5528 1562 5570 de¬

534 5586 741 5632 moiselle
760 5584 814 5631 de
832 5591 886 5634 20
904 5589 931 5631 à
950 5590 1002 5629 25
1022 5600 1120 5638 ans,
1142 5587 1264 5640 jolie,
1288 5587 1558 5639 distinguée,

531 5650 666 5699 ayant
679 5647 759 5690 dot
783 5648 836 5688 de
858 5649 907 5687 20
929 5649 952 5687 à
969 5652 1019 5687 50
1041 5648 1120 5688 GGO
1136 5648 1299 5688 francs.

587 5746 628 5784 S"
647 5747 704 5786 Le
722 5744 851 5784 Trait
867 5746 1062 5786 dHfinion
1082 5748 1150 5786 est
1167 5756 1227 5786 un
1248 5747 1430 5795 journal
1453 5748 1559 5786 hon¬

535 5805 636 5846 nête
663 5808 704 5844 et
734 5807 961 5855 n’accepte
992 5816 1078 5855 que
1133 5807 1212 5846 des
1240 5816 1468 5847 annonces
1498 5806 1560 5848 sé-

535 5863 720 5907 rieuaas.
731 5855 876 5905 )ü9t/
922 5845 1522 5903 20ul16O118flîmO3S#i

586 5960 703 6000 6136.
743 5957 1170 6010 Hautes-Pyrénées.
1202 5984 1258 5990 —
1291 5960 1559 6003 Célibataire

531 6018 583 6059 37
604 6030 699 6070 ans,
726 6018 848 6062 idées
867 6020 1029 6073 larges,
1055 6019 1131 6062 dot
1151 6022 1274 6062 5.000
1296 6019 1351 6062 fr.
1376 6019 1559 6072 épouse¬

532 6077 619 6120 rait
643 6075 904 6123 demoiselle
930 6089 987 6121 ou
1012 6089 1155 6122 veuve
1179 6079 1234 6122 de
1258 6081 1310 6122 26
1334 6080 1359 6122 à
1383 6080 1434 6121 35
1459 6092 1554 6123 ans.

531 6139 738 6187 Sérieux,

582 6234 702 6274 61*37.
734 6235 861 6275 Gers.
892 6236 948 6274 —
976 6235 1224 6283 Monsieur,
1256 6235 1308 6274 50
1338 6246 1434 6284 ans,
1467 6236 1556 6276 très

530 6292 723 6342 sérieux,
751 6294 878 6335 santé
903 6293 1095 6347 parfaite
1120 6294 1163 6334 et
1186 6291 1416 6342 situation,
1444 6291 1556 6335 dési¬

528 6363 575 6395 re
623 6352 816 6403 épouser
866 6352 998 6394 dame
1038 6365 1095 6394 ou
1135 6351 1396 6395 demoiselle
1420 6352 1556 6403 ayant

527 6411 724 6465 éprbtfvé
770 6411 924 6467 peines
970 6411 1178 6456 morales.
1211 6412 1368 6458 Bonne
1411 6411 1551 6463 santé,

524 6464 659 6526 goftts
702 6471 903 6524 simples,
937 6472 1086 6514 rentes
1129 6474 1170 6515 et
1214 6483 1407 6515 revenus
1436 6474 1550 6522 sûrs,

526 6528 813 6588 d'à,molps.
824 6532 947 6576 3.000
971 6531 1027 6574 fr.

576 6621 684 6667 6140
731 6624 944 6667 Gironde.
973 6649 1027 6654 —
1056 6626 1340 6678 Célibataire,
1371 6628 1423 6667 38
1454 6639 1548 6676 ans,

524 6685 627 6726 bien
652 6696 758 6726 sous
783 6686 883 6727 tous
908 6685 1132 6749 rapports,
1176 6685 1391 6728 situation
1432 6698 1550 6727 com¬

523 6744 750 6796 merciale,
776 6745 903 6788 avoir
924 6743 1268 6801 et’espérances,
1295 6746 1550 6798 épouserait

1640 475 1900 523 demoiselle
1923 487 1976 518 ou
2002 486 2143 517 veuve
2166 474 2302 526 ayant
2324 468 2537 515 situation
2563 482 2666 512 ana¬

1641 537 1772 585 logue
1795 547 1854 575 ou
1880 537 1971 577 dot.
2002 535 2213 575 Pourrait
2238 546 2284 574 se
2309 531 2531 583 déplacer.

1694 631 1811 670 6141.
1838 631 2076 670 Charente.
2099 652 2152 657 —
2174 630 2264 668 Fils
2287 628 2472 678 unique,
2495 627 2547 666 20
2569 638 2664 676 ans,

1642 690 1836 741 qualités
1863 688 2112 740 physiques
2139 688 2180 727 et
2209 687 2418 735 morales,
2448 686 2667 732 ancienne

1643 748 1832 796 famille,
1879 749 1955 788 dot
2000 750 2172 788 100.000
2215 747 2270 786 fr.
2302 747 2411 787 dont
2436 747 2584 786 55.000
2612 756 2664 784 en

1642 810 1834 859 espèces,
1866 808 2011 848 désire
2040 807 2242 858 m&riage
2271 816 2377 847 avec
2406 804 2667 847 demoiselle

1644 867 1906 918 honorable,
1952 866 2167 907 situation
2195 866 2323 916 égale
2350 876 2407 907 ou
2435 863 2667 915 supérieu¬

1643 938 1702 968 re.

1694 1028 1967 1068 6143.Tarn.
1997 1049 2032 1054 -
2059 1024 2355 1073 Cêübatsire,
2374 999 2532 1071 32aâs,
2550 1022 2667 1070 bien,
2679 1022 2695 1059 1

1642 1101 1747 1131 sous
1770 1094 1867 1128 tous
1889 1089 1952 1130 les
1972 1091 2192 1139 rapports,
2219 1086 2526 1138 propriétaire,
2546 1087 2655 1131 négo

1642 1163 1708 1195 cia
1715 1155 1772 1202 ut,
1812 1151 2059 1199 industriel,
2075 1168 2083 1192 î
2103 1150 2315 1191 situation
2355 1150 2669 1189 commerciale

1644 1215 1790 1256 10.000
1825 1214 1983 1264 francs,
2027 1214 2279 1264 épouserait
2320 1212 2479 1252 femme
2515 1205 2701 1261 d’inLé-f

1644 1282 1760 1322 rieur
1780 1280 1835 1320 de
1864 1282 1914 1321 20
1936 1282 1961 1320 à
1983 1280 2032 1320 30
2054 1291 2150 1328 ans,
2182 1280 2311 1330 goûts
2335 1276 2535 1329 simples,
2567 1280 2701 1330 con-§

1643 1344 1843 1385 naissant
1865 1354 2127 1383 commerce.
2154 1342 2373 1382 Situation
2394 1351 2449 1381 en
2470 1342 2667 1391 rapport.

1695 1438 1814 1479 6146.
1831 1439 1927 1479 Lot.
1952 1434 2116 1483 -"Veuf,
2132 1435 2244 1483 seul,
2258 1435 2357 1476 titre
2378 1434 2430 1474 de
2446 1435 2603 1482 comte,
2622 1436 2671 1472 66

1644 1512 1739 1552 ans,
1764 1500 1888 1544 santé
1910 1498 2111 1551 parfaite,
2148 1496 2373 1554 propriété
2403 1495 2457 1536 de
2490 1498 2671 1546 rapport

1643 1567 1686 1604 et
1706 1563 1991 1611 d’agrément,
2016 1560 2161 1602 désira
2184 1557 2375 1610 épouser
2411 1556 2670 1600 demoiselle

1643 1638 1699 1666 ou
1720 1625 1850 1664 dame
1871 1635 2028 1672 veuve,
2051 1634 2159 1662 avec
2183 1634 2235 1662 ou
2259 1632 2366 1660 sans
2386 1619 2572 1660 enfants.

1698 1724 1816 1766 6153.
1851 1724 2038 1764 Vienne.
2066 1744 2118 1763 ^
2149 1720 2382 1762 Monsieur
2411 1720 2534 1766 veuf,
2563 1728 2670 1759 sans

1646 1783 1841 1832 enfants,
1867 1782 2140 1833 catholique,
2166 1780 2360 1824 honnête
2383 1777 2424 1819 et
2445 1778 2500 1818 de
2522 1778 2669 1823 bonne

1647 1843 1836 1892 famille,
1863 1844 1996 1892 ayant
2022 1840 2235 1882 situation
2260 1839 2515 1890 épouserait
2538 1839 2670 1878 dame

1646 1914 1787 1944 veuve
1815 1914 1872 1942 ou
1899 1900 2162 1943 demoiselle
2187 1902 2310 1951 âgée,
2355 1899 2492 1950 ayant
2534 1896 2668 1938 situa¬

1647 1962 1752 2006 tion.
1782 1960 1984 2002 Sérieàx.

1699 2058 1817 2096 6157.
1839 2058 1977 2096 Tarn.
1995 2055 2050 2096 —
2067 2054 2327 2103 Négociant,
2347 2055 2398 2095 40
2415 2062 2511 2100 ans,
2533 2051 2690 2092 hono-.

1648 2116 1787 2164 rable,
1820 2115 2015 2164 sérieux,
2051 2114 2172 2162 actif.,
2208 2114 2280 2154 bel
2312 2115 2510 2159 homme,
2546 2111 2671 2151 santé

1647 2176 1855 2230 parfaite,
1914 2176 2002 2216 très
2044 2172 2380 2226 sympathique,
2428 2170 2671 2223 possédant

1650 2238 1798 2275 30.000
1834 2235 1907 2284 fr.,
1947 2235 2052 2285 plus
2086 2244 2338 2275 commerce
2373 2231 2587 2283 prospère
2622 2231 2663 2270 et

1647 2295 1822 2343 ancien,
1855 2294 2122 2348 rapportant
2150 2295 2272 2333 5.000
2300 2292 2356 2331 fr.
2390 2291 2494 2338 l’an,
2526 2290 2670 2330 désire

1646 2356 1846 2403 mariage
1884 2354 1989 2395 civil
2014 2355 2119 2394 âvec
2158 2351 2419 2393 demoiselle
2458 2362 2515 2391 ou
2539 2348 2670 2388 dame

1644 2415 1782 2463 seule,
1810 2414 1899 2456 très
1924 2414 2026 2454 bien
2054 2412 2097 2451 et
2121 2412 2257 2462 ayant
2281 2411 2370 2451 dot.
2401 2409 2447 2451 Si
2472 2408 2670 2460 possible

1649 2471 1944 2519 musicienne,
2003 2469 2120 2510 mais
2175 2471 2354 2510 surtout
2407 2479 2488 2519 pas
2544 2467 2668 2515 sotte,

1648 2535 1818 2574 femme
1860 2530 2139 2578 d’intérieur,
2184 2528 2359 2570 aimant
2403 2536 2668 2568 commerce.

1649 2593 1695 2634 Si
1724 2592 1852 2644 plait,
1884 2591 2094 2642 qualités,
2127 2599 2226 2631 sera
2254 2600 2335 2640 pas
2366 2586 2587 2639 exigeant.

1704 2693 1908 2740 Envoyez
1940 2690 1966 2730 à
2000 2692 2041 2730 la
2075 2688 2300 2728 Direction
2335 2688 2411 2727 des
2443 2695 2671 2726 annonces

1646 2751 1880 2800 sérieuses,
1905 2751 2064 2799 vraies,
2088 2747 2299 2795 sincères,
2324 2746 2531 2796 précises,
2558 2756 2670 2794 pour

1646 2812 1787 2852 éviter
1812 2812 1892 2851 des
1914 2810 2144 2859 surprises
2170 2808 2430 2856 imprévues
2454 2811 2496 2846 et
2549 2806 2670 2846 désa¬

1648 2871 1868 2922 gréables.

1700 2966 1818 3006 6158.
1852 2962 2124 3014 Cambodge.
2154 2963 2208 3004 —
2235 2963 2379 3004 Jeune
2408 2963 2591 3003 homme
2618 2963 2670 3003 27

1647 3037 1743 3074 ans,
1775 3024 1936 3079 grand,
1987 3026 2120 3073 brun,
2171 3023 2396 3076 physique
2444 3020 2667 3072 agréable,

1647 3083 1980 3134 fonctionnaire
2055 3083 2347 3134 Indo-Chine,
2411 3081 2670 3123 traitement

1646 3145 1767 3186 7.000
1800 3143 1874 3194 fr.,
1906 3143 2095 3187 brillant
2126 3141 2297 3191 avenir,
2331 3139 2577 3184 excellente
2607 3140 2669 3180 fa¬

1647 3199 1789 3254 mille,
1815 3204 2056 3246 recherche
2080 3214 2195 3254 pour
2219 3202 2420 3254 mariage
2442 3201 2580 3250 jeune
2603 3199 2671 3239 fil¬

1647 3264 1687 3305 le
1711 3264 1764 3306 de
1790 3267 1838 3305 18
1861 3264 1887 3305 à
1908 3266 1960 3303 24
1984 3274 2080 3311 ans,
2106 3263 2256 3306 bonne
2278 3260 2534 3308 éducation,
2560 3259 2669 3301 fem¬

1647 3336 1719 3368 me
1742 3322 2004 3366 d’intérieur
2028 3323 2166 3374 ayant
2188 3321 2382 3372 qualités
2404 3321 2459 3362 de
2482 3331 2606 3359 cœur
2630 3328 2671 3359 et

1647 3382 1846 3436 d'esprit.
1878 3383 1964 3424 Dot
1995 3380 2243 3430 nécessaire
2272 3392 2387 3433 pour
2416 3379 2586 3422 asseoir
2615 3378 2668 3420 si¬

1647 3442 1820 3485 tuation
1843 3443 1960 3485 dans
1979 3443 2170 3484 finance.
2196 3442 2406 3483 Timbrer
2428 3440 2454 3479 à
2475 3442 2499 3479 0
2522 3439 2576 3479 fr.
2602 3440 2665 3479 25.

1698 3538 1816 3576 6163.
1864 3538 2087 3584 Aveyron.
2114 3559 2168 3563 —
2195 3535 2326 3582 Veuf,
2370 3535 2422 3573 40
2465 3540 2560 3579 ans,
2606 3532 2669 3572 sé¬

1647 3596 1790 3644 rieux,
1819 3598 1844 3635 2
1884 3595 2067 3635 enfânts
2111 3597 2155 3634 11
2184 3595 2226 3634 et
2251 3595 2275 3632 5
2317 3604 2412 3633 ans.
2444 3591 2667 3631 Situation

1647 3658 1767 3696 1.200
1788 3656 1843 3695 fr.
1870 3667 1951 3707 par
1976 3666 2032 3695 an
2058 3654 2097 3694 et
2119 3653 2220 3703 logé
2243 3655 2267 3692 à
2289 3654 2374 3692 vie.
2401 3650 2666 3692 Economies

1644 3718 1768 3756 4.000
1791 3715 1846 3755 fr.
1874 3714 2043 3765 Depuis
2066 3714 2118 3753 20
2143 3723 2223 3755 ans
2248 3712 2362 3755 dans
2387 3711 2534 3751 même
2585 3711 2666 3750 im¬

1644 3774 1874 3827 primerie.
1904 3772 2171 3825 Epouserait
2196 3771 2456 3814 demoiselle
2483 3780 2539 3811 ou
2566 3782 2667 3811 veu¬

1643 3845 1698 3875 ve
1720 3835 1776 3875 de
1795 3836 1847 3874 30
1868 3834 1893 3874 à
1915 3836 1966 3874 40
1988 3843 2083 3882 ans,
2108 3845 2214 3873 sans
2235 3832 2430 3879 enfants,
2455 3830 2664 3878 honnête,

1644 3894 1856 3942 dévouée,
1882 3895 1924 3935 et
1947 3892 2148 3944 pouvant
2171 3903 2219 3932 se
2240 3891 2463 3942 déplacer.

1699 3990 1816 4030 6167.
1857 3987 2244 4027 Lot-et-Garonne.
2248 3986 2302 4024 —
2322 3984 2667 4026 Fonctionnaire

1649 4048 1764 4097 Etat,
1796 4047 1918 4098 veuf,
1951 4048 2003 4087 40
2034 4056 2131 4094 ans,
2164 4046 2267 4089 bien
2300 4055 2406 4086 sous
2436 4044 2536 4084 tous
2567 4055 2664 4092 rap¬

1648 4107 1786 4160 ports,
1815 4107 2074 4149 traitement
2098 4107 2219 4147 2.000
2247 4104 2319 4154 fr.,
2348 4114 2454 4146 avec
2480 4114 2664 4144 avance¬

1648 4167 1786 4214 ment,
1824 4163 2080 4216 épouserait
2116 4163 2380 4207 demoiselle
2412 4174 2468 4203 ou
2506 4172 2660 4210 veuve,

1647 4238 1752 4268 sans
1775 4224 1971 4273 enfants,
1995 4224 2049 4268 de
2071 4226 2124 4264 34
2144 4224 2170 4264 à
2191 4226 2242 4263 38
2266 4235 2362 4272 ans,
2387 4222 2524 4274 ayant
2571 4220 2661 4263 dot.

1647 4282 1813 4327 Inutile
1834 4284 1870 4324 si
1889 4295 1974 4336 pas
1987 4283 2183 4326 sérieux.

1700 4380 1818 4419 6171.
1868 4378 2284 4418 Lof-et-Garonne.
2332 4402 2382 4406 —
2435 4375 2664 4416 Monsieur

1647 4439 1838 4488 abonné,
1863 4450 1967 4479 sans
1990 4447 2207 4478 annonce.

1699 4535 1816 4574 6172.
1870 4533 2261 4575 Haute-Garonne.
2278 4555 2333 4564 —
2379 4530 2662 4579 Célibataire,

1645 4595 1695 4636 60
1715 4605 1811 4642 ans,
1832 4592 2022 4635 d’allure
2042 4592 2314 4643 plus,jeune,
2336 4591 2449 4639 seul,
2469 4590 2662 4638 sérieux,

1647 4654 1735 4694 bon
1750 4654 1992 4701 caractère,
2006 4652 2145 4704 ayant
2155 4652 2415 4694 économies
2427 4652 2573 4690 10.000
2588 4650 2662 4697 fr,,

1646 4714 1795 4755 rentes
1825 4714 1945 4756 1.000
1973 4712 2030 4752 fr.
2062 4711 2166 4760 l’an,
2200 4711 2345 4753 désire
2375 4710 2586 4761 partager
2616 4720 2664 4750 sa

1647 4771 1839 4815 solitude
1862 4783 1968 4814 avec
1988 4770 2250 4814 demoiselle
2272 4783 2330 4812 ou
2352 4771 2486 4812 dame
2505 4780 2660 4816 veuve,

1646 4831 1907 4880 honorable,
1935 4842 2042 4872 avec
2067 4842 2123 4870 ou
2150 4841 2255 4870 sans
2280 4828 2475 4878 enfants,
2504 4828 2664 4879 petites

1646 4891 1806 4937 rentes.
1831 4891 1887 4932 Se
1907 4889 2196 4942 déplacerait.

1692 4986 1811 5027 6174.
1843 4986 1983 5024 Aude.
2009 4984 2063 5023 —
2095 4984 2328 5024 Monsieur
2354 4982 2531 5026 abonné
2557 4994 2662 5023 sans

1640 5055 1858 5086 annonce.

1692 5147 1798 5186 6175
1838 5147 1962 5186 Gers.
1985 5146 2038 5184 —
2063 5146 2192 5192 Veuf,
2218 5147 2268 5184 42
2290 5158 2384 5188 ans,
2438 5144 2660 5195 régisseur

1639 5206 1801 5256 depuis
1823 5208 1871 5244 10
1894 5218 1975 5246 ans
1995 5207 2110 5246 dans
2132 5206 2279 5246 même
2302 5204 2542 5256 propriété,
2594 5215 2660 5243 ca¬

1640 5266 1808 5305 ractère
1830 5266 1950 5306 doux
1974 5267 2015 5306 et
2036 5264 2123 5314 gai,
2148 5264 2403 5315 épouserait
2426 5263 2659 5304 demoisel¬

1638 5325 1678 5366 le
1703 5336 1760 5364 ou
1786 5336 1942 5375 veuve,
1972 5325 2108 5376 ayant
2160 5326 2249 5365 bon
2276 5335 2415 5374 cœur,
2471 5334 2576 5363 avec
2602 5335 2658 5362 ou

1638 5395 1744 5424 sans
1763 5384 1853 5434 dot,
1875 5386 1960 5436 âge
1980 5383 2255 5424 indifférent.

1690 5490 1807 5527 6179.
1868 5487 2254 5528 Lot-et-Garonne.
2282 5488 2333 5528 —
2362 5488 2504 5528 Jeune
2535 5488 2659 5526 hom¬

1638 5550 1723 5596 me,
1750 5548 1804 5586 32
1826 5559 1920 5595 ans,
1948 5547 2103 5596 blond,
2132 5547 2223 5587 très
2261 5546 2364 5587 bien
2416 5544 2656 5598 physique¬

1636 5610 1775 5656 ment,
1831 5606 2132 5648 honorabilité
2180 5607 2407 5658 parfaite,,
2446 5606 2658 5658 indépen¬

1635 5667 1758 5715 dant,
1789 5667 1915 5707 avoir
1939 5667 2094 5706 80.000
2118 5665 2190 5714 fr.,
2221 5667 2378 5706 autant
2406 5664 2656 5714 d’espéran¬

1635 5738 1721 5774 ces,
1751 5726 2007 5776 épouserait
2033 5724 2293 5770 demoiselle
2320 5723 2577 5775 catholique
2605 5723 2658 5763 de

1634 5787 1687 5827 20
1706 5786 1732 5825 à
1753 5788 1804 5826 30
1828 5796 1924 5832 ans,
1976 5785 2203 5836 physique
2253 5782 2476 5835 agréable,
2528 5784 2658 5824 affec¬

1636 5847 1808 5891 tueuse,
1834 5846 1910 5886 dot
1932 5844 2180 5884 minimum
2203 5845 2353 5883 25.000
2374 5844 2429 5884 fr.

1688 5959 1830 5998 Toute
1855 5958 1980 5998 lettre
2006 5958 2171 5996 devant
2195 5957 2284 5996 être
2308 5956 2548 5997 transmise
2576 5964 2655 6004 par

1636 6021 1699 6060 les
1715 6019 1839 6059 soins
1858 6019 1912 6060 de
1931 6019 1975 6059 la
1995 6016 2219 6059 Direction
2239 6018 2282 6058 et
2300 6027 2355 6058 ne
2375 6018 2558 6066 portant
2575 6026 2654 6064 pas

1636 6080 1674 6118 le
1698 6087 1803 6116 nom
1830 6078 1884 6116 de
1908 6075 2201 6125 l’expéditeur
2224 6087 2323 6116 sera
2348 6075 2555 6116 détruite.

1686 6174 1803 6212 6181.
1837 6174 2089 6220 Dordogne.
2116 6172 2171 6208 —
2200 6170 2440 6211 Industriel
2495 6170 2655 6210 céliba¬

1633 6231 1744 6272 taire
1760 6234 1813 6271 36
1832 6244 1928 6280 ans,
1950 6230 2207 6282 paraissant
2226 6231 2388 6279 moins,
2411 6228 2500 6270 très
2518 6230 2654 6270 hono¬

1632 6291 1771 6338 rable,
1804 6292 1907 6332 bien
1939 6303 2043 6333 sous
2100 6290 2200 6333 tous
2256 6289 2480 6345 rapports;,
2530 6288 2652 6331 avoir

1633 6352 1805 6391 100.000
1832 6352 1983 6393 francs
2007 6351 2050 6391 et
2075 6351 2354 6401 espérances,
2384 6358 2550 6390 revenu
2578 6359 2650 6388 an¬

1631 6411 1735 6451 nuel
1769 6411 1914 6450 10.000
1971 6410 2014 6449 fr
2035 6408 2049 6460 f
2079 6408 2335 6461 épouserait
2392 6406 2651 6450 detnoiselle

1631 6471 1800 6512 femme
1829 6469 2109 6519 d’intérieur,
2142 6470 2367 6519 instruite,
2401 6469 2560 6508 nature
2591 6467 2651 6507 ai¬

1631 6530 1796 6578 mante,
1831 6530 2011 6570 fortune
2068 6529 2193 6580 égale
2223 6542 2280 6568 ou
2314 6526 2557 6568 inférieure
2615 6528 2649 6566 si

1630 6600 1852 6640 personne
1875 6590 2000 6639 plaît.

1680 6684 1799 6724 6182.
1831 6684 2072 6724 Toulouse.
2102 6707 2155 6711 —
2211 6683 2540 6732 Commerçant,
2604 6685 2652 6722 33

1627 6755 1723 6793 ans,
1754 6745 1888 6794 brun,
1919 6744 2008 6786 très
2036 6743 2247 6793 aimable,
2279 6744 2368 6784 fort
2395 6743 2482 6795 gai,
2512 6744 2646 6796 ayant

2742 471 2956 515 situation
2978 470 3031 516 de
3055 473 3147 515 12-à
3170 474 3316 514 15.00Q
3334 471 3486 514 francs
3506 483 3587 523 par
3607 483 3680 520 an,
3703 483 3764 512 es-

2743 547 2755 583 1
2761 533 2958 573 ^rances
2976 535 3127 572 50.000
3152 532 3224 580 fr.,
3249 532 3396 572 désire
3418 534 3608 583 épouser
3630 532 3765 582 jeune

2742 591 2849 640 fille,
2881 602 3023 632 veuve
3053 604 3110 632 ou
3141 591 3393 643 orpheline,
3451 592 3589 643 ayant
3617 592 3766 631 30.000

2744 652 2798 691 fr.
2821 652 2897 694 dot
2918 652 3178 692 minimum.
3203 652 3312 692 Très
3334 651 3526 692 sérieux.

2795 743 2912 787 6183.
2947 747 3159 786 Gironde.
3190 770 3243 775 —
3272 747 3555 796 Célibataire,
3587 748 3638 786 40
3667 756 3763 792 ans,

2742 806 2815 846 fils
2835 806 3022 856 unique,
3046 806 3238 855 sérieux,
3264 806 3628 857 brun,.employé
3652 804 3766 846 dans

2741 865 2979 915 industrie,
3003 866 3175 916 grande
3195 866 3316 916 ville,
3342 864 3644 907 honorabilité
3666 875 3766 915 par¬

2741 924 2863 973 faite,
2892 924 3149 967 économies
3172 927 3294 964 3.000
3322 926 3393 974 fr.,
3423 924 3687 975 espérances
3719 926 3766 962 18

2742 984 2767 1026 à
2790 987 2940 1025 20.000
2965 986 3040 1034 fr.,
3067 984 3324 1036 épouserait
3348 995 3572 1036 personne
3598 984 3766 1025 honnê¬

2740 1044 2796 1093 te,
2825 1055 2907 1095 pas
2932 1043 3278 1086 fonctionnaire.

2795 1140 2899 1179 6185
2946 1139 3379 1180 Tarn-et-Garonne,
3406 1163 3460 1168 —
3490 1139 3618 1187 Veuf,
3651 1138 3762 1187 seul,

2740 1201 2792 1240 56
2818 1211 2912 1247 ans,
2943 1200 3030 1240 très
3055 1198 3234 1240 sérieux
3259 1199 3302 1238 et
3326 1199 3554 1248 économe,
3582 1198 3670 1239 bon
3698 1210 3764 1239 ca¬

2742 1259 2926 1308 ractère,
2953 1259 3138 1299 homme
3165 1258 3444 1307 d’intérieur,
3474 1268 3766 1299 ex-commer¬

2743 1319 2859 1369 çant,
2893 1316 3195 1359 continuerait
3225 1328 3491 1366 commerce,
3524 1317 3647 1358 étant
3676 1317 3765 1358 très

2743 1376 2844 1417 actif
2856 1379 3039 1428 etayanl
3054 1378 3199 1416 bonne
3215 1375 3354 1425 santé,
3372 1375 3558 1427 possède
3584 1377 3700 1414 1.600
3717 1376 3767 1414 fr.

2743 1431 2796 1470 de
2852 1433 2994 1478 rente,
3026 1427 3086 1468 'et
3142 1428 3351 1470 intérieur
3404 1432 3495 1469 très
3547 1430 3770 1470 conforta-

2744 1493 2830 1535 ble.
2857 1494 3124 1546 Epouserait
3146 1493 3279 1535 dame
3302 1504 3358 1534 ou
3383 1491 3659 1543 demoiselle,
3685 1492 3766 1542 âge

2741 1551 2784 1595 et
2804 1551 3020 1594 situation
3040 1564 3095 1593 en
3118 1554 3315 1602 rapport.
3340 1552 3452 1592 Peut
3474 1562 3519 1592 se
3539 1551 3762 1602 déplacer.

2798 1649 2915 1688 6190.
2955 1646 3380 1696 Alpes-Maritimes,
3415 1646 3469 1685 t-
3504 1646 3619 1686 Veuf
3654 1646 3767 1695 seul,

2745 1701 2796 1740 47
2819 1709 2876 1739 an
2881 1710 2969 1755 s,re
2972 1710 3075 1741 tour
3099 1699 3177 1740 des
3201 1696 3412 1748 colonies,
3442 1711 3547 1740 sans
3571 1698 3767 1750 enfants,

2746 1762 2939 1794 revenus
2960 1747 3154 1794 annuels
3176 1754 3321 1792 18.000
3343 1751 3415 1800 fr-,
3439 1751 3585 1793 désire
3607 1751 3771 1794 maria¬

2744 1816 2798 1855 ge
2827 1818 2931 1847 avec
2975 1806 3238 1847 demoiselle
3290 1818 3347 1846 ou
3376 1815 3532 1851 veuve,
3564 1816 3669 1847 sans
3698 1816 3770 1844 en¬

2747 1860 2880 1911 fants,
2907 1860 2960 1900 de
2983 1862 3034 1902 30
3055 1860 3080 1900 à
3102 1862 3152 1899 35
3175 1871 3271 1908 ans,
3296 1859 3464 1901 femme
3488 1858 3766 1906 d’intérieur,

2744 1912 2877 1964 goûts
2896 1912 3103 1964 simples,
3131 1912 3268 1962 ayant
3295 1912 3351 1954 de
3374 1915 3398 1955 4
3423 1912 3447 1952 à
3472 1914 3594 1955 5.000
3619 1912 3675 1954 fr.
3706 1923 3768 1956 re¬

2745 1975 2887 2007 venus
2914 1965 3192 2016 personnels.

2799 2056 2915 2094 6191.
2946 2056 3084 2094 Tarn.
3111 2076 3166 2084 —
3190 2055 3334 2094 Jeune
3362 2055 3560 2099 homme,
3590 2055 3642 2092 24
3670 2063 3766 2100 ans,

2747 2108 2895 2150 bonne
2939 2107 3128 2155 famille,
3176 2107 3446 2156 intelligent,
3479 2107 3671 2155 sérieux,
3702 2118 3771 2147 ca¬

2747 2160 2964 2212 tholique,
2996 2161 3222 2213 physique
3250 2160 3474 2212 agréable,
3522 2161 3670 2200 bonne
3715 2159 3770 2199 si¬

2747 2212 2920 2255 tuation
2954 2208 3124 2262 avènir,
3159 2208 3383 2254 demande
3414 2211 3630 2263 mariage,
3664 2224 3770 2254 avec

2746 2268 2882 2318 jeune
2916 2268 3011 2311 fille
3042 2266 3314 2316 catholique,
3380 2267 3466 2307 bon
3528 2266 3767 2314 caractère,

2747 2322 2894 2364 bonne
2915 2322 3170 2368 éducation,
3196 2320 3490 2371 intelligente,
3511 2319 3643 2368 goûts
3665 2319 3770 2360 sim¬

2747 2374 2856 2427 ples,
2887 2374 3077 2415 voulant
3103 2374 3226 2416 créer
3255 2374 3379 2426 foyer
3408 2373 3636 2415 vraiment
3663 2374 3770 2413 heu¬

2747 2439 2871 2468 reux.
2900 2428 3124 2478 Moyenne
3150 2427 3363 2469 situation
3391 2428 3445 2469 de
3471 2426 3666 2468 fortune.

2800 2518 2918 2558 6192.
2947 2517 3160 2556 Gironde.
3182 2539 3236 2544 —
3260 2516 3375 2556 Veuf
3398 2524 3504 2556 avec
3527 2523 3691 2563 garçon
3717 2514 3771 2554 de

2747 2569 2851 2620 cinq
2871 2580 2966 2619 ans,
2987 2572 3039 2611 32
3058 2581 3152 2618 ans,
3176 2569 3279 2610 bien
3300 2580 3406 2611 sous
3424 2569 3524 2610 tous
3544 2567 3767 2618 rapports.

2748 2624 2979 2666 Excellent
3012 2634 3265 2666 commerce
3314 2623 3427 2683 jlans
3460 2619 3596 2671 petite
3645 2620 3767 2668 ville,

2747 2677 2853 2718 d’un
2878 2688 3045 2718 revenu
3068 2676 3234 2719 annuel
3258 2676 3312 2718 de
3332 2678 3358 2715 3
3378 2675 3404 2715 à
3424 2676 3546 2715 4.000
3567 2674 3640 2722 fr.,
3664 2686 3770 2714 vou¬

2748 2730 2867 2771 drait
2891 2731 3082 2783 épouser
3108 2728 3370 2771 demoiselle
3395 2740 3453 2769 ou
3479 2738 3635 2777 veuve,
3666 2739 3771 2768 sans

2748 2783 2942 2834 enfants,
2986 2784 3123 2835 ayant
3163 2783 3217 2823 de
3241 2785 3265 2822 5
3290 2783 3315 2822 à
3343 2783 3487 2822 10.000
3513 2780 3567 2821 fr.
3596 2781 3638 2822 et
3662 2792 3771 2832 pou¬

2748 2837 2857 2878 vant
2883 2836 2924 2878 le
2954 2836 3168 2878 seconder
3195 2836 3311 2875 dans
3339 2836 3383 2875 la
3412 2835 3554 2875 vente.

2799 2928 2919 2967 6193.
2958 2924 3384 2974 Hautes-Pyrénées.
3416 2924 3472 2964 —
3503 2923 3771 2964 Célibataire

2748 2979 2859 3028 seul,
2907 2983 2958 3020 47
3015 2991 3111 3028 ans,
3170 2979 3256 3019 bon
3315 2976 3587 3029 catohlique,
3647 2975 3771 3017 avoir

2747 3036 2896 3077 70.000
2920 3032 2994 3083 fr.,
3022 3031 3278 3085 épouserait
3300 3030 3562 3075 demoiselle
3586 3040 3643 3071 ou
3668 3040 3771 3071 veu¬

2748 3097 2815 3134 ve,
2840 3098 2946 3130 sans
2967 3086 3161 3133 enfants,
3187 3084 3243 3126 de
3262 3087 3314 3124 32
3335 3086 3359 3126 à
3396 3087 3447 3124 45
3497 3094 3593 3134 ans,
3635 3084 3771 3134 ayant

2744 3140 2819 3180 dot
2838 3140 2984 3180 zU.ÜÜO
3008 3140 3055 3179 fr.
3080 3138 3327 3178 minimum.
3352 3138 3535 3178 Sérieux

2800 3231 2856 3271 Le
2880 3230 3005 3270 Trait
3030 3228 3223 3276 d’Lnion
3249 3227 3355 3276 peut
3378 3227 3468 3267 être
3493 3224 3632 3275 copié,
3662 3226 3689 3264 il
3716 3236 3770 3264 ne

2746 3291 2890 3331 craint
2918 3299 2998 3337 pas
3024 3291 3086 3329 les
3112 3288 3380 3328 imitateurs.

2798 3386 2915 3424 6195.
2948 3385 3139 3426 Flandre
3168 3383 3310 3432 belge.
3335 3404 3389 3412 —
3416 3384 3559 3424 Jeune
3586 3383 3768 3421 homme

2743 3447 2795 3485 32
2852 3455 2948 3494 ans,
3006 3443 3179 3496 grande
3237 3443 3426 3491 famille,
3486 3442 3766 3494 espérances,

2743 3507 2918 3544 400.000
2944 3504 3110 3552 francs,
3140 3503 3287 3544 désire
3311 3500 3636 3552 correspondre
3662 3512 3767 3542 avec

2744 3574 2967 3616 personne
3001 3562 3259 3613 catholique
3291 3561 3598 3614 pratiquante,
3634 3559 3770 3611 ayant

2743 3626 2767 3664 8
2796 3623 2820 3663 à
2851 3626 2995 3664 10.000
3024 3623 3177 3665 francs
3204 3622 3258 3664 de
3313 3622 3460 3664 rentes
3515 3619 3765 3668 annuelles,

2743 3683 2874 3736 goûts
2900 3682 3098 3736 simples-

2795 3787 2913 3824 6196.
2946 3783 3371 3833 Hautes-Pyrénées.
3395 3784 3450 3823 —
3472 3784 3618 3823 Jeune
3644 3782 3768 3822 hom¬

2743 3847 2828 3894 me,
2855 3847 2905 3884 27
2929 3856 3024 3894 ans,
3050 3843 3214 3895 capital
3237 3846 3386 3883 25.000
3426 3843 3591 3889 francs,
3634 3842 3768 3880 situa¬

2743 3904 2834 3946 tion
2858 3907 3003 3944 20.000
3026 3904 3177 3944 francs
3197 3914 3280 3954 par
3303 3914 3376 3950 an,
3399 3902 3546 3943 désire
3568 3899 3768 3950 mariage

2744 3975 2850 4006 avec
2872 3966 3008 4015 jeune
3032 3964 3124 4005 fille
3147 3963 3201 4003 de
3223 3964 3276 4002 20
3296 3963 3322 4002 à
3343 3964 3395 4002 25
3418 3973 3513 4002 ans.

2796 4060 2914 4102 6199.
2940 4059 3197 4100 Hérault.—
3215 4059 3358 4099 Jeune
3380 4058 3576 4106 homme,
3599 4057 3650 4098 30
3670 4067 3766 4103 ans,

2743 4122 2832 4162 très
2856 4120 3048 4168 sérieux,
3075 4118 3178 4160 bien
3204 4130 3308 4160 sous
3331 4119 3431 4159 tous
3455 4118 3518 4160 les
3543 4115 3766 4168 rapports,

2742 4179 2950 4221 moralité
2979 4176 3188 4232 parfaite,
3222 4176 3479 4227 épouserait
3508 4174 3768 4217 demoiselle

2743 4240 2954 4288 sérieuse,
2980 4238 3034 4280 de
3059 4242 3107 4280 18
3131 4237 3156 4278 à
3178 4238 3229 4278 28
3253 4248 3347 4287 ans,
3375 4236 3511 4288 ayant
3534 4235 3610 4275 dot
3633 4247 3690 4276 ou
3714 4236 3767 4275 si¬

2742 4297 2933 4347 tuation,
2961 4310 3008 4339 se
3031 4296 3307 4351 déplacerait
3333 4307 3390 4336 au
3418 4294 3587 4337 besoin.

2795 4399 2913 4438 6201.
2942 4399 3183 4437 Toulouse.
3208 4416 3261 4424 —
3286 4395 3568 4439 Célibataire,
3595 4396 3643 4433 31
3671 4403 3766 4440 ans,

2743 4458 2858 4499 libre
2878 4458 2920 4498 et
2942 4455 3265 4507 indépendant,
3290 4456 3494 4506 pouvant
3514 4454 3682 4504 diriger
3704 4454 3768 4492 in¬

2742 4517 2915 4558 dustrie
2947 4528 3003 4556 ou
3036 4515 3278 4567 propriété,
3328 4516 3467 4566 ayant
3512 4515 3663 4552 80.000
3709 4512 3764 4551 fr.

2740 4578 2818 4618 dot
2843 4578 2885 4615 et
2912 4576 3190 4627 espérances,
3220 4573 3435 4614 voudrait
3457 4574 3647 4624 épouser
3674 4571 3767 4622 jeu¬

2743 4648 2798 4678 ne
2825 4635 2919 4676 fille
2946 4636 3064 4684 bien,
3095 4636 3148 4675 de
3175 4636 3227 4674 20
3255 4634 3280 4674 à
3306 4636 3358 4674 25
3386 4643 3481 4682 ans,
3512 4632 3662 4672 bonne
3706 4631 3766 4671 fa¬

2743 4696 2882 4743 mille,
2913 4695 3044 4746 goûts
3072 4693 3311 4742 modestes,
3342 4692 3555 4733 situation
3586 4703 3639 4732 en
3669 4703 3768 4742 rap¬

2743 4755 2856 4808 port.

2794 4850 2910 4890 6202.
2942 4840 3328 4889 Lot-et-Garonne^
3354 4872 3408 4878 —
3434 4849 3563 4896 Veuf,
3591 4850 3642 4888 55
3668 4859 3763 4896 ans,

2740 4922 2846 4952 sans
2881 4910 3070 4959 famille,
3108 4910 3246 4960 ayant
3278 4908 3518 4960 propriété,
3572 4907 3764 4954 maison,

2739 4970 2994 5012 économies
3043 4971 3085 5010 et
3119 4968 3205 5009 bon
3258 4967 3418 5008 métier
3466 4968 3580 5007 dans
3630 4966 3766 5018 petite

2737 5030 2860 5079 ville,
2882 5030 3030 5071 désire
3048 5027 3250 5079 mariage
3270 5039 3376 5067 avec
3394 5036 3619 5078 personne
3639 5024 3766 5076 d’âge

2740 5090 2915 5138 assorti,
2944 5089 3079 5140 ayant
3105 5087 3319 5129 situation
3348 5084 3583 5136 analogue.

2791 5184 2909 5226 6206.
2935 5184 3087 5232 Congo
3107 5182 3322 5231 français.
3343 5183 3397 5223 —
3418 5180 3763 5224 Fonctionnaire

2738 5244 2791 5287 de
2819 5244 2950 5283 l’Etat
2976 5255 3067 5284 aux
3090 5241 3302 5288 colonies,
3330 5243 3380 5280 37
3408 5253 3504 5290 ans,
3534 5241 3667 5288 brun,
3697 5251 3763 5279 ro¬

2739 5304 2880 5354 buste,
2906 5300 3163 5344 traitement
3186 5301 3260 5343 net
3283 5302 3427 5341 12.000
3449 5311 3530 5351 par
3550 5311 3624 5347 an,
3647 5299 3759 5350 logé.

2738 5363 2889 5414 Congé
2908 5374 2962 5403 en
2984 5363 3154 5403 France
3175 5360 3457 5411 demi-solde,
3481 5363 3506 5400 6
3526 5358 3642 5399 mois
3663 5359 3763 5403 tous

2739 5423 2801 5463 les
2825 5424 2851 5462 2
2876 5434 2970 5463 ans.
3002 5420 3138 5462 Avoir
3163 5423 3311 5460 20.000
3337 5420 3503 5469 francs,
3533 5419 3763 5470 patrimoi¬

2738 5493 2792 5523 ne
2816 5482 2842 5522 à
2867 5491 3000 5522 reven
3008 5481 3044 5520 ir
3071 5483 3219 5520 60.000
3245 5480 3410 5520 francs.
3440 5479 3549 5520 Très
3575 5478 3643 5518 bri
3648 5476 3763 5518 llant

2738 5539 2908 5583 avenir.
2950 5539 3258 5580 Avancement
3292 5536 3462 5588 rapide.
3502 5535 3760 5587 Libre-pen¬

2732 5614 2851 5649 seur,
2867 5602 3014 5642 désire
3040 5599 3240 5649 mariage
3266 5598 3371 5640 civil
3398 5597 3504 5648 avec
3518 5596 3654 5647 jeune
3670 5595 3762 5638 fille

2735 5643 3090 5708 irré'prüchabié;
3110 5655 3163 5698 23
3183 5658 3208 5696 à
3230 5658 3280 5698 28
3303 5667 3399 5704 ans,
3427 5655 3607 5697 famille
3622 5657 3759 5696 hono¬

2736 5719 2874 5767 rable,
2897 5720 3032 5770 ayant
3051 5719 3231 5760 aisance
3248 5718 3447 5764 assurée,
3466 5717 3543 5758 dot
3560 5728 3618 5758 ou
3638 5715 3760 5767 équi¬

2735 5779 2936 5826 valence,
2991 5778 3101 5819 telle
3127 5790 3214 5828 que
3245 5776 3498 5827 profession
3555 5775 3758 5818 libérale;

2736 5837 3033 5888 Intelligente,
3063 5835 3287 5884 instruite,
3315 5836 3543 5877 caractère
3564 5834 3760 5882 sérieux,

2734 5899 2992 5945 conciliant,
3042 5898 3194 5946 bonté,
3226 5896 3443 5945 droiture,
3475 5896 3609 5946 goûts
3655 5895 3760 5935 sim¬

2732 5959 2842 6010 ples.
2876 5955 3196 6008 Physionomie
3222 5955 3560 6006 sympathique,
3590 5955 3670 6003 joli
3696 5955 3758 5995 vi¬

2730 6027 2835 6066 sage
2849 6015 3041 6066 importe
3055 6027 3162 6064 peu,
3188 6015 3338 6056 moins
3363 6027 3454 6064 que
3478 6012 3611 6057 réelle
3625 6014 3758 6055 beau¬

2730 6078 2770 6118 té
2795 6076 2851 6116 de
2874 6087 3019 6126 corps.
3047 6076 3252 6123 Enovyer
3278 6075 3415 6124 photo
3439 6075 3496 6116 de
3518 6072 3647 6115 suite.
3675 6074 3756 6114 Dé¬

2730 6135 2828 6185 lais,
2859 6138 2884 6176 2
2912 6136 3030 6176 mois
3083 6146 3199 6187 pour
3228 6134 3431 6186 réponse.
3491 6131 3702 6174 Timbrer
3730 6134 3756 6173 à

2728 6199 2753 6235 0
2775 6195 2831 6236 fr.
2855 6196 2920 6235 25.

2783 6291 2899 6330 6208.
2936 6289 3326 6330 Haute-Garonne.
3373 6288 3425 6328 —
3487 6287 3754 6328 Célibataire

2730 6351 2780 6389 29
2808 6360 2908 6396 ans,
2951 6347 3227 6390 mécanicien
3275 6348 3411 6389 avant
3438 6347 3651 6388 situation
3699 6347 3752 6388 de

2728 6411 2752 6448 3
2778 6408 2802 6450 à
2824 6410 2946 6449 4.000
2970 6408 3024 6448 fr.
3079 6420 3160 6458 par
3185 6419 3257 6456 an,
3311 6404 3567 6459 épouserait
3615 6407 3752 6458 jeune

2730 6468 2822 6508 fille
2846 6468 2949 6509 bien
3003 6468 3108 6512 faite
3134 6466 3190 6510 de
3238 6468 3291 6507 20
3312 6468 3338 6507 à
3359 6469 3411 6508 25
3436 6478 3531 6515 ans,
3585 6467 3748 6514 bonne,

2728 6528 2884 6574 douce,
2944 6527 3232 6575 affectueuse,
3267 6526 3560 6577 intelligente,
3620 6526 3752 6576 goûts

2728 6587 2932 6635 simples,
2976 6587 3147 6627 aimant
3177 6586 3221 6626 la
3248 6596 3512 6636 campagne,
3560 6596 3666 6625 avec
3691 6596 3750 6624 ou

2728 6657 2832 6686 sans
2856 6645 2944 6684 dot.

2779 6740 2898 6782 6209.
2954 6740 3464 6782 Charente-Inférieure.
3515 6739 3570 6779 —
3622 6739 3748 6779 Com¬

3844 472 4046 520 merçant
4078 471 4271 520 sérieux,
4304 472 4355 511 49
4387 480 4483 520 ans,
4515 471 4666 512 40.000
4696 470 4752 512 fr.
4787 471 4870 514 im¬

3843 531 4062 579 meubles,
4092 532 4238 574 désire
4263 532 4454 583 épouser
4479 543 4703 584 personne
4727 534 4866 582 seule,

3843 591 3897 631 de
3923 592 3975 630 38
4003 591 4028 631 à
4055 594 4107 632 45
4134 603 4231 644 ans,
4258 591 4392 646 goûts
4418 592 4621 645 simples,
4651 591 4866 634 situation

3844 663 3897 691 en
3921 651 4122 704 rapport.

3899 751 3958 789 La
3986 748 4295 788 combinaison
4327 752 4527 800 mariage
4555 751 4726 800 répond
4754 750 4779 791 à
4807 763 4867 791 un

3844 810 3998 850 besoin
4026 810 4178 848 social.

3895 903 4014 943 6210.
4054 903 4159 944 Près
4195 903 4479 943 Marmande.
4513 928 4567 933 —
4599 903 4869 944 Célibataire

3843 964 3895 1002 40
3925 973 4022 1011 ans,
4055 974 4110 1002 en
4142 962 4400 1014 paraissant
4430 963 4589 1012 trente,
4622 963 4715 1006 très
4743 963 4867 1011 actif,

3843 1023 3992 1061 60.000
4023 1022 4076 1062 fr.
4110 1034 4163 1063 en
4195 1022 4446 1075 propriétés
4476 1024 4518 1063 et
4546 1025 4695 1065 20.000
4726 1023 4781 1063 fr.
4815 1035 4868 1063 en

3844 1082 4164 1132 négociations,
4197 1083 4404 1132 toujours
4435 1086 4508 1134 gai
4539 1083 4655 1125 mais
4686 1083 4776 1123 très
4807 1083 4871 1123 sé¬

3844 1140 3972 1182 rieux
3999 1143 4322 1192 commerçant,
4352 1143 4475 1183 taille
4504 1145 4523 1182 1
4552 1155 4611 1183 m.
4640 1144 4706 1190 72,
4735 1143 4870 1192 épou¬

3843 1200 3979 1242 serait
4012 1202 4274 1243 demoiselle
4304 1214 4362 1243 ou
4395 1214 4538 1244 veuve
4571 1202 4867 1252 intelligente,

3843 1260 4054 1312 sérieuse,
4085 1263 4166 1312 âge
4194 1262 4470 1311 indifférent,
4500 1264 4578 1304 dot
4619 1262 4867 1303 minimum

3846 1323 3991 1360 15.000
4014 1320 4180 1363 francs.

3898 1416 4015 1455 6211.
4047 1416 4289 1456 Toulouse.
4317 1439 4372 1446 —
4399 1417 4529 1466 Veuf,
4559 1417 4610 1456 47
4638 1427 4734 1464 ans,
4765 1416 4868 1456 bien

3844 1474 4211 1526 physiquement,
4247 1475 4439 1524 sérieux,
4475 1488 4538 1516 un
4598 1475 4770 1523 enfant,
4806 1488 4870 1516 re¬

3844 1535 3974 1576 traite
4006 1535 4222 1576 militaire
4252 1537 4294 1576 et
4324 1535 4539 1578 situation
4572 1536 4778 1576 donnant
4807 1548 4868 1576 un

3844 1606 4011 1635 revenu
4036 1595 4092 1635 de
4114 1596 4236 1635 3.600
4259 1595 4332 1645 fr.,
4359 1595 4505 1636 désire
4556 1596 4747 1647 épouser
4798 1596 4870 1636 de¬

3844 1655 4047 1696 moiselle
4066 1668 4123 1703 pu
4143 1656 4278 1696 dame
4296 1667 4454 1704 veuve,
4475 1655 4739 1704 honorable,
4762 1656 4870 1696 bon¬

3844 1727 3913 1765 ne,
3939 1715 4044 1755 bien
4066 1715 4232 1763 élevée,
4258 1717 4396 1765 ayant
4418 1716 4580 1767 petites
4603 1715 4766 1756 rentes.

3896 1814 4014 1852 6215.
4042 1812 4283 1854 Toulouse.
4306 1814 4362 1851 —-
4385 1814 4515 1862 Veuf,
4568 1814 4619 1854 53
4643 1823 4740 1862 ans,
4794 1823 4871 1852 ou¬

3843 1871 3962 1913 vrier
3988 1872 4012 1911 à
4038 1872 4082 1911 la
4106 1871 4376 1924 compagnie
4399 1872 4460 1914 du
4515 1872 4646 1921 midi,
4674 1882 4780 1914 avec
4804 1884 4870 1912 re¬

3843 1931 3974 1973 traite
3999 1932 4246 1983 prochaine
4271 1931 4327 1973 de
4355 1934 4475 1974 1.200
4502 1932 4574 1983 fr.,
4602 1930 4750 1975 désire
4776 1943 4870 1972 ma¬

3844 1992 3966 2043 riage
3994 2003 4099 2032 avec
4127 2004 4363 2044 personne,
4394 1994 4531 2044 ayant
4555 1995 4639 2047 âge
4664 1991 4707 2034 et
4731 1991 4870 2034 situa¬

3843 2053 3935 2093 tion
3961 2063 4014 2091 en
4042 2054 4243 2104 rapport.

3896 2148 4015 2190 6220.
4047 2144 4239 2188 Vendée.
4266 2171 4319 2176 —
4347 2144 4631 2194 Célibataire,
4676 2150 4726 2190 51
4770 2158 4866 2195 ans,

3843 2204 3954 2254 seul,
4012 2203 4190 2247 sérieux
4218 2205 4259 2248 et
4314 2204 4492 2258 simple,
4548 2206 4802 2259 propriétés
4827 2207 4870 2246 et

3844 2266 4043 2307 maisons
4083 2266 4218 2307 d’une
4240 2266 4398 2306 valeur
4422 2267 4475 2306 de
4514 2270 4564 2307 50
4587 2267 4612 2307 à
4636 2268 4784 2307 60.000
4810 2266 4866 2304 fr.

3843 2325 4099 2377 épouserait
4151 2336 4376 2375 personne
4429 2323 4483 2366 de
4510 2327 4560 2364 30
4613 2326 4639 2366 à
4664 2327 4715 2366 40
4769 2336 4866 2372 ans,

3843 2384 3981 2436 ayant
4006 2386 4220 2426 situation
4250 2384 4550 2434 équivalente.

3899 2480 4016 2519 6221.
4050 2480 4186 2520 Gard.
4215 2502 4269 2508 —
4298 2480 4529 2520 Monsieur
4558 2479 4737 2520 abonné
4764 2490 4870 2520 sans

3846 2550 4063 2581 annonce.

3898 2635 4014 2674 6222.
4048 2634 4171 2676 Gers.
4199 2642 4252 2682 j—
4278 2634 4420 2676 Jeune
4450 2634 4647 2682 homme,
4692 2635 4744 2675 24
4771 2644 4867 2682 ans,

3845 2694 3978 2744 brun,
4015 2694 4326 2746 propriétaire,
4363 2694 4453 2735 très
4486 2695 4601 2736 belle
4635 2693 4867 2740 situation,

3845 2751 4000 2792 vivant
4029 2754 4124 2793 seul
4157 2764 4264 2795 avec
4294 2764 4374 2794 son
4405 2755 4524 2803 père,
4558 2754 4707 2794 désire
4735 2754 4870 2804 épou¬

3843 2822 3914 2852 ser
3940 2811 4077 2860 jeune
4104 2812 4198 2853 fille
4239 2812 4533 2854 connaissant
4559 2811 4871 2862 l’agriculture

3844 2869 3886 2912 et
3908 2872 4046 2921 ayant
4067 2871 4207 2915 belles
4231 2872 4510 2922 espérances.

3896 2967 4015 3006 6223.
4050 2963 4476 3013 Hautes-Pyrénées.
4521 2990 4575 2995 —
4620 2966 4867 3015 Monsieur,

3846 3024 3964 3071 veuf,
3995 3036 4101 3066 sans
4127 3035 4345 3066 annonce.

3897 3116 4013 3155 6224-
4051 3115 4319 3155 Sud-Ouest.
4354 3139 4408 3143 —
4439 3116 4570 3163 Veuf,
4633 3126 4739 3155 sans
4797 3126 4870 3154 en¬

3846 3173 3983 3222 fants,
4006 3176 4059 3215 42
4080 3186 4179 3223 ans,
4219 3174 4355 3223 brun,
4379 3175 4468 3216 bon
4490 3187 4674 3227 garçon,
4715 3174 4871 3217 indus¬

3845 3230 3960 3278 triel,
3988 3232 4136 3271 40.000
4160 3232 4215 3272 fr.
4243 3234 4392 3274 désire
4416 3233 4618 3284 mariage
4643 3244 4750 3274 avec
4775 3244 4872 3285 per¬

3844 3302 3984 3332 sonne
4038 3292 4266 3343 physique
4304 3294 4516 3344 agréable
4566 3295 4608 3335 et
4631 3294 4807 3334 aimant
4830 3294 4871 3334 le

3844 3362 4110 3391 commerce.

3902 3447 4002 3488 Lire
4030 3458 4083 3487 en
4115 3450 4139 3487 4
4142 3454 4153 3468 L
4186 3458 4298 3498 page
4331 3448 4370 3487 le
4398 3448 4599 3489 courrier
4627 3447 4867 3497 grapholo¬

3846 3507 3995 3556 gique.

3897 3600 4015 3640 6228.
4052 3599 4374 3640 Deux-Sèvres.
4404 3624 4460 3629 —
4490 3600 4606 3640 Veuf
4661 3601 4712 3639 56
4770 3609 4866 3649 ans,

3845 3659 3915 3699 bel
3976 3660 4176 3706 homme,
4238 3670 4343 3702 sans
4376 3659 4548 3707 enfant,
4612 3659 4702 3700 très
4762 3659 4867 3708 bon,

3844 3718 4078 3769 préférant
4102 3716 4343 3759 l’affection
4370 3719 4395 3758 à
4420 3717 4624 3770 l’argent,
4654 3718 4867 3759 situation

3843 3778 3899 3820 de
3923 3779 4044 3818 8.000
4071 3778 4127 3819 fr.
4155 3778 4264 3819 dont
4288 3779 4411 3818 3.000
4437 3776 4490 3816 fr.
4519 3787 4728 3826 revenus,
4756 3776 4870 3818 dési¬

3843 3848 3889 3880 re
3915 3838 4116 3887 mariage
4143 3847 4250 3879 avec
4275 3847 4499 3888 personne
4525 3836 4627 3878 bien
4655 3838 4866 3886 honnête,

3843 3895 4067 3944 instruite,
4127 3898 4305 3936 surtout
4360 3895 4530 3939 femme
4587 3895 4866 3938 d’intérieur.

3844 3954 4088 4005 Répondra
4118 3956 4143 3995 à
4172 3955 4295 3995 toute
4324 3955 4467 3996 lettre.

3895 4051 4014 4088 6230.
4051 4050 4483 4091 Tarn-et-Garonne.
4531 4074 4585 4080 —
4635 4050 4870 4091 Fonction¬

3844 4110 3968 4150 naire
3995 4110 4208 4156 finances,
4236 4111 4287 4149 29
4312 4120 4408 4158 ans,
4436 4110 4507 4150 bel
4534 4110 4704 4160 avenir,
4732 4110 4870 4152 situa¬

3844 4170 3935 4210 tion
3966 4170 4089 4208 4.000
4118 4170 4283 4214 francs,
4343 4168 4447 4208 bien
4477 4180 4582 4211 sous
4640 4170 4740 4211 tous
4768 4182 4868 4220 rap¬

3842 4230 3982 4278 ports,
4014 4230 4101 4270 ban
4147 4227 4386 4276 musicien,
4432 4227 4690 4279 épouserait
4731 4230 4868 4279 jeune

3842 4287 3936 4327 fille
3960 4299 4019 4327 ou
4042 4299 4202 4335 veuve,
4227 4299 4337 4328 sans
4359 4287 4555 4338 enfants,
4583 4288 4724 4338 ayant
4747 4288 4838 4330 dot.

3895 4380 4011 4420 6232-
4040 4382 4178 4420 Tarn.
4201 4403 4256 4411 —
4280 4383 4410 4427 Veuf,
4463 4394 4567 4423 sans
4619 4380 4792 4431 enfant,
4818 4384 4868 4423 67

3842 4450 3939 4487 ans,
3955 4439 4211 4490 paraissant
4224 4439 4328 4491 plus
4360 4442 4511 4492 jeune,
4547 4443 4638 4483 très
4651 4440 4752 4483 bien
4768 4452 4870 4492 por¬

3843 4499 3938 4540 tant
3964 4499 4004 4542 et
4059 4500 4328 4548 affectueux,
4384 4500 4495 4551 seul,
4551 4502 4700 4542 45.000
4727 4502 4782 4546 fr,
4812 4514 4866 4542 en

3843 4559 4114 4602 immeubles
4147 4560 4254 4603 d’un
4288 4570 4458 4602 revenu
4491 4560 4546 4602 de
4578 4562 4700 4603 2.000
4734 4562 4790 4604 fr.
4826 4562 4869 4601 et

3844 4618 4018 4660 maison
4054 4619 4368 4671 d’habitation,
4405 4619 4663 4672 épouserait
4695 4619 4866 4663 demoi¬

3843 4678 3950 4719 selle
3975 4691 4032 4722 ou
4058 4691 4215 4724 veuve,
4270 4691 4375 4720 sans
4400 4680 4559 4722 enfant
4610 4680 4664 4723 de
4689 4683 4740 4720 40
4766 4692 4791 4722 a
4816 4683 4868 4722 60

3843 4748 3938 4783 ans,
3971 4735 4147 4779 famille
4175 4738 4423 4779 honorable
4452 4751 4560 4780 avec
4588 4739 4678 4781 dot.

3894 4832 4011 4871 6234.
4043 4832 4283 4872 Toulouse.
4310 4854 4364 4861 —
4392 4834 4508 4872 Veuf
4535 4843 4644 4872 sans
4667 4834 4863 4883 enfants,

3839 4891 3891 4930 52
3916 4902 4011 4939 ans,
4042 4900 4294 4933 commerce
4320 4892 4376 4931 de
4400 4891 4638 4942 pâtisserie
4690 4894 4732 4932 et
4784 4894 4866 4935 im¬

3840 4951 4022 4992 meuble
4043 4962 4095 4991 en
4120 4954 4242 5001 ville,
4268 4951 4495 5002 propriété
4517 4953 4631 4993 dans
4656 4952 4862 5004 l’Ariège,

3839 5010 3985 5053 désire
4011 5014 4204 5063 épouser
4227 5022 4453 5063 personne
4478 5015 4533 5055 de
4559 5015 4611 5052 40
4636 5011 4663 5051 à
4687 5014 4740 5051 50
4764 5024 4863 5063 ans,

3840 5074 3976 5122 ayant
3996 5074 4211 5114 situation
4235 5083 4288 5111 en
4313 5074 4512 5124 rapport.

3892 5170 4010 5208 6235.
4040 5168 4282 5208 Toulouse.
4309 5190 4363 5195 —
4390 5168 4660 5210 Célibataire
4687 5170 4738 5207 30
4766 5180 4865 5219 ans,

3839 5226 3972 5275 brun,
4011 5227 4113 5267 bien
4150 5226 4518 5277 physiquement,
4555 5231 4867 5277 commerçant

3838 5298 3891 5326 en
3918 5298 4038 5336 gros,
4068 5286 4214 5327 désire
4243 5287 4444 5339 mariage
4472 5300 4579 5330 avec
4605 5288 4741 5340 jeune
4770 5287 4864 5327 fille

3838 5357 3894 5386 ou
3919 5356 4060 5387 veuve
4083 5358 4188 5387 sans
4236 5346 4431 5398 enfants,
4486 5350 4626 5400 ayant
4672 5347 4869 5389 environ.

3835 5407 3985 5447 20.000
4005 5406 4172 5448 francs.

3891 5502 4007 5543 6236.
4036 5504 4211 5543 Centre.
4234 5523 4288 5530 ---
4314 5503 4567 5552 Ingénieur,
4592 5506 4644 5544 30
4667 5512 4762 5551 ans,
4788 5512 4864 5554 ga¬

3835 5563 3978 5610 gnant
3996 5562 4146 5603 20.000
4167 5562 4220 5601 fr.
4246 5572 4328 5613 par
4350 5572 4423 5611 an,
4446 5563 4523 5604 dot
4545 5566 4718 5604 100.000
4739 5563 4794 5603 fr.
4820 5563 4863 5603 et

3835 5622 4114 5671 espérances,
4143 5622 4399 5672 épouserait
4450 5623 4586 5674 jeune
4614 5623 4720 5671 fille,
4751 5623 4860 5662 fem¬

3835 5688 3906 5719 me
3936 5679 4214 5731 d’intérieur,
4247 5679 4379 5731 goûts
4407 5680 4610 5735 simples,
4643 5681 4859 5723 situation

3834 5751 3886 5780 en
3911 5743 4111 5794 rapport.
4138 5740 4219 5782 Lui
4243 5740 4398 5783 écrire.
4424 5740 4534 5787 Très
4555 5742 4749 5785 sérieux.

3887 5843 4004 5885 6237.
4056 5842 4482 5890 Hautes-Pyrénées.
4514 5870 4568 5875 —
4627 5843 4864 5886 Monsieur

3834 5900 3954 5951 veuf,
3986 5903 4162 5944 abonné
4190 5914 4298 5944 sans
4320 5914 4539 5946 annonce.

3886 5999 4002 6039 6230.
4063 5997 4495 6040 Tarn-et-Garonne.
4554 6024 4608 6032 ~
4667 5999 4857 6040 Homme

3832 6059 4076 6108 d’affaires,
4104 6058 4379 6107 célibataire,
4406 6063 4458 6100 47
4483 6072 4579 6110 ans,
4607 6071 4664 6103 ne
4687 6056 4857 6108 parais¬

3831 6118 3934 6156 sant
3962 6129 4045 6168 pas
4073 6131 4155 6159 son
4185 6118 4281 6168 âge,
4315 6120 4553 6160 conseiller
4584 6116 4854 6168 municipal,

3831 6176 4098 6220 excellentes
4124 6177 4332 6229 qualités,
4363 6179 4495 6230 brun,
4525 6179 4650 6220 taille
4675 6188 4856 6227 moyen¬

3831 6248 3900 6283 ne,
3928 6236 4079 6280 bonne
4101 6238 4242 6286 santé,
4270 6236 4416 6280 désire
4442 6240 4596 6280 contra
4602 6240 4668 6279 ter
4692 6239 4856 6279 maria¬

3828 6308 3882 6347 ge
3911 6308 4017 6339 avec
4046 6296 4307 6340 demoiselle
4336 6310 4392 6339 ou
4424 6308 4581 6347 veuve,
4612 6298 4751 6347 ayant
4779 6300 4859 6341 dot

3828 6368 3886 6396 ou
3915 6358 4129 6400 situation
4160 6359 4243 6407 âge
4271 6370 4326 6398 en
4355 6358 4555 6410 rapport.

3882 6455 3943 6494 Ne
3973 6458 4181 6506 craignez
4214 6466 4292 6503 pas
4326 6456 4378 6498 de
4411 6466 4523 6495 vous
4555 6459 4852 6503 compromet¬

3823 6519 3890 6555 tre
3915 6526 3967 6554 en
3995 6519 4146 6556 disant
4199 6526 4284 6561 que
4311 6527 4422 6556 vous
4446 6515 4538 6555 êtes
4590 6515 4767 6556 abonné
4792 6525 4854 6555 au

3824 6575 3949 6614 Trait
3974 6575 4183 6615 d’Union.

3879 6679 3995 6720 6240.
4032 6680 4296 6729 Architecte,
4330 6683 4380 6720 32
4411 6688 4507 6726 ans,
4541 6678 4656 6719 belle
4712 6679 4850 6720 situa¬

3824 6737 3931 6786 tion,
3962 6739 4051 6784 très
4078 6739 4179 6780 bien
4210 6751 4314 6782 sous
4340 6741 4442 6782 tous
4468 6738 4691 6790 rapports,
4722 6738 4848 6781 santé
