5184 7176
2416 398 2487 435 LE
2519 398 2692 438 TRAIT
2734 400 2978 443 D'UNION

508 500 683 542 tuation
708 500 831 539 3.500
856 498 912 539 fr.
942 497 1047 546 l'an,
1074 495 1220 538 désire
1247 494 1448 544 mariage
1474 504 1528 534 en

510 558 711 612 rapport.

558 636 675 677 6121.
704 634 916 676 Gironde.
940 635 995 674 —
1018 635 1160 674 Jeune
1183 632 1282 672 fille
1306 632 1359 672 de
1384 631 1534 671 bonne

506 691 696 740 famille,
730 691 783 730 23
815 700 911 737 ans,
947 688 1127 735 blonde,
1163 686 1270 735 jolie
1302 686 1344 727 et
1375 683 1534 726 distin¬

504 744 632 796 guée,
664 743 755 784 très
784 742 1009 790 instruite,
1068 739 1223 780 brevet
1279 738 1531 790 supérieur,

504 796 696 848 anglais,
726 795 958 846 espagnol,
988 794 1135 835 désire
1161 794 1352 843 épouser
1408 802 1534 831 mon¬

505 851 626 893 sieur
646 851 701 891 de
719 852 771 890 25
790 850 816 890 à
834 851 885 890 36
903 860 999 896 ans,
1023 847 1158 899 ayant
1179 846 1409 887 situation.
1460 843 1535 883 Sé¬

506 903 648 946 rieux.

558 986 676 1026 6123.
734 983 976 1024 Toulouse.
1003 1006 1058 1010 —
1086 979 1192 1022 Père
1250 979 1302 1019 de
1356 978 1532 1017 famille

506 1039 615 1080 dont
645 1038 901 1078 l’influence
932 1036 974 1076 et
1004 1036 1068 1075 les
1100 1035 1259 1074 hautes
1320 1031 1533 1072 relations

506 1091 657 1133 seront
679 1092 769 1131 très
792 1090 927 1131 utiles
948 1100 975 1130 a
998 1100 1078 1129 son
1102 1088 1228 1127 futur
1251 1087 1435 1138 gendre,
1462 1085 1532 1124 dé¬

505 1146 594 1187 sire
623 1144 792 1186 marier
849 1154 899 1183 sa
928 1143 1035 1190 fille,
1069 1143 1120 1180 38
1151 1151 1246 1188 ans,
1281 1140 1437 1187 douce,
1471 1139 1534 1178 sé¬

506 1199 666 1246 rieuse,
695 1198 798 1238 bien
824 1196 987 1244 élevée,
1015 1196 1091 1236 dot
1119 1197 1263 1234 10.000
1289 1194 1364 1242 fr.,
1392 1191 1530 1232 mobi¬

504 1251 586 1293 lier
611 1251 654 1292 et
678 1252 928 1298 trousseau,
982 1259 1088 1290 avec
1114 1247 1344 1287 monsieur
1398 1245 1533 1296 ayant

504 1304 720 1347 situation
751 1304 868 1351 sûre,
902 1304 982 1353 âge
1010 1302 1184 1343 assorti.

559 1378 676 1416 6126.
702 1376 755 1414 —
780 1374 968 1414 Famille
1008 1371 1255 1412 honorable
1296 1370 1532 1412 désirerait

507 1435 673 1476 marier
715 1435 851 1486 jeune
893 1432 1000 1482 fille,
1026 1455 1081 1462 —-
1103 1433 1155 1471 24
1196 1443 1291 1480 ans,
1338 1428 1531 1480 qualités

507 1494 702 1535 morales
754 1494 798 1534 et
849 1492 1113 1545 physiques,
1159 1491 1528 1542 libre-penseuse,

504 1555 636 1605 goûts
682 1552 883 1604 simples,
917 1551 1042 1592 avoir
1070 1553 1219 1591 20.000
1250 1551 1306 1591 fr.
1339 1550 1382 1590 et
1410 1549 1530 1599 espé¬

507 1624 664 1655 rances
704 1614 831 1654 sûres
854 1635 908 1641 —
932 1612 958 1652 à
999 1622 1222 1664 personne
1265 1607 1527 1656 honorable,

507 1674 643 1725 ayant
668 1674 816 1714 bonne
843 1671 1058 1712 situation
1084 1671 1198 1711 dans
1225 1671 1264 1711 le
1291 1668 1420 1710 Midi.

635 1759 759 1798 Lisez
779 1767 834 1798 en
856 1759 895 1797 4°
919 1767 1031 1807 page
1056 1756 1093 1795 le
1116 1756 1316 1795 courrier
1338 1754 1530 1803 grapho¬

507 1819 703 1868 logique.

558 1914 676 1953 6128.
707 1912 950 1952 Toulouse.
977 1911 1032 1949 —
1077 1910 1344 1950 Demoiselle
1390 1907 1527 1956 seule,

504 1974 552 2013 5x
578 1983 674 2020 ans,
699 1971 835 2022 ayant
858 1968 1071 2012 situation
1096 1980 1148 2008 en
1175 1968 1295 2016 ville,
1320 1967 1530 2008 mobilier

504 2032 547 2075 et
584 2031 744 2083 petites
780 2030 1050 2078 économies,
1075 2028 1331 2080 épouserait
1370 2026 1531 2068 céliba¬

506 2091 617 2132 taire
643 2102 702 2132 ou
728 2090 850 2138 veuf,
880 2091 962 2140 âge
988 2088 1264 2130 indifférent.

558 2167 677 2207 6130.
702 2167 827 2207 Gers.
847 2168 900 2206 —
921 2165 1188 2206 Demoiselle
1209 2165 1260 2204 30
1280 2175 1376 2212 ans,
1398 2163 1530 2214 goûts

506 2226 707 2278 simples,
748 2226 905 2275 douce,
948 2224 1162 2274 aimante,
1203 2224 1414 2272 sérieuse,
1455 2234 1531 2274 pa¬

504 2287 627 2328 rents
651 2286 866 2327 situation
890 2283 1222 2335 commerciale,
1247 2284 1527 2335 espérances,

506 2344 762 2399 épouserait
788 2343 1047 2387 célibataire
1075 2356 1132 2385 ou
1160 2343 1282 2392 veuf,
1312 2343 1448 2394 ayant
1475 2342 1531 2383 si¬

504 2405 679 2447 tuation
728 2406 847 2446 sûre.
874 2404 929 2446 Se
978 2403 1266 2455 déplacerait.
1308 2403 1418 2443 Très
1467 2402 1528 2442 sé¬

504 2464 647 2506 rieux.

557 2542 675 2582 6135.
702 2542 954 2582 Bordeaux.
975 2564 1030 2570 —
1051 2540 1334 2589 Demoiselle,
1358 2540 1411 2579 30
1430 2551 1526 2587 ans,

505 2600 776 2643 institutrice
827 2600 956 2650 libre,
1010 2600 1260 2652 orpheline,
1304 2599 1528 2651 physique

504 2660 728 2712 agréable,
774 2662 960 2712 grande,
990 2660 1258 2710 distinguée,
1288 2659 1530 2699 musicien¬

504 2732 574 2772 ne,
598 2719 902 2763 honorabilité
924 2719 1131 2772 parfaite,
1156 2722 1234 2759 850
1257 2719 1310 2760 de
1334 2730 1526 2759 revenus

503 2791 556 2820 en
585 2780 871 2828 immeubles,
900 2779 1156 2831 épouserait
1183 2778 1440 2819 célibataire
1468 2790 1524 2818 ou

502 2839 624 2888 veuf,
655 2839 864 2887 honnête,
895 2839 1088 2887 sérieux,
1119 2839 1256 2884 ayant
1310 2836 1523 2879 situation

503 2902 607 2940 sûre
630 2900 673 2940 et
694 2900 843 2940 bonne
866 2899 1006 2940 santé.

555 2976 674 3016 6139.
728 2976 1116 3017 Lot-et-Garonne.
1166 2976 1219 3015 —
1271 2975 1424 3023 Dame,
1475 2975 1527 3014 35

504 3047 599 3084 ans,
623 3047 730 3076 sans
750 3035 944 3083 enfants,
970 3035 1082 3076 bien,
1095 3046 1199 3076 sous
1222 3035 1322 3076 tous
1342 3035 1407 3078 les
1428 3046 1528 3084 rap¬

502 3096 643 3147 ports,
668 3094 804 3147 petite
830 3095 920 3145 dot,
947 3093 1203 3146 épouserait
1228 3093 1527 3135 fonctionnai¬

503 3166 550 3196 re
574 3167 631 3195 ou
655 3153 835 3195 ouvrier
859 3153 1036 3196 sérieux
1062 3154 1198 3204 ayant
1220 3154 1451 3195 situation.

555 3231 672 3271 6142.
709 3230 838 3270 Midi.
867 3232 922 3270 —
954 3232 1094 3271 Dame
1123 3239 1280 3280 veuve,
1329 3231 1380 3270 43
1426 3242 1523 3278 ans,

502 3288 654 3342 aspect
692 3290 844 3340 jeune,
888 3290 1082 3341 qualités
1124 3290 1373 3341 physiques
1399 3289 1526 3330 intel¬

501 3348 731 3391 lectuelles
783 3349 826 3390 et
879 3350 1087 3398 morales,
1132 3351 1268 3400 ayant
1322 3348 1523 3391 souffert.

503 3410 658 3451 Bonne
703 3409 934 3458 situation,
982 3408 1199 3450 intérieur
1228 3408 1523 3457 confortable,

502 3468 641 3510 belles
697 3468 926 3519 relations,
1000 3468 1145 3510 désire
1201 3468 1526 3519 correspondre

502 3539 607 3569 avec
638 3527 870 3570 monsieur
899 3527 1163 3578 honorable,
1196 3528 1388 3576 sérieux,
1420 3527 1523 3567 bien

500 3587 636 3636 élevé,
664 3587 918 3638 intelligent
942 3588 983 3628 et
1022 3587 1126 3635 bon,
1170 3587 1305 3638 ayant
1343 3586 1524 3627 fortune

500 3657 556 3688 ou
587 3646 801 3688 situation
831 3646 1180 3699 indépendante.
1214 3645 1416 3688 Sérieux.

560 3726 639 3764 Les
666 3724 822 3763 dames
847 3727 948 3764 sont
974 3724 1118 3773 priées
1146 3724 1198 3764 de
1252 3724 1474 3772 répondre
1499 3722 1526 3763 à

504 3795 651 3832 toutes
675 3792 736 3832 les
762 3792 911 3832 lettres
935 3792 1010 3841 qui
1038 3792 1132 3831 leur
1156 3795 1255 3831 sont
1279 3791 1523 3832 adressées.

552 3868 669 3908 6144.
696 3869 913 3908 Gironde.
938 3870 987 3907 —
1009 3870 1148 3908 Dame
1180 3878 1231 3907 v<*
1271 3868 1344 3910 Ve,
1378 3867 1524 3908 désire

499 3930 660 3971 marier
675 3942 725 3970 sa
746 3930 850 3978 fille,
871 3934 920 3969 28
950 3942 1042 3976 ans,
1069 3928 1231 3971 famille
1263 3931 1522 3979 honorable,

496 3993 640 4032 bonne
678 3992 927 4041 éducation,
968 3991 1127 4031 femme
1158 3991 1428 4042 d'intérieur,
1460 3994 1523 4032 sé¬

500 4055 660 4100 rieuse,
680 4055 907 4104 économe,
930 4054 1004 4094 dot
1031 4056 1055 4094 5
1077 4058 1095 4091 à
1135 4055 1143 4093 I
1184 4055 1276 4096 .000
1300 4055 1366 4102 fr.,
1404 4056 1523 4107 espé¬

497 4128 652 4158 rances
672 4107 1176 4164 sûres;aveéMonsieur
1194 4118 1246 4158 de
1263 4118 1347 4157 30a
1367 4119 1521 4167 'lOans,

495 4183 627 4231 ayant
646 4180 868 4220 situation.

550 4244 655 4283 6148
716 4243 839 4283 Sîidi.
872 4243 918 4282 —
962 4243 1104 4282 Dame
1145 4242 1234 4282 liés
1272 4242 1523 4292 distinguée

495 4302 594 4343 bien
631 4302 770 4351 élevé,
799 4299 999 4340 habitant
1035 4302 1200 4351 grande
1234 4302 1348 4348 ville,
1390 4307 1522 4353 ayant

496 4366 706 4404 intérieur
756 4363 1040 4410 confortable,
1088 4363 1292 4404 voudrait
1331 4366 1522 4416 prendre

495 4438 666 4467 comme
688 4427 1015 4478 pensionnaire,
1040 4427 1175 4466 Dame
1204 4438 1258 4467 ou
1300 4427 1522 4468 Monsieur

494 4490 604 4539 seul,
626 4490 943 4530 fonctionnaire
963 4501 1016 4528 ou
1042 4490 1218 4530 rentier.

548 4564 665 4601 (149.
683 4563 952 4603 sud-Oaest.
1027 4555 1134 4600 Tain
1159 4563 1222 4600 lie
1241 4563 1516 4607 honorable,

493 4623 698 4664 voudrait
718 4622 880 4664 marier
912 4621 1024 4663 belle
1055 4636 1076 4674 p
1101 4635 1184 4663 une
1210 4624 1313 4678 fille,
1346 4627 1390 4663 24
1423 4635 1518 4673 ans,

492 4687 640 4727 50.000
663 4687 711 4726 fr.
737 4686 790 4725 de
807 4686 896 4735 dot,
914 4697 1093 4736 grosses
1112 4686 1392 4736 espérances,
1411 4697 1518 4726 avec

491 4750 715 4790 Monsieur
751 4752 883 4800 ayant
916 4750 1127 4788 situation
1176 4750 1295 4790 sûre,
1340 4748 1395 4788 de
1436 4753 1456 4788 5
1495 4751 1519 4787 à

492 4796 640 4851 10.(à
662 4810 710 4850 fr.
736 4821 815 4859 par
838 4820 906 4849 an.
931 4810 1095 4848 Toulon
1127 4819 1148 4847 e
1175 4807 1229 4848 de
1246 4808 1515 4859 préférence.

544 4880 660 4922 6150.
703 4880 838 4922 Nord.
889 4903 937 4910 —
985 4880 1126 4920 vame
1172 4890 1329 4920 encore
1371 4880 1517 4930 jeune,

488 4945 567 4984 600
586 4944 666 4984 000
684 4943 753 4990 fr.,
783 4943 955 4983 fortune
985 4944 1278 4992 personnelle,
1314 4943 1519 4982 voudrait

488 5011 636 5047 entrer
646 5018 698 5046 en
712 5005 1015 5046 relationavec
1028 5015 1244 5055 personne
1254 5006 1514 5054 distinguée,

488 5079 595 5108 sans
617 5070 800 5116 fortune,
823 5071 956 5119 ayant
978 5067 1091 5107 belle
1111 5067 1336 5107 situation.

542 5140 660 5182 6151.
685 5142 833 5181 Hanle
856 5141 1086 5181 Garonne.
1108 5162 1155 5167 —
1182 5140 1295 5182 Très
1315 5140 1516 5180 lio.io/a-

490 5205 564 5244 ble
587 5202 791 5249 famille,
812 5202 959 5243 désire
978 5203 1139 5242 marier
1166 5202 1251 5241 fille
1272 5203 1449 5252 unique,
1468 5206 1515 5239 22

488 5264 807 5316 ans,65.000fr.
827 5268 1185 5315 comptant,avec
1195 5262 1513 5316 jeunehomme

488 5328 543 5368 de
567 5333 614 5367 25
635 5339 658 5367 a
678 5331 727 5367 28
750 5332 987 5379 ans,ayant
1008 5327 1150 5367 bonne
1172 5327 1380 5366 situation
1403 5327 1514 5366 dans

489 5391 528 5431 le
567 5390 832 5441 professorat
855 5400 908 5429 ou
934 5389 1045 5428 dans
1067 5389 1255 5429 l'année.

542 5464 603 5504 La
620 5461 945 5504 combinaison
976 5462 1188 5506 mariage
1207 5460 1383 5511 répond
1396 5459 1425 5500 à
1447 5470 1508 5501 un

490 5516 652 5557 besoin
673 5515 839 5556 social.

543 5582 660 5623 6152.
688 5582 902 5623 Gironde.
923 5583 977 5620 —
1000 5579 1151 5621 Veuve
1172 5579 1227 5621 de
1248 5579 1512 5631 diplomate,

487 5643 540 5680 43
565 5652 660 5690 ans,
705 5642 842 5691 seule,
871 5640 986 5682 belle
1014 5640 1196 5687 femme,
1242 5639 1511 5688 distinguée,

488 5703 626 5753 ayant
655 5700 822 5754 capital
856 5700 910 5742 dé
943 5703 1118 5740 350.000
1152 5699 1223 5749 fr-,
1258 5698 1514 5751 épouserait

489 5760 723 5803 Monsieur
747 5761 1014 5811 intelligent,
1041 5760 1143 5800 bien
1166 5759 1303 5808 élevé,
1330 5759 1467 5808 ayant
1487 5759 1514 5798 à

487 5831 574 5870 peu
604 5822 707 5872 près
734 5822 882 5863 même
910 5819 1140 5860 situation.

540 5899 658 5938 6160.
692 5899 890 5938 Somme.
919 5899 975 5937 —
1001 5899 1144 5937 Jeune
1188 5896 1302 5946 fille,
1350 5896 1509 5942 brune,

486 5956 756 6008 distinguée,
786 5959 839 5997 27
867 5968 964 6005 ans,
998 5955 1292 6006 intelligente,
1324 5956 1412 5995 bon
1443 5966 1512 5995 ca¬

487 6019 670 6066 ractère,
693 6018 981 6066 affectueuse,
1003 6017 1259 6067 épouserait
1278 6015 1511 6056 Monsieur

487 6078 590 6125 bon,
620 6078 754 6128 loyal,
783 6075 1094 6126 désintéressé,
1124 6076 1204 6126 âge
1231 6074 1507 6116 indifférent.

488 6135 690 6178 Sérieux.

540 6214 658 6254 6165.
682 6214 981 6254 Toulouse.—
999 6215 1142 6254 Jeune
1162 6214 1318 6260 veuve,
1338 6214 1390 6252 27
1408 6223 1504 6259 ans,

488 6274 603 6315 belle
634 6274 816 6321 femme,
850 6274 1009 6320 brune,
1040 6273 1130 6314 très
1158 6271 1344 6322 adroite,
1375 6272 1507 6323 goûts

486 6333 688 6384 simples,
716 6332 852 6383 ayant
874 6333 950 6372 dot
976 6335 1121 6372 10.000
1145 6331 1311 6379 francs,
1365 6330 1506 6371 mobi¬

486 6391 582 6439 lier,
610 6391 755 6432 désire
779 6391 968 6442 épouser
994 6390 1226 6431 monsieur
1277 6390 1395 6439 bien,
1450 6390 1505 6430 de

483 6453 535 6491 30
555 6452 580 6492 à
602 6454 654 6491 40
675 6462 770 6499 ans,
796 6451 931 6500 ayant
954 6450 1167 6491 situation
1192 6452 1311 6495 sûre.

536 6528 654 6568 6166.
680 6527 922 6567 Toulouse.
947 6550 1000 6555 —
1022 6528 1167 6567 Jeune
1190 6527 1303 6575 fille,
1330 6528 1380 6566 25
1404 6538 1500 6573 ans,

483 6586 643 6635 brune,
676 6587 767 6627 très
796 6587 996 6638 gentille,
1031 6586 1167 6636 ayant
1198 6586 1334 6637 petite
1367 6586 1503 6627 situa¬

482 6645 576 6686 tion
608 6646 648 6685 et
678 6646 957 6698 espérances,
989 6645 1135 6687 désire
1164 6646 1367 6696 mariage
1396 6656 1502 6686 avec

483 6704 716 6747 monsieur
738 6704 843 6754 aisé,
867 6717 923 6747 on
946 6704 1083 6757 ayant
1100 6704 1250 6747 bonne
1270 6704 1499 6747 situation.

483 6765 576 6818 Age
595 6764 871 6806 indifférent.

1669 510 1786 548 6168.
1833 508 2219 548 Lot-et-Garonne.
2243 531 2297 536 —
2350 510 2631 559 Demoiselle,

1614 570 1666 608 33
1695 579 1790 616 ans,
1848 567 2099 619 orpheline,
2130 567 2354 619 physique
2408 568 2631 619 agréable,

1615 627 1839 668 caractère
1863 627 1951 667 très
1974 626 2062 677 gai,
2091 628 2226 678 ayant
2250 638 2500 670 commerce
2526 628 2634 668 don¬

1616 687 1726 726 nant
1752 687 1856 736 jolis
1884 687 2119 736 bénéfices,
2148 687 2294 727 désire
2320 687 2522 738 mariage
2576 688 2634 726 ci¬

1615 744 1692 794 vil,
1720 755 1825 784 avec
1879 744 2111 787 monsieur
2136 744 2328 795 sérieux,
2380 747 2434 787 de
2459 748 2510 786 30
2534 747 2560 786 à
2584 747 2635 786 35

1615 816 1710 852 ans,
1733 806 2056 856 commerçant,
2079 816 2322 856 voyageur,
2346 806 2555 857 employé
2575 817 2632 846 ou

1615 863 1962 904 fonctionnaire.
1984 864 2048 906 Ne
2070 864 2178 915 peut
2198 876 2243 906 se
2264 864 2488 916 déplacer.

1668 939 1786 979 6169.
1811 939 1946 979 Gard.
1965 964 2019 968 —
2040 942 2179 979 Dame
2199 940 2336 990 seule,
2360 952 2464 982 sans
2485 940 2633 981 famil¬

1615 999 1670 1050 le,
1692 1002 1743 1039 45
1762 1011 1856 1047 ans,
1880 999 2015 1050 petite
2035 999 2239 1050 pension,
2263 1000 2487 1052 physique
2506 1002 2547 1042 et
2566 1011 2634 1041 ca¬

1616 1058 1808 1099 ractères
1831 1058 2004 1107 jeunes,
2031 1059 2240 1106 sérieuse,
2268 1059 2512 1100 excellente
2535 1071 2634 1099 san¬

1617 1119 1671 1166 té,
1699 1118 1801 1158 bien
1827 1118 1989 1166 élevée,
2016 1118 2304 1168 affectueuse,
2332 1119 2500 1160 femme
2524 1119 2634 1159 d’in¬

1616 1176 1796 1224 térieur,
1829 1176 2002 1218 aimant
2030 1178 2099 1218 vie
2127 1178 2272 1220 calme
2300 1179 2342 1218 et
2370 1178 2630 1228 tranquille,

1616 1235 1856 1277 recherche
1883 1236 2107 1284 affection,
2138 1235 2292 1276 amitié
2346 1236 2541 1278 sérieuse
2593 1236 2634 1276 et

1616 1295 1756 1335 union
1812 1295 2018 1344 durable,
2048 1307 2155 1335 avec
2182 1296 2414 1336 monsieur
2444 1296 2550 1344 aisé,
2580 1296 2634 1336 de

1616 1356 1667 1395 50
1690 1355 1715 1395 à
1737 1356 1788 1395 70
1812 1366 1894 1395 ans
1919 1355 2083 1406 (même
2106 1355 2362 1408 souffrant),
2390 1355 2505 1395 mais
2528 1355 2632 1396 bien

1616 1414 1737 1454 élevé
1760 1414 1802 1454 et
1823 1415 2017 1455 honnête
2038 1415 2237 1458 homme.
2263 1415 2372 1455 Irait
2395 1414 2635 1466 n’importe

1617 1472 1688 1511 où.
1719 1472 1828 1512 Très
1854 1471 2047 1513 sérieux.

1669 1550 1786 1588 6170.
1818 1548 2236 1589 Seine-Inférieure.
2263 1574 2318 1579 —
2362 1550 2634 1590 Institutrice

1616 1606 1731 1656 Etat,
1760 1610 1811 1647 25
1838 1618 1935 1659 ans,
1966 1610 2113 1650 bonne
2140 1609 2282 1659 santé,
2312 1610 2402 1650 très
2427 1608 2542 1660 gaie,
2572 1607 2635 1649 fa¬

1616 1666 1744 1708 mille
1772 1668 2036 1718 honorable,
2068 1670 2347 1719 espérances,
2380 1668 2637 1720 épouserait

1616 1725 1948 1769 fonctionnaire
1964 1728 2138 1779 grande
2156 1727 2264 1768 ville
2283 1728 2410 1769 ouest
2455 1739 2512 1768 ou
2532 1726 2638 1767 sud-

1616 1786 1756 1827 ouest.

1669 1863 1787 1900 6173.
1818 1863 1957 1903 Dame
1982 1866 2138 1911 veuvè,
2166 1864 2301 1914 ayant
2325 1875 2379 1904 eu
2406 1875 2556 1903 revers
2581 1862 2635 1903 de

1618 1919 1812 1970 fortune,
1834 1923 1885 1960 37
1904 1933 2000 1971 ans,
2024 1934 2131 1963 sans
2150 1922 2346 1973 enfants,
2367 1922 2635 1963 excellentes

1616 1980 1854 2020 éducation
1879 1982 1923 2021 et
1947 1981 2232 2030 instruction,
2262 1984 2363 2033 apte
2416 1983 2442 2022 à
2467 1982 2635 2032 diriger

1619 2038 1850 2088 intérieur,
1875 2039 2111 2080 désirerait
2132 2040 2315 2082 trouver
2336 2042 2504 2092 emploi
2527 2041 2636 2081 cais¬

1616 2098 1729 2139 sière
1754 2110 1811 2139 ou
1835 2099 2035 2150 gérante,
2090 2100 2209 2142 hôtel
2235 2112 2292 2142 ou
2319 2100 2427 2142 café-
2483 2100 2636 2140 Entre¬

1617 2156 1703 2199 rait
1729 2170 1786 2198 au
1812 2159 1981 2200 service
2008 2160 2062 2200 de
2087 2159 2320 2201 monsieur
2347 2160 2458 2210 seul,
2489 2159 2636 2199 même

1617 2228 1722 2258 avec
1740 2218 1934 2259 enfants.
1958 2219 2068 2260 Très
2087 2219 2279 2260 sérieux.

1664 2295 1783 2334 6176.
1808 2295 2051 2335 Toulouse.
2072 2319 2127 2324 —
2150 2298 2304 2345 Dame,
2330 2307 2471 2338 veuve
2494 2296 2635 2336 d’offi¬

1614 2352 1702 2394 cier
1732 2353 2016 2403 ministériel,
2050 2358 2100 2395 38
2130 2367 2226 2403 ans,
2259 2356 2396 2404 seule,
2428 2367 2534 2396 sans
2562 2367 2635 2396 en¬

1616 2412 1750 2460 fants,
1788 2415 1923 2464 ayant
1963 2414 2136 2454 maison
2174 2427 2225 2455 en
2264 2415 2386 2460 ville,
2426 2426 2632 2464 revenus,

1612 2472 1786 2512 aimant
1810 2473 1883 2514 vie
1906 2473 2065 2523 calme,
2094 2475 2239 2515 désire
2267 2476 2457 2526 épouser
2511 2487 2635 2516 mon¬

1611 2531 1733 2571 sieur
1755 2532 1808 2572 de
1830 2535 1882 2572 50
1903 2533 1929 2572 à
1950 2536 2001 2573 60
2022 2546 2118 2582 ans,
2143 2534 2412 2586 intelligent,
2438 2535 2631 2584 sérieux,

1614 2591 1750 2642 ayant
1771 2591 1920 2634 bonne
1942 2592 2171 2634 situation-

1663 2670 1782 2707 6177.
1815 2670 2203 2710 Haute-Garonne.
2232 2694 2286 2699 —
2315 2673 2468 2719 Dame,
2500 2672 2635 2712 abon¬

1615 2728 1708 2777 née,
1735 2739 1840 2768 sans
1863 2739 2081 2771 annonce.

1664 2806 1782 2844 6184.
1810 2806 2051 2846 Toulouse.
2073 2828 2126 2834 —
2153 2807 2436 2855 Demoiselle,
2463 2810 2514 2847 30
2536 2819 2632 2858 ans,

1610 2864 1821 2914 sérieuse,
1858 2864 2012 2916 douce,
2055 2865 2157 2906 bien
2194 2866 2356 2915 élevée,
2397 2867 2637 2907 excellente

1612 2926 1907 2978 musicienne,
1944 2928 2168 2979 physique
2204 2931 2430 2981 agréable,
2467 2930 2635 2971 femme

1611 2985 1889 3035 d’intérieur,
1920 2988 2052 3038 goûts
2083 2988 2286 3039 simples,
2319 2992 2456 3040 ayant
2486 3001 2539 3030 eu
2571 3002 2634 3030 re¬

1611 3055 1711 3085 vers
1736 3046 1791 3086 de
1818 3046 2012 3095 fortune,
2068 3048 2214 3088 désire
2266 3051 2458 3100 épouser
2511 3060 2635 3088 mon¬

1611 3104 1746 3154 sieur,
1779 3106 2047 3147 sentiments
2076 3107 2312 3158 religieux,
2347 3110 2427 3159 âge
2458 3108 2631 3156 assorti,

1610 3164 1816 3215 employé
1844 3176 1901 3205 ou
1932 3166 2277 3216 fonctionnaire,
2308 3168 2444 3219 ayant
2499 3170 2635 3208 situa¬

1609 3223 1703 3263 tion
1723 3224 1843 3266 sûre.

1663 3303 1778 3340 6186.
1812 3303 2064 3343 Bordeaux.
2091 3327 2157 3332 -—
2199 3306 2467 3346 Demoiselle
2522 3306 2634 3345 dans

1610 3371 1659 3400 sa
1683 3359 1872 3410 famille,
1899 3363 1950 3402 32
1974 3374 2070 3411 ans,
2098 3364 2234 3415 ayant
2258 3365 2334 3404 dot
2360 3367 2506 3404 10.000
2558 3364 2631 3413 fr.,

1609 3420 1864 3470 épouserait
1884 3423 2118 3463 monsieur
2136 3424 2275 3472 ayant
2292 3424 2507 3464 situation
2528 3424 2634 3464 ville

1608 3491 1667 3519 ou
1687 3490 1952 3531 campagne.
1976 3483 2068 3532 Age
2090 3482 2368 3524 indifférent.

1662 3558 1778 3595 6187.
1810 3558 2237 3607 Hautes-Pyrénées.
2290 3584 2343 3587 —
2366 3563 2530 3608 Veuve,
2583 3563 2635 3600 46

1610 3626 1704 3664 ans,
1730 3615 1783 3656 de
1807 3616 1895 3656 très
1919 3617 2066 3658 bonne
2091 3618 2281 3668 famille,
2307 3620 2493 3671 grande,
2547 3620 2632 3660 dis¬

1608 3674 1804 3726 tinguée,
1830 3675 1911 3726 joli
1964 3678 2203 3728 physique,
2259 3679 2428 3720 femme
2479 3679 2634 3720 d’inté¬

1608 3734 1744 3783 rieur,
1782 3734 1870 3775 très
1904 3738 2252 3788 commerçante,
2290 3739 2436 3779 désire
2467 3750 2632 3780 corres¬

1609 3794 1780 3844 pondre
1806 3806 1911 3836 avec
1935 3796 2184 3838 monsieur,
2216 3799 2524 3849 commerçant
2576 3810 2630 3839 on

1608 3853 1954 3904 fonctionnaire,
1984 3856 2176 3904 sérieux,
2208 3858 2419 3906 honnête,
2449 3859 2632 3898 homme

1607 3911 1662 3953 de
1682 3923 1822 3953 cœur.

1662 3981 1804 4021 Toute
1830 3983 1955 4023 lettre
1979 3984 2146 4023 devant
2170 3984 2262 4025 être
2286 3986 2528 4024 transmise
2554 3994 2635 4034 par

1610 4042 1671 4082 les
1690 4042 1813 4082 soins
1832 4042 1886 4083 de
1907 4044 1948 4084 la
1970 4044 2195 4084 Direction
2218 4047 2259 4084 et
2279 4056 2334 4087 ne
2355 4047 2535 4095 portant
2555 4055 2635 4094 pas

1610 4103 1647 4144 le
1672 4112 1778 4142 nom
1804 4103 1856 4142 de
1883 4103 2178 4152 l’expéditeur
2200 4115 2300 4145 sera
2324 4104 2532 4146 détruite.

1738 4265 2501 4340 MARIAGES

1659 4432 1864 4471 Pendant
1892 4431 1935 4474 le
1963 4432 2076 4474 mois
2104 4434 2159 4475 de
2186 4432 2364 4484 janvier
2391 4435 2511 4474 deux
2539 4446 2624 4474 ma¬

1605 4490 1751 4541 riages
1778 4493 1855 4531 ont
1880 4492 1948 4532 été
1976 4494 2206 4534 annoncés
2248 4495 2273 4533 à
2300 4494 2344 4534 la
2385 4493 2627 4535 Direction.

1606 4551 1912 4593 Félicitations
1940 4563 2030 4592 aux
2059 4554 2313 4594 intéressés.

2177 4613 2235 4652 La
2260 4613 2519 4654 Direction.

1687 4764 1999 4840 ABONNÉS
2063 4776 2143 4840 ET
2205 4773 2551 4841 LECTEURS

1923 4860 2052 4901 Lisez
2084 4860 2192 4902 bien
2223 4861 2322 4903 ceei

1658 4931 1800 4971 Toute
1823 4942 2047 4982 personne
2071 4933 2151 4984 qui
2175 4944 2423 4983 procurera
2444 4934 2471 4972 à
2494 4934 2538 4974 la
2562 4934 2634 4973 Di¬

1606 4990 1774 5030 rection
1799 4990 1916 5031 deux
1942 4991 2145 5032 abonnés
2168 5002 2425 5040 nouveaux,
2451 4992 2634 5043 n’ayant

1564 5065 1566 5088 :
1602 5048 1769 5099 jamais
1788 5050 1855 5090 été
1878 5049 2059 5091 inscrits
2080 5051 2127 5090 ni
2150 5051 2175 5091 à
2196 5051 2240 5091 la
2265 5051 2435 5099 Rapide
2458 5052 2632 5102 Agence

1564 5102 1566 5157 |
1604 5107 1650 5147 ni
1679 5110 1735 5147 au
1763 5108 1891 5147 Trait
1919 5110 1946 5148 d
1971 5110 2135 5158 Union,
2167 5120 2280 5150 aura
2308 5108 2427 5150 droit
2459 5123 2467 5150 :
2495 5110 2580 5151 soit
2607 5111 2632 5151 à

1564 5199 1566 5215 ;
1608 5176 1698 5207 une
1756 5166 2075 5219 prolongation
2137 5168 2491 5210 d’abonnement
2550 5170 2606 5211 de

1616 5226 1734 5267 deux
1763 5226 1893 5276 mois,
1923 5227 2008 5268 soit
2035 5228 2060 5268 à
2087 5240 2149 5268 un
2179 5228 2484 5278 abonnement
2511 5239 2610 5278 gra¬

1630 5286 1717 5327 tuit
1743 5287 1799 5327 de
1824 5288 1974 5328 même
1999 5288 2152 5328 durée.

1651 5386 1701 5390 —
1734 5364 1856 5403 Tous
1888 5374 1974 5406 nos
2000 5366 2212 5405 abonnés
2243 5369 2348 5406 sont
2375 5366 2503 5414 priés
2522 5366 2628 5415 ;<Ta-

1600 5425 1788 5467 dresser
1820 5427 1987 5468 lettres
2017 5431 2064 5468 et
2096 5428 2447 5474 observations,
2479 5436 2571 5468 non
2600 5428 2628 5470 à

1600 5488 1647 5527 la
1666 5501 1694 5524 «
1718 5487 1894 5536 Rapide
1935 5495 2104 5538 tgeuee
2197 5491 2316 5531 mais
2340 5500 2402 5531 au
2426 5491 2626 5540 journal

1599 5551 1661 5591 du
1682 5564 1709 5587 «
1732 5550 1864 5591 Trait
1889 5552 2088 5594 d’Uiiiou
2188 5554 2259 5600 26,
2280 5563 2367 5593 rue
2392 5554 2624 5601 d’Asiorg,

1599 5614 1844 5655 Toulouse.

1658 5687 1752 5724 LM"
1779 5686 1859 5726 Les
1880 5686 2083 5727 bureaux
2107 5687 2168 5726 du
2190 5687 2371 5727 TRAIT
2395 5687 2627 5728 D’UNION

1600 5757 1654 5786 ne
1676 5751 1778 5787 sont
1800 5752 1983 5787 ouverts
2007 5759 2093 5797 que
2119 5748 2431 5798 l’après-midi,
2458 5750 2511 5790 de
2535 5752 2559 5789 2
2582 5750 2626 5790 h.

1599 5807 1624 5847 à
1643 5811 1667 5847 5
1690 5810 1866 5856 heures,
1890 5811 1955 5857 26,
1980 5820 2059 5850 rue
2082 5811 2306 5860 d’Astorg.

1656 5881 1752 5919 L«-
1786 5881 1908 5920 Tous
1939 5880 2000 5920 les
2031 5881 2420 5929 renseignements
2451 5892 2628 5922 concer¬

1599 5944 1708 5980 nant
1743 5943 1784 5982 la
1816 5943 2131 5982 combinaison
2166 5944 2382 5992 mariage,
2419 5944 2481 5983 les
2516 5945 2627 5984 loca¬

1598 6002 1730 6051 tions,
1788 6004 1943 6052 offres,
2003 6004 2251 6046 demandes
2281 6008 2322 6046 st
2351 6006 2447 6046 avis
2477 6006 2626 6047 divers

1596 6068 1698 6104 sont
1728 6064 1902 6106 donnés
1932 6066 2258 6115 gratuitement
2291 6068 2403 6108 dans
2435 6078 2518 6107 nos
2548 6067 2626 6108 bu¬

1598 6136 1751 6175 reaux,
1784 6127 2098 6175 l’après-midi,
2130 6128 2183 6167 de
2212 6131 2236 6167 2
2264 6131 2308 6168 h.
2339 6128 2366 6168 à
2394 6132 2416 6168 5
2446 6130 2622 6179 heures,

1596 6191 1660 6235 26,
1688 6199 1768 6228 rue
1795 6189 2018 6238 d’Astorg,
2047 6190 2290 6232 Toulouse.

1647 6522 1704 6562 Le
1727 6521 1961 6564 Directeur
1983 6524 2047 6564 est
2071 6523 2275 6564 heureux
2299 6524 2572 6565 d’annoncer
2595 6525 2620 6566 à

1591 6592 1660 6623 ses
1684 6582 1886 6624 abonnés
1910 6582 2020 6634 qu’il
2037 6594 2062 6622 a
2079 6594 2134 6623 eu
2148 6581 2192 6622 la
2207 6582 2355 6624 bonne
2371 6584 2551 6624 fortune
2564 6583 2620 6627 de

1591 6642 1807 6682 s’assurer
1849 6642 1890 6683 le
1932 6654 2153 6684 concours
2179 6642 2234 6683 de
2259 6642 2492 6684 l’éminent
2518 6655 2618 6694 pro¬

1591 6699 1763 6753 fesseur
1809 6702 1863 6743 de
1912 6700 2231 6754 Graphologie,
2283 6701 2331 6744 G.
2367 6703 2614 6752 Lefranck,

1548 6768 1555 6793 <
1590 6762 1668 6812 qui
1694 6762 1799 6802 veut
1823 6762 1927 6803 bien
1954 6762 2115 6804 mettre
2140 6775 2191 6804 sa
2214 6763 2387 6805 science
2412 6763 2438 6803 à
2462 6763 2506 6804 la
2531 6763 2617 6806 dis¬

2721 498 2897 547 postion
2922 499 3000 540 des
3024 501 3216 543 lecteurs
3239 503 3300 545 du
3327 504 3454 547 Trait
3478 507 3687 549 d’Union.

2774 558 3002 600 Personne
3025 560 3238 611 n’ignore'
3251 563 3314 604 les
3330 566 3520 606 services
3536 578 3623 617 que
3638 570 3746 619 peut

2720 617 2883 659 rendre
2936 631 3024 660 une
3064 621 3198 661 étude
3238 626 3598 678 graphologique
3640 628 3742 668 bien

2722 675 2842 716 faite.
2867 678 3100 731 L’analyse
3120 680 3175 720 de
3196 682 3419 726 l’écriture
3440 686 3586 727 révèle
3607 687 3651 728 la
3671 700 3744 729 va¬

2722 734 2819 775 leur
2864 736 3023 780 intime
3051 740 3105 782 de
3133 740 3389 794 l’individu,
3420 755 3489 786 ses
3518 746 3744 796 aptitudes

2722 794 3064 839 intellectuelles
3087 800 3131 840 et
3154 802 3362 844 morales.

2774 854 2871 895 Non
2899 858 3150 899 seulement
3175 860 3206 900 il
3233 862 3298 903 est
3323 864 3594 906 intéressant
3618 867 3672 908 de
3698 880 3743 908 se

2721 912 2823 954 bien
2848 919 3080 961 connaître
3103 920 3354 972 soi-même;
3378 924 3494 966 mais
3518 926 3548 966 il
3572 926 3639 967 est
3660 927 3744 968 uti¬

2720 972 2761 1015 le
2804 974 2844 1014 et
2887 978 3084 1026 prudent
3127 979 3347 1023 d’étudier
3390 995 3503 1024 ceux
3531 995 3636 1027 avec
3663 987 3743 1028 les¬

2722 1034 2851 1083 quels
2887 1046 2943 1074 on
2964 1038 3110 1079 désire
3132 1040 3280 1080 entrer
3302 1055 3355 1083 en
3379 1043 3567 1084 relation
3590 1046 3742 1087 d’inté¬

2722 1093 2787 1134 rêt
2807 1104 2864 1134 ou
2887 1095 2940 1135 de
2962 1096 3219 1140 sentiment.

2776 1152 2833 1193 Le
2853 1154 3113 1204 professeur
3134 1159 3356 1201 Lefranck
3379 1162 3488 1203 dont
3510 1175 3624 1204 nous
3643 1177 3743 1206 con-
3782 1168 3787 1204 I

2722 1212 2928 1255 naissons
2958 1216 3000 1255 la
3029 1218 3176 1259 sûreté
3222 1219 3275 1259 de
3320 1222 3586 1272 diagnostic,
3618 1224 3743 1267 satis-
3783 1224 3793 1274 j.

2724 1271 2839 1312 faira
2862 1274 3202 1326 certainement,
3231 1278 3294 1319 les
3319 1279 3423 1331 plus
3448 1282 3674 1324 difficiles.

2778 1331 3043 1376 Conditions
3084 1336 3215 1378 faites
3256 1350 3345 1379 aux
3387 1340 3579 1382 lecteurs
3619 1342 3672 1383 de
3698 1355 3746 1383 ce
3784 1326 3786 1391 !

2722 1390 2904 1439 journal
2935 1406 2943 1431 :

2725 1470 2807 1507 Par
2830 1470 2953 1510 lettre
2978 1484 2984 1510 :
3011 1471 3196 1523 Croquis
3216 1474 3580 1518 silhouette....
3644 1483 3668 1516 0
3699 1479 3749 1519 75
3785 1479 3787 1507 1

2830 1544 2878 1551 —
3011 1527 3668 1572 Portrait.3
3727 1546 3746 1571 »

2827 1599 2879 1605 —
3011 1579 3203 1630 Analyse
3219 1579 3350 1627 détailléo
3363 1586 3390 1623 et
3405 1582 3580 1636 complète..
3644 1587 3668 1626 5
3727 1599 3746 1626 »

2778 1647 2811 1684 A
2840 1647 2983 1698 partir
3010 1650 3070 1690 du
3098 1653 3115 1690 1
3124 1655 3154 1671 er
3179 1652 3430 1704 décembre,
3459 1659 3555 1696 tout
3582 1659 3743 1698 nouvel

2723 1706 2899 1747 abonné
2951 1720 3007 1748 ou
3049 1708 3290 1764 réabonné,
3331 1715 3408 1764 qui
3450 1716 3624 1756 voudra
3648 1728 3745 1759 sou¬

2724 1766 2883 1807 mettre
2938 1779 3016 1808 son
3072 1770 3264 1812 écriture
3308 1774 3592 1824 personnelle
3636 1788 3747 1817 aura

2723 1825 2843 1866 droit
2890 1827 2916 1866 à
2955 1840 3016 1867 un
3067 1830 3249 1880 croquis
3287 1832 3528 1883 silhouette
3577 1838 3746 1883 gratuit

2723 1884 2837 1924 dans
2878 1886 2919 1938 lq
2958 1888 3156 1938 journal,
3186 1902 3290 1932 sous
3331 1905 3391 1932 un
3435 1894 3743 1946 pseudonyme

2723 1944 3020 1997 quelconque.

2778 2004 2812 2043 Il
2856 2006 2920 2046 est
2964 2010 3301 2058 expressément
3345 2013 3664 2055 recommandé
3694 2015 3746 2056 de

2724 2075 2779 2104 ne
2830 2075 2911 2115 pas
2963 2068 3232 2110 contrefaire
3273 2081 3352 2111 son
3394 2072 3588 2114 écriture
3628 2075 3670 2115 et
3694 2075 3746 2117 de

2724 2124 2910 2166 n’écrire
2934 2138 3020 2177 que
3044 2140 3122 2168 sur
3145 2127 3205 2168 du
3231 2131 3387 2182 papier
3411 2143 3499 2172 non
3525 2133 3646 2183 rayé.

2778 2274 2887 2314 Sita.
2922 2298 2976 2304 --
3010 2276 3280 2328 Graphisme
3315 2279 3598 2328 intéressant,
3636 2283 3743 2322 dont

2724 2332 2939 2384 l’analyse
2973 2336 3194 2387 complète
3255 2350 3308 2379 ne
3343 2340 3450 2390 peut
3511 2342 3602 2380 être
3638 2343 3743 2383 faite

2723 2392 2836 2435 dans
2859 2406 2919 2432 un
2942 2395 3104 2446 simple
3128 2414 3146 2431 «
3171 2399 3351 2447 croquis
3374 2400 3611 2440 silhouette
3636 2419 3670 2441 ».

2778 2452 3080 2504 Intelligence,
3112 2456 3200 2496 très
3230 2458 3380 2508 claire,
3411 2458 3740 2508 assimilatrice,

2722 2511 2826 2560 plus
2846 2511 3025 2564 logique
3046 2515 3348 2564 qu’intuitive,
3372 2518 3521 2559 moins
3541 2519 3744 2563 idéaliste

2723 2583 2808 2622 que
2830 2572 3054 2624 pratique,
3074 2599 3127 2603 —
3147 2577 3362 2618 secondée
3383 2590 3464 2628 par
3486 2591 3573 2619 une
3595 2579 3742 2620 bonne

2726 2631 2955 2680 mémoire,
2980 2635 3162 2674 connaît
3184 2647 3231 2674 sa
3254 2636 3424 2676 valeur.

2778 2690 2924 2738 Cœur,
2962 2692 3056 2732 rien
3092 2694 3342 2737 d’excessif.
3406 2697 3491 2738 Pas
3524 2698 3579 2739 de
3611 2700 3743 2740 vaine

2723 2750 3000 2792 sensiblerie.
3030 2754 3092 2792 On
3122 2754 3207 2794 sait
3231 2756 3444 2804 pourtant
3470 2758 3631 2799 rendre
3654 2771 3742 2799 ser¬

2723 2808 2831 2848 vice.
2868 2810 2952 2852 Pas
2983 2811 3217 2853 d’avarice-
3254 2814 3487 2856 Caractère
3516 2817 3742 2867 générale¬

2723 2872 2847 2908 ment
2870 2870 3006 2919 doux,
3035 2872 3152 2912 mais
3176 2874 3387 2915 mordant
3438 2876 3464 2915 à
3488 2876 3738 2918 l’occasion.

2723 2928 2978 2968 Franchise.

2775 2987 2978 3038 Volonté,
3012 2990 3303 3043 capricieuse,
3336 2994 3503 3043 jamais
3538 2998 3623 3035 très
3657 2998 3740 3036 for¬

2724 3047 2775 3094 te,
2807 3048 3091 3099 quelquefois
3119 3052 3359 3101 emportée.
3391 3054 3612 3094 Défiance.

2776 3106 2911 3147 Santé
2938 3108 3195 3150 excellente.
3224 3111 3392 3155 Nature
3419 3114 3496 3164 qui
3524 3115 3634 3155 n’est
3660 3127 3740 3166 pas

2722 3166 2799 3204 des
2820 3166 2925 3215 plus
2948 3167 3300 3211 immatérielles.

2715 3283 2725 3295 .
2775 3247 2973 3288 Liseron.
2994 3271 3047 3278 —
3067 3248 3164 3292 Une
3186 3250 3350 3303 simple
3370 3254 3496 3303 copie
3519 3267 3571 3294 ne
3595 3255 3739 3298 révèle

2721 3318 2800 3355 pas
2823 3307 2865 3345 la
2886 3308 3043 3347 valeur
3066 3310 3223 3349 intime
3246 3310 3306 3351 du
3331 3312 3566 3363 scripteur.

2776 3366 3086 3408 Personnalité
3110 3380 3164 3410 ne
3190 3372 3443 3421 manquant
3467 3384 3547 3423 pas
3572 3374 3624 3412 de
3651 3376 3738 3415 mé¬

2722 3425 2816 3465 rite.
2848 3427 2880 3464 A
2911 3426 3039 3468 l’idée
3066 3428 3126 3468 du
3155 3430 3308 3469 devoir
3334 3431 3375 3470 et
3402 3432 3591 3472 cherche
3619 3434 3644 3474 à
3698 3435 3739 3474 la

2720 3484 2917 3524 réaliser.
2952 3487 3212 3529 Jntcllience
3243 3501 3479 3540 moyenne,
3512 3493 3740 3542 organisa¬

2722 3544 2843 3583 trice.
2872 3548 3127 3595 manquant
3151 3548 3323 3596 parfois
3348 3551 3400 3588 de
3454 3551 3634 3600 largeur
3686 3554 3740 3592 de

2719 3614 2841 3642 vues.
2904 3603 3038 3643 Assez
3099 3606 3372 3647 d’intuition.
3436 3610 3736 3660 Imagination

2718 3662 2990 3704 combattue.
3022 3664 3254 3708 Caractère
3282 3680 3363 3719 pas
3391 3669 3595 3715 toujours
3623 3682 3739 3711 com¬

2719 3722 2864 3760 mode.
2895 3723 3046 3773 Esprit
3072 3724 3126 3766 de
3151 3727 3327 3768 coterie.
3360 3728 3616 3770 Générosité
3643 3731 3739 3771 tout

2719 3792 2776 3820 au
2800 3782 2904 3831 plus
2928 3792 3161 3834 moyenne.
3192 3784 3250 3824 La
3275 3787 3522 3828 sensibilité
3547 3790 3611 3828 est
3635 3789 3735 3830 bien

2719 3840 2990 3892 développée
3011 3843 3275 3892 cependant.
3302 3846 3488 3886 Volonté
3507 3847 3656 3896 réelle,
3681 3848 3738 3887 te¬

2718 3910 2841 3938 nace.

2772 3958 2962 4000 Activité
2991 3962 3215 4012 physique
3244 3974 3366 4003 assez
3393 3966 3579 4015 grande.

3359 4023 3394 4063 G
3436 4024 3682 4067 Lefranck.

2748 4175 3004 4228 Lettres
3044 4175 3123 4227 de
3163 4176 3707 4234 Remerciements

2771 4315 2827 4355 Le
2848 4315 2982 4357 cadre
3003 4316 3058 4357 de
3079 4316 3206 4358 notre
3226 4318 3408 4367 journal
3430 4332 3486 4360 ne
3507 4331 3622 4359 nous
3643 4332 3738 4371 per¬

2716 4375 2908 4415 mettant
2930 4386 3011 4427 pas
3062 4375 3279 4418 d’insérer
3330 4379 3392 4419 les
3444 4379 3740 4420 nombreuses

2716 4434 2870 4475 lettres
2902 4433 2955 4475 de
2990 4435 3279 4479 félicitations
3314 4438 3542 4480 adressées
3575 4451 3632 4481 au
3668 4439 3739 4480 Di¬

2716 4494 2892 4534 recteur
2919 4494 3080 4546 depuis
3107 4495 3151 4535 la
3178 4497 3372 4539 création
3403 4499 3456 4539 de
3483 4500 3594 4540 cette
3622 4511 3738 4541 com¬

2719 4552 2944 4603 binaison,
2983 4567 3096 4595 ceux
3132 4554 3186 4595 de
3223 4567 3304 4599 nos
3341 4558 3541 4599 abonnés
3578 4559 3655 4610 qui
3695 4559 3735 4599 le

2715 4612 3008 4655 désireraient
3036 4617 3258 4666 pourront
3282 4629 3334 4659 en
3390 4618 3585 4667 prendre
3637 4631 3738 4661 con¬

2715 4672 2951 4715 naissance
2984 4675 3099 4715 dans
3131 4687 3212 4715 nos
3246 4676 3464 4725 bureaux,
3502 4690 3581 4719 rue
3614 4679 3737 4720 d’As¬

2715 4732 2827 4783 torg,
2855 4734 2920 4781 26,
2950 4732 3190 4775 Toulouse.

3880 518 4068 560 Famille
4099 520 4155 560 de
4201 523 4359 572 quatre
4407 535 4652 575 personnes
4699 528 4846 568 désire

3824 576 3950 616 louer
3978 578 4111 628 petite
4138 580 4311 620 maison
4343 583 4506 624 remise
4532 584 4556 624 à
4583 587 4706 627 neuf.
4736 590 4759 628 8
4786 599 4842 628 ou

3826 638 3874 675 10
3904 635 4066 686 pièces,
4102 651 4180 679 rue
4214 639 4475 692 tranquille,
4511 643 4712 695 quartier
4746 658 4836 687 cen¬

3825 694 3924 734 tral.
3952 695 4060 737 Prix
4082 698 4136 739 de
4159 700 4183 738 8
4206 699 4231 738 à
4253 700 4330 739 900
4355 700 4408 740 fr.
4628 731 4636 740 .

4008 894 4412 925 EXCELLENTE
4465 899 4658 928 PRIME

4268 961 4315 985 DK
4343 963 4386 986 I.A

3859 1215 3903 1242 I.a
3931 1215 4062 1245 Maison
4102 1219 4228 1245 IIîcîh‘
4234 1219 4243 1245 1
4279 1220 4483 1255 Kal>ati«-r,
4522 1223 4563 1250 de
4599 1224 4662 1251 Car
4685 1232 4826 1254 assortit
4830 1235 4835 1244 1
4843 1246 4848 1254 .

3824 1248 3915 1276 vient
3928 1249 3970 1278 de
3985 1252 4083 1280 créer
4102 1259 4167 1282 mie
4180 1253 4291 1282 caisse
4307 1263 4346 1284 co
4364 1258 4381 1283 ii
4391 1264 4492 1292 posée
4511 1258 4550 1286 de
4570 1259 4618 1286 six
4638 1260 4830 1289 I,..«laides.

3940 1315 3967 1339 !"
3998 1318 4040 1343 La
4071 1319 4262 1350 Micheline,
4294 1321 4393 1348 Reine
4422 1324 4477 1348 des
4506 1324 4683 1354 Liqueurs.

3934 1351 3966 1375 2°
4002 1353 4110 1380 Cacao
4144 1356 4432 1383 P.ierio-Cabollo.

3934 1386 3966 1412 3*
3999 1389 4108 1415 Rhum
4139 1391 4327 1418 St-M-chel.

4006 1426 4086 1451 Fine
4124 1427 4272 1452 Martoii.

3935 1458 3967 1484 5'
3992 1461 4074 1486 L'Or
4099 1463 4183 1487 Kina
4206 1463 4400 1496 Sabathier,
4426 1466 4484 1492 Vin
4507 1466 4648 1498 apéritf.

3935 1494 3967 1519 6*
3995 1495 4110 1523 Grand
4136 1498 4325 1531 Mousseux,
4347 1500 4452 1527 cuvée
4474 1502 4638 1535 réservée,
4659 1503 4738 1536 plus
4757 1504 4835 1536 quel

3934 1535 4018 1562 ques
4038 1530 4165 1563 primes
4186 1539 4227 1559 au
4250 1533 4352 1562 choix
4374 1535 4419 1563 du
4440 1536 4559 1564 client.

3935 1575 4019 1603 Prix
4042 1577 4164 1606 franco
4187 1579 4227 1607 de
4249 1580 4326 1612 port
4347 1582 4380 1609 et
4403 1583 4479 1610 tous
4502 1584 4611 1618 droits
4634 1587 4740 1619 payés
4763 1587 4850 1614 dans

3830 1610 3863 1636 la
3883 1610 4015 1640 France
4034 1614 4174 1642 entière.

4171 1671 4270 1698 Vimri
4290 1672 4366 1705 cinq
4390 1674 4507 1703 francs

3894 1923 4196 1969 Manufacture
4226 1925 4447 1964 d’articles
4478 1930 4630 1967 KATO

4326 2000 4347 2033 à
4371 1998 4540 2043 fenêtre
4562 2003 4776 2047 diaphane

4002 2138 4395 2203 Enveloppes
4423 2140 4444 2158 “
4467 2140 4625 2192 Kaîo
4648 2143 4671 2162 "

4002 2226 4172 2287 Papier
4203 2228 4226 2275 à
4263 2230 4407 2279 lettre
4443 2230 4460 2246 ‘
4481 2230 4631 2282 KATO
4654 2233 4670 2249 *

3908 2370 4138 2406 Demander
4172 2371 4464 2411 Echantillons

3907 2434 4059 2471 LOUIS
4090 2436 4287 2472 CASSAN
4318 2440 4412 2474 aîné

3911 2500 3968 2541 37,
3996 2510 4068 2536 rue
4095 2503 4167 2536 des
4195 2503 4424 2540 Couteliers

3912 2564 4189 2602 TOULOUSE

4818 1872 4851 1906 X

4819 1947 4851 1978 X

4820 1985 4846 2011 X

4823 2019 4850 2047 X

4819 2058 4850 2087 XI

4817 2091 4850 2123 X;

4814 2127 4850 2162 ü

3823 2655 4107 2692 xxxxxxxx
4118 2659 4399 2695 xXXXXXXX
4414 2666 4810 2700 XXXX.X,XXlXXX.X
4819 2683 4846 2699 «

3829 2799 3909 2875 LE
3945 2792 4313 2880 BRÉVIAIRE
4349 2805 4433 2883 DE
4461 2807 4541 2883 LA
4575 2796 4849 2888 BEAUTÉ

3992 2944 4183 2982 Madame,

3867 2991 4000 3027 Quelle
4027 3003 4100 3032 que
4124 2998 4200 3030 soit
4224 3000 4332 3032 votre
4356 3000 4560 3038 situation,
4588 3009 4635 3034 ne
4659 3003 4850 3040 gaspillez

3826 3040 3895 3070 pas
3926 3038 4032 3067 votre
4060 3040 4199 3075 argent
4248 3047 4295 3071 en
4327 3045 4512 3079 essayant
4564 3043 4619 3074 les
4651 3046 4848 3083 multiples

3826 3076 4002 3111 produits
4030 3079 4075 3110 de
4104 3079 4260 3118 Beauté,
4287 3082 4424 3112 vantés
4452 3090 4522 3120 par
4547 3085 4653 3115 force
4680 3086 4848 3118 réclame

3823 3116 3922 3147 dans
3947 3119 4035 3149 tous
4062 3120 4116 3151 les
4140 3120 4352 3159 journaux,
4383 3124 4480 3155 mais
4509 3124 4602 3154 lisez
4627 3126 4786 3158 d’abord
4814 3131 4850 3158 la

3825 3159 4096 3191 merveilleuse
4123 3160 4302 3194 méthode
4326 3164 4376 3195 du
4402 3164 4626 3200 spécialiste
4650 3166 4847 3200 CLARKS.

3826 3199 3872 3228 Le
3899 3199 4096 3232 Bréviaire
4119 3203 4167 3232 de
4192 3203 4228 3234 la
4253 3204 4408 3242 Beauté,
4434 3207 4499 3243 qui
4525 3213 4622 3236 vous
4648 3210 4848 3246 enseigne¬

3823 3246 3878 3276 ra,
3901 3247 3947 3270 en
3970 3243 4113 3274 termes
4135 3244 4253 3274 clairs
4276 3246 4313 3275 et
4335 3246 4474 3284 précis,
4499 3247 4584 3278 l’art
4605 3248 4652 3278 de
4675 3249 4848 3282 s’embel¬

3825 3280 3871 3311 lir
3900 3288 3993 3313 sans
4022 3284 4170 3320 grands
4198 3286 4335 3318 efforts
4364 3290 4400 3319 et
4428 3288 4620 3319 d’obtenir
4648 3289 4764 3320 d’une
4794 3292 4848 3322 fa¬

3822 3328 3894 3358 çon
3919 3324 4054 3360 rapide
4076 3327 4112 3356 et
4134 3327 4319 3364 certaine,
4343 3328 4490 3359 finesse
4511 3330 4562 3359 du
4586 3329 4696 3367 teint,
4719 3332 4847 3362 velou¬

3821 3362 3858 3394 té
3883 3363 3930 3394 de
3972 3364 4195 3402 l’épiderme
4220 3368 4256 3398 et
4296 3368 4482 3406 gracieux
4524 3368 4848 3409 développement

3823 3403 3890 3434 des
3912 3405 4072 3436 formes.

3864 3444 3968 3475 Cette
3998 3445 4129 3478 éditon
4159 3448 4284 3480 forme
4315 3457 4366 3480 un
4398 3452 4494 3482 beau
4526 3452 4682 3485 volume
4711 3455 4758 3485 de
4788 3454 4847 3486 168

3823 3492 3955 3523 pages,
3980 3488 4161 3526 imprimé
4184 3496 4252 3520 sur
4276 3492 4411 3528 papier
4435 3492 4541 3523 riche
4564 3495 4600 3524 et
4624 3494 4776 3526 illustré
4800 3496 4846 3526 de

3822 3527 3900 3559 très
3924 3530 4179 3560 nombreuses
4201 3537 4391 3566 gravures
4415 3535 4451 3563 et
4474 3534 4640 3563 dessins.
4667 3536 4769 3564 Dans
4795 3543 4845 3564 un

3822 3567 3889 3596 but
3903 3566 3950 3595 de
3963 3567 4252 3603 vulgarisation
4288 3568 4555 3607 scientifique,
4571 3570 4710 3602 l’envoi
4726 3577 4773 3602 en
4788 3575 4846 3604 est

3822 3608 3894 3639 fait
3918 3610 4055 3640 franco
4080 3615 4171 3640 sous
4198 3611 4250 3647 pli
4276 3610 4411 3650 fermé,
4437 3614 4570 3644 contre
4595 3612 4614 3643 0
4638 3615 4686 3645 fr.
4711 3614 4750 3645 40
4778 3615 4846 3654 (re¬

3820 3650 4054 3682 commandé
4078 3659 4086 3682 :
4107 3650 4127 3682 0
4148 3652 4194 3682 fr.
4218 3650 4270 3691 50)
4298 3659 4344 3683 en
4368 3652 4531 3686 timbres
4554 3655 4600 3686 de
4623 3658 4710 3687 tous
4735 3660 4844 3694 pays,

3819 3690 3999 3723 adressés
4024 3692 4048 3724 à
4095 3692 4294 3731 CLARKS,
4323 3694 4392 3732 130,
4420 3695 4572 3727 Galerie
4619 3697 4666 3728 de
4715 3696 4845 3727 Valois

3826 3731 4126 3772 (Palais-Royal)
4162 3734 4283 3763 Paris.

3863 3788 4000 3821 NOTA.
4024 3807 4066 3812 —
4089 3790 4192 3822 Vous
4239 3799 4284 3822 ne
4331 3798 4508 3823 recevrez
4554 3800 4623 3831 pas
4650 3801 4700 3825 un
4748 3793 4844 3824 livre

3820 3831 4077 3868 quelconque,
4103 3832 4200 3863 mais
4225 3839 4300 3863 une
4323 3834 4415 3871 jolie
4442 3834 4620 3866 méthode
4644 3835 4845 3872 descripti¬

3819 3878 3876 3907 ve,
3906 3871 4199 3908 indispensable
4224 3873 4247 3903 à
4271 3875 4399 3904 toutes
4427 3875 4480 3904 les
4506 3875 4653 3906 dames.

3862 3912 3965 3942 Vous
3989 3912 4123 3943 n’avez
4142 3912 4286 3948 jamais
4310 3921 4378 3945 ren
4401 3922 4451 3946 vu
4474 3916 4522 3948 de
4544 3915 4680 3954 pareil.

3862 3954 3965 3983 Vous
3994 3960 4041 3986 ne
4070 3955 4316 3985 retrouverez
4342 3955 4486 3992 jamais
4516 3963 4591 3987 une
4619 3958 4720 3988 offre
4748 3966 4844 3988 sem¬

3822 3994 3960 4023 blable.

3863 4033 3964 4064 Vous
4000 4034 4242 4066 n’achèterez
4275 4034 4418 4072 jamais
4452 4036 4535 4067 rien
4569 4036 4714 4069 d’aussi
4751 4038 4844 4068 utile

3819 4076 3843 4108 à
3868 4083 3919 4107 un
3947 4076 4033 4110 prix
4058 4078 4164 4107 aussi
4194 4077 4388 4115 modique.

3864 4117 4070 4148 D’ailleurs
4099 4126 4195 4148 vous
4225 4126 4271 4150 ne
4302 4120 4456 4157 risquez
4486 4119 4582 4156 rien,
4614 4126 4727 4156 parce
4756 4127 4843 4158 que,

3820 4160 3936 4192 chose
3959 4159 4104 4194 unique
4125 4160 4162 4190 et
4184 4161 4468 4198 merveilleuse,
4491 4162 4642 4197 chaque
4666 4160 4844 4192 méthode

3819 4203 3876 4231 est
3902 4199 4191 4236 accompagnée
4216 4202 4307 4232 d’un
4335 4202 4408 4233 bon
4435 4203 4480 4234 de
4508 4202 4845 4236 remboursement

3823 4241 4003 4279 intégral.

3863 4282 3963 4311 Nous
3992 4287 4089 4311 vous
4118 4287 4343 4318 engageons
4372 4284 4473 4316 donc
4502 4284 4525 4315 à
4554 4290 4599 4314 en
4630 4283 4843 4314 demander

3820 4331 3871 4354 un
3896 4330 3994 4361 pour
4016 4322 4268 4359 aujourd’hui
4296 4325 4431 4355 même.

2715 4899 3012 5004 OFFICE
3083 4900 3188 5004 DE
3263 4900 3740 5010 LOCATIONS

2770 5098 2803 5134 A
2867 5096 3010 5136 Louer
3071 5096 3266 5143 meublé,
3330 5099 3531 5149 quartier
3594 5099 3739 5141 Saint-

2716 5156 2918 5205 Etienne,
2951 5159 3167 5199 chambre
3223 5159 3266 5199 et
3322 5160 3448 5200 salon
3504 5172 3561 5202 ou
3619 5162 3738 5204 deux

2714 5219 2954 5260 chambres
3019 5220 3376 5272 indépendantes
3411 5224 3525 5264 dans
3560 5224 3736 5267 maison

2713 5282 2923 5329 sérieuse,
2955 5283 3152 5332 prendre
3181 5283 3393 5324 l’adresse
3450 5296 3505 5324 au
3565 5286 3735 5326 bureau

2713 5334 2774 5374 du
2795 5334 2979 5383 journal
3002 5335 3042 5375 le
3064 5336 3190 5375 Trait
3211 5338 3422 5378 d’Union.

2768 5388 2802 5426 A
2834 5387 2990 5436 Louer,
3024 5387 3138 5428 local
3195 5399 3274 5430 sur
3329 5400 3451 5439 cour,
3485 5402 3542 5431 au
3573 5392 3732 5433 rez-de-

2715 5440 2946 5490 chaussée,
2984 5452 3099 5492 pour
3163 5442 3352 5491 bureau,
3390 5444 3731 5495 garde-meuble
3814 5468 4294 5476 --—
4311 5471 4473 5478 ..
4473 5474 4791 5480 ..——

2712 5504 2769 5534 au
2799 5494 2934 5546 dépôt
2962 5496 3015 5536 de
3044 5496 3402 5539 marchandises.
3434 5498 3635 5539 Prendre
3666 5499 3719 5540 l’a
3812 5486 4255 5548 __Le
4288 5491 4443 5523 aérant
4474 5489 4482 5524 :
4510 5488 4762 5525 ROUSSEL.

2712 5555 2863 5598 dresse
2887 5568 2944 5599 au
2970 5558 3152 5608 journal
3180 5558 3219 5599 le
3244 5559 3371 5599 Trait
3396 5560 3603 5600 d’Union.
3863 5564 4124 5609 Imprimerie
4155 5566 4335 5609 spéciale
4363 5567 4416 5603 du
4452 5567 4566 5604 Trait
4595 5567 4784 5604 d'Union.

3090 5703 3580 5771 BULLETIN
3670 5705 3880 5771 D’AB
3888 5706 4466 5785 ONNEMENT

2795 5839 2844 5880 Je
2879 5842 3087 5895 soussigné
3124 5840 3282 5883 déciare
3314 5844 3515 5884 souscrire
3550 5844 3576 5885 à
3612 5858 3671 5887 un
3710 5842 3980 5889 abonnement
4016 5847 4066 5888 de
4108 5846 4227 5886 trois
4275 5850 4396 5890 mois
4440 5862 4496 5891 au
4537 5849 4722 5892 Journal
4760 5850 4794 5891 le

2744 5916 3176 5966 TRAIT-D’UNION,
3199 5926 3307 5966 pour
3325 5912 3367 5954 la
3385 5927 3536 5955 somme
3552 5915 3599 5956 de
3616 5928 3716 5957 onze
3735 5914 3891 5968 francs.

2795 6022 2903 6060 Nom
2926 6025 2967 6062 et
2990 6022 3238 6073 profession
3611 6046 4294 6056 .

2795 6110 2984 6152 Adresse
3046 6134 4781 6150 .....

3327 6206 3923 6253 ....,
3951 6206 3983 6246 le
4438 6210 4470 6247 .
4574 6210 4622 6249 19
4628 6231 4708 6248 ..

2740 6300 2906 6337 Libellé
2936 6301 2990 6337 de
3018 6300 3260 6338 l’Annonce
3289 6302 3312 6336 à
3342 6300 3512 6342 insérer
4256 6302 4514 6352 Signature,

2737 6672 2976 6714 Détacher
3005 6684 3060 6714 ce
3090 6674 3192 6712 Bon
3222 6678 3271 6711 et
3299 6672 3555 6724 l’envoyer
3575 6673 3602 6713 à
3630 6676 3694 6715 M.
3729 6678 3774 6718 J.
3814 6679 3980 6718 BACH
4015 6688 4137 6719 avec
4174 6678 4220 6716 le
4259 6685 4479 6720 montant
4510 6681 4570 6720 de
4608 6678 4766 6720 Tabou

3122 6731 3330 6778 nement,
3362 6738 3419 6767 en
3451 6728 3551 6766 Bon
3583 6727 3643 6768 de
3671 6736 3824 6783 poste,
3858 6732 4052 6772 Mandat
4083 6744 4144 6772 ou
4176 6733 4418 6775 Timbres.
