5132 7504
2340 502 2410 540 LE
2443 500 2623 539 TRAIT
2656 499 2905 540 D’UNION

555 619 937 697 Pensées
997 611 1371 689 d’Album

495 836 550 842 —
576 811 731 852 Aimer
758 807 1008 859 quelqu’un
1038 803 1143 844 c’est
1170 802 1195 842 à
1223 801 1266 841 la
1295 798 1380 839 fois
1408 796 1471 838 lui

445 875 539 915 oter
569 872 609 912 le
639 869 759 911 droit
788 869 830 908 et
859 866 925 907 lui
955 866 1128 907 donner
1160 862 1202 902 la
1232 859 1472 911 puissance

446 934 501 973 de
526 942 641 972 nous
667 930 779 969 faire
806 926 1005 967 souffrir.

498 1035 552 1039 —
584 1009 723 1049 Parce
758 1005 892 1056 qu’on
927 1015 952 1043 a
987 1000 1064 1052 plu
1100 1011 1156 1040 on
1192 996 1304 1039 croit
1339 995 1474 1047 qu’on

447 1071 595 1123 plaira
626 1068 835 1117 toujours
870 1076 879 1111 ;
911 1072 1044 1114 parce
1075 1059 1210 1111 qu'on
1243 1057 1308 1097 est
1341 1055 1474 1099 aimé,

448 1143 504 1172 on
534 1142 588 1171 ne
616 1126 760 1179 prend
787 1125 892 1176 plus
919 1122 1015 1163 soin
1046 1120 1183 1160 d’être
1211 1114 1408 1158 aimai»le
1436 1114 1478 1153 et

449 1188 664 1243 pourtant
687 1187 719 1226 il
742 1186 809 1226 est
831 1183 932 1224 bien
959 1182 1062 1232 plus
1084 1176 1275 1219 difficile
1299 1176 1354 1215 de
1376 1184 1476 1214 con¬

450 1259 600 1291 server
632 1258 719 1298 que
751 1241 1019 1292 d’acquérir.

501 1350 555 1355 —
577 1324 623 1364 Si
646 1322 807 1374 j’avais
827 1320 853 1360 à
874 1320 1016 1359 douer
1038 1327 1128 1356 une
1150 1314 1333 1359 femme,
1358 1311 1399 1361 je
1423 1320 1478 1350 ne

450 1386 514 1428 lui
542 1382 786 1426 donnerais
811 1391 891 1431 pas
918 1389 1007 1419 une
1032 1374 1282 1427 perfection
1310 1372 1363 1412 de
1391 1370 1478 1410 for¬

451 1457 548 1487 mes
575 1444 654 1495 qui
683 1442 767 1494 put
795 1439 907 1480 faire
937 1438 1080 1478 aimer
1109 1446 1157 1474 sa
1187 1432 1344 1473 beauté
1374 1442 1479 1470 sans

451 1506 536 1546 elle
568 1518 576 1552 ;
603 1503 647 1553 je
675 1499 891 1542 voudrais
919 1507 1006 1548 que
1035 1506 1112 1535 son
1170 1494 1355 1534 charme
1411 1490 1480 1528 fut

451 1565 566 1606 dans
599 1560 909 1612 l’expression,
945 1567 1062 1608 pour
1094 1552 1202 1605 qu’il
1238 1563 1292 1591 ne
1325 1548 1481 1591 devint

455 1623 662 1676 puissant
691 1631 779 1672 que
810 1630 886 1659 sur
918 1616 1133 1656 l’homme
1163 1610 1284 1663 épris
1315 1610 1368 1650 de
1400 1619 1479 1648 son

452 1685 567 1724 âme.

505 1784 559 1788 —
583 1759 651 1800 On
679 1756 826 1798 arrive
851 1766 904 1794 en
932 1762 1115 1799 avance,
1143 1750 1168 1789 à
1196 1748 1365 1788 l’heure
1390 1746 1483 1796 jus¬

454 1823 495 1863 te
522 1832 578 1860 ou
608 1831 661 1859 en
692 1816 859 1863 retard,
887 1814 1010 1854 selon
1039 1811 1174 1863 qu’on
1203 1807 1323 1850 aime
1348 1806 1482 1846 beau¬

455 1891 586 1931 coup,
615 1878 750 1930 qu’on
779 1875 896 1915 aime
925 1884 984 1912 un
1015 1883 1098 1922 peu
1128 1882 1183 1910 ou
1213 1868 1349 1919 qu’on
1379 1865 1483 1904 n’ai¬

456 1951 528 1980 me
551 1939 671 1991 plus.

507 2041 560 2045 —
588 2015 650 2055 La
677 2012 836 2055 beauté
863 2010 1010 2056 attire,
1041 2006 1212 2057 l’esprit
1242 2014 1412 2050 amuse,
1445 2002 1484 2040 le

456 2087 582 2119 cœur
607 2073 783 2115 retient.

507 2178 563 2183 —
587 2153 648 2192 La
672 2151 771 2202 pire
796 2150 874 2188 des
902 2147 1076 2196 injures
1103 2144 1167 2184 est
1192 2141 1303 2183 celle
1328 2151 1416 2191 que
1443 2139 1486 2178 la

458 2212 632 2264 dignité
659 2208 827 2251 défend
854 2205 1092 2247 d’oublier.

982 2263 1208 2304 Comtesse
1236 2258 1431 2299 DIANE.

515 2351 576 2390 La
594 2350 811 2389 Jeunesse
831 2344 903 2384 n’a
921 2353 1004 2394 pas
1021 2351 1146 2381 assez
1165 2336 1354 2379 souffert
1374 2346 1488 2386 pour

460 2408 652 2463 pouvoir
682 2404 900 2448 consoler.

961 2459 1123 2500 Ernest
1148 2458 1217 2498 LE
1224 2454 1434 2498 COUVE.

515 2548 576 2587 La
608 2544 727 2586 mort
759 2553 872 2583 nous
903 2538 1132 2591 dépouille
1164 2538 1218 2578 de
1250 2546 1330 2574 nos
1362 2531 1490 2571 biens

463 2607 507 2648 et
529 2616 644 2647 nous
667 2598 838 2644 habille
861 2601 915 2641 de
939 2610 1020 2639 nos
1042 2607 1236 2638 œuvres.

1075 2655 1214 2696 Henri
1245 2651 1436 2692 HEINE.

519 2744 602 2783 Les
624 2740 822 2794 grandes
844 2738 887 2779 et
909 2746 1047 2788 pures
1071 2732 1305 2774 affections
1327 2730 1406 2769 ont
1429 2739 1496 2767 ce¬

467 2803 511 2844 la
536 2803 591 2843 de
619 2802 723 2848 bon,
755 2798 965 2850 qu’après
1019 2794 1059 2834 le
1087 2792 1295 2833 bonheur
1350 2788 1403 2829 de
1432 2787 1496 2827 les

468 2863 594 2904 avoir
623 2859 887 2911 éprouvées,
922 2856 950 2895 il
986 2855 1100 2895 reste
1132 2852 1172 2892 le
1203 2850 1411 2891 bonheur
1441 2847 1496 2887 de

468 2923 558 2964 s’en
591 2918 819 2961 souvenir.

1039 2972 1091 3012 A.
1119 2967 1327 3011 DUMAS
1355 2966 1442 3006 fils.

524 3059 582 3099 Le
615 3056 715 3096 bien
748 3055 883 3106 qu’on
916 3051 999 3091 fait
1028 3050 1071 3090 la
1128 3047 1260 3088 veille
1320 3043 1402 3084 fait
1459 3043 1499 3083 le

471 3119 679 3160 bonheur
707 3115 768 3156 du
798 3110 1075 3154 lendemain.

1014 3167 1239 3208 Proverbe
1274 3163 1443 3204 indien.

523 3279 578 3283 —
602 3254 663 3294 La
687 3248 908 3293 Modestie
934 3247 999 3290 est
1024 3256 1113 3286 une
1139 3241 1397 3284 concession
1427 3251 1501 3290 po¬

475 3315 531 3355 lie
558 3314 664 3355 faite
690 3323 772 3362 par
798 3311 838 3350 le
863 3307 1022 3349 mérite
1047 3307 1072 3345 à
1099 3301 1396 3344 l’infériorité.

1315 3360 1362 3400 C.
1394 3359 1445 3398 D.

524 3447 744 3499 —Quand
766 3458 821 3487 on
846 3445 978 3491 aime,
1003 3454 1059 3482 on
1083 3453 1107 3480 a
1130 3439 1278 3479 moins
1299 3435 1498 3486 d’esprit.

476 3509 639 3561 Quand
666 3520 723 3548 on
752 3518 798 3547 se
826 3504 924 3547 sent
951 3503 1084 3548 aimé,
1114 3511 1171 3539 on
1200 3510 1252 3539 en
1284 3508 1308 3536 a
1335 3495 1503 3536 davan¬

475 3571 589 3620 tage.

477 3628 669 3671 Journal
690 3628 744 3668 de
767 3621 1070 3666 Chantée!air.
1095 3619 1323 3660 Comtesse
1345 3615 1503 3655 Diane.

548 3824 887 3905 Rondel
942 3823 1053 3900 de
1108 3817 1453 3896 l’Adieu

631 4020 787 4063 Partir,
820 4019 915 4054 c'est
947 4015 1107 4052 mourir
1134 4023 1192 4048 un
1220 4020 1299 4058 peu

633 4075 738 4112 C’est
760 4071 923 4108 mourir
946 4070 969 4106 à
994 4079 1036 4104 ce
1060 4067 1184 4112 qu'on
1207 4064 1316 4100 aime
1340 4063 1352 4097 !

632 4130 694 4164 Or.
719 4126 847 4163 laisse
869 4134 927 4160 un
951 4132 1031 4169 peu
1057 4122 1107 4157 de
1131 4120 1194 4155 soi
1217 4118 1351 4153 même

632 4182 695 4218 En
720 4183 832 4218 toute
858 4179 984 4215 heure
1008 4178 1047 4211 et
1071 4183 1122 4211 en
1146 4175 1234 4208 tout
1259 4170 1352 4207 lieu.

635 4272 740 4307 C'est
766 4268 912 4314 toujou
919 4276 936 4294 r
939 4276 958 4302 s
984 4266 1018 4300 le
1044 4263 1158 4300 deuil
1182 4262 1278 4296 d'un
1306 4268 1402 4294 vœu

632 4326 688 4362 Le
715 4323 883 4360 dernier
911 4328 1000 4356 vers
1027 4318 1122 4354 d'un
1150 4315 1295 4362 poème
1320 4323 1334 4354 ;

635 4379 779 4414 Par’ir
784 4386 792 4418 ,
821 4376 918 4412 c'est
948 4372 1107 4408 mourir
1131 4379 1190 4406 un
1215 4378 1296 4415 peu
1322 4367 1335 4402 !

635 4431 686 4467 Et
710 4431 792 4466 l'on
814 4431 912 4475 part
935 4430 972 4462 et
996 4426 1092 4459 c'est
1118 4433 1176 4458 un
1196 4422 1270 4466 jeu

636 4486 688 4522 Ei
712 4480 883 4530 jusqu'à
911 4478 1065 4515 l'adieu
1091 4476 1293 4522 suprême.

639 4539 743 4575 C'est
770 4546 846 4572 son
872 4535 966 4568 âme
992 4542 1071 4576 que
1098 4530 1179 4566 l'on
1204 4527 1328 4568 sème,

636 4592 723 4635 Que
750 4590 826 4625 Von
858 4587 967 4624 sème
992 4585 1015 4620 à
1043 4584 1206 4628 chaque
1232 4579 1356 4616 adieu

637 4645 792 4687 Partir,
823 4643 919 4678 c'est
944 4638 1108 4675 mourir
1134 4646 1192 4671 un
1217 4644 1298 4680 peu
1322 4632 1336 4668 !

960 4698 1154 4736 Edmond
1180 4698 1470 4732 Haraticouht.

548 4872 723 4932 Vers
769 4883 944 4942 pour
987 4863 1134 4924 être
1178 4855 1473 4919 chantés

667 5051 694 5082 A
727 5044 823 5091 quoi
854 5042 932 5078 ben
959 5041 1030 5076 des
1056 5036 1272 5074 Serments
1300 5036 1318 5070 ?

606 5100 624 5143 „
664 5100 734 5135 Ma
762 5104 918 5143 preuve
945 5095 1006 5130 est
1032 5103 1083 5128 en
1111 5090 1358 5127 moi-même.

667 5155 781 5188 Pour
806 5148 947 5186 savoir
971 5147 1007 5183 si
1027 5146 1070 5191 je
1095 5152 1226 5186 mens,

668 5204 820 5250 Quand
840 5204 882 5248 je
907 5202 971 5236 dis
997 5208 1075 5244 que
1096 5199 1138 5243 je
1163 5195 1314 5238 t'aime,

666 5259 766 5295 Fais
794 5258 900 5292 donc
928 5264 972 5291 ce
1000 5263 1079 5298 que
1107 5255 1152 5287 tu
1179 5248 1269 5284 dois

669 5314 720 5350 Et
744 5322 788 5348 ce
812 5319 890 5355 que
912 5308 952 5355 je
975 5307 1123 5344 mérite
1147 5304 1160 5340 !

668 5368 739 5402 Ma
764 5366 827 5400 vie
854 5366 914 5400 est
940 5363 1046 5396 dans
1074 5363 1134 5395 tes
1160 5357 1296 5400 doigts

673 5420 840 5456 Comme
867 5426 950 5451 une
977 5410 1236 5457 marguerite
1263 5418 1276 5449 t

673 5474 851 5515 Pétales,
883 5478 999 5504 cœur
1027 5470 1064 5503 et
1095 5467 1195 5508 tout,

670 5522 932 5573 Effeuille-là
962 5520 1019 5558 toi
1052 5519 1183 5555 même
1212 5527 1227 5558 ;

672 5579 823 5624 Quand
850 5580 894 5614 tu
918 5584 1034 5611 seras
1059 5583 1115 5608 au
1143 5572 1251 5607 bout.

675 5634 736 5670 Ta
758 5639 905 5668 verras
930 5629 966 5664 si
987 5627 1029 5672 je
1055 5625 1205 5661 t'aime.

900 5680 1004 5718 Jean
1031 5674 1239 5722 Richepin,
1266 5674 1315 5710 de
1339 5672 1411 5708 l'A.
1441 5671 1483 5707 F.

734 5888 941 5968 LES
998 5882 1307 5961 YEUX

547 6102 666 6135 Bleus
691 6106 740 6131 ou
766 6096 886 6134 noirs,
912 6094 1002 6126 tous
1027 6088 1163 6126 aimés,
1188 6088 1278 6119 tous
1302 6086 1431 6117 beaux

550 6163 623 6195 Des
652 6166 756 6202 yeux
785 6163 879 6190 sans
907 6152 1072 6188 nombre
1100 6150 1168 6184 ont
1197 6154 1249 6180 vu
1276 6146 1447 6178 l’aurore

551 6220 602 6252 Us
627 6218 808 6252 dorment
837 6224 888 6249 au
916 6211 1014 6247 fond
1042 6211 1111 6243 des
1138 6208 1362 6243 tombeaux,

548 6281 593 6312 Et
615 6279 649 6312 le
670 6278 784 6312 soleil
805 6284 847 6310 se
866 6274 952 6308 lève
973 6276 1128 6308 encore,

547 6402 622 6436 Les
645 6398 755 6431 nuits
776 6396 867 6437 plus
890 6395 1036 6427 douces
1059 6398 1135 6432 que
1158 6389 1216 6422 les
1239 6386 1352 6427 jours

551 6460 626 6493 Ont
651 6455 847 6494 enchanté
872 6454 942 6486 des
965 6460 1070 6495 yeux
1095 6458 1190 6484 sans
1214 6444 1390 6480 nombre,

550 6519 623 6552 Les
647 6519 787 6552 étoiles
814 6513 975 6548 brillent
1003 6511 1195 6551 toujours,

551 6579 595 6612 Et
622 6579 678 6611 les
703 6586 807 6620 yeux
832 6583 872 6610 se
899 6572 988 6607 sont
1015 6570 1179 6610 remplis
1203 6567 1390 6602 d’ombre.

551 6698 611 6734 Oh
639 6698 646 6731 I
671 6695 787 6738 qu’ils
811 6695 918 6728 aient
942 6692 1067 6735 perdu
1091 6690 1128 6724 le
1152 6686 1306 6730 regard,

550 6762 646 6798 Non,
671 6763 766 6794 non,
792 6754 878 6788 cela
901 6754 998 6787 n’est
1023 6759 1095 6793 pas
1119 6747 1292 6791 possible
1319 6747 1327 6779 !

551 6819 604 6851 Ils
631 6826 672 6852 se
699 6816 788 6851 sont
818 6812 980 6848 tournés
1007 6811 1175 6852 quelque
1204 6808 1303 6850 part,

549 6879 647 6913 Vers
673 6887 715 6911 ce
743 6878 860 6920 qu’on
889 6879 1047 6907 nomme
1077 6868 1303 6903 l’invisible.

1587 603 1631 635 Et
1655 609 1806 635 comme
1828 602 1887 634 les
1908 602 2042 632 autres
2065 596 2284 640 penchants

1587 663 1691 695 Nous
1716 662 1896 703 quittent,
1924 660 2025 692 mais
2049 668 2099 692 au
2124 659 2199 692 ciel
2223 659 2465 696 demeurent,

1588 722 1640 754 Ils
1663 723 1838 755 donnent
1860 728 1911 752 au
1934 720 2028 754 fond
2052 720 2120 752 des
2142 719 2366 757 tombeaux,

1590 782 1688 814 Mais
1720 782 1747 814 il
1776 782 1874 814 n’est
1904 788 1975 820 pas
2004 780 2088 812 vrai
2119 779 2280 819 qu’elles
2310 779 2490 811 meurent
2524 788 2531 810 :

1588 902 1706 935 Bleus
1731 910 1780 934 ou
1807 901 1928 939 noirs,
1956 903 2044 934 tous
2069 898 2206 938 aimés,
2234 899 2322 931 tous
2347 897 2486 936 beaux,

1588 961 1757 995 Ouverts
1787 963 1811 994 à
1838 960 2008 1002 quelque
2038 960 2232 995 immense
2259 966 2403 992 aurore

1591 1022 1643 1054 De
1668 1022 1808 1055 l’autre
1835 1021 1919 1054 Côté
1947 1021 2016 1054 des
2043 1019 2254 1052 tombeaux

1590 1082 1661 1114 Les
1683 1087 1789 1123 yeux
1811 1082 1930 1122 qu’on
1955 1081 2091 1118 ferme,
2118 1080 2251 1113 voient
2274 1087 2427 1113 encore.

2112 1176 2223 1215 Sully
2255 1176 2532 1207 Prudhornme.

1732 1363 1812 1403 Les
1832 1364 2035 1403 bureaux
2059 1363 2118 1403 du
2140 1362 2320 1401 TRAIT
2344 1360 2576 1400 D’UNION

1554 1436 1607 1465 ne
1630 1429 1731 1465 sont
1754 1427 1936 1466 ouverts
1960 1435 2045 1472 que
2071 1424 2380 1472 l’après-midi,
2408 1424 2462 1463 de
2485 1425 2510 1463 2
2532 1424 2576 1463 h.

1554 1487 1579 1527 à
1599 1490 1622 1527 5
1644 1487 1820 1535 heures,
1845 1488 1910 1535 26,
1935 1496 2014 1526 rue
2036 1487 2259 1536 d’Astorg.

1614 1681 1708 1719 Jê-
1743 1681 1864 1719 Tous
1896 1679 1957 1719 les
1987 1679 2375 1727 renseignements
2406 1687 2582 1719 concer¬

1556 1746 1666 1782 nant
1700 1743 1740 1782 la
1774 1741 2086 1782 combinaison
2120 1743 2335 1790 mariage,
2374 1742 2435 1780 les
2470 1742 2582 1781 loca¬

1555 1804 1687 1851 tions,
1746 1804 1902 1850 offies,
1962 1803 2208 1844 demandes
2236 1806 2278 1844 et
2307 1803 2403 1843 avis
2432 1804 2582 1843 divers

1556 1868 1658 1906 sont
1688 1864 1860 1905 donnés
1891 1866 2216 1914 gratuitement
2247 1866 2361 1906 dans
2392 1875 2474 1904 nos
2505 1865 2584 1904 bu¬

1558 1938 1711 1976 reaux,
1746 1927 2055 1976 l’après-midi,
2089 1928 2142 1967 de
2171 1930 2195 1966 2
2223 1927 2267 1967 h.
2298 1926 2323 1967 à
2351 1929 2374 1967 5
2404 1927 2580 1974 heures,

1558 1992 1622 2038 26,
1651 2000 1730 2030 rue
1758 1990 1979 2038 d’Astorg,
2008 1990 2250 2028 Toulouse.

1801 2207 2354 2315 LOCATIONS

1699 2364 1728 2410 6
1762 2363 1947 2408 francs
1983 2373 2118 2419 pour
2150 2359 2284 2403 trois
2320 2359 2455 2403 mois

1608 2539 1666 2571 En
1691 2537 1802 2570 outre
1827 2536 1874 2568 de
1899 2535 1938 2567 la
1963 2532 2150 2575 publicité
2176 2534 2228 2564 du
2254 2530 2427 2567 Journal,
2456 2536 2520 2563 ces
2544 2528 2596 2560 lo¬

1567 2579 1720 2612 cations
1742 2580 1831 2610 sont
1853 2575 2040 2609 affichées
2063 2576 2163 2608 dans
2184 2575 2219 2607 le
2243 2572 2332 2606 Hall
2354 2571 2402 2604 de
2422 2571 2461 2604 la
2486 2570 2596 2607 Rapi-

1569 2619 1800 2659 de-Agence,
1822 2619 1851 2656 9,
1875 2626 1944 2650 rue
1967 2619 2014 2650 de
2036 2618 2075 2648 la
2096 2616 2223 2652 Poste,
2248 2615 2355 2646 oùun
2379 2612 2597 2644 nombreux

1568 2663 1702 2703 public
1736 2670 1784 2693 va
1816 2659 2122 2700 journellement
2156 2664 2203 2688 en
2239 2656 2407 2696 prendre
2440 2653 2598 2686 connai-

1569 2711 1688 2738 sance

1626 2782 1671 2822 L.
1700 2783 1792 2822 262.
1821 2804 1855 2808 —
1878 2782 1912 2818 A
1943 2780 2099 2826 Louer,
2130 2774 2447 2827 appartement
2475 2783 2596 2812 meu¬

1572 2842 1645 2884 blé
1667 2840 1843 2888 à-neuf,
1869 2851 1948 2879 rue
1971 2838 2027 2879 de
2051 2836 2252 2884 Verdun,
2278 2839 2324 2874 n°
2351 2835 2412 2873 10.
2438 2856 2491 2861 —
2515 2831 2593 2882 S’y

1574 2902 1794 2943 adresser.

1628 2979 1675 3019 L.
1698 2979 1791 3019 276.
1817 2979 1851 3016 A
1877 2978 2035 3026 Louer,
2059 2972 2262 3026 quartier
2285 2983 2366 3012 rue
2387 2970 2443 3011 de
2464 2968 2597 3016 Metz,

1575 3051 1633 3080 au
1658 3037 1855 3088 premier
1879 3036 2020 3086 étage,
2047 3032 2364 3085 appartement
2388 3032 2412 3071 8
2437 3030 2598 3080 pièces,

1575 3097 1793 3140 chambre
1817 3096 1872 3138 de
1898 3096 2062 3142 bonne,
2089 3103 2211 3140 cave,
2237 3091 2424 3143 galetas,
2450 3099 2534 3130 eau
2560 3088 2603 3128 et

1575 3171 1672 3211 gaz,
1704 3159 1824 3207 1,850
1854 3156 1910 3196 fr.

1630 3219 1689 3259 Le
1722 3218 1872 3258 même
1905 3212 2223 3266 appartement
2255 3223 2313 3251 au
2375 3208 2603 3250 troisième

1579 3279 1719 3328 étage,
1750 3277 1870 3324 1,200
1895 3275 1951 3314 fr.

1632 3336 1857 3387 Magasin,
1916 3335 2035 3375 deux
2092 3331 2240 3384 pièces
2296 3331 2338 3370 et
2394 3327 2602 3375 sous-sol,

1583 3398 1702 3438 1.500
1730 3395 1786 3436 fr.

1636 3456 1703 3496 Un
1734 3453 2134 3499 rez-de-chaussée,
2166 3451 2286 3491 deux
2314 3450 2462 3500 pièces
2491 3459 2606 3499 pour

1582 3519 1771 3564 bureau,
1836 3511 2178 3566 garde-meuble
2240 3522 2298 3551 ou
2362 3507 2604 3559 logement,

1579 3579 1659 3616 250
1683 3576 1738 3616 fr.

1636 3663 1682 3702 L.
1708 3663 1799 3703 278.
1824 3662 1877 3699 —
1902 3662 1935 3699 A
1963 3656 2200 3706 Affermer,
2227 3655 2343 3697 belle
2367 3653 2608 3707 propriété,

1582 3725 1634 3763 25
1670 3722 1872 3763 hectares
1907 3718 2075 3770 prairie
2111 3715 2349 3764 naturelle,
2386 3716 2439 3755 25
2472 3712 2611 3754 artifi¬

1584 3780 1727 3828 cielle,
1764 3782 1788 3818 3
1820 3789 1875 3818 en
1908 3778 2058 3827 vigne,
2096 3778 2146 3814 10
2179 3778 2372 3814 terrains
2407 3774 2614 3811 laboura¬

1586 3840 1682 3881 bles
1707 3840 1748 3879 et
1771 3842 1796 3879 5
1821 3836 1978 3878 landes
2003 3835 2082 3875 des
2107 3834 2219 3882 bois,
2245 3832 2376 3873 vente
2402 3829 2614 3871 annuelle

1586 3900 1640 3940 de
1674 3899 1910 3948 fourrages
1967 3896 2090 3943 2,000
2122 3892 2362 3945 quintaux,
2424 3900 2616 3930 revenus

1590 3961 1736 4007 10,000
1770 3958 1935 3996 francs.
1974 3953 2160 4005 Cheptel
2196 3952 2343 4000 15,000
2376 3950 2450 3999 fr.,
2484 3948 2615 3991 outil¬

1588 4020 1688 4068 lage
1720 4015 1916 4067 agricole
1951 4015 2028 4056 des
2063 4014 2166 4064 plus
2199 4011 2434 4062 complets,
2469 4009 2616 4050 vastes

1590 4080 1803 4128 hangars,
1840 4075 1975 4116 bétail
2010 4072 2171 4114 travail
2206 4073 2248 4114 et
2280 4071 2462 4120 élevage
2495 4068 2615 4110 aussi

1588 4138 1736 4189 grand
1767 4134 1978 4186 complet.
2014 4134 2122 4172 Prix
2152 4133 2178 4171 à
2208 4131 2427 4172 débattre.

1646 4227 1692 4268 L.
1718 4228 1811 4267 279.
1837 4226 1890 4263 —
1914 4226 1949 4263 A
1977 4223 2135 4271 Louer,
2161 4220 2286 4261 vaste
2310 4219 2487 4260 maison
2513 4230 2619 4258 neu¬

1592 4299 1643 4329 ve
1676 4288 1731 4327 de
1763 4294 2015 4336 campagne
2048 4291 2155 4322 avec
2188 4291 2258 4320 ses
2291 4290 2548 4319 communs'
2564 4288 2618 4318 en

1593 4347 1779 4399 rapport
1806 4379 1815 4395 ,
1841 4343 2048 4396 prairies,
2073 4340 2267 4394 jardins,
2292 4339 2450 4390 étangs
2474 4348 2619 4386 caves,

1594 4408 1735 4448 située
1796 4416 1850 4446 en
1914 4403 2036 4455 plein
2099 4414 2210 4453 pays
2271 4399 2479 4447 vinicole,
2543 4409 2620 4438 sur

1594 4477 1783 4519 passage
1810 4463 1910 4506 voie
1938 4460 2096 4504 ferrée.
2129 4458 2453 4502 Conviendrait
2479 4469 2537 4499 on
2567 4473 2622 4497 ne

1596 4528 1704 4578 peut
1729 4526 1882 4565 mieux
1908 4524 1934 4563 à
1959 4520 2198 4572 négociant
2222 4531 2275 4560 en
2302 4519 2403 4559 vins
2428 4519 2470 4559 et
2494 4516 2623 4568 spiri¬

1595 4588 1750 4627 tueux.
1788 4580 2139 4623 Ameublement
2174 4579 2384 4630 complet,
2423 4576 2624 4628 argente¬

1599 4645 1678 4695 rie,
1704 4643 1903 4692 vaiselle,
1931 4643 2068 4693 linge,
2096 4642 2195 4689 etc.,
2223 4639 2403 4681 calèche
2428 4639 2454 4678 à
2478 4637 2625 4688 dispo¬

1598 4706 1732 4747 sition
1764 4704 1825 4744 du
1858 4714 2070 4755 preneur.
2099 4723 2152 4729 —
2183 4699 2343 4740 Saison
2375 4709 2431 4739 ou
2462 4698 2488 4737 à
2519 4696 2624 4736 l’an¬

1600 4766 1695 4806 née.
1722 4763 1830 4804 Prix
1852 4763 1879 4803 à
1901 4762 2119 4803 débattre.

1654 4852 1699 4891 L.
1726 4852 1818 4891 284.
1843 4851 1896 4888 —
1920 4851 1954 4888 A
1981 4847 2123 4888 Louer
2147 4847 2201 4887 de
2226 4846 2356 4894 suite,
2382 4843 2528 4895 grand
2553 4852 2627 4894 ap¬

1601 4912 1871 4964 partement,
1899 4912 1924 4949 9
1948 4909 2111 4959 pièces,
2139 4909 2163 4947 2
2187 4906 2404 4953 cabinets,
2435 4907 2479 4943 11
2510 4903 2628 4943 fenê¬

1602 4974 1691 5012 tres
1715 4972 1770 5012 de
1797 4969 1968 5016 façade,
1997 4978 2078 5008 rue
2106 4963 2466 5007 Saint-Antoine-
2492 4962 2626 5010 du-T,

1562 5024 1564 5080 |
1604 5038 1650 5072 n°
1680 5034 1747 5080 20,
1811 5028 2038 5071 troisième
2071 5027 2211 5077 étage.
2275 5024 2370 5067 Eau
2430 5026 2472 5064 et
2530 5034 2626 5074 gaz,

1606 5093 1724 5139 1,100
1756 5090 1810 5130 fr.
1846 5090 1919 5140 S’y
1950 5087 2169 5128 adresser.

1657 5191 1703 5230 L.
1732 5190 1823 5230 288.
1883 5190 1916 5226 A
1947 5186 2104 5234 Louer,
2160 5186 2186 5224 à
2211 5187 2236 5224 9
2263 5183 2524 5224 kilomètres
2578 5182 2631 5222 de

1606 5250 1847 5298 Toulouse,
1878 5247 1986 5298 jolis
2041 5246 2163 5293 sites,
2223 5255 2312 5284 une
2342 5243 2519 5283 maison
2577 5241 2632 5280 de

1606 5320 1870 5361 campagne,
1903 5310 1952 5347 10
1979 5305 2219 5348 chambres
2244 5315 2303 5345 ou
2331 5303 2496 5351 salons,
2527 5312 2633 5352 gare

1606 5380 1730 5411 assez
1758 5367 2051 5419 rapprochée,
2082 5365 2193 5416 petit
2220 5375 2344 5416 parc,
2375 5360 2631 5414 dépendan¬

1607 5440 1692 5471 ces.
1730 5427 1982 5470 S’adresser
2015 5438 2072 5466 au
2107 5425 2279 5465 bureau
2312 5423 2374 5463 du
2406 5420 2604 5471 journal.

1661 5507 1707 5547 L.
1735 5506 1887 5547 289.—
1911 5504 2254 5553 Appartement,
2283 5499 2486 5552 quartier
2511 5498 2635 5539 Côte-

1610 5567 1768 5615 Pavée,
1791 5568 1816 5606 2
1837 5578 1894 5607 ou
1916 5567 1942 5604 3
1963 5563 2111 5616 pièces
2134 5573 2191 5603 au
2214 5560 2362 5610 choix,
2388 5558 2632 5607 meublées,

1613 5623 1717 5667 ♦très
1794 5624 2020 5676 agréable,
2087 5623 2204 5670 aéré,
2271 5622 2387 5660 beau
2450 5618 2621 5668 jardin.

1611 5687 1878 5735 S’adresser,
1910 5686 1948 5732 4,
1983 5694 2063 5723 rue
2094 5680 2290 5728 Fermât,
2323 5691 2379 5720 au
2411 5678 2634 5728 magasin,

1611 5747 1852 5787 Toulouse.

1664 5824 1710 5863 L.
1747 5824 1839 5864 290.
1874 5823 1930 5860 —
1959 5823 1992 5860 A
2031 5822 2188 5870 Louer,
2254 5817 2451 5870 premier
2512 5814 2638 5867 étage

1611 5883 1808 5931 meublé,
1869 5882 2079 5932 composé
2111 5880 2167 5920 de
2198 5879 2359 5928 quatre
2390 5878 2539 5928 pièces
2596 5875 2640 5915 et

1611 5943 1791 5986 cabinet
1826 5942 1882 5983 de
1918 5940 2100 5989 toilette,
2167 5938 2192 5978 à
2255 5936 2498 5989 proximité
2560 5935 2639 5976 des

1611 6005 1750 6046 alleés
1779 6001 2024 6052 Lafayette.
2059 5999 2168 6039 Prix
2199 5999 2275 6038 100
2303 5998 2360 6038 fr.
2392 6008 2476 6047 par
2506 5995 2636 6036 mois.

1614 6064 1864 6104 S’adresser
1893 6062 2066 6100 bureau
2092 6060 2153 6099 du
2179 6058 2378 6108 journal.

1666 6142 1713 6182 L.
1741 6143 1834 6182 291.
1860 6139 1915 6178 —
1939 6139 1975 6178 A
2004 6138 2162 6184 Louer,
2190 6136 2408 6176 chambre
2434 6132 2641 6174 meublée

1614 6212 1720 6241 avec
1747 6200 1924 6241 cabinet
1952 6199 2007 6239 de
2035 6196 2218 6244 toilette,
2247 6195 2506 6247 jouissance
2532 6194 2638 6234 d’un

1613 6260 1783 6313 jardin,
1848 6256 2099 6300 boulevard
2134 6255 2315 6307 Riquet,
2354 6259 2401 6295 n°
2434 6253 2500 6293 29.
2566 6252 2639 6303 S’y

1615 6320 1835 6363 adresser.

1667 6411 1716 6452 L.
1745 6411 1838 6452 293.
1867 6412 1920 6450 —
1948 6412 1982 6450 A
2014 6410 2157 6450 Louer
2186 6418 2247 6448 un
2275 6403 2423 6459 grand
2451 6404 2571 6447 hôtel
2600 6402 2643 6444 et

1615 6472 1712 6515 café
1746 6471 1802 6513 de
1835 6470 2032 6523 premier
2066 6468 2199 6510 ordre
2232 6468 2347 6509 dans
2382 6475 2443 6506 un
2478 6464 2639 6507 canton

1617 6531 1858 6574 industriel
1886 6530 1948 6570 du
1977 6528 2367 6570 Lot-et-Garonne.
2399 6524 2508 6565 Prix
2536 6534 2643 6566 avec

1616 6591 1822 6634 matériel
1850 6591 1974 6639 2,800
2002 6588 2057 6628 fr.

1670 6679 1716 6719 L.
1746 6679 1838 6720 294.
1866 6699 1920 6706 —
1948 6678 1983 6715 A
2014 6675 2155 6717 Louer
2183 6675 2298 6717 dans
2327 6683 2406 6714 rue
2435 6671 2511 6714 des
2539 6671 2643 6724 plus

1615 6739 1851 6792 passantes
1882 6736 1936 6777 de
1968 6736 2208 6785 Toulouse,
2243 6746 2301 6776 au
2332 6732 2483 6774 centre
2514 6733 2567 6775 de
2599 6732 2642 6772 la

1616 6799 1737 6848 ville,
1774 6810 1835 6839 un
1871 6796 1963 6838 hall
2000 6807 2114 6848 pour
2147 6792 2399 6847 expoistion
2435 6793 2476 6834 et
2508 6792 2642 6834 étala¬

1615 6871 1683 6911 ge.

2703 596 2750 637 L.
2772 598 2851 636 294
2871 595 2954 635 bis.
2976 596 3031 634 —
3051 596 3086 634 A
3110 595 3253 646 Louer
3272 592 3500 646 propriété
3522 592 3548 634 à
3568 595 3592 632 4
3614 591 3678 633 ki¬

2650 656 2861 698 lomètres
2891 655 2999 696 d’un
3031 653 3246 695 chef-lieu
3277 654 3332 695 de
3362 654 3542 702 canton,
3574 652 3678 704 près

2651 716 2892 766 Toulouse,
2924 714 3102 756 maison
3132 714 3186 755 de
3216 712 3344 755 colon
3375 714 3484 755 trois
3513 712 3675 764 pièces,

2651 776 2919 824 servitudes,
2957 775 3111 826 jardin
3148 775 3348 826 potager,
3387 775 3439 813 50
3474 773 3678 814 hectares

2649 838 2704 878 de
2734 836 2920 885 terrain,
2952 835 3040 883 blé,
3072 834 3248 883 avoine,
3280 832 3531 884 fourrages,
3564 831 3679 884 grai¬

2652 908 2744 946 nes,
2782 899 2912 945 maïs,
2950 905 3156 947 pommes
3191 895 3244 935 de
3280 894 3410 942 terre,
3446 892 3676 944 provision

2650 958 2706 998 de
2738 956 2830 999 vin.
2867 955 2976 996 Prix
3007 955 3034 995 à
3064 954 3270 996 débattre
3300 954 3424 1003 3,500
3456 952 3512 992 fr.

2705 1036 2752 1075 L.
2777 1036 2928 1075 295.—
2950 1036 2984 1074 A
3011 1034 3168 1082 Louer,
3195 1034 3368 1074 bureau
3391 1031 3506 1072 dans
3528 1032 3679 1071 centre

2654 1095 2708 1136 de
2744 1095 2986 1144 Toulouse,
3051 1104 3167 1145 pour
3204 1091 3561 1144 représentation
3623 1090 3679 1132 de

2652 1166 2905 1196 commerce
2939 1166 2996 1195 ou
3032 1152 3256 1195 industrie
3290 1152 3350 1194 où
3383 1162 3439 1192 on
3475 1150 3682 1203 pourrait

2654 1216 2801 1256 même
2829 1214 3028 1256 recevoir
3054 1214 3119 1255 les
3147 1211 3455 1254 commandes.
3487 1211 3682 1252 S’adres¬

2654 1287 2724 1316 ser
2750 1287 2807 1315 au
2834 1275 3007 1316 bureau
3034 1274 3095 1315 du
3119 1272 3319 1325 journal.

2708 1364 2743 1401 A
2807 1363 2950 1403 Louer
3011 1359 3206 1408 meublé,
3270 1358 3472 1410 quartier
3535 1358 3680 1398 Saint-

2655 1424 2858 1472 Etienne,
2890 1423 3107 1463 chambre
3164 1423 3206 1463 et
3262 1422 3389 1462 salon
3447 1431 3503 1460 ou
3562 1420 3681 1460 deux

2655 1486 2895 1527 chambres
2959 1484 3318 1536 indépendantes
3352 1482 3467 1523 dans
3503 1480 3679 1523 maison

2654 1549 2865 1597 sérieuse,
2896 1546 3093 1598 prendre
3123 1546 3335 1587 l’adresse
3392 1555 3450 1583 au
3507 1543 3678 1584 bureau

2655 1611 2716 1651 du
2738 1610 2922 1661 journal
2944 1610 2984 1650 le
3007 1609 3134 1648 Trait
3155 1606 3367 1648 d’Union.

2711 1699 2746 1736 A
2778 1696 2935 1744 Louer,
2967 1695 3083 1736 local
3139 1704 3219 1734 sur
3274 1703 3397 1741 cour,
3430 1704 3487 1732 au
3517 1690 3683 1732 rez-de-

2659 1759 2890 1806 chaussée,
2928 1769 3044 1808 pour
3108 1755 3298 1803 bureau,
3336 1752 3679 1804 garde-meuble

2657 1834 2715 1862 au
2743 1820 2879 1871 dépôt
2907 1820 2962 1860 de
2989 1818 3349 1860 marchandises.
3382 1815 3583 1856 Prendre
3612 1815 3683 1854 l’a¬

2658 1885 2810 1925 dresse
2834 1895 2891 1923 au
2917 1881 3099 1931 journal
3128 1881 3167 1920 le
3191 1879 3318 1919 Trait
3344 1879 3552 1919 d’Union.

2734 1953 2960 1994 Chambre
2997 1951 3203 1990 meublée
3239 1951 3283 1996 et
3319 1950 3428 1996 petit
3466 1946 3603 1987 Salon
3639 1946 3667 1986 à

2680 2014 2807 2055 louer
2846 2014 2919 2064 (ou
2956 2010 3174 2052 chambre
3210 2008 3367 2060 seule),
3408 2020 3487 2048 rue
3524 2007 3664 2047 Belle-

2677 2074 2831 2125 garde,
2892 2075 2956 2122 13,
3015 2084 3075 2112 au
3132 2069 3532 2111 rez-de-chaussée.
3594 2067 3667 2117 S’y

2678 2135 2883 2174 adresser
2911 2133 2951 2172 le
2979 2131 3138 2171 matin.

2735 2204 2768 2242 A
2792 2203 2932 2248 louer,
2955 2198 3273 2251 appartement
3294 2196 3475 2237 meublé
3495 2195 3521 2235 à
3542 2193 3667 2242 neuf,

2681 2274 2760 2303 rue
2786 2262 2840 2302 de
2866 2260 3067 2307 Verdun,
3096 2263 3148 2298 n°
3180 2260 3242 2296 10.
3268 2280 3323 2284 —
3348 2255 3421 2306 S’y
3446 2255 3666 2295 adresser.

3443 2315 3490 2356 L.
3520 2316 3612 2355 262.

2739 2383 2772 2421 A
2813 2382 2951 2432 louer,
2991 2378 3194 2432 quartier
3231 2389 3310 2418 rue
3346 2376 3401 2418 de
3438 2376 3571 2423 Metz,
3611 2387 3667 2415 au

2682 2442 2879 2494 premier
2914 2442 3056 2491 étage,
3094 2438 3410 2491 appartement
3446 2438 3470 2475 8
3504 2435 3667 2487 pièces,

2683 2503 2899 2543 chambre
2930 2502 2986 2542 de
3016 2500 3179 2547 bonne,
3214 2508 3335 2546 cave,
3368 2496 3554 2548 galetas,
3587 2505 3671 2534 eau

2683 2563 2726 2603 et
2750 2572 2846 2612 gaz,
2877 2562 2996 2600 1.850
3023 2559 3078 2599 fr.
3449 2555 3494 2595 L.
3523 2556 3614 2592 276.

2740 2631 2774 2669 A
2807 2628 3039 2675 affermer,
3072 2626 3188 2667 belle
3219 2623 3462 2676 propriété,
3494 2623 3546 2662 25
3575 2622 3675 2661 hec¬

2686 2691 2804 2730 tares
2839 2688 3007 2739 prairie
3043 2685 3281 2732 naturelle,
3318 2686 3370 2723 25
3404 2681 3671 2729 artificielle,

2687 2752 2711 2790 3
2740 2761 2794 2791 en
2826 2749 2975 2799 vigne,
3011 2748 3060 2786 10
3090 2746 3284 2787 terrains
3315 2742 3604 2784 labourables
3635 2741 3676 2783 et

2687 2812 2712 2850 5
2747 2808 2906 2849 landes
2941 2808 3019 2848 des
3055 2806 3166 2854 bois,
3204 2805 3335 2846 vente
3371 2802 3584 2844 annuelle
3620 2802 3675 2841 de

2693 2870 2928 2918 fourrages
2991 2868 3114 2907 2.000
3176 2865 3416 2916 quintaux,
3483 2871 3676 2902 revenus

2691 2931 2838 2970 10.000
2864 2928 3028 2967 francs.
3059 2926 3242 2976 Cheptel
3274 2925 3420 2963 15.000
3446 2922 3519 2971 fr.,
3547 2919 3678 2960 outil¬

2689 2990 2790 3040 lage
2824 2988 3020 3039 agricole
3055 2986 3135 3027 des
3170 2986 3275 3035 plus
3310 2982 3544 3033 complets,
3581 2991 3679 3022 vas¬

2691 3051 2756 3090 tes
2786 3048 3032 3098 hangards,
3065 3044 3202 3087 bétail
3232 3042 3395 3084 travail
3427 3043 3468 3082 et
3498 3041 3679 3091 élevage

2691 3108 2814 3150 aussi
2843 3108 2989 3159 grand
3018 3104 3227 3156 complet.

2746 3169 2792 3208 L.
2819 3170 2910 3208 278.
3223 3164 3331 3204 Prix
3355 3164 3382 3203 à
3407 3162 3623 3202 débattre.

2747 3239 2782 3277 A
2809 3239 2948 3284 louer,
2973 3235 3097 3275 vaste
3119 3232 3296 3272 maison
3320 3242 3465 3271 neuve
3486 3229 3541 3269 de
3563 3238 3683 3268 cam¬

2692 3310 2840 3350 pagne
2874 3307 2980 3337 avec
3012 3306 3082 3334 ses
3114 3303 3356 3334 communs
3389 3302 3442 3330 en
3478 3287 3679 3339 rapport,

2692 3357 2899 3408 prairies,
2931 3354 3125 3406 jardins,
3158 3352 3330 3402 étangs,
3361 3362 3508 3399 caves,
3541 3347 3683 3388 située

2695 3430 2748 3458 en
2773 3416 2896 3467 plein
2920 3427 3032 3467 pays
3054 3412 3248 3455 vinicole
3271 3423 3350 3452 sur
3372 3420 3562 3462 passage
3584 3408 3683 3450 voie

2696 3477 2854 3518 ferrée.
2883 3474 3208 3515 Conviendrait
3231 3484 3288 3512 on
3315 3484 3371 3512 ne
3395 3471 3504 3521 peut
3529 3468 3684 3508 mieux

2697 3538 2723 3578 à
2751 3535 2990 3587 négociant
3016 3534 3120 3575 vins
3148 3534 3191 3572 et
3219 3531 3488 3583 spiritueux.
3524 3530 3686 3568 Ameu¬

2698 3596 2899 3638 blement
2924 3595 3135 3645 complet,
3165 3590 3432 3643 argenterie,
3460 3587 3684 3635 vaisselle,

2700 3658 2835 3706 linge,
2864 3655 2944 3696 etc.
2976 3654 3167 3695 Calèche
3194 3652 3219 3692 à
3244 3650 3472 3703 dispotion
3500 3649 3562 3691 du
3589 3659 3687 3700 pre¬

2699 3728 2827 3757 neur.
2858 3715 3017 3756 Saison
3043 3726 3102 3754 ou
3128 3714 3155 3754 à
3179 3712 3368 3752 l’année.

2755 3775 2800 3814 L.
2829 3778 2920 3813 279.
3232 3771 3340 3807 Prix
3366 3771 3391 3808 a
3415 3767 3632 3811 débattre.

2758 3855 2792 3891 A
2819 3852 2944 3892 louer
2968 3852 3023 3892 de
3047 3850 3178 3897 suite,
3203 3847 3351 3899 grand
3375 3843 3692 3896 appartement

2703 3916 2727 3954 9
2755 3912 2916 3965 pièces,
2947 3914 2971 3951 2
2998 3909 3214 3956 cabinets,
3247 3910 3291 3947 il
3323 3906 3518 3947 fenêtres
3546 3903 3600 3944 de
3630 3901 3691 3942 fa¬

2703 3972 2827 4024 çade,
2864 3983 2945 4011 rue
2979 3966 3497 4013 Saint-Antoine-du-T.,
3533 3971 3587 4003 n°
3623 3964 3689 4011 20,

2705 4032 2934 4074 troisième
2967 4031 3106 4079 étage.
3145 4027 3239 4067 Eau
3274 4027 3320 4066 et
3347 4035 3443 4075 gaz,
3482 4026 3600 4063 1.100
3634 4022 3688 4063 fr.

2707 4092 2781 4144 S’y
2806 4092 3026 4131 adresser.
3470 4082 3516 4123 L.
3545 4083 3638 4122 284.

2762 4172 2795 4208 A
2826 4168 2950 4208 louer
2976 4168 3002 4207 à
3027 4170 3052 4206 9
3079 4164 3340 4206 kilomètres
3368 4162 3423 4203 de
3452 4159 3692 4206 Toulouse,

2706 4230 2814 4280 jolis
2847 4229 2967 4276 sites,
3006 4239 3093 4268 une
3126 4226 3303 4267 maison
3338 4224 3393 4265 de
3426 4231 3693 4273 campagne,

2711 4293 2759 4330 10
2780 4290 3022 4330 chambres
3046 4299 3103 4327 ou
3127 4286 3294 4332 salons,
3319 4295 3426 4335 gare
3450 4294 3572 4323 assez
3596 4291 3695 4331 rap¬

2708 4350 2917 4402 prochée,
2948 4346 3063 4398 petit
3089 4357 3212 4396 parc,
3243 4343 3574 4396 dépendances.
3608 4341 3698 4382 S’a¬

2710 4412 2887 4451 dresser
2912 4420 2970 4447 au
2995 4407 3168 4447 bureau
3192 4406 3253 4444 du
3278 4403 3476 4454 journal.
3504 4402 3550 4441 L.
3576 4402 3668 4440 228.

3820 595 4162 644 Appartement,
4200 595 4403 644 quartier
4467 594 4752 642 Côte-Pavée,

3764 656 3790 695 2
3815 667 3872 695 ou
3901 658 3925 695 3
3952 654 4100 706 pièces
4127 665 4184 694 au
4211 654 4359 702 choix,
4390 652 4635 702 meublées,
4666 652 4755 694 très

3766 715 3991 766 agréable,
4016 714 4131 763 aéré,
4156 713 4271 754 beau
4292 713 4460 763 jardin.
4487 713 4754 760 S’adresser,

3766 776 3803 822 4,
3835 787 3915 815 rue
3943 775 4139 822 Fermât,
4171 784 4228 814 au
4258 774 4479 823 magasin.
4512 773 4754 815 Toulouse.

4526 832 4572 872 L.
4607 833 4699 872 289.

3823 905 3855 942 A
3883 903 4021 953 louer,
4047 902 4246 953 premier
4267 900 4394 951 étage
4418 900 4614 949 meublé,
4639 911 4758 941 com¬

3769 964 3875 1012 posé
3899 963 3953 1004 de
3976 963 4136 1015 quatre
4161 962 4308 1012 pièces
4332 961 4374 1000 et
4398 960 4577 1000 cabinet
4599 960 4654 1001 de
4679 960 4758 1000 toi¬

3770 1022 3887 1071 lette,
3919 1023 3944 1062 à
3970 1022 4214 1072 proximité
4242 1021 4319 1062 des
4347 1019 4483 1060 allées
4510 1019 4754 1071 Lafayette.

3772 1082 3880 1121 Prix
3914 1084 3988 1120 100
4020 1082 4077 1121 fr.
4112 1093 4195 1132 par
4228 1079 4357 1120 mois.
4394 1079 4647 1119 S’adresser
4679 1079 4758 1119 bu¬

3771 1152 3878 1181 reau
3904 1142 3966 1181 du
3990 1142 4187 1191 journal.
4537 1138 4583 1178 L.
4611 1139 4700 1178 290.

3826 1212 3862 1248 A
3895 1210 4035 1258 louer,
4068 1210 4286 1251 chambre
4316 1207 4524 1248 meublée
4555 1218 4662 1247 avec
4692 1218 4760 1247 ca¬

3772 1270 3896 1310 binet
3931 1270 3986 1310 de
4019 1270 4202 1318 toilette,
4238 1270 4495 1320 jouissance
4530 1267 4636 1307 d’un
4671 1266 4760 1316 jar¬

3771 1331 3867 1378 din,
3922 1329 4171 1370 boulevard
4223 1330 4403 1380 Riquet,
4457 1334 4512 1367 n°
4565 1328 4631 1367 29.
4687 1327 4762 1377 S’y

3774 1390 3992 1430 adresser.
4532 1387 4579 1427 L.
4612 1387 4704 1427 291.

3830 1470 3863 1507 A
3900 1469 4039 1515 louer,
4075 1480 4136 1507 un
4168 1467 4316 1518 grand
4348 1467 4470 1508 hôtel
4503 1467 4545 1507 et
4576 1464 4674 1506 café
4706 1464 4762 1505 de

3774 1527 3972 1579 premier
4004 1527 4138 1568 ordre
4169 1528 4283 1568 dans
4316 1539 4378 1567 un
4411 1527 4575 1567 canton
4608 1525 4762 1565 indus¬

3775 1588 3876 1629 triel
3901 1588 3963 1628 du
3987 1587 4376 1628 Lot-et-Garonne.
4406 1587 4515 1626 Prix
4539 1595 4647 1626 avec
4672 1596 4764 1624 ma¬

3776 1648 3918 1698 tériel,
3944 1649 4067 1688 2.800
4092 1647 4147 1687 fr.
4540 1646 4587 1686 L.
4615 1646 4707 1685 293.

3835 1730 3864 1766 A
3894 1727 4031 1774 louer,
4059 1727 4172 1767 dans
4197 1736 4276 1767 rue
4300 1726 4379 1766 des
4402 1726 4507 1775 plus
4530 1724 4764 1774 passantes

3778 1790 3830 1827 de
3856 1787 4096 1834 Toulouse,
4125 1797 4181 1826 au
4235 1786 4386 1825 centre
4438 1784 4492 1826 de
4545 1783 4588 1824 la
4640 1782 4762 1832 ville,

3779 1859 3836 1886 un
3866 1847 3959 1887 hall
3986 1857 4102 1898 pour
4127 1844 4378 1895 exposition
4407 1845 4448 1884 et
4472 1843 4660 1894 étalage.

3832 1907 3876 1947 L.
3907 1908 3998 1946 294.
4396 1903 4518 1952 Prix,
4548 1903 4626 1942 600
4655 1902 4708 1942 fr.

3758 2154 3793 2223 ÿ
3876 2162 4087 2204 L’intérêt
4139 2164 4217 2204 des
4270 2164 4495 2204 vendeurs
4520 2166 4562 2203 et
4614 2162 4742 2203 ache-
4758 2147 4792 2221 jC

3758 2224 3794 2294 ÿ
3820 2228 3946 2265 leurs
3978 2225 4084 2264 d’un
4119 2232 4386 2271 commerce,
4421 2223 4555 2263 d’une
4589 2223 4742 2263 indus-
4758 2216 4794 2255 ?

3759 2267 3794 2332 S
3822 2286 3920 2334 trie,
3947 2284 4122 2324 maison
4148 2294 4204 2323 ou
4231 2282 4471 2332 propriété,
4498 2284 4563 2322 est
4586 2283 4639 2322 de
4662 2283 4794 2334 s’a-£

3759 2334 3795 2403 A
3823 2347 4000 2385 dresser
4027 2343 4055 2384 à
4086 2346 4127 2384 la
4159 2340 4644 2390 RAPIDE-AGENCE,
4703 2344 4742 2390 9,
4759 2318 4796 2395 K

3823 2415 3903 2444 rue
3932 2406 3986 2444 de
4016 2405 4058 2443 la
4087 2406 4215 2443 Poste
4243 2402 4270 2443 à
4296 2402 4523 2442 Toulouse
4554 2411 4564 2449 ;
4594 2402 4688 2441 rien
4718 2400 4743 2442 à

3827 2474 3965 2513 payer
4028 2463 4258 2503 d’avance.
4340 2462 4744 2511 Renseignements

3824 2524 4032 2572 gratuits.

3840 2756 4400 2800 L’INTERMEDIAIRE
4434 2752 4783 2798 COMMERCIAL

3786 2812 3856 2854 DE
3887 2811 3955 2854 LA
3988 2810 4304 2853 NORMANDIE
4310 2840 4320 2860 ,
4345 2810 4516 2860 journal
4541 2807 4780 2847 hebdoma¬

3788 2868 3932 2915 daire,
3974 2860 4568 2906 Saint-Aubin-lès-Elbeuf
4608 2861 4782 2909 (Seine-

3788 2918 4058 2970 Inférieure),
4090 2918 4198 2966 Eug.
4231 2915 4514 2964 TURQUET,
4544 2915 4783 2955 directeur-

3789 2971 4098 3024 propriétaire,
4129 2974 4195 3011 est
4223 2971 4392 3021 envoyé
4419 2968 4735 3019 gratuitement
4759 2969 4784 3007 à

3791 3031 3911 3067 toute
3946 3035 4164 3076 personne,
4198 3036 4250 3064 en
4286 3023 4447 3064 faisant
4477 3024 4518 3064 la
4548 3023 4779 3063 demande.

3791 3082 3975 3128 Ventes,
4018 3079 4252 3128 gérances,
4294 3079 4530 3127 locations,
4571 3076 4784 3127 emplois,

3792 3137 4171 3182 recouvrements,
4196 3136 4298 3182 etc.,
4322 3136 4390 3172 etc
4412 3163 4423 3182 ,
4455 3141 4567 3182 pour
4596 3132 4716 3169 toute
4744 3128 4786 3169 la

3795 3186 4079 3226 Normandie.

4038 3355 4319 3388 XXXXXXXX
4333 3356 4578 3388 XKXXXXX
4590 3350 4803 3387 XXiXXlXX

3796 3385 3811 3431 I
4604 3385 4614 3424 '
4772 3386 4810 3423 m

3796 3425 3810 3468 I
4771 3423 4808 3457 U

3796 3467 3812 3496 e
3848 3456 4151 3503 Manufacture
4182 3455 4403 3492 d’articles
4434 3452 4586 3490 KATO

4282 3529 4304 3562 à
4328 3524 4498 3571 fenêtre
4519 3524 4734 3571 diaphane
4779 3536 4806 3565 x

3959 3668 4354 3734 Enveloppes
4380 3667 4404 3686 “
4427 3667 4585 3716 Kato
4608 3666 4631 3684 "

3779 3755 3814 3830 !
3960 3760 4132 3821 Papier
4164 3759 4187 3807 à
4224 3756 4370 3807 îeUre
4405 3754 4633 3806 “KATO*

3780 3827 3815 3869 N
4779 3827 4793 3860 ;

3785 3867 3818 3905 *!
4779 3862 4794 3897 3

3782 3901 3819 3966 H
3870 3903 4107 3939 Demander
4135 3902 4427 3939 Echantillons
4780 3902 4794 3934 I

3783 3943 3820 4003 W
3868 3968 4024 4003 LOUIS
4052 3970 4251 4004 CASSAN
4280 3970 4376 4003 aîné

3782 4003 3820 4041 U
4780 3993 4795 4037 |

3783 4042 3822 4148 t
3874 4036 3931 4076 37,
3960 4042 4032 4070 rue
4059 4035 4131 4068 des
4159 4035 4390 4070 Couteliers

3875 4102 4155 4137 TOULOUSE

3786 4151 3846 4194 W,
4714 4184 4731 4188 _
4783 4129 4796 4184 1

4378 4187 4593 4228 JHÜIE
4602 4182 4796 4224 ZîMWW

4180 4294 4235 4328 Le
4268 4294 4423 4329 3erant
4455 4304 4462 4327 :
4491 4290 4746 4328 ROUSSEL.

3840 4404 4105 4450 Imprimerie
4135 4400 4316 4447 spéciale
4346 4399 4400 4435 du
4432 4398 4548 4434 Trait
4578 4398 4768 4433 d'IJnion.

3110 4572 3175 4649 A
3234 4567 3551 4648 TOUS
3602 4564 3825 4646 NOS
3894 4560 4405 4645 CLIENTS

2828 4688 3047 4728 Accordez
3083 4697 3116 4726 s.
3158 4696 3195 4724 v.
3240 4693 3299 4733 p.,
3326 4684 3446 4720 votre
3488 4680 3744 4732 préférence
3783 4690 3870 4718 aux
3907 4675 4171 4716 délicieuses
4211 4675 4418 4725 Marques
4455 4672 4514 4711 du
4547 4671 4670 4716 Midi,
4698 4672 4751 4711 de
4785 4671 4823 4710 la

2694 4762 2867 4803 Maison

2845 4827 3510 4992 Michel
3633 4818 4686 4986 SABATIER

3356 5010 3883 5047 Distillâteur-I.iqiioristc,
3912 5004 4157 5035 Viticulteur

3159 5051 3435 5089 Propriétaire
3450 5050 3502 5078 du
3524 5048 3616 5076 Clos
3632 5048 3685 5077 de
3702 5044 3979 5080 l’Hermltage,
3999 5044 4023 5071 à
4040 5042 4204 5070 Limoux
4223 5038 4369 5075 (Aude)

3427 5084 3642 5112 Chevalier
3658 5084 3710 5111 du
3739 5082 3883 5110 Mérite
3900 5078 4086 5114 Agricole

2836 5166 2992 5216 Exigez
3024 5164 3139 5203 donc
3172 5163 3235 5202 les
3274 5158 3538 5200 délicieuses
3578 5154 3830 5208 spécialités
3862 5155 3915 5194 de
3959 5151 3996 5194 la
4036 5151 4200 5193 Maison
4231 5147 4377 5192 Michel
4410 5146 4604 5191 Sabatier
4642 5148 4695 5189 de
4731 5148 4832 5190 Car¬

2700 5232 2930 5264 cassonne,
2963 5220 2983 5258 à
3010 5217 3110 5257 base
3131 5215 3314 5255 d’alcool
3340 5225 3423 5264 pur
3441 5215 3515 5252 vin
3540 5225 3548 5250 :

2844 5294 2878 5331 1°
2910 5292 2974 5330 La
3003 5287 3266 5333 Micheline,
3291 5286 3414 5326 reine
3436 5284 3513 5324 des
3535 5283 3759 5334 liqueurs;

2834 5364 2878 5403 2°
2910 5362 3097 5402 Grande
3119 5359 3323 5408 Liqueur
3342 5358 3400 5394 du
3421 5354 3546 5394 Père
3566 5354 3784 5398 Boardo;

2836 5435 2940 5474 Plus
2968 5434 3022 5472 de
3053 5430 3196 5477 10,000
3227 5426 3516 5467 Attestations
3544 5423 3859 5474 authentiques
3886 5421 4110 5460 affirment
4135 5419 4243 5471 qu’il
4272 5418 4343 5471 n’y
4378 5430 4399 5458 a
4434 5429 4510 5469 pas
4538 5416 4591 5457 de
4631 5416 4834 5468 produits

2704 5488 2961 5541 supérieurs
2982 5487 3005 5526 à
3026 5495 3099 5524 ces
3121 5483 3353 5534 Liqueurs,
3378 5479 3523 5519 même
3543 5478 3606 5518 les
3635 5487 3843 5528 marques
3866 5476 3927 5515 les
3950 5476 4049 5526 plus
4075 5473 4316 5515 anciennes
4339 5476 4381 5512 et
4403 5472 4465 5512 les
4486 5473 4584 5523 plus
4608 5472 4833 5523 réputées;

2836 5559 2878 5600 3°
2911 5560 2988 5599 Les
3019 5556 3204 5597 Grands
3242 5554 3358 5594 Vins
3390 5554 3654 5592 Mousseux
3687 5552 3728 5590 et
3756 5548 4038 5599 Blanquette
4071 5545 4228 5588 Michel
4260 5545 4463 5587 Sabatier
4492 5546 4546 5586 de
4581 5544 4771 5584 Limoux
4794 5548 4836 5584 et

2706 5615 3020 5654 Carcassonne,
3046 5611 3279 5650 rivalisant
3298 5618 3403 5647 avec
3421 5607 3483 5646 les
3506 5606 3707 5645 Grandes
3727 5604 3932 5654 Marques
3955 5602 4008 5642 de
4031 5599 4330 5651 Champagne.

2838 5680 2882 5723 4°
2910 5680 3172 5722 VOr-Kina
3202 5678 3435 5726 Sabatier,
3459 5675 3679 5716 délicieux
3699 5674 3891 5726 Apéritif
3912 5672 4094 5724 tonique
4114 5676 4155 5712 et
4175 5671 4406 5711 fortifiant.

2840 5758 2891 5798 Et
2911 5755 2955 5795 5°
2976 5758 3038 5794 Le
3054 5751 3190 5799 Nèol,
3214 5750 3359 5792 Grand
3384 5748 3468 5790 Vin
3488 5747 3671 5799 tonique
3694 5746 4009 5798 régénérateur
4026 5745 4084 5784 du
4107 5744 4299 5784 Docteur
4319 5742 4557 5782 CHARRY.

3048 5830 3358 5888 Déguster
3396 5835 3507 5876 ces
3555 5823 3840 5882 produits
3894 5822 4055 5871 c’est
4096 5820 4190 5870 les
4232 5819 4502 5876 adopter

2857 6004 3132 6058 GRANDE
3174 5998 3684 6048 MANUFACTURE
3714 5999 3780 6042 de
3811 5992 4216 6044 COURONNES
4255 5988 4690 6040 MORTUAIRES

2999 6099 3036 6132 O
3056 6079 3151 6132 p~Q
3174 6083 3206 6130 A
3386 6077 3419 6104 el
3439 6075 3479 6103 de
3500 6074 3620 6103 Fleurs
3640 6071 3854 6102 artificielles
3875 6077 3919 6099 en
3942 6071 4019 6098 tons
4038 6074 4162 6103 genres
4342 6070 4502 6115 DÈTA1

3403 6180 3770 6290 BIE
3839 6210 3930 6297 à
3987 6169 4498 6290 COSf

3038 6322 3131 6352 35
3172 6322 3237 6352 et
3275 6319 3384 6362 30,
3424 6324 3542 6349 rue
3576 6318 3656 6346 d©
3698 6310 4006 6344 Rémusat
4036 6326 4071 6332 —
4102 6303 4515 6340 TOULOUSE

3346 6410 3498 6442 VASES
3531 6410 3588 6439 ET
3624 6404 3925 6438 CORBEILLES
3960 6404 4016 6434 EN
4052 6400 4206 6433 FONTE

2851 6474 3082 6519 Bouquets
3128 6468 3351 6516 d’Eglises
3396 6487 3454 6495 —
3492 6465 3679 6504 Plantes
3716 6462 4119 6508 d’Appartements
4158 6476 4215 6483 —
4259 6451 4418 6491 Fleurs
4460 6451 4704 6491 stérilisées

3211 6538 3714 6572 GLOBES-COFFRETS
3740 6552 3776 6558 —
3804 6535 4017 6566 CADRES
4044 6546 4079 6552 —
4106 6522 4351 6559 PSYCHÉS

2798 6632 3056 6689 Parures
3086 6628 3159 6680 de
3186 6623 3449 6690 /Uariées
3482 6650 3511 6663 -
3550 6619 3806 6686 Articles
3835 6620 3907 6670 de
3941 6620 4002 6668 u°
4024 6608 4423 6679 ^en^rrjuyîeh
4459 6638 4486 6651 -
4522 6607 4763 6673 £îer§es

3083 6715 3279 6739 VANNERIES
3299 6715 3340 6736 ET
3360 6714 3490 6736 GERBE3
3510 6711 3596 6735 POUR
3616 6706 3794 6733 THÉÂTRES
3816 6716 3851 6722 —
3875 6704 4031 6727 l'RANGES
4050 6702 4176 6724 PERLES
4196 6702 4280 6725 POUR
4300 6701 4482 6724 ABAT-JOUR

2875 6783 2975 6815 Prix
3002 6782 3211 6822 spéciaux
3239 6787 3352 6820 pour
3379 6778 3582 6810 Sociétés
3612 6780 3658 6808 et
3683 6771 4005 6812 Corporations
4034 6768 4199 6802 déliant
4227 6772 4352 6800 toute
4379 6771 4684 6799 concurrence

3248 6851 3488 6882 GRANDE
3524 6846 3882 6879 EXPOSITION
3916 6841 4319 6872 PERMANENTE
