5132 7504
2467 483 2539 520 LE
2572 483 2752 523 TRAIT
2786 484 3035 524 D’UNION

621 584 870 658 AVIS
919 584 1552 658 IMPORTANT

630 811 751 853 Pour
784 824 1026 854 conserver
1059 812 1083 853 à
1119 818 1247 853 notre
1282 811 1603 856 combinaison

571 897 652 924 son
712 884 936 924 caractère
995 883 1382 939 d’irréprochable
1440 899 1603 926 conve¬

573 970 718 998 nance
744 960 787 997 et
812 956 866 998 de
892 956 1161 1006 correction,
1193 968 1309 998 nous
1336 956 1494 1010 prions
1522 970 1604 998 nos

571 1027 954 1081 correspondants
989 1027 1042 1068 de
1076 1027 1256 1068 vouloir
1290 1027 1397 1068 bien
1431 1028 1605 1068 confier

572 1097 670 1139 leur
695 1098 914 1140 véritable
941 1111 1051 1139 nom
1077 1103 1119 1139 et
1144 1098 1321 1140 adresse
1347 1098 1370 1138 à
1395 1097 1438 1139 la
1463 1099 1603 1139 direc¬

572 1169 684 1211 tion.

631 1242 774 1282 Toute
800 1254 1024 1294 personne
1050 1240 1256 1282 refusant
1282 1240 1336 1282 de
1361 1239 1472 1283 faire
1499 1255 1604 1283 con¬

575 1313 719 1354 naître
774 1326 856 1354 son
911 1311 1102 1355 identité
1156 1312 1291 1355 serait
1344 1313 1606 1355 considérée

574 1396 756 1425 comme
782 1384 907 1424 étant
931 1383 987 1424 de
1011 1384 1247 1424 mauvaise
1271 1383 1350 1424 foi.

632 1455 752 1497 Nous
810 1455 1054 1509 rappelons
1082 1456 1106 1496 à
1136 1468 1218 1496 nos
1275 1455 1494 1507 abonnés,
1527 1470 1606 1496 an¬

575 1527 698 1568 ciens
735 1531 778 1568 et
812 1540 1071 1577 nouveaux;,
1111 1528 1166 1568 de
1202 1527 1307 1567 bien
1344 1527 1524 1568 vouloir
1560 1540 1606 1567 se

607 1598 872 1640 conformer
910 1611 996 1639 aux
1032 1598 1486 1640 recommandations
1523 1599 1598 1652 gé¬

576 1670 749 1711 nérales
778 1670 839 1711 du
870 1669 990 1711 Trait
1019 1671 1235 1711 d’Union.

636 1743 692 1783 La
722 1742 957 1784 Direction
986 1743 1083 1796 prie
1111 1755 1179 1783 ses
1208 1742 1400 1783 lecteurs
1427 1766 1488 1771 —
1515 1740 1603 1783 afin

574 1813 762 1856 d’éviter
791 1827 856 1855 un
886 1815 1046 1855 travail
1076 1814 1203 1867 long,
1267 1814 1431 1855 inutile
1460 1819 1503 1855 et
1532 1814 1606 1855 dé¬

575 1886 808 1940 sagréable
828 1884 890 1914 '—
913 1885 967 1926 de
1021 1885 1200 1927 vouloir
1255 1886 1362 1927 bien
1417 1886 1558 1927 écrire
1583 1890 1606 1927 à

575 1956 740 1999 l’encre
777 1958 890 1999 dans
926 1956 1179 1999 l’intérieur
1215 1958 1268 1998 de
1304 1956 1346 1998 la
1382 1959 1606 2011 première

575 2028 842 2083 enveloppe,
907 2027 1018 2071 celle
1079 2030 1159 2083 qui
1219 2034 1284 2070 est
1315 2027 1518 2071 adressée
1550 2047 1603 2071 au

576 2099 812 2142 Directeur
845 2105 887 2140 et
922 2100 1016 2142 doit
1050 2100 1142 2142 être
1176 2100 1386 2141 déchirée
1417 2124 1476 2129 —
1511 2102 1606 2140 leur

575 2185 687 2216 nom
706 2176 750 2214 et
768 2172 809 2214 le
828 2172 1025 2215 numéro
1044 2172 1224 2214 d’ordre
1243 2172 1298 2212 de
1318 2171 1361 2212 la
1379 2185 1607 2227 personne

575 2257 680 2285 avec
718 2243 912 2298 laquelle
947 2243 1002 2283 ils
1038 2244 1222 2285 veulent
1258 2244 1600 2299 correspondre.

632 2315 710 2356 Ex.
740 2315 930 2368 Dupont
954 2315 1100 2363 5.400.

636 2386 703 2427 En
740 2400 786 2427 se
822 2386 1132 2436 conformant,
1173 2387 1262 2427 très
1298 2391 1599 2437 exactement,

574 2471 662 2499 aux
688 2459 964 2499 indications
991 2473 1078 2512 que
1106 2472 1221 2500 nous
1248 2459 1346 2500 leur
1372 2458 1600 2508 donnons,

573 2530 628 2571 ils
655 2544 771 2571 nous
795 2531 1020 2572 éviteront
1045 2544 1135 2572 une
1160 2535 1284 2584 perte
1311 2531 1364 2571 de
1391 2535 1538 2584 temps
1563 2535 1604 2571 et

571 2614 664 2643 une
687 2602 1015 2656 complication
1042 2607 1247 2656 pouvant
1271 2603 1502 2643 entraîner
1528 2604 1604 2643 des

571 2684 763 2715 erreurs.

604 2886 1206 2964 Recommandations
1252 2887 1568 2964 Générales

637 3103 678 3140 i°
716 3100 947 3140 Personne
1012 3115 1067 3140 ne
1132 3104 1240 3152 peut
1275 3099 1603 3154 correspondre

572 3183 678 3212 avec
710 3171 770 3215 les
802 3170 1006 3212 abonnés
1064 3184 1168 3212 sans
1228 3171 1354 3212 avoir
1383 3172 1508 3213 versé
1540 3171 1600 3212 les

576 3258 619 3283 11
650 3243 800 3284 francs
827 3243 1199 3296 réglementaires
1228 3257 1235 3292 ;

633 3328 653 3355 2
661 3317 676 3334 0
712 3315 789 3356 Les
820 3327 1052 3356 annonces
1083 3315 1159 3356 des
1191 3328 1432 3356 nouveaux
1462 3315 1600 3356 abon¬

572 3386 650 3427 nés
682 3387 869 3427 doivent
931 3388 1143 3439 parvenir
1175 3387 1198 3427 à
1230 3387 1271 3427 la
1304 3387 1526 3428 direction
1560 3388 1599 3428 le

570 3457 698 3511 jeudi
730 3458 784 3499 de
816 3457 994 3511 chaque
1025 3457 1228 3499 semaine
1259 3471 1376 3511 pour
1408 3457 1500 3498 être
1532 3458 1598 3498 in¬

568 3528 711 3570 sérées
741 3528 780 3570 le
808 3528 996 3570 samedi.
1031 3528 1154 3570 Dans
1184 3528 1224 3570 le
1252 3542 1324 3569 cas
1354 3530 1594 3579 contraire,

568 3599 675 3642 elles
708 3614 764 3642 ne
796 3600 1050 3654 paraîtront
1082 3615 1168 3654 que
1202 3600 1243 3640 la
1275 3602 1476 3642 semaine
1508 3602 1596 3642 sui¬

568 3677 703 3712 vante
740 3686 748 3720 ;

627 3744 674 3784 5°
710 3744 969 3786 L’annonce
1003 3743 1079 3786 des
1114 3744 1317 3785 abonnés
1351 3743 1447 3785 doit
1480 3744 1594 3784 indi¬

567 3829 680 3868 quer
707 3815 807 3856 leur
835 3816 932 3867 âge,
966 3815 1064 3857 leur
1093 3816 1329 3863 situation,
1360 3815 1452 3857 s'ils
1483 3817 1594 3856 dési¬

567 3891 668 3924 rent
698 3899 756 3925 ou
788 3898 883 3926 non
915 3898 1006 3926 une
1036 3885 1128 3926 dot.
1165 3884 1259 3926 Elle
1290 3885 1386 3926 doit
1415 3886 1596 3927 fournir

566 3956 760 3996 certains
790 3955 949 3996 détails
979 3955 1034 3998 de
1063 3958 1268 3998 manière
1296 3956 1320 3996 à
1351 3955 1490 3997 éviter
1520 3956 1595 3998 des

565 4027 980 4081 correspondances
1013 4027 1199 4070 inutiles
1236 4042 1244 4076 ;

623 4100 670 4146 4°
699 4098 787 4139 Dès
813 4099 957 4152 qu’un
985 4100 1167 4140 abonné
1192 4114 1216 4139 a
1242 4099 1403 4140 trouvé
1430 4100 1468 4140 la
1496 4114 1592 4154 per¬

567 4183 710 4211 sonne
741 4171 795 4211 de
826 4184 908 4211 son
939 4170 1090 4220 choix,
1124 4172 1155 4211 il
1186 4171 1282 4212 doit
1312 4171 1524 4223 prévenir
1552 4171 1594 4213 le

570 4241 802 4286 Directeur
827 4242 920 4283 afin
947 4256 1035 4296 que
1060 4256 1142 4284 son
1170 4256 1379 4284 annonce
1405 4245 1490 4286 soit
1515 4258 1592 4285 en¬

566 4313 702 4355 levée.
740 4315 773 4355 Il
807 4315 974 4355 évitera
1007 4316 1120 4355 ainsi
1156 4315 1318 4356 l’envoi
1355 4315 1409 4356 de
1442 4315 1592 4356 lettres

564 4386 641 4438 qui
675 4384 932 4427 n’auraient
959 4384 1062 4440 plus
1091 4399 1243 4427 aucun
1273 4384 1356 4427 but
1384 4391 1426 4428 et
1484 4400 1592 4428 aux¬

564 4456 751 4508 quelles,
786 4471 867 4510 par
896 4456 1052 4498 devoir
1082 4458 1136 4498 de
1167 4458 1391 4511 politesse,
1427 4460 1455 4498 il
1518 4460 1591 4498 de¬

561 4528 679 4570 vrait
707 4527 933 4583 répondre
967 4542 975 4578 ;

620 4603 663 4640 5°
694 4602 770 4642 Les
796 4614 1028 4642 annonces
1054 4607 1154 4642 sont
1183 4602 1237 4642 de
1264 4602 1331 4642 six
1358 4602 1504 4656 lignes
1531 4616 1588 4643 au

556 4672 835 4714 maximum.
879 4672 955 4713 Les
992 4671 1140 4727 lignes
1176 4672 1587 4728 supplémentaires

558 4748 711 4783 seront
742 4743 902 4797 payées
931 4744 955 4783 à
987 4744 1137 4791 raison
1168 4744 1222 4784 de
1257 4759 1271 4784 1
1306 4743 1435 4787 franc
1465 4744 1504 4785 la
1540 4746 1587 4784 li¬

558 4827 647 4867 gne
679 4828 796 4867 pour
827 4814 945 4860 deux
977 4816 1109 4856 mois.
1174 4815 1234 4856 Ce
1264 4815 1381 4856 délai
1412 4816 1582 4866 écoulé,

557 4885 620 4926 les
658 4887 895 4927 intéressés
931 4886 1119 4928 doivent
1154 4887 1406 4928 demander
1443 4888 1483 4928 le
1519 4903 1583 4928 re¬

556 4958 901 4999 nouvellement
938 4972 946 5006 ;

614 5031 660 5070 0°
695 5031 748 5070 Le
778 5034 991 5071 montant
1019 5031 1095 5072 des
1124 5031 1459 5074 abonnements
1490 5032 1584 5075 doit

554 5099 644 5142 être
671 5100 848 5143 adressé
872 5115 928 5143 au
955 5099 1191 5144 Directeur
1218 5104 1278 5144 du
1335 5104 1454 5146 Trait
1482 5103 1521 5144 d’
1529 5104 1584 5144 li¬

555 5184 664 5213 mon
692 5187 748 5214 en
776 5173 1004 5224 mandats,
1035 5175 1150 5215 bons
1179 5175 1232 5215 de
1259 5179 1385 5228 poste
1411 5190 1471 5216 ou
1498 5178 1582 5218 tim

552 5243 654 5285 bres
692 5258 700 5292 ;

611 5330 633 5372 7
641 5319 655 5335 0
687 5316 743 5356 La
771 5316 1003 5358 Direction
1031 5316 1260 5372 n’accepte
1286 5331 1374 5372 que
1400 5319 1476 5360 des
1503 5334 1579 5359 an¬

551 5399 720 5428 nonces
750 5388 839 5430 très
870 5389 1102 5439 sérieuses,
1136 5390 1268 5431 celles
1300 5391 1412 5432 dont
1443 5391 1483 5432 la
1514 5392 1579 5432 ré¬

548 5458 731 5500 daction
760 5471 816 5500 ne
842 5460 1120 5503 conviendra
1176 5475 1255 5516 pas
1280 5468 1434 5504 seront
1458 5463 1578 5504 refu¬

547 5531 640 5572 sées
679 5546 687 5580 ;

606 5602 631 5643 8
638 5604 652 5622 °
684 5603 751 5644 En
781 5603 984 5645 écrivant
1014 5618 1102 5645 aux
1160 5604 1378 5655 abonnés,
1414 5620 1470 5647 ne
1499 5619 1576 5662 pas

544 5679 738 5715 omettre
768 5675 824 5715 de
854 5675 1032 5716 donner
1091 5681 1219 5718 votre
1250 5678 1446 5719 numéro
1477 5692 1575 5732 per¬

543 5746 705 5787 sonnel
733 5747 849 5788 ainsi
879 5760 967 5801 que
998 5747 1206 5790 l’adresse
1235 5753 1387 5791 exacte
1415 5755 1458 5791 et
1485 5751 1574 5792 très

543 5817 691 5859 lisible
710 5824 752 5859 et
771 5819 811 5859 le
831 5832 942 5860 nom
963 5819 1022 5860 du
1046 5819 1442 5874 département.Le
1462 5836 1572 5864 nom

540 5887 595 5929 de
623 5889 838 5931 l’abonné
866 5895 907 5931 et
936 5890 976 5931 le
1006 5891 1200 5934 numéro
1228 5906 1335 5934 avec
1363 5892 1512 5948 lequel
1540 5894 1572 5935 il

544 5966 651 6000 veut
687 5961 1019 6014 correspondre
1056 5963 1151 6003 doit
1187 5963 1280 6003 être
1316 5963 1427 6004 écrit
1463 5966 1485 6004 à
1524 5964 1564 6004 la

540 6028 701 6084 plume
738 6031 850 6072 dans
887 6030 1138 6075 l’intérieur
1174 6034 1228 6075 de
1265 6034 1304 6075 la
1342 6035 1568 6090 première

535 6103 803 6156 enveloppe,
837 6104 947 6145 celle
978 6107 1055 6159 qui
1087 6111 1152 6147 est
1182 6106 1384 6147 adressée
1415 6123 1470 6149 au
1502 6108 1567 6150 di¬

535 6178 711 6215 recteur
734 6179 774 6216 et
799 6175 892 6215 doit
916 6174 1010 6219 être
1033 6176 1242 6218 déchirée
1271 6191 1279 6226 ;

594 6258 618 6300 9
623 6248 639 6264 0
671 6246 740 6286 On
772 6252 880 6300 peut
935 6248 1263 6302 correspondre
1322 6250 1344 6289 à
1406 6248 1447 6290 la
1477 6250 1563 6291 fois

532 6327 639 6357 avec
667 6316 892 6371 plusieurs
920 6318 1124 6360 abonnés
1162 6334 1170 6368 ;

600 6391 669 6428 io°
701 6388 758 6428 La
788 6388 891 6442 plus
919 6390 1212 6433 élémentaire
1242 6393 1450 6444 politesse
1479 6394 1562 6434 fait

529 6472 592 6499 un
619 6460 776 6503 devoir
800 6475 889 6503 aux
914 6462 1117 6504 abonnés
1142 6463 1197 6505 de
1220 6464 1446 6518 répondre
1471 6481 1558 6508 aux

529 6530 678 6574 lettres
707 6546 878 6584 reçues.
940 6534 1022 6576 Pas
1051 6535 1164 6578 n’est
1191 6536 1350 6578 besoin
1379 6537 1432 6579 de
1460 6539 1556 6580 lon¬

526 6615 638 6656 gues
672 6604 858 6658 phrases
892 6604 1006 6648 dans
1070 6608 1264 6651 certains
1299 6622 1387 6650 cas.
1428 6609 1555 6652 Deux

524 6678 643 6716 mots
671 6675 883 6718 suffisent
919 6691 927 6726 ;

589 6749 661 6788 ii°
699 6747 839 6790 Toute
874 6747 1003 6792 lettre
1039 6751 1114 6804 qui
1154 6766 1269 6794 nous
1304 6758 1368 6795 est
1404 6754 1552 6796 adres¬

519 6818 590 6858 sée
622 6819 1046 6872 personnellement
1107 6828 1149 6863 et
1209 6826 1287 6876 qui
1324 6825 1549 6868 demande

1672 597 1763 624 une
1796 584 1988 639 réponse
2052 585 2141 624 doit
2210 585 2302 626 être
2365 586 2701 639 accompagnée

1672 655 1783 695 d’un
1812 655 1981 696 timbre
2010 656 2063 696 de
2099 670 2147 695 10
2175 656 2412 698 centimes.

1726 727 1786 764 Ne
1811 736 1890 774 pas
1914 727 2088 764 oublier
2114 727 2175 765 les
2198 727 2387 766 timbres
2410 727 2699 775 obligatoires

1672 800 1786 838 pour
1818 792 1858 830 la
1888 791 2110 839 première
2138 794 2179 830 et
2210 793 2250 831 la
2279 791 2516 831 deuxième
2572 801 2700 831 enve¬

1675 856 1843 903 loppes.

1674 1082 2142 1183 Immeubles
2194 1092 2268 1184 et
2322 1084 2700 1185 Terrains

1975 1247 2023 1300 A
2075 1248 2403 1302 VENDRE

1677 1447 1789 1479 Tous
1819 1448 1875 1480 les
1908 1447 2267 1488 renseignements
2296 1450 2391 1483 sont
2422 1447 2581 1483 donnés
2610 1456 2703 1489 gra¬

1723 1500 1946 1535 tuitement
1971 1499 1998 1534 à
2024 1502 2063 1534 la
2088 1508 2108 1533 «
2138 1502 2478 1542 Rapide-Agence
2506 1510 2540 1542 »,
2566 1502 2602 1542 9,
2631 1508 2702 1535 rue

1724 1553 1772 1586 de
1800 1555 1840 1587 la
1870 1555 2003 1587 Poste.

1843 1672 1903 1711 De
1936 1672 2109 1718 100,000
2142 1674 2199 1711 fr.
2234 1675 2275 1711 et
2308 1672 2546 1712 au-dessus

1736 1759 1961 1800 MAISON
1992 1760 2132 1802 située
2160 1773 2241 1803 rue
2271 1761 2428 1802 Alsace
2461 1775 2470 1810 ;
2498 1762 2588 1802 très
2618 1762 2707 1802 bel¬

1679 1820 1718 1860 le
1745 1819 2051 1860 construction
2080 1820 2135 1860 de
2160 1820 2307 1872 grand
2334 1822 2534 1872 rapport,
2564 1823 2706 1862 située

1679 1880 1704 1919 à
1730 1880 1893 1931 l’angle
1918 1880 1972 1920 de
1998 1880 2116 1920 deux
2142 1892 2259 1921 rues.
2287 1882 2472 1921 Revenu
2497 1883 2646 1929 22,000
2672 1882 2702 1920 f.

1733 1939 1794 1979 M.
1824 1942 1888 1979 69.
2239 1941 2360 1988 Prix,
2391 1942 2566 1988 400,000
2592 1942 2648 1980 fr.

1870 2036 1930 2076 De
1966 2038 2087 2083 1,000
2122 2035 2148 2075 à
2183 2038 2330 2084 20,000
2364 2038 2519 2075 francs

1735 2130 2067 2170 PROPRIÉTÉ
2104 2130 2129 2170 à
2166 2130 2403 2180 Cugnaux,
2440 2130 2615 2171 maison
2652 2142 2706 2171 ae

1680 2190 1865 2230 maîtres
1894 2190 2123 2230 meublées
2156 2202 2164 2238 ;
2193 2190 2368 2230 maison
2398 2191 2451 2231 de
2506 2190 2633 2232 colon
2663 2192 2706 2232 et

1679 2249 2010 2300 dépendances,
2106 2250 2222 2299 chai,
2288 2250 2463 2299 foudre,
2528 2251 2700 2300 cheval,

1679 2310 1858 2358 breack,
1890 2310 2144 2357 charreton,
2174 2310 2324 2358 outils,
2356 2310 2436 2350 etc.
2468 2310 2583 2361 Cinq
2638 2323 2703 2351 ar¬

1679 2370 1810 2422 pents
1840 2370 1864 2422 \
1895 2370 2004 2410 dont
2035 2370 2139 2419 cinq
2171 2380 2226 2410 en
2259 2370 2392 2420 vigne
2423 2370 2545 2420 plein
2606 2382 2704 2420 rap¬

1678 2431 1794 2479 port.

1733 2489 1855 2536 Prix,
1887 2491 2036 2536 20,000
2067 2488 2122 2528 fr.
2475 2490 2523 2529 P.
2555 2491 2646 2531 210.

1733 2565 1959 2606 MAISON
1992 2576 2100 2606 avec
2130 2566 2297 2615 jardin,
2333 2567 2359 2606 à
2391 2567 2703 2608 Tournefeuil-

1678 2625 1732 2673 le,
1764 2637 1820 2667 au
1849 2627 2015 2675 centre,
2047 2626 2446 2675 rez-de-chaussée,
2475 2626 2585 2668 trois
2612 2628 2702 2678 piè¬

1678 2696 1750 2725 ces
1784 2698 1792 2734 ;
1823 2686 2035 2736 premier,
2070 2686 2179 2727 trois
2208 2687 2370 2738 pièces.
2407 2683 2559 2726 Grand
2615 2687 2702 2735 jar¬

1678 2744 1771 2791 din,
1806 2746 1962 2786 arbres
1992 2745 2210 2795 fruitiers,
2244 2746 2494 2796 fourrages,
2527 2748 2702 2788 ombra¬

1676 2814 1744 2854 ge.

1732 2864 1779 2903 P.
1811 2866 1903 2904 212.
2286 2866 2407 2915 Prix,
2439 2867 2560 2914 9,500
2591 2867 2645 2906 fr.

1718 3035 2650 3162 PROPRIÉTÉS

1976 3206 2023 3258 A
2071 3204 2398 3258 VENDRE

1864 3386 1924 3424 De
1954 3387 2100 3431 21,000
2128 3385 2154 3425 à
2183 3388 2331 3434 40,000
2359 3387 2514 3426 francs

1730 3478 2078 3527 PROPRIÉTÉ,
2138 3479 2163 3519 à
2223 3483 2271 3520 10
2328 3480 2588 3522 kilomètres
2644 3482 2699 3522 de

1675 3538 1916 3587 Toulouse,
1950 3539 2126 3580 maison
2186 3541 2239 3580 de
2271 3540 2432 3580 maître
2463 3541 2505 3581 et
2535 3540 2698 3592 dépen¬

1672 3598 1852 3647 dances,
1884 3600 1932 3638 12
1956 3600 2139 3650 arpents
2164 3596 2274 3640 dont
2298 3602 2322 3640 8
2347 3600 2369 3652 \
2394 3612 2448 3640 en
2473 3601 2631 3651 vignes
2656 3614 2698 3642 et

1672 3658 1811 3699 terres
1838 3659 2012 3698 labour.

1727 3716 1774 3756 P.
1810 3719 1898 3758 146.
2251 3718 2374 3768 Prix,
2406 3722 2555 3768 35,000
2584 3720 2639 3760 fr.

1726 3795 1760 3832 A
1792 3795 2043 3843 VENDRE,
2078 3796 2244 3835 terrain
2278 3798 2398 3844 8,200
2427 3798 2568 3838 mètre
2572 3800 2582 3836 !
2586 3810 2592 3818 1
2623 3808 2675 3837 en

1671 3852 1815 3901 viron,
1844 3853 1870 3893 à
1895 3852 2144 3896 l’intérieur
2170 3853 2226 3895 de
2251 3855 2295 3894 la
2319 3855 2440 3903 ville,
2470 3866 2578 3896 avec
2603 3868 2695 3896 ma¬

1671 3911 1796 3951 tériel
1822 3912 2019 3963 complet
2042 3915 2243 3963 pouvant
2268 3914 2411 3954 servir
2435 3927 2523 3954 aux
2548 3916 2695 3964 repré¬

1670 3971 1918 4012 sentations
1982 3972 2239 4020 théâtrales,
2276 3974 2691 4024 cinématographe,

1668 4031 1839 4079 cirque,
1870 4032 1948 4071 etc.

1724 4090 1771 4130 P.
1803 4093 1890 4131 167.
2237 4092 2344 4132 Prix
2370 4094 2395 4132 à
2420 4094 2636 4135 débattre.

1856 4205 1917 4244 De
1946 4206 2094 4251 41,000
2122 4204 2147 4244 à
2176 4208 2324 4252 60,000
2352 4207 2506 4246 francs

1720 4297 2004 4347 DOMAINE,
2034 4299 2088 4340 de
2116 4300 2316 4351 rapport,
2346 4300 2460 4341 situé
2488 4302 2591 4352 près
2616 4311 2691 4343 n,e-

1664 4358 1847 4407 guevin,
1871 4360 1922 4396 65
1944 4359 2146 4399 hectares
2167 4360 2335 4400 terrain
2359 4360 2412 4400 de
2434 4360 2580 4401 toutes
2600 4362 2690 4401 cul¬

1666 4418 1803 4458 tures.
1865 4418 2034 4458 Affaire
2092 4419 2171 4458 des
2229 4419 2334 4471 plus
2365 4421 2690 4470 avantageuses

1664 4487 1771 4515 avec
1799 4477 2004 4518 facilités.

1718 4535 1766 4575 P.
1801 4538 1889 4576 121.
2244 4538 2366 4587 Prix,
2399 4540 2547 4587 45,000
2578 4540 2632 4580 fr.

1718 4614 1992 4654 CHATEAU
2019 4615 2134 4654 dans
2162 4615 2200 4656 le
2231 4616 2354 4668 Ge.rs,
2383 4628 2436 4656 en
2467 4617 2552 4657 bon
2582 4618 2683 4667 état,

1662 4675 1712 4712 48
1740 4674 1956 4723 hectares,
1987 4675 2104 4726 prés,
2135 4675 2294 4727 vignes
2326 4688 2334 4725 ;
2390 4676 2603 4719 chef-lieu
2634 4679 2687 4719 de

1662 4733 1823 4773 canton
1851 4734 1876 4773 à
1902 4735 2158 4784 proximité.

1717 4791 1822 4832 Prix
1851 4806 1858 4832 :
1882 4795 2031 4842 50,000
2054 4794 2126 4843 fr.,
2152 4795 2262 4835 dont
2283 4798 2432 4844 35,000
2456 4795 2511 4836 fr.
2537 4807 2687 4847 comp¬

1661 4852 1771 4891 tant.
2455 4856 2503 4896 P.
2541 4859 2630 4896 153.

1822 4959 1882 4998 De
1911 4960 2059 5006 61,000
2087 4958 2113 4998 à
2143 4960 2316 5007 100,000
2344 4960 2498 5000 francs

1712 5051 2060 5102 PROPRIÉTÉ,
2087 5054 2112 5092 à
2136 5055 2184 5094 12
2208 5055 2468 5095 kilomètres
2491 5055 2546 5096 de
2570 5056 2683 5096 Tou¬

1658 5111 1796 5160 louse,
1827 5124 1932 5152 avec
1987 5114 2191 5162 château,
2220 5126 2328 5166 parc
2355 5126 2462 5155 avec
2514 5117 2683 5166 grands

1656 5171 1811 5211 arbres
1842 5184 1850 5219 ;
1876 5172 1992 5219 chai,
2022 5172 2185 5220 écurie,
2215 5175 2392 5223 remise,
2422 5175 2598 5226 cheptel
2624 5188 2680 5215 au

1655 5231 1852 5282 complet
1884 5244 1892 5280 ;
1947 5234 1998 5270 50
2052 5232 2255 5272 hectares
2309 5234 2448 5274 terres
2504 5235 2678 5283 labour,

1654 5290 1860 5340 prairies,
1890 5292 2001 5339 bois,
2028 5291 2188 5342 vignes
2214 5304 2330 5343 pour
2382 5294 2427 5332 la
2477 5306 2679 5335 consom¬

1655 5350 1843 5399 mation;
1875 5353 1899 5391 2
1930 5351 2134 5392 hectares
2165 5352 2419 5394 arrosables
2477 5365 2559 5404 par
2591 5367 2678 5395 une

1654 5409 1795 5450 noria.

1707 5468 1754 5509 P.
1788 5472 1878 5510 123.
2233 5472 2355 5520 Prix,
2387 5475 2536 5522 90,000
2567 5473 2620 5513 fr.

1705 5547 2038 5588 PROPRIÉTÉ
2072 5560 2160 5588 non
2222 5550 2313 5589 loin
2347 5550 2402 5590 de
2434 5551 2674 5599 Toulouse,

1652 5606 1826 5647 maison
1852 5607 1907 5648 de
1931 5607 2092 5648 maître
2118 5607 2171 5649 de
2195 5608 2263 5651 six
2288 5608 2435 5660 pièces
2459 5620 2564 5652 avec
2586 5611 2676 5661 jar¬

1649 5666 1744 5714 din,
1773 5678 1883 5707 cour
1908 5668 1951 5707 et
1977 5668 2141 5707 remise
2167 5667 2194 5708 à
2222 5671 2240 5707 1
2270 5668 2509 5709 kilomètre
2534 5671 2578 5710 et
2603 5671 2676 5711 de¬

1647 5726 1710 5766 mi
1736 5726 1797 5767 du
1822 5726 2034 5768 domaine
2064 5739 2071 5776 ;
2098 5728 2371 5769 contenance
2397 5730 2448 5768 40
2472 5730 2670 5779 arpents,

1647 5787 1736 5827 très
1762 5786 1851 5827 bon
1904 5787 2089 5836 terrain,
2119 5799 2226 5829 avec
2278 5788 2451 5830 laiterie
2478 5791 2670 5838 montée,

1650 5848 1695 5884 14
1720 5847 1883 5887 vaches
1908 5859 1961 5887 en
1988 5848 2188 5898 rapport.
2216 5848 2442 5889 Affermée
2466 5850 2588 5896 4,000
2614 5850 2668 5888 fr.

1807 5972 1867 6010 De
1900 5972 2074 6018 100,000
2106 5970 2161 6008 fr.
2199 5974 2240 6011 et
2272 5972 2511 6011 au-dessus

1697 6063 2045 6115 PROPRIÉTÉ,
2070 6066 2185 6107 dans
2206 6067 2248 6108 le
2270 6067 2406 6115 Tarn,
2432 6066 2459 6106 à
2479 6067 2557 6106 800
2578 6070 2668 6108 mè¬

1642 6124 1730 6164 tres
1758 6124 1893 6166 d’une
1922 6136 2042 6175 gare,
2076 6126 2251 6167 maison
2282 6128 2338 6168 de
2367 6127 2544 6174 maître,
2577 6128 2666 6167 mé¬

1640 6183 1770 6224 tairie
1801 6186 1843 6225 et
1900 6184 2230 6236 dépendances,
2291 6184 2531 6236 superficie
2591 6188 2666 6227 105

1639 6244 1855 6292 hectares,
1888 6244 2057 6284 terrain
2088 6244 2143 6285 de
2172 6246 2371 6296 premier
2400 6244 2548 6294 choix,
2580 6247 2663 6287 ter¬

1637 6314 1707 6343 res
1734 6303 1910 6352 labour,
1967 6303 2158 6354 prairies
2186 6307 2227 6347 et
2280 6303 2392 6354 bois,
2450 6304 2662 6347 affermée

1635 6365 1758 6410 6.000
1787 6364 1840 6404 fr.
1874 6364 1948 6404 net
2003 6364 2230 6415 d’impôts,
2263 6366 2370 6416 peut
2425 6367 2662 6416 rapporter

1634 6423 1756 6470 9.000
1784 6423 1838 6463 fr.

1687 6482 1735 6522 P.
1766 6484 1854 6524 187.
2195 6484 2318 6535 Prix,
2348 6487 2521 6534 150,000
2546 6485 2602 6527 fr.

1684 6651 1839 6691 Grand
1894 6651 2023 6691 choix
2078 6652 2130 6692 de
2175 6664 2183 6692 :
2226 6652 2370 6700 Cafés,
2430 6653 2652 6703 Buvettes,

1632 6711 1755 6757 Bars,
1784 6713 2091 6758 Restaurants,
2118 6712 2284 6759 Hôtels,
2311 6712 2511 6751 Maisons
2534 6722 2655 6753 meu¬

1628 6768 1763 6816 blées,
1806 6771 2044 6818 Epiceries,
2086 6772 2339 6819 Merceries,
2407 6772 2649 6823 Lingeries,

1628 6831 1837 6870 Bureaux
1875 6831 1927 6870 de
1962 6831 2126 6878 Tabac,
2167 6831 2419 6880 Pâtisserie,
2460 6834 2652 6873 Boulan¬

2775 586 2912 634 gerie,
2977 587 3219 635 Coiffeurs,
3284 591 3602 639 Associations,
3640 591 3805 631 Ofnces

2778 645 3070 686 ministériels
3104 650 3146 686 et
3183 648 3468 690 Commerces
3503 651 3667 690 divers.

2832 704 3083 746 S’adresser
3130 716 3138 744 :
3186 708 3400 748 RAPIDE
3459 710 3703 758 AGENCE,
3763 714 3800 759 9,

2776 775 2855 803 rue
2886 765 2938 803 de
2970 767 3010 804 la
3041 768 3183 814 Poste,
3215 767 3456 807 Toulouse.

2774 939 3141 1040 OFFRES
3206 940 3409 1043 AUX
3476 941 3807 1044 DAMES

2832 1159 2968 1205 5.753.
2996 1159 3050 1196 —
3076 1159 3206 1206 Veuf,
3235 1160 3286 1198 28
3312 1171 3408 1208 ans,
3439 1159 3683 1211 possédant
3710 1173 3808 1211 pro¬

2781 1216 2946 1266 priétés
2975 1229 3028 1258 en
3059 1218 3218 1268 vignes
3246 1219 3451 1259 donnant
3480 1219 3668 1260 environ
3700 1221 3754 1262 de
3784 1224 3808 1261 5

2780 1276 2805 1315 à
2828 1278 2907 1315 600
2959 1276 3125 1326 hectos,
3154 1278 3410 1328 épouserait
3435 1279 3696 1319 demoiselle
3749 1292 3807 1320 ou

2763 1327 2922 1375 'veuve
2947 1347 3053 1376 sans
3078 1336 3274 1386 enfants,
3303 1338 3498 1379 sérieuse
3524 1339 3567 1378 et
3592 1347 3727 1388 ayant
3752 1352 3808 1380 si¬

2779 1395 2970 1435 tuation.
3008 1397 3045 1435 A
3082 1408 3169 1436 une
3203 1398 3470 1439 charmante
3504 1398 3662 1438 fillette
3695 1399 3750 1440 de
3783 1409 3808 1439 a

2779 1466 2874 1494 ans.

2832 1534 2967 1579 5.754.
2993 1534 3047 1571 —
3072 1534 3202 1582 Veuf,
3231 1546 3335 1574 sans
3362 1547 3538 1575 aucune
3563 1535 3727 1584 charge
3752 1536 3806 1576 de

2780 1591 2971 1641 famille,
2998 1595 3048 1632 39
3074 1605 3170 1642 ans,
3198 1594 3334 1644 ayant
3359 1595 3474 1635 belle
3500 1594 3715 1635 situation
3743 1596 3807 1635 in¬

2779 1651 3014 1692 dustrielle
3039 1654 3080 1693 et
3104 1653 3332 1703 capitaux,
3359 1654 3616 1704 épouserait
3640 1654 3808 1695 demoi¬

2780 1711 2887 1751 selle
2912 1711 2967 1752 de
2991 1714 3042 1752 25
3068 1712 3093 1752 à
3118 1715 3168 1751 35
3194 1724 3290 1760 ans,
3319 1711 3422 1753 bien
3450 1726 3555 1754 sous
3580 1715 3680 1754 tous
3707 1727 3807 1765 rap¬

2779 1772 2918 1820 ports,
2946 1783 3052 1812 avec
3075 1772 3166 1811 dot.

2831 1850 2966 1896 5.755.
2999 1851 3054 1888 —
3110 1851 3254 1889 Jeune
3288 1851 3485 1899 homme,
3521 1851 3632 1899 seul,
3669 1851 3802 1900 brun,

2782 1908 2975 1956 sérieux,
3014 1911 3066 1948 30
3102 1921 3198 1957 ans,
3239 1910 3387 1951 bonne
3425 1911 3615 1958 famille,
3655 1912 3802 1960 possé¬

2779 1968 2888 2006 dant
2916 1979 3004 2007 une
3032 1968 3259 2018 propriété
3287 1968 3507 2008 excellent
3534 1970 3623 2008 état
3651 1970 3807 2010 valant

2778 2028 2927 2075 70.000
2958 2026 3031 2076 fr.,
3066 2028 3154 2068 très
3186 2027 3288 2068 bien
3322 2027 3478 2078 située,
3512 2029 3658 2071 désire
3690 2041 3804 2080 pour

2779 2086 2980 2136 mariage
3010 2088 3146 2137 jeune
3177 2088 3271 2127 fille
3330 2091 3378 2128 18
3407 2090 3434 2128 à
3462 2091 3513 2128 28
3543 2100 3639 2137 ans,
3700 2090 3802 2129 bien

2779 2156 2883 2185 sous
2908 2147 3008 2187 tous
3033 2148 3257 2196 rapports,
3286 2148 3422 2196 ayant
3446 2148 3522 2187 dot
3546 2147 3806 2198 équivalen¬

2778 2205 2818 2244 te
2842 2205 2951 2244 dont
2976 2216 3064 2246 une
3088 2204 3233 2255 partie
3258 2207 3463 2255 pourrait
3486 2207 3578 2247 être
3603 2218 3656 2247 en
3682 2208 3803 2258 espé¬

2778 2275 2926 2314 rance,
2956 2265 3130 2306 aimant
3156 2266 3282 2306 vivre
3310 2266 3335 2305 à
3362 2267 3405 2307 la
3432 2278 3683 2318 campagne
3710 2268 3751 2308 et
3778 2268 3803 2308 à

2776 2324 3004 2375 s’occuper
3032 2326 3087 2366 de
3115 2336 3194 2365 son
3224 2326 3456 2367 intérieur.

2830 2403 2964 2448 5.759.
2990 2403 3044 2440 —
3066 2403 3210 2442 Jeune
3235 2403 3431 2451 homme,
3458 2406 3509 2443 34
3532 2415 3628 2451 ans,
3655 2405 3803 2444 catho¬

2776 2459 2914 2510 lique,
2943 2460 3168 2511 physique
3194 2461 3418 2511 agréable,
3447 2463 3534 2502 bon
3562 2464 3799 2514 caractère,

2776 2520 2914 2571 ayant
2946 2520 3161 2560 situation
3195 2521 3413 2562 d’officier
3446 2522 3715 2563 ministériel
3748 2532 3803 2565 de

2774 2582 2898 2628 3.000
2919 2580 2991 2629 fr.,
3018 2582 3129 2632 petit
3150 2580 3275 2620 avoir
3298 2582 3341 2621 et
3362 2583 3641 2632 espérances,
3666 2584 3800 2634 épou¬

2775 2640 2911 2680 serait
2939 2640 3201 2682 demoiselle
3230 2652 3336 2682 avec
3366 2643 3454 2683 dot.

2828 2719 2963 2764 5.760.
3001 2719 3055 2758 —
3091 2718 3374 2768 Célibataire,
3414 2722 3464 2759 50
3499 2731 3595 2768 ans,
3635 2731 3687 2759 en
3726 2731 3800 2770 pa¬

2776 2776 2970 2817 raissant
2991 2780 3055 2826 40,
3080 2778 3255 2819 famille
3276 2779 3539 2828 honorable,
3564 2779 3667 2819 bien
3691 2779 3802 2831 phy¬

2775 2836 3046 2887 siquement,
3083 2838 3231 2879 bonne
3263 2839 3518 2887 éducation,
3555 2839 3797 2888 bachelier,

2775 2895 3012 2944 musicien,
3044 2898 3194 2945 40,000
3224 2898 3280 2936 fr.
3314 2898 3367 2938 de
3399 2896 3663 2948 propriétés,
3696 2898 3800 2948 plus

2774 2955 2988 2995 situation
3027 2956 3376 3007 indépendante,
3415 2957 3563 2998 désire
3598 2958 3799 3011 mariage

2771 3027 2825 3055 en
2856 3016 3055 3066 rapport.

2826 3095 2962 3140 5.761.
2991 3118 3044 3122 —
3072 3095 3202 3142 Veuf,
3234 3095 3284 3132 49
3312 3106 3407 3143 ans,
3439 3096 3559 3144 bien,
3590 3098 3711 3144 3,000
3740 3098 3795 3136 fr.

2774 3163 2855 3203 par
2884 3163 2956 3199 an,
2988 3164 3050 3192 un
3080 3154 3154 3194 fils
3182 3154 3319 3204 ayant
3346 3155 3539 3195 carrière
3568 3156 3611 3194 et
3638 3168 3718 3206 pas
3747 3157 3772 3195 à

2772 3214 2952 3262 charge,
2978 3213 3234 3263 épouserait
3257 3225 3480 3264 personne
3504 3215 3640 3264 ayant
3663 3216 3799 3256 situa¬

2773 3272 2865 3311 tion
2896 3282 2950 3311 en
2982 3273 3182 3322 rapport.
3215 3274 3336 3314 Offre
3367 3274 3408 3314 et
3437 3274 3660 3316 demande
3691 3275 3796 3316 bon¬

2771 3343 2851 3372 nes
2876 3330 3142 3372 références.

2824 3411 2959 3456 6,000.
2981 3411 3034 3448 —
3058 3408 3314 3459 Négociant,
3338 3414 3389 3451 30
3410 3423 3506 3459 ans,
3531 3412 3664 3459 brun,
3690 3413 3795 3452 bon¬

2772 3479 2826 3508 ne
2855 3468 3086 3518 situation,
3118 3470 3363 3511 excellente
3392 3471 3582 3519 famille,
3615 3471 3703 3512 très
3732 3474 3795 3513 sé¬

2771 3528 2914 3578 rieux,
2946 3528 3092 3570 désire
3122 3530 3322 3579 mariage
3351 3542 3458 3571 avec
3487 3530 3579 3572 fille
3607 3531 3662 3572 de
3690 3534 3740 3573 20
3770 3534 3795 3574 à

2770 3590 2820 3627 25
2840 3599 2936 3637 ans,
2958 3589 3011 3630 de
3032 3590 3180 3630 bonne
3200 3588 3389 3640 famille,
3412 3593 3548 3643 ayant
3567 3603 3624 3631 au
3646 3591 3795 3632 moins

2770 3648 2919 3695 50.000
2943 3647 2996 3687 fr.
3024 3650 3078 3688 de
3102 3648 3191 3688 dot.

2821 3726 2957 3774 5,763.
2987 3726 3041 3766 —
3070 3726 3351 3774 Célibataire,
3385 3726 3495 3774 seul,
3529 3727 3709 3775 rentier,
3742 3731 3790 3768 51

2770 3794 2864 3830 ans,
2896 3784 3141 3824 excellénte
3170 3785 3310 3832 santé,
3335 3785 3475 3833 brun,
3507 3786 3623 3827 belle
3652 3785 3789 3836 taille,

2769 3842 2858 3882 très
2879 3841 3016 3883 alerte
3036 3843 3080 3882 et
3100 3843 3219 3891 bien,
3243 3844 3332 3883 très
3355 3844 3602 3884 honorable
3623 3845 3664 3885 et
3685 3845 3792 3885 bon¬

2770 3912 2824 3940 ne
2856 3900 3044 3951 famille,
3106 3903 3242 3952 ayant
3271 3904 3392 3950 8,800
3423 3904 3478 3943 fr.
3538 3904 3591 3944 de
3623 3916 3789 3946 revenu

2768 3961 2935 4001 annuel
2968 3974 3046 4002 sur
3079 3962 3254 4002 contrat
3312 3962 3366 4003 de
3399 3963 3620 4012 première
3654 3963 3791 4013 hypo¬

2769 4020 2934 4070 thèque
2970 4022 3012 4060 et
3047 4032 3124 4061 sur
3161 4023 3408 4064 immeuble
3446 4022 3523 4063 des
3559 4022 3663 4074 plus
3700 4034 3791 4063 mo¬

2767 4079 2942 4127 dernes,
2980 4080 3235 4130 épouserait
3271 4081 3531 4123 demoiselle
3565 4095 3622 4123 ou
3659 4083 3791 4123 dame

2766 4150 2907 4180 veuve
2932 4139 2986 4181 de
3012 4140 3221 4180 moralité
3247 4139 3584 4191 irréprochable
3610 4143 3663 4182 de
3689 4146 3740 4184 30
3765 4144 3791 4184 à

2764 4199 2815 4236 45
2843 4210 2939 4247 ans,
2972 4200 3108 4251 ayant
3139 4211 3304 4240 revenu
3336 4200 3443 4252 quoi
3474 4200 3787 4251 qu’inférieur,

2763 4258 2895 4307 goûts
2919 4259 3120 4310 simples.

2816 4336 2951 4382 5.766.
2979 4338 3032 4376 —
3059 4338 3202 4376 Jeune
3231 4338 3428 4384 homme,
3456 4341 3508 4378 29
3535 4351 3630 4388 ans,
3660 4339 3788 4380 culti¬

2763 4394 2920 4435 vateur
2979 4396 3091 4436 dans
3122 4398 3162 4438 le
3192 4396 3624 4446 Tarn-et-Garonne,
3684 4399 3786 4439 bien

2763 4466 2868 4494 sous
2896 4455 2996 4495 tous
3026 4456 3088 4495 les
3144 4458 3367 4507 rapports,
3427 4456 3692 4496 travailleur
3748 4460 3789 4498 et

2761 4515 2990 4564 économe,
3023 4515 3280 4566 épouserait
3310 4516 3573 4558 demoiselle
3603 4527 3660 4556 ou
3692 4516 3787 4567 jeu¬

2763 4586 2817 4614 ne
2844 4586 2999 4616 veuve.

2814 4653 2947 4699 5.767.
2974 4652 3028 4692 —
3052 4652 3195 4692 Jeune
3223 4654 3419 4704 homme,
3447 4654 3583 4704 brun,
3610 4656 3660 4695 26
3687 4667 3783 4704 ans,

2760 4711 3072 4762 propriétaire,
3136 4712 3380 4755 excellente
3415 4715 3590 4755 famille
3651 4715 3783 4764 aisée,

2759 4771 3015 4820 épouserait
3043 4772 3179 4822 jeune
3208 4771 3300 4811 fille
3330 4775 3466 4824 ayant
3494 4775 3570 4814 dot
3598 4787 3654 4815 ou
3686 4787 3785 4826 pro¬

2760 4830 2915 4880 priété.
2951 4831 3006 4872 Se
3036 4832 3275 4883 déplacera
3304 4833 3345 4872 et
3375 4846 3431 4872 au
3464 4835 3617 4874 besoin
3649 4836 3784 4875 chan¬

2757 4899 2867 4940 gera
2890 4890 2946 4930 de
2974 4891 3203 4931 situation.

2810 4969 2943 5015 5.771.
2978 4970 3032 5007 —
3094 4969 3308 5018 Employé
3368 4970 3780 5012 d’administration

2755 5027 2991 5079 publique,
3015 5028 3290 5078 célibataire,
3314 5030 3366 5069 39
3386 5041 3482 5079 ans,
3507 5031 3779 5082 catholique,

2756 5087 2879 5128 taille
2911 5100 3148 5139 moyenne,
3208 5089 3406 5140 châtain,
3440 5090 3652 5132 situation
3714 5103 3782 5132 ac¬

2755 5147 2891 5187 tuelle
2918 5148 2971 5188 de
2998 5151 3119 5195 3,000
3145 5150 3248 5190 fr.et
3274 5152 3552 5201 espérances,
3583 5151 3778 5199 retraite,

2758 5207 3015 5256 épouserait
3050 5208 3326 5256 demoiselle,
3366 5210 3502 5259 jeune
3538 5222 3680 5250 veuve
3716 5221 3774 5250 ou

2755 5266 2975 5315 divorcée,
3010 5267 3112 5306 bien
3171 5267 3332 5314 élevée,
3395 5268 3563 5308 femme
3620 5268 3779 5311 d’inté¬

2752 5327 2888 5375 rieur,
2914 5327 3051 5379 ayant
3074 5326 3214 5375 avoir,
3239 5326 3320 5378 âge
3343 5339 3396 5369 en
3422 5330 3622 5380 rapport.

2803 5406 2938 5452 5.772.
2972 5404 3027 5444 —-
3087 5404 3370 5455 Célibataire,
3405 5410 3456 5447 49
3488 5419 3584 5456 ans,
3620 5408 3777 5448 vivant

2752 5463 3012 5514 Amérique,
3052 5464 3178 5504 avoir
3215 5467 3360 5512 10,000
3398 5466 3471 5514 fr.,
3510 5467 3775 5516 espérances

2750 5535 2804 5562 en
2836 5526 2860 5562 5
2891 5534 2948 5562 ou
2980 5526 3004 5563 6
3035 5535 3116 5565 ans
3148 5526 3296 5571 40,000
3328 5523 3402 5573 fr.,
3436 5524 3687 5575 propriétés
3719 5526 3775 5566 ici

2750 5582 2982 5623 d’environ
3016 5584 3163 5632 10,000
3194 5582 3267 5633 fr.,
3302 5583 3447 5627 désire
3478 5584 3668 5637 épouser
3700 5585 3775 5628 da¬

2749 5654 2821 5681 me
2846 5654 2903 5681 ou
2930 5642 3191 5682 demoiselle
3216 5644 3270 5683 de
3296 5644 3445 5683 moins
3470 5644 3524 5684 de
3549 5647 3600 5683 45
3626 5656 3707 5685 ans
3732 5647 3775 5687 et

2747 5700 2849 5740 d’au
2879 5701 3029 5742 moins
3057 5703 3207 5750 50,000
3236 5702 3291 5742 fr.
3324 5702 3378 5744 de
3408 5703 3484 5744 dot
3512 5704 3592 5755 qui
3622 5706 3772 5746 seront

2747 5760 3026 5815 quadruplés
3049 5774 3103 5803 en
3126 5764 3150 5803 5
3171 5774 3228 5804 ou
3251 5766 3275 5803 6
3298 5775 3394 5806 ans.
3417 5788 3471 5794 —
3494 5782 3511 5800 «
3536 5764 3708 5816 Urgent
3733 5783 3767 5807 ».

2798 5840 2931 5887 5.773.
2954 5842 3008 5879 —
3030 5842 3159 5888 Veuf,
3183 5843 3231 5880 57
3254 5852 3350 5890 ans,
3374 5844 3495 5890 4,000
3518 5842 3571 5880 fr.
3596 5843 3651 5883 de
3672 5855 3770 5883 ren¬

2744 5899 2784 5939 te
2811 5911 2866 5940 en
2895 5900 3054 5951 argent
3080 5900 3123 5940 et
3151 5899 3436 5950 immeubles,
3468 5902 3539 5942 bel
3568 5902 3766 5953 homme,

2743 5959 2831 5999 très
2856 5960 3066 6008 honnête,
3095 5959 3264 6010 fatigué
3288 5960 3343 6001 de
3367 5960 3492 6002 vivre
3516 5962 3628 6010 seul,
3656 5963 3768 6004 dési¬

2743 6031 2788 6059 re
2824 6019 3150 6070 correspondre
3186 6031 3291 6060 avec
3327 6032 3551 6072 personne
3586 6021 3688 6062 bien
3725 6024 3767 6064 et

2740 6079 2795 6119 de
2830 6079 2979 6120 bonne
3013 6079 3238 6120 conduite.
3304 6081 3549 6132 Répondra
3582 6082 3609 6120 à
3643 6082 3766 6124 toute

2739 6148 2962 6187 personne
2994 6140 3204 6180 sérieuse.
3238 6163 3292 6168 —
3324 6140 3475 6182 Ecrire
3508 6152 3562 6182 en
3598 6140 3765 6183 faisant

2739 6198 2971 6240 connaître
2999 6199 3228 6240 situation.

2788 6278 2923 6324 5.775.
2953 6276 3007 6316 —
3035 6276 3318 6327 Célibataire,
3348 6280 3399 6318 46
3427 6290 3522 6327 ans,
3555 6280 3675 6327 1,000
3703 6278 3758 6319 fr.

2736 6335 2790 6376 de
2822 6335 2962 6385 rente,
2998 6336 3144 6378 désire
3176 6350 3318 6379 veuve
3351 6348 3456 6379 sans
3488 6338 3670 6379 enfants
3703 6350 3759 6380 ou

2735 6395 2996 6437 demoiselle
3026 6397 3080 6437 de
3110 6399 3160 6436 40
3190 6398 3216 6436 à
3244 6399 3296 6436 44
3326 6410 3422 6447 ans,
3455 6410 3562 6439 avec
3592 6400 3670 6439 800
3700 6398 3755 6440 fr.

2731 6455 2787 6496 de
2815 6456 2940 6496 rente
2974 6470 2983 6506 ;
3012 6456 3212 6508 prendra
3240 6456 3409 6499 femme
3438 6459 3567 6500 tâche
3595 6459 3651 6499 de
3678 6458 3756 6499 vin

2731 6526 2787 6555 ou
2822 6515 3096 6566 légèrement
3129 6516 3343 6558 boiteuse.

2782 6595 2918 6643 5.776.
2942 6596 2996 6633 —
3020 6594 3346 6644 Fonctionaire,
3371 6596 3423 6636 43
3446 6607 3542 6644 ans,
3568 6595 3753 6647 appoin¬

2730 6653 2921 6694 tements
2979 6656 3102 6703 3,000
3132 6654 3187 6694 fr.
3223 6654 3411 6696 environ
3471 6656 3751 6707 espérances,

2728 6714 2874 6754 désire
2905 6714 3138 6755 connaître
3170 6714 3446 6764 demoiselle,
3480 6716 3534 6756 de
3566 6718 3616 6755 30
3647 6715 3672 6755 à
3703 6718 3754 6756 36

2727 6786 2823 6821 ans,
2847 6774 2948 6814 bien
2970 6786 3074 6814 sous
3094 6775 3195 6814 tous
3214 6776 3423 6826 rapports
3442 6776 3483 6816 et
3503 6776 3639 6827 ayant
3659 6776 3748 6816 dot.

2727 6832 2994 6875 Références
3019 6834 3209 6883 exigées.

3880 594 4129 639 —5,777.—
4152 594 4283 640 Veuf,
4311 595 4409 644 trop
4433 595 4544 643 seul,
4571 598 4622 634 59
4644 608 4740 643 ans,
4768 610 4823 638 ne
4847 598 4910 638 les

3888 651 4147 700 paraissant
4183 664 4279 703 pas,
4320 653 4390 692 bel
4428 655 4627 704 homme,
4669 656 4895 707 physique

3882 710 4106 760 agréable,
4135 712 4467 753 fonctionnaire
4491 715 4545 755 de
4571 716 4702 756 l’Etat
4726 716 4910 768 jusqu’à

3883 770 3924 808 la
3951 770 4016 808 fin
4043 770 4099 810 de
4124 782 4192 812 ses
4218 772 4360 822 jours,
4388 771 4496 822 jolie
4523 775 4752 824 situation,
4784 778 4908 818 habi¬

3882 830 3979 868 tant
4000 829 4107 870 ville
4130 831 4304 880 d’eaux,
4331 832 4456 871 avoir
4479 835 4734 883 personnel,
4760 837 4908 876 bonne

3883 888 4024 936 santé,
4063 889 4319 939 épouserait
4355 891 4616 935 demoiselle
4652 906 4710 934 ou
4747 906 4904 944 veuve,

3883 959 3989 988 sans
4024 948 4206 990 enfants
4242 954 4390 992 même
4426 951 4632 995 divorcée
4667 966 4720 995 en
4759 966 4808 994 sa
4845 955 4907 995 fa¬

3882 1019 4006 1055 veur,
4030 1009 4164 1059 goûts
4184 1011 4386 1060 simples,
4411 1011 4466 1051 de
4487 1012 4539 1051 40
4559 1014 4586 1052 à
4605 1016 4656 1054 54
4678 1026 4774 1062 ans,
4800 1015 4907 1055 bon¬

3882 1079 3936 1107 ne
3969 1068 4207 1108 éducation
4243 1071 4284 1110 et
4319 1070 4603 1121 instruction,
4639 1075 4775 1126 ayant
4809 1087 4906 1115 ren¬

3882 1128 3946 1167 tes
3970 1139 4026 1167 ou
4052 1128 4320 1170 économies.
4350 1131 4506 1171 Pressé
4531 1132 4574 1172 et
4597 1134 4686 1174 très
4710 1134 4902 1175 sérieux.

3934 1206 4068 1252 5.778.
4095 1207 4149 1246 —
4172 1207 4316 1246 Jeune
4343 1208 4540 1257 homme,
4567 1211 4619 1250 23
4644 1222 4740 1257 ans,
4770 1210 4902 1262 brun,

3882 1263 3985 1304 bien
4015 1275 4119 1304 sous
4150 1268 4250 1306 tous
4280 1266 4503 1316 rapports,
4536 1269 4833 1320 propriétaire
4863 1274 4904 1312 et

3880 1324 4091 1374 exerçant
4118 1326 4372 1376 profession
4400 1326 4512 1369 dans
4541 1330 4902 1379 l’alimentation,

3883 1384 4052 1434 unique
4073 1383 4187 1424 dans
4206 1398 4256 1426 sa
4275 1386 4519 1436 résidence,
4543 1390 4732 1430 secondé
4752 1402 4835 1440 par
4855 1402 4905 1431 sa

3882 1443 4057 1483 famille
4093 1455 4199 1484 avec
4235 1447 4314 1495 qui
4352 1447 4383 1486 il
4419 1447 4583 1496 habite,
4622 1448 4729 1498 jolie
4766 1449 4901 1490 situa¬

3880 1504 3988 1551 tion,
4020 1502 4256 1544 désirerait
4284 1506 4486 1555 mariage
4515 1518 4622 1548 avec
4648 1507 4780 1558 jeune
4811 1510 4902 1551 fille

3879 1563 4116 1614 orpheline
4136 1576 4193 1603 ou
4214 1564 4350 1614 jeune
4368 1576 4526 1616 veuve,
4548 1568 4602 1608 de
4624 1571 4672 1607 18
4692 1568 4718 1607 à
4736 1568 4785 1606 25
4802 1582 4902 1618 ans,

3880 1635 3987 1664 avec
4014 1623 4090 1663 dot
4116 1623 4171 1664 de
4199 1627 4224 1663 6
4250 1624 4275 1663 à
4306 1627 4451 1672 10,000
4480 1626 4535 1667 fr.

3932 1702 4067 1748 5.779.
4121 1700 4175 1739 —
4228 1700 4418 1743 Ouvrier
4445 1703 4559 1744 dans
4583 1703 4755 1755 grande
4782 1705 4903 1755 ville,

3879 1763 3929 1800 52
3958 1772 4053 1808 ans,
4086 1760 4204 1801 brun
4236 1763 4254 1800 l
4260 1767 4286 1783 m
4315 1764 4380 1812 61,
4411 1764 4648 1813 prendrait
4676 1775 4818 1804 veuve
4847 1778 4904 1806 ou

3879 1820 4154 1869 demoiselle,
4190 1820 4244 1860 de
4276 1823 4327 1860 40
4360 1822 4386 1861 à
4417 1825 4468 1862 50
4501 1835 4597 1872 ans,
4634 1824 4711 1874 qui
4746 1824 4903 1874 éprou¬

3878 1880 4020 1920 verait
4047 1881 4195 1921 même
4221 1882 4299 1920 des
4324 1882 4573 1923 difficultés
4598 1895 4714 1934 pour
4740 1895 4786 1923 se
4812 1896 4904 1924 ma¬

3879 1939 3980 1986 rier,
4006 1939 4122 1978 mais
4145 1940 4388 1989 possédant
4411 1942 4488 1981 des
4512 1953 4766 1982 ressources
4788 1955 4904 1994 pour

3879 1998 4003 2038 aider
4031 1998 4056 2038 à
4083 2009 4263 2040 assurer
4291 1999 4514 2042 existence
4542 2001 4660 2043 aisée
4687 2002 4712 2042 à
4740 2002 4872 2043 deux.

3930 2079 4065 2124 5.780.
4091 2079 4146 2118 —
4170 2079 4313 2118 Jeune
4340 2079 4537 2128 homme,
4564 2082 4615 2119 38
4640 2091 4736 2127 ans,
4766 2080 4900 2129 brun,

3878 2135 4190 2186 propriétaire,
4217 2140 4353 2187 ayant
4376 2140 4526 2187 40,000
4551 2139 4605 2180 fr.
4634 2140 4820 2180 environ
4848 2152 4900 2180 en

3878 2194 4019 2242 biens,
4078 2206 4338 2244 possesseur
4367 2208 4523 2240 source
4552 2199 4772 2240 minérale
4828 2214 4902 2251 ap¬

3876 2254 4000 2306 pelée
4034 2266 4115 2306 par
4150 2255 4364 2295 situation
4399 2257 4440 2296 et
4473 2259 4703 2310 principes
4736 2259 4761 2299 à
4794 2260 4902 2300 don¬

3876 2326 3955 2354 ner
3978 2315 4190 2356 résultats
4214 2315 4473 2363 immenses,
4499 2316 4644 2359 désire
4667 2331 4711 2359 se
4734 2320 4902 2360 marier

3876 2386 3982 2415 avec
4018 2375 4279 2416 demoiselle
4315 2387 4371 2415 ou
4408 2387 4564 2425 veuve,
4605 2378 4899 2430 intelligente,

3875 2436 3955 2484 âge
3988 2436 4328 2485 proportionné,
4391 2435 4606 2476 situation
4640 2438 4902 2487 pécuniaire

3875 2494 4113 2534 suffisante
4142 2507 4256 2545 pour
4284 2495 4410 2535 aider
4438 2495 4463 2535 à
4491 2495 4816 2547 l’exploitation
4847 2499 4901 2539 de

3875 2554 3987 2594 cette
4013 2564 4171 2595 source
4198 2555 4431 2594 minérale.

3927 2632 4062 2679 5,782.
4095 2634 4149 2672 —
4178 2634 4322 2672 Jeune
4356 2633 4538 2674 homme
4571 2633 4624 2674 de
4657 2634 4804 2675 bonne
4838 2635 4899 2675 fa¬

3875 2692 4015 2740 mille,
4046 2693 4098 2731 29
4127 2703 4222 2741 ans,
4254 2692 4567 2743 propriétaire,
4599 2695 4736 2744 ayant
4764 2695 4900 2735 situa¬

3874 2751 3982 2799 tion,
4015 2751 4096 2802 joli
4130 2752 4226 2800 site,
4260 2752 4538 2803 agriculteur
4571 2756 4588 2792 1
4595 2758 4624 2775 er
4654 2754 4799 2803 ordre,
4835 2756 4899 2795 in¬

3875 2811 4094 2861 telligent,
4161 2812 4431 2860 affectueux,
4497 2814 4620 2854 taille
4657 2824 4894 2864 moyenne,

3875 2871 4007 2918 brun,
4042 2871 4131 2911 très
4160 2871 4316 2921 gentil,
4352 2872 4608 2922 épouserait
4638 2872 4774 2922 jeune
4806 2874 4898 2914 fille

3872 2930 4139 2971 charmante
4167 2932 4208 2971 et
4235 2931 4324 2971 très
4351 2932 4560 2981 honnête,
4593 2935 4642 2972 18
4669 2932 4695 2972 à
4720 2935 4771 2972 25
4799 2945 4895 2983 ans,

3872 2990 4035 3040 simple
4063 2990 4289 3040 ,sérieuse,
4318 2991 4531 3041 aimante,
4558 2994 4666 3043 goût
4692 3004 4807 3043 pour
4834 2994 4898 3034 in¬

3871 3049 4054 3099 térieur,
4088 3052 4225 3102 ayant
4255 3051 4392 3102 petite
4424 3051 4500 3092 dot
4532 3054 4703 3103 argent.

3923 3130 4059 3175 5.786.
4084 3128 4139 3166 —
4163 3128 4362 3176 Officier,
4391 3131 4442 3168 36
4466 3140 4562 3178 ans,
4588 3130 4735 3180 grand
4760 3130 4892 3179 brun,

3872 3187 4054 3227 homme
4118 3187 4308 3236 d’ordre,
4374 3199 4427 3227 en
4492 3189 4684 3240 Algérie,
4751 3190 4895 3231 désire

3871 3247 4060 3297 épouser
4111 3247 4247 3296 jeune
4272 3248 4364 3288 fille
4388 3260 4446 3287 ou
4499 3260 4640 3290 veuve
4666 3260 4771 3290 sans
4823 3262 4895 3290 en¬

3871 3307 4007 3354 fants,
4034 3307 4088 3347 de
4112 3309 4164 3349 22
4188 3308 4213 3348 à
4236 3310 4288 3348 30
4312 3319 4408 3357 ans,
4436 3311 4573 3359 ayant
4598 3310 4812 3350 situation
4839 3323 4891 3351 en

3870 3367 4067 3416 rapport.

3920 3458 4055 3495 5.787.
4082 3458 4135 3496 —
4159 3458 4303 3496 Jeune
4330 3459 4527 3507 homme,
4555 3460 4605 3498 24
4631 3471 4726 3508 ans,
4755 3460 4888 3510 brun,

3868 3515 4006 3563 taille,
4036 3518 4055 3554 l
4061 3522 4086 3538 ra
4111 3517 4175 3564 58,
4234 3516 4431 3566 instruit,
4462 3517 4534 3560 fils
4587 3520 4774 3568 unique,
4804 3520 4891 3562 for¬

3867 3576 3975 3614 tune
4007 3576 4155 3623 80,000
4188 3576 4260 3624 fr.,
4298 3578 4372 3616 dot
4404 3578 4459 3618 de
4494 3581 4542 3618 15
4575 3580 4600 3618 à
4631 3580 4780 3627 20,000
4814 3582 4887 3629 fr.,

3867 3634 4012 3675 désire
4044 3636 4244 3686 mariage
4276 3648 4382 3676 avec
4412 3636 4548 3687 jeune
4581 3638 4674 3680 fille
4704 3642 4889 3682 catholi¬

3866 3707 3967 3744 que,
3994 3694 4225 3747 employée
4248 3695 4303 3735 de
4327 3696 4471 3746 l’Etat,
4496 3709 4554 3739 ou
4579 3699 4670 3740 fille
4693 3700 4748 3740 de
4771 3711 4888 3740 com¬

3869 3756 4071 3802 merçant
4105 3763 4162 3794 ou
4202 3755 4441 3794 industriel
4478 3758 4583 3796 chez
4622 3757 4815 3804 laquelle
4854 3760 4880 3792 il

3868 3812 4163 3851 s’associerait
4199 3822 4305 3851 avec
4341 3822 4419 3850 son
4458 3811 4578 3860 père.

3918 3898 4052 3946 5.790.
4116 3896 4170 3936 —
4232 3896 4514 3947 Célibataire,
4552 3899 4603 3936 60
4639 3907 4735 3943 ans,
4774 3895 4884 3943 seul,

3864 3956 3966 3996 bien
3994 3956 4222 4003 conservé,
4251 3956 4399 3995 bonne
4427 3959 4566 4005 santé,
4595 3967 4887 3997 ex-commer¬

3864 4018 3967 4064 çant
4022 4016 4155 4058 retiré
4184 4016 4262 4056 des
4318 4014 4513 4062 affaires,
4572 4018 4708 4066 ayant
4763 4016 4887 4055 rente

3863 4075 3940 4112 850
3964 4074 4036 4121 fr.,
4062 4078 4239 4124 espèces
4263 4076 4409 4123 10,000
4432 4074 4504 4121 fr.,
4530 4075 4675 4115 désire
4699 4076 4838 4115 union
4863 4076 4888 4115 à

3863 4132 4125 4175 demoiselle
4143 4145 4201 4173 ou
4222 4146 4363 4176 veuve
4383 4133 4520 4183 seule,
4544 4135 4599 4175 de
4619 4136 4670 4175 40
4688 4135 4768 4175 à55
4787 4146 4883 4184 ans,

3862 4196 3998 4244 ayant
4023 4195 4112 4235 dot.

3915 4272 4050 4318 5.791.
4086 4275 4139 4312 —
4200 4271 4544 4314 Fonctionnaire
4579 4272 4768 4312 colonial
4832 4272 4887 4312 de

3863 4328 4186 4378 l’Indo-Chine,
4215 4335 4266 4371 43
4292 4346 4387 4382 ans,
4418 4332 4542 4374 solde
4568 4335 4691 4382 5,000
4718 4332 4772 4372 fr.
4804 4344 4886 4383 par

3860 4403 3932 4439 an,
3968 4390 4248 4442 espérances,
4311 4392 4566 4439 épouserait
4626 4392 4886 4432 demoiselle

3860 4463 3917 4490 ou
3939 4463 4080 4491 veuve
4100 4451 4155 4492 de
4174 4453 4224 4492 25
4244 4451 4270 4491 à
4289 4452 4340 4490 35
4360 4460 4455 4498 ans,
4480 4452 4616 4501 ayant
4636 4451 4771 4502 petite
4792 4452 4882 4491 dot.

3860 4509 3970 4550 Très
3995 4511 4187 4551 sérieux.

3912 4588 4046 4635 5.792.
4072 4591 4126 4627 —
4150 4591 4279 4638 Veuf,
4306 4592 4356 4628 49
4379 4600 4476 4637 ans,
4502 4589 4760 4640 catholique
4786 4602 4884 4640 pra¬

3859 4646 4051 4696 tiquant,
4112 4647 4202 4688 très
4232 4649 4355 4698 actif,
4391 4649 4459 4690 bel
4520 4651 4718 4699 homme,
4779 4650 4882 4690 bien

3859 4718 3963 4747 sous
3990 4708 4090 4747 tous
4116 4707 4180 4748 les
4206 4709 4430 4759 rapports,
4460 4711 4555 4750 seul
4583 4722 4690 4750 avec
4715 4720 4784 4750 ses
4810 4722 4884 4750 en¬

3859 4765 3979 4806 fants
4004 4767 4047 4806 et
4072 4766 4392 4818 domestiques.
4420 4770 4543 4816 7,000
4569 4768 4624 4808 fr.
4654 4768 4707 4808 de
4735 4769 4883 4810 rentes

3859 4827 4070 4875 reposant
4098 4838 4175 4866 sur
4203 4827 4416 4876 capitaux
4444 4828 4487 4867 et
4515 4828 4779 4879 propriétés,
4811 4830 4883 4870 dé¬

3857 4884 3944 4924 sire
3980 4886 4117 4924 union
4153 4896 4260 4925 avec
4292 4898 4515 4935 personne
4572 4888 4724 4930 bonne
4756 4890 4882 4929 chré¬

3856 4944 4021 4993 tienne,
4047 4944 4102 4985 de
4124 4947 4175 4984 40
4198 4945 4223 4984 à
4246 4947 4296 4985 52
4319 4957 4415 4995 ans,
4442 4946 4556 4988 belle
4581 4948 4748 4990 femme
4772 4962 4880 5000 pou¬

3855 5007 3962 5046 vant
3987 5016 4031 5044 se
4058 5004 4266 5056 déplacer
4291 5007 4332 5047 et
4356 5007 4447 5047 être
4473 5007 4512 5047 le
4539 5008 4642 5050 luxe
4667 5010 4709 5050 et
4734 5010 4879 5058 l’ange

3854 5064 4042 5116 gardien
4071 5064 4124 5105 de
4152 5076 4231 5106 son
4260 5067 4374 5107 beau
4404 5067 4528 5119 foyer
4560 5082 4568 5117 ;
4598 5070 4734 5120 ayant
4762 5079 4879 5108 com¬

3855 5136 3926 5164 me
3953 5124 4204 5174 largement
4230 5139 4344 5178 pour
4371 5139 4416 5168 se
4443 5127 4616 5169 suffire.

3906 5203 4040 5250 5.793.
4099 5206 4152 5243 —
4211 5204 4326 5244 Veuf
4355 5204 4518 5255 depuis
4548 5205 4667 5247 deux
4698 5215 4794 5252 ans,
4827 5206 4878 5244 44

3852 5274 3947 5311 ans,
3983 5275 4088 5303 sans
4146 5264 4341 5312 enfants,
4377 5264 4510 5304 retiré
4542 5266 4620 5304 des
4678 5263 4874 5313 affaires,

3851 5324 3998 5363 rentes
4027 5325 4173 5372 18,000
4200 5324 4273 5372 fr.,
4302 5323 4390 5374 gai,
4419 5323 4507 5363 bon
4535 5323 4774 5372 caractère,
4803 5323 4875 5365 dé¬

3850 5384 3938 5424 sire
3963 5383 4154 5424 alliance
4179 5384 4375 5423 sérieuse
4400 5394 4506 5422 avec
4531 5383 4792 5426 demoiselle
4816 5396 4873 5426 ou

3848 5454 3991 5482 veuve
4016 5442 4071 5482 de
4098 5442 4246 5482 bonne
4273 5442 4462 5491 famille,
4492 5442 4546 5484 de
4571 5444 4622 5483 30
4648 5443 4674 5483 à
4698 5446 4748 5484 35
4774 5456 4870 5494 ans,

3850 5502 3986 5551 ayant
4014 5500 4240 5552 propriété
4270 5512 4327 5542 ou
4358 5503 4506 5544 rentes
4535 5504 4590 5546 de
4618 5506 4643 5546 8
4672 5503 4696 5544 à
4727 5507 4874 5554 10,000

3848 5560 3903 5600 fr.
3936 5560 4139 5602 environ.
4175 5562 4399 5604 Toulouse
4430 5563 4484 5604 de
4515 5564 4790 5615 préférence.

3899 5640 4022 5686 5,585
4074 5640 4128 5679 —
4183 5640 4372 5687 Garçon,
4403 5640 4454 5679 48
4482 5651 4578 5690 ans,
4608 5642 4744 5692 ayant
4773 5654 4872 5691 pro¬

3847 5696 4012 5736 fession
4040 5698 4226 5738 libérale
4252 5699 4519 5750 rapportant
4569 5702 4692 5747 2,500
4718 5700 4772 5740 fr.
4827 5701 4872 5740 et

3843 5756 3968 5799 avoir
3988 5758 4042 5799 de
4060 5758 4209 5807 25,000
4230 5758 4302 5808 fr.,
4324 5759 4581 5811 épouserait
4600 5759 4870 5800 Demoiselle

3843 5819 3977 5859 d’une
4002 5819 4224 5860 trentaine
4249 5820 4460 5859 d’années
4484 5830 4591 5859 avec
4615 5819 4751 5869 petite
4776 5820 4866 5860 dot.

3895 5907 4030 5954 5,609.
4060 5928 4114 5932 —
4170 5923 4188 5942 «
4223 5906 4394 5947 Guinée
4426 5905 4460 5946 ».
4523 5906 4867 5947 Fonctionnaire

3842 5964 4050 6012 colonial,
4087 5966 4139 6004 29
4172 5977 4269 6014 ans,
4308 5967 4456 6006 bonne
4492 5964 4723 6015 situation,
4762 5968 4865 6008 bien

3843 6036 3947 6066 sous
3983 6024 4084 6063 tous
4120 6026 4345 6075 rapports,
4384 6022 4621 6066 désirerait
4657 6027 4859 6078 mariage

3838 6095 3945 6124 avec
3974 6083 4259 6125 institutrice.

3890 6162 4026 6210 5,685.
4058 6162 4111 6199 —
4142 6160 4271 6208 Veuf,
4303 6162 4354 6199 48
4384 6171 4480 6210 ans,
4514 6175 4568 6204 ne
4599 6163 4663 6204 les
4692 6162 4862 6214 parais¬

3836 6222 3938 6262 sant
3963 6231 4058 6271 pas,
4088 6219 4191 6261 bien
4219 6220 4274 6260 de
4300 6231 4348 6260 sa
4375 6232 4612 6272 personne,
4642 6224 4760 6264 deux
4788 6233 4862 6262 en¬

3836 6280 3971 6329 fants,
4002 6279 4118 6320 mais
4146 6291 4294 6320 aucun
4323 6280 4348 6320 à
4375 6292 4423 6322 sa
4451 6283 4630 6334 charge,
4660 6280 4860 6332 proprié¬

3834 6342 3946 6383 taire
3976 6341 4018 6382 et
4047 6339 4253 6391 employé
4284 6339 4713 6388 d’administration,
4747 6340 4861 6382 dési¬

3833 6414 3879 6442 re
3907 6401 4047 6440 union
4077 6411 4183 6440 avec
4210 6400 4471 6443 demoiselle
4498 6414 4555 6444 ou
4583 6412 4726 6442 veuve
4752 6412 4858 6443 sans

3831 6460 4026 6507 enfants,
4060 6459 4115 6499 de
4145 6462 4196 6500 35
4226 6460 4252 6502 à
4281 6463 4333 6502 45
4363 6474 4459 6511 ans,
4494 6462 4583 6503 bon
4613 6460 4851 6512 caractère,

3830 6520 3961 6571 goûts
3998 6518 4199 6570 simples,
4239 6522 4342 6562 bien
4380 6522 4434 6563 de
4470 6533 4519 6562 sa
4554 6531 4776 6571 personne
4812 6525 4854 6563 et

3828 6578 3966 6630 ayant
3990 6578 4066 6619 dot
4090 6590 4146 6621 ou
4174 6582 4311 6622 rente.

3880 6658 4015 6706 5,661.
4049 6659 4103 6699 —
4132 6660 4276 6699 Jeune
4311 6658 4507 6705 homme,
4540 6659 4592 6696 25
4624 6668 4719 6708 ans,
4755 6662 4850 6702 seul

3827 6727 3932 6756 avec
3960 6727 4008 6756 sa
4038 6719 4174 6768 mère,
4206 6719 4360 6766 blond,
4392 6718 4511 6764 bien,
4542 6716 4779 6760 éducation
4810 6722 4852 6760 et

3828 6777 4096 6818 instruction
4135 6779 4352 6829 soignées,
4393 6776 4568 6817 famille
4604 6778 4682 6819 des
4744 6780 4849 6831 plus

3827 6838 4111 6886 honorables,
4143 6838 4388 6890 possédant
4419 6847 4472 6876 en
4506 6836 4673 6888 plaine,
4733 6839 4849 6880 dans
