5132 7504
2438 476 2508 514 LE
2542 476 2722 515 TRAIT
2755 475 3003 515 D’UNION

594 601 842 676 AVIS
890 601 1520 675 IMPORTANT

595 828 655 868 La
683 827 911 867 Direction
939 826 1035 878 prie
1063 838 1131 867 ses
1158 824 1359 866 abonnés
1385 826 1569 864 anciens

540 901 583 940 et
604 910 859 947 nouveaux,
882 899 1133 940 d’adresser
1154 899 1255 938 tous
1276 896 1338 936 les
1359 894 1571 938 mandats

542 972 584 1012 et
605 972 718 1011 bons
739 971 794 1011 de
816 971 947 1010 Poste
967 971 1022 1010 de
1044 970 1087 1008 la
1109 967 1311 1010 manière
1334 967 1536 1018 ci-jointe
1563 979 1570 1005 :

599 1043 824 1084 Direction
860 1043 920 1082 du
955 1042 1082 1080 Trait
1143 1040 1352 1086 d’Union,
1390 1040 1454 1084 26,
1492 1048 1571 1078 rue

543 1116 766 1163 d’Astorg,
798 1114 1040 1154 Toulouse.

600 1188 658 1228 Le
688 1197 795 1226 nom
827 1185 883 1224 de
939 1186 979 1224 J.
1015 1184 1151 1230 Bach,
1213 1180 1574 1233 gracieusement

546 1259 635 1299 mis
659 1257 686 1298 à
711 1256 755 1297 la
780 1255 1049 1307 disposition
1076 1255 1155 1295 des
1210 1252 1424 1300 abonnés,
1481 1251 1575 1292 doit

545 1332 638 1371 être
668 1328 921 1370 seulement
952 1326 1128 1367 réservé
1158 1326 1184 1364 à
1242 1324 1284 1363 la
1314 1334 1575 1374 correspon¬

548 1400 704 1443 dance.

1080 1457 1152 1496 LA
1185 1454 1519 1496 DIRECTION.

582 1665 1182 1744 Recommandations
1230 1664 1544 1740 Générales

614 1904 655 1943 i°
693 1900 924 1943 Personne
990 1913 1046 1942 ne
1111 1904 1218 1953 peut
1252 1896 1580 1951 correspondre

550 1987 659 2015 avec
687 1972 750 2014 les
780 1971 984 2014 abonnés
1043 1984 1147 2012 sans
1207 1970 1334 2012 avoir
1363 1968 1488 2011 versé
1518 1967 1580 2009 les

554 2060 599 2087 n
627 2045 780 2087 francs
804 2043 1178 2098 réglementaires
1207 2056 1215 2092 ;

611 2131 632 2159 2
640 2120 656 2138 °
690 2117 768 2158 Les
800 2130 1032 2158 annonces
1063 2115 1139 2156 des
1170 2127 1412 2156 nouveaux
1442 2112 1582 2154 abon¬

551 2190 630 2231 nés
662 2187 850 2231 doivent
911 2188 1124 2242 parvenir
1156 2187 1180 2228 à
1212 2186 1254 2227 la
1286 2186 1508 2227 direction
1542 2184 1580 2226 le

549 2260 678 2315 jeudi
711 2259 766 2301 de
797 2259 975 2312 chaque
1007 2259 1210 2299 semaine
1241 2270 1358 2310 pour
1390 2256 1481 2296 être
1514 2256 1579 2295 in¬

550 2332 694 2375 sérées
721 2331 763 2373 le
790 2331 979 2372 samedi.
1014 2330 1137 2371 Dans
1167 2328 1207 2370 le
1235 2342 1307 2370 cas
1335 2327 1578 2376 contraire,

549 2404 657 2447 elles
690 2416 747 2444 ne
778 2403 1032 2458 paraîtront
1064 2415 1152 2456 que
1184 2401 1225 2441 la
1258 2400 1461 2441 semaine
1492 2400 1581 2439 sui¬

548 2481 687 2520 vante
723 2489 732 2524 ;

610 2550 657 2590 3°
694 2547 954 2588 L’annonce
988 2546 1064 2587 des
1099 2544 1302 2587 abonnés
1336 2543 1432 2584 doit
1464 2543 1580 2583 indi¬

552 2635 666 2676 quer
692 2619 792 2662 leur
820 2634 918 2674 âge,
952 2619 1051 2660 leur
1079 2618 1314 2666 situation,
1347 2615 1439 2658 s’ils
1470 2615 1582 2656 dési¬

551 2699 653 2734 rent
682 2706 743 2735 ou
775 2705 867 2732 non
902 2704 991 2732 une
1023 2691 1115 2731 dot.
1151 2689 1244 2730 Elle
1275 2688 1371 2728 doit
1402 2687 1583 2728 fournir

551 2764 747 2806 certains
776 2763 935 2804 détails
966 2763 1020 2804 de
1048 2762 1254 2804 manière
1283 2759 1307 2800 à
1338 2759 1478 2800 éviter
1507 2758 1583 2799 des

551 2835 967 2890 correspondances
999 2832 1186 2876 inutiles
1224 2846 1232 2881 ;

611 2910 659 2956 4°
687 2907 775 2949 Dès
802 2907 947 2961 qu’un
975 2906 1157 2947 abonné
1182 2919 1204 2945 a
1230 2903 1393 2946 trouvé
1419 2903 1458 2943 la
1487 2916 1582 2956 per¬

556 2994 702 3023 sonne
732 2979 787 3022 de
816 2992 899 3022 son
930 2978 1080 3028 choix,
1115 2977 1146 3018 il
1178 2975 1273 3018 doit
1303 2974 1516 3030 prévenir
1546 2974 1586 3014 le

560 3055 794 3098 Directeur
819 3051 911 3092 afin
938 3064 1027 3104 que
1051 3064 1134 3092 son
1162 3062 1372 3090 annonce
1396 3047 1484 3088 soit
1508 3059 1586 3087 en¬

556 3124 694 3168 levée.
731 3123 767 3165 Il
799 3123 966 3166 évitera
999 3123 1114 3164 ainsi
1148 3120 1314 3163 l’envoi
1347 3119 1402 3160 de
1433 3118 1584 3160 lettres

556 3199 635 3251 qui
667 3195 923 3237 n’auraient
951 3195 1055 3248 plus
1084 3206 1236 3234 aucun
1266 3191 1349 3232 but
1376 3196 1419 3232 et
1478 3203 1584 3230 aux¬

556 3268 746 3323 quelles,
779 3280 859 3322 par
889 3266 1046 3308 devoir
1075 3264 1130 3307 de
1160 3263 1384 3319 politesse,
1420 3262 1452 3303 il
1511 3262 1584 3303 de¬

555 3340 673 3382 vrait
700 3338 927 3393 répondre
961 3351 970 3387 ;

615 3415 658 3455 5°
685 3411 764 3454 Les
791 3423 1023 3452 annonces
1050 3414 1153 3451 sont
1178 3408 1232 3450 de
1259 3407 1326 3448 six
1352 3406 1500 3460 lignes
1527 3419 1583 3447 au

553 3484 831 3527 maximum.
871 3483 951 3523 Les
987 3482 1135 3535 lignes
1172 3479 1583 3533 supplémentaires

554 3559 708 3598 seront
738 3554 899 3609 payées
928 3554 951 3594 à
981 3554 1132 3594 raison
1164 3552 1219 3593 de
1253 3566 1267 3591 i
1302 3550 1432 3592 franc
1462 3549 1502 3590 la
1533 3548 1584 3589 li¬

554 3640 643 3682 gne
676 3639 792 3681 pour
823 3626 942 3666 deux
972 3624 1106 3665 mois.
1171 3623 1230 3664 Ce
1260 3622 1377 3662 délai
1410 3619 1579 3670 écoulé,

554 3700 616 3740 les
654 3698 890 3740 int,é«'o«opn
932 3693 1113 3731 '-toi-vont
1444 3693 1479 3730 Ip
1518 3707 1582 3732 re¬

555 3758 899 3803 nouvellement
935 3774 943 3808 ;

613 3836 659 3875 6°
691 3833 747 3874 Le
775 3836 990 3874 montant
1018 3832 1094 3874 des
1123 3832 1459 3873 abonnements
1489 3830 1584 3871 doit

551 3904 643 3947 être
667 3903 846 3946 adressé
871 3916 927 3946 au
954 3903 1190 3944 Directeur
1215 3902 1278 3944 du
1333 3902 1453 3943 Trait
1479 3900 1582 3942 d’U¬

553 3978 666 4019 nion
691 3990 747 4018 en
776 3976 1004 4026 mandats,
1034 3975 1150 4016 bons
1178 3975 1231 4016 de
1258 3979 1383 4028 poste
1410 3987 1470 4015 ou
1497 3973 1582 4014 tim

552 4048 654 4091 bres
691 4061 700 4097 ;

612 4136 634 4177 7
642 4124 658 4140 °
688 4120 745 4160 La
772 4119 1005 4160 Direction
1033 4119 1262 4172 n’accepte
1288 4131 1376 4170 que
1403 4116 1479 4158 des
1504 4131 1582 4156 an¬

552 4204 722 4233 nonces
751 4191 840 4233 très
871 4191 1103 4240 sérieuses,
1138 4190 1271 4231 celles
1303 4188 1415 4230 dont
1446 4188 1486 4230 la
1516 4188 1582 4230 ré¬

550 4264 734 4304 daction
762 4276 818 4303 ne
843 4263 1122 4303 conviendra
1179 4275 1256 4315 pas
1283 4266 1436 4301 seront
1460 4260 1580 4300 refu¬

550 4336 644 4378 sées
682 4347 691 4385 ;

608 4408 655 4448 8°
687 4407 754 4447 En
783 4407 988 4447 écrivant
1017 4420 1104 4446 aux
1163 4404 1382 4453 abonnés,
1418 4418 1473 4446 ne
1503 4416 1579 4458 pas

548 4483 743 4522 omettre
774 4478 828 4520 de
859 4479 1036 4520 donner
1096 4482 1223 4519 votre
1256 4476 1450 4518 numéro
1483 4490 1579 4530 per¬

548 4551 711 4592 sonnel
740 4551 855 4591 ainsi
886 4563 975 4603 que
1001 4549 1214 4591 l’adresse
1242 4554 1394 4589 exacte
1423 4554 1465 4588 et
1491 4548 1581 4588 très

550 4623 699 4666 lisible
717 4627 760 4664 et
779 4622 818 4663 le
839 4635 950 4663 nom
971 4622 1031 4663 du
1052 4620 1450 4676 département.Le
1471 4634 1581 4660 nom

548 4696 603 4736 de
630 4694 845 4736 l’abonné
874 4699 915 4735 et
944 4694 983 4735 le
1014 4694 1208 4734 numéro
1238 4705 1343 4733 avec
1371 4692 1520 4744 lequel
1550 4691 1580 4731 il

552 4771 660 4808 veut
696 4764 1028 4819 correspondre
1066 4764 1162 4805 doit
1196 4763 1290 4805 être
1326 4763 1436 4803 écrit
1472 4763 1495 4803 à
1534 4763 1574 4802 la

550 4836 710 4891 plume
747 4835 859 4876 dans
896 4835 910 4876 1
927 4836 1147 4876 intérieur
1184 4836 1238 4876 de
1274 4834 1316 4874 la
1354 4835 1578 4888 première

547 4909 815 4963 enveloppe,
848 4907 959 4950 celle
990 4908 1067 4962 qui
1099 4912 1165 4950 est
1195 4907 1396 4949 adressée
1427 4920 1483 4948 au
1515 4906 1579 4947 di¬

546 4985 723 5023 recteur
746 4984 788 5022 et
811 4979 907 5020 doit
930 4979 1022 5020 être
1046 4978 1255 5020 déchirée
1283 4991 1291 5026 ;

607 5067 631 5107 9
638 5055 653 5072 °
684 5051 755 5094 On
785 5056 895 5106 peut
949 5051 1277 5106 correspondre
1335 5050 1359 5091 à
1419 5050 1460 5090 la
1490 5048 1577 5090 fois

547 5136 654 5166 avec
680 5122 907 5179 plusieurs
935 5122 1138 5164 abonnés
1176 5136 1183 5171 ;

614 5199 684 5237 io°
717 5194 774 5235 La
803 5195 906 5248 plus
934 5195 1228 5237 élémentaire
1258 5194 1467 5247 politesse
1495 5194 1578 5234 fait

546 5282 610 5310 un
636 5267 792 5310 devoir
816 5280 906 5308 aux
930 5266 1132 5308 abonnés
1159 5267 1213 5308 de
1237 5266 1463 5320 répondre
1490 5279 1576 5307 aux

544 5339 696 5381 lettres
724 5353 895 5390 reçues.
956 5339 1039 5380 Pas
1068 5338 1182 5380 n’est
1208 5339 1368 5380 besoin
1396 5339 1451 5379 de
1478 5339 1575 5379 lon¬

543 5425 655 5466 gues
691 5410 876 5466 phrases
911 5411 1024 5452 dans
1089 5411 1284 5452 certains
1319 5423 1406 5451 cas.
1447 5410 1575 5451 Deux

544 5488 663 5524 mots
691 5482 903 5523 suffisent
939 5496 947 5531 ;

611 5556 682 5595 ii°
719 5554 860 5595 Toute
895 5554 1024 5596 lettre
1060 5555 1138 5608 qui
1175 5568 1291 5596 nous
1326 5559 1391 5595 est
1426 5555 1572 5596 adres¬

542 5627 613 5667 sée
648 5638 873 5679 personne
878 5626 908 5656 u
914 5632 1068 5668 ement
1130 5632 1172 5668 et
1234 5627 1313 5679 qui
1346 5627 1573 5668 demande

542 5698 632 5727 une
666 5684 858 5739 réponse
922 5686 1018 5727 doit
1080 5686 1174 5728 être
1235 5687 1572 5740 accompagnée

541 5756 653 5797 d’un
682 5756 851 5798 timbre
879 5757 933 5799 de
968 5772 1016 5799 io
1046 5759 1282 5799 centimes.

594 5827 654 5867 Ne
679 5835 759 5876 pas
782 5827 958 5867 oublier
983 5828 1044 5868 les
1066 5828 1256 5868 timbres
1279 5828 1570 5878 obligatoires

536 5902 651 5939 pour
683 5892 723 5931 la
754 5892 975 5939 première
1004 5896 1046 5932 et
1076 5895 1116 5932 la
1146 5892 1383 5933 deuxième
1439 5904 1567 5933 enve¬

539 5956 707 6005 loppes.

535 6172 904 6276 OFFRES
967 6172 1172 6276 AUX
1236 6175 1564 6279 DAMES

588 6399 724 6447 5.753.
752 6398 806 6437 —
832 6398 962 6447 Veuf,
991 6402 1043 6440 28
1068 6411 1166 6448 ans,
1196 6400 1439 6451 possédant
1466 6412 1566 6454 pro¬

534 6456 700 6507 priétés
728 6469 782 6498 en
814 6458 972 6508 vignes
1000 6459 1207 6500 donnant
1235 6459 1424 6500 environ
1455 6462 1510 6502 de
1539 6464 1563 6502 5

534 6515 559 6554 à
583 6517 660 6555 600
712 6516 879 6566 hectos,
907 6518 1165 6568 épouserait
1190 6518 1453 6560 demoiselle
1504 6531 1562 6560 ou

532 6586 675 6616 veuve
699 6587 806 6616 sans
830 6576 1026 6627 enfants,
1055 6579 1251 6620 sérieuse
1277 6579 1320 6619 et
1344 6583 1482 6631 ayant
1507 6588 1562 6620 si¬

530 6634 721 6674 tuation.
760 6635 795 6673 A
832 6648 919 6676 une
954 6638 1221 6678 charmante
1255 6638 1413 6678 fillette
1447 6638 1502 6679 de
1535 6646 1559 6678 3

530 6705 626 6735 ans.

582 6774 716 6820 5.754.
742 6772 798 6810 —
824 6772 952 6822 Veuf,
980 6786 1086 6815 sans
1111 6787 1288 6816 aucune
1312 6775 1478 6827 charge
1503 6776 1557 6816 de

528 6830 718 6882 famille,
746 6834 796 6873 39
821 6844 918 6882 ans,
946 6835 1083 6884 ayant
1108 6835 1222 6876 belle
1247 6835 1463 6878 situation
1492 6836 1556 6876 in¬

1647 579 1882 620 dustrielle
1907 579 1948 619 et
1972 578 2200 629 capitaux,
2227 576 2483 628 épouserait
2507 576 2675 616 demoi¬

1648 640 1756 680 selle
1782 639 1837 678 de
1860 640 1911 678 25
1936 639 1963 678 à
1987 640 2038 678 35
2063 650 2159 686 ans,
2188 638 2290 677 bien
2319 647 2424 676 sous
2450 637 2550 676 tous
2576 648 2675 687 rap¬

1648 699 1788 750 ports,
1815 708 1922 738 avec
1945 698 2035 738 dot.

1701 778 1838 823 5,755.
1870 775 1924 814 —
1980 775 2124 814 Jeune
2158 775 2357 820 homme,
2391 772 2504 820 seul,
2539 772 2674 820 brun,

1652 836 1847 882 sérieux,
1886 836 1936 874 30
1973 846 2070 882 ans,
2110 834 2259 874 bonne
2296 831 2487 880 famille,
2526 832 2674 883 possé¬

1651 896 1761 935 dant
1790 906 1876 934 une
1905 894 2131 944 propriété
2159 892 2380 934 excellent
2406 892 2496 932 état
2523 891 2679 931 valant

1650 955 1799 1003 70.000
1830 952 1903 1002 fr.,
1938 954 2027 994 très
2059 952 2162 992 bien
2194 952 2351 999 située,
2386 951 2530 992 désire
2562 962 2678 1002 pour

1652 1014 1854 1064 mariage
1883 1014 2019 1063 jeune
2051 1012 2144 1052 fille
2203 1014 2251 1052 18
2280 1011 2307 1052 à
2335 1012 2387 1050 28
2416 1022 2512 1059 ans,
2573 1010 2675 1051 bien

1651 1086 1755 1115 sous
1780 1074 1880 1114 tous
1906 1072 2130 1123 rapports,
2159 1071 2295 1123 ayant
2319 1071 2395 1110 dot
2419 1070 2679 1121 équivalen¬

1651 1135 1692 1175 te
1716 1133 1826 1174 dont
1850 1143 1938 1172 une
1962 1130 2108 1183 partie
2132 1130 2338 1182 pourrait
2362 1130 2453 1170 être
2478 1142 2531 1170 en
2556 1130 2678 1180 espé¬

1652 1203 1800 1240 rance,
1831 1191 2006 1231 aimant
2031 1190 2156 1231 vivre
2184 1191 2210 1230 à
2236 1191 2280 1230 la
2307 1200 2558 1240 campagne
2583 1190 2627 1230 et
2654 1189 2679 1228 à

1651 1252 1879 1302 s’occuper
1907 1250 1963 1290 de
1991 1260 2070 1290 son
2099 1250 2333 1291 intérieur.

1703 1330 1840 1377 5.759.
1866 1328 1920 1366 —
1941 1328 2085 1367 Jeune
2110 1328 2308 1374 homme,
2333 1327 2385 1364 34
2408 1337 2504 1374 ans,
2531 1327 2680 1366 catho¬

1653 1388 1791 1440 lique,
1819 1386 2044 1438 physique
2070 1387 2295 1438 agréable,
2324 1386 2411 1426 bon
2438 1386 2676 1434 caractère,

1652 1448 1791 1499 ayant
1822 1447 2039 1487 situation
2071 1446 2291 1486 d’officier
2324 1444 2592 1485 ministériel
2626 1451 2679 1485 de

1652 1508 1775 1556 3.000
1796 1506 1870 1555 fr.,
1895 1506 2007 1558 petit
2028 1506 2153 1546 avoir
2175 1507 2218 1546 et
2240 1504 2520 1556 espérances,
2544 1506 2678 1555 épou¬

1654 1567 1790 1608 serait
1818 1566 2080 1609 demoiselle
2110 1576 2216 1606 avec
2244 1565 2334 1606 dot.

1707 1646 1843 1693 5.760.
1879 1643 1934 1683 —
1971 1642 2254 1691 Célibataire,
2292 1643 2344 1681 50
2379 1652 2475 1691 ans,
2514 1652 2567 1682 en
2604 1652 2679 1693 pa¬

1654 1705 1850 1745 raissant
1870 1706 1934 1752 40,
1960 1703 2135 1744 famille
2155 1702 2419 1750 honorable,
2444 1702 2547 1742 bien
2570 1703 2682 1752 phy¬

1654 1764 1924 1816 siquement,
1962 1763 2111 1803 bonne
2143 1760 2398 1809 éducation,
2435 1760 2678 1810 bachelier,

1655 1823 1892 1871 musicien,
1924 1824 2074 1871 40,000
2106 1821 2160 1862 fr.
2194 1823 2247 1863 de
2279 1819 2543 1872 propriétés,
2576 1820 2680 1871 plus

1654 1883 1870 1924 situation
1908 1882 2259 1933 indépendante,
2296 1880 2443 1920 désire
2479 1880 2681 1931 mariage

1655 1954 1708 1983 en
1739 1942 1940 1994 rapport.

1707 2023 1843 2071 5.761.
1871 2020 1926 2058 —
1955 2020 2084 2067 Veuf,
2115 2021 2166 2059 49
2194 2030 2290 2067 ans,
2323 2018 2440 2066 bien,
2471 2019 2592 2066 3,000
2622 2018 2678 2056 fr.

1655 2093 1738 2134 par
1767 2092 1839 2130 an,
1872 2092 1932 2119 un
1963 2079 2038 2119 fils
2066 2080 2203 2130 ayant
2230 2078 2424 2119 carrière
2452 2078 2494 2118 et
2521 2088 2602 2128 pas
2631 2076 2656 2116 à

1655 2143 1834 2191 charge,
1860 2139 2118 2190 épouserait
2140 2148 2363 2188 personne
2387 2138 2523 2187 ayant
2546 2138 2682 2176 situa¬

1655 2202 1749 2247 tion
1780 2211 1834 2239 en
1865 2199 2066 2250 rapport.
2099 2198 2222 2238 Offre
2251 2197 2293 2238 et
2322 2196 2546 2238 demande
2575 2196 2682 2236 bon¬

1655 2272 1734 2300 nes
1761 2259 2027 2299 références.

1709 2339 1845 2387 6,000.
1867 2338 1920 2375 —-
1944 2335 2202 2386 Négociant,
2225 2336 2275 2375 30
2298 2346 2393 2383 ans,
2418 2334 2550 2383 brun,
2575 2334 2682 2375 bon¬

1657 2411 1711 2439 ne
1739 2397 1972 2446 situation,
2003 2396 2250 2436 excellente
2279 2394 2471 2442 famille,
2500 2395 2591 2435 très
2619 2395 2683 2434 sé¬

1657 2459 1801 2506 rieux,
1832 2457 1979 2498 désire
2008 2456 2210 2506 mariage
2239 2466 2346 2495 avec
2375 2454 2469 2494 fille
2496 2454 2550 2495 de
2578 2455 2628 2494 20
2658 2454 2683 2492 à

1656 2521 1707 2559 25
1727 2529 1823 2564 ans,
1846 2517 1899 2556 de
1920 2516 2068 2556 bonne
2089 2515 2279 2563 famille,
2300 2515 2438 2564 ayant
2458 2524 2513 2554 au
2535 2514 2683 2554 moins

1656 2579 1806 2626 50.000
1830 2575 1884 2615 fr.
1912 2576 1966 2616 de
1990 2575 2079 2616 dot.

1711 2655 1846 2703 5,766.
1874 2654 1928 2691 —
1952 2654 2096 2692 Jeune
2126 2652 2323 2698 homme,
2352 2652 2404 2690 29
2431 2660 2524 2698 ans,
2555 2650 2683 2690 culti¬

1658 2715 1815 2755 vateur
1872 2713 1987 2754 dans
2016 2712 2057 2752 le
2088 2711 2518 2758 Tarn-et-Garonne,
2580 2708 2683 2750 bien

1658 2785 1762 2815 sous
1791 2774 1891 2814 tous
1919 2772 1983 2812 les
2039 2772 2263 2822 rapports,
2323 2770 2587 2810 travailleur
2643 2769 2685 2808 et

1656 2835 1886 2882 économe,
1919 2831 2176 2883 épouserait
2207 2829 2470 2871 demoiselle
2500 2840 2557 2870 ou
2589 2828 2683 2880 jeu¬

1659 2906 1713 2934 ne
1742 2903 1896 2934 veuve.

1710 2971 1846 3018 5,771.
1879 2970 1947 3007 —~
1995 2968 2210 3018 Employé
2270 2965 2683 3008 d’administration

1659 3028 1894 3080 publique,
1919 3027 2194 3075 célibataire,
2218 3029 2268 3067 39
2290 3038 2386 3074 ans,
2411 3027 2682 3078 catholique,

1659 3089 1782 3129 taille
1813 3099 2051 3139 moyenne,
2112 3086 2310 3134 châtain,
2344 3085 2557 3126 situation
2616 3096 2684 3125 ac¬

1658 3148 1795 3190 tuelle
1820 3148 1875 3189 de
1900 3150 2023 3196 3,000
2048 3147 2152 3189 fr.et
2178 3148 2458 3198 espérances,
2488 3144 2682 3193 retraite,

1660 3207 1918 3260 épouserait
1954 3207 2230 3255 demoiselle,
2271 3207 2407 3256 jeune
2443 3216 2583 3246 veuve
2619 3216 2678 3246 ou

1658 3268 1879 3315 divorcée,
1913 3267 2018 3307 bien
2075 3267 2239 3315 élevée,
2299 3265 2469 3306 femme
2524 3266 2683 3306 d’inté¬

1660 3329 1795 3375 rieur,
1822 3327 1959 3377 ayant
1981 3326 2120 3373 avoir,
2147 3326 2228 3376 âge
2251 3336 2305 3364 en
2331 3326 2528 3374 rapport.

1711 3404 1846 3454 5,773.
1869 3404 1923 3442 —
1944 3403 2074 3452 Veuf,
2098 3404 2145 3443 57
2169 3414 2264 3451 ans,
2289 3403 2410 3451 4,000
2433 3400 2486 3441 fr.
2510 3402 2566 3443 de
2587 3412 2684 3442 ren¬

1661 3466 1699 3505 te
1726 3476 1781 3504 en
1809 3465 1968 3515 argent
1995 3464 2038 3503 et
2065 3463 2352 3510 immeubles,
2383 3462 2455 3502 bel
2483 3463 2680 3510 homme,

1658 3526 1747 3566 très
1772 3523 1983 3571 honnête,
2010 3523 2181 3572 fatigué
2206 3522 2260 3561 de
2284 3520 2410 3560 vivre
2434 3519 2544 3570 seul,
2572 3519 2684 3562 dési¬

1660 3596 1706 3624 re
1741 3582 2067 3634 correspondre
2103 3592 2210 3622 avec
2245 3591 2470 3632 personne
2503 3580 2606 3622 bien
2642 3582 2684 3621 et

1659 3644 1712 3684 de
1748 3643 1896 3684 bonne
1931 3642 2158 3683 conduite.
2224 3640 2467 3693 Répondra
2502 3640 2527 3680 à
2562 3639 2684 3679 toute

1659 3714 1882 3748 personne
1915 3703 2124 3740 sérieuse.
2159 3724 2214 3728 —
2245 3700 2398 3739 Ecrire
2430 3710 2482 3738 en
2518 3699 2684 3739 faisant

1658 3755 1891 3798 connaître
1920 3755 2150 3795 situation.

1710 3845 1846 3891 5.775.
1875 3843 1930 3882 —
1958 3843 2239 3891 Célibataire,
2271 3844 2322 3882 46
2348 3854 2446 3888 ans,
2478 3842 2596 3888 1,000
2624 3840 2679 3882 fr.

1658 3903 1711 3944 de
1744 3902 1883 3951 rente,
1920 3900 2066 3943 désire
2098 3914 2241 3943 veuve
2275 3911 2379 3940 sans
2411 3899 2591 3940 enfants
2624 3911 2682 3940 ou

1657 3962 1919 4004 demoiselle
1950 3963 2003 4002 de
2034 3964 2084 4000 40
2114 3962 2140 4000 à
2169 3963 2219 4000 44
2250 3971 2345 4008 ans,
2379 3971 2486 4002 avec
2515 3962 2592 4000 800
2623 3959 2679 4000 fr.

1656 4023 1710 4063 de
1740 4022 1865 4063 rente
1899 4035 1907 4071 ;
1937 4020 2137 4073 prendra
2166 4019 2334 4060 femme
2363 4019 2492 4060 tâche
2520 4020 2575 4060 de
2604 4020 2680 4060 vin

1656 4095 1713 4123 ou
1747 4082 2023 4132 légèrement
2055 4080 2271 4122 boiteuse.

1708 4160 1844 4208 5.776.
1869 4182 1923 4186 —
1948 4158 2274 4205 Fonctionaire,
2300 4159 2351 4195 43
2374 4167 2469 4206 ans,
2496 4158 2680 4208 appoin¬

1656 4220 1850 4260 tements
1907 4219 2030 4267 3,000
2061 4216 2116 4256 fr.
2152 4217 2340 4258 environ
2400 4217 2680 4268 espérances,

1655 4279 1802 4320 désire
1832 4278 2066 4318 connaître
2098 4276 2374 4324 demoiselle,
2408 4277 2463 4318 de
2494 4278 2544 4315 30
2575 4275 2602 4315 à
2631 4278 2682 4315 36

1656 4351 1751 4388 ans,
1774 4338 1878 4379 bien
1898 4349 2003 4379 sous
2023 4338 2124 4378 tous
2143 4336 2352 4388 rapports
2371 4336 2414 4378 et
2433 4336 2570 4388 ayant
2588 4335 2678 4378 dot.

1655 4399 1924 4439 Références
1949 4396 2139 4447 exigées.

1652 4475 1902 4525 —5,777.—
1924 4474 2054 4523 Veuf,
2081 4474 2182 4525 trop
2205 4472 2317 4522 seul,
2343 4474 2394 4513 59
2417 4484 2512 4522 ans,
2539 4484 2594 4514 ne
2617 4472 2681 4514 les

1660 4535 1920 4587 paraissant
1955 4546 2052 4584 pas,
2091 4534 2164 4574 bel
2202 4535 2401 4580 homme,
2439 4532 2667 4584 physique

1655 4594 1879 4645 agréable,
1907 4592 2240 4635 fonctionnaire
2264 4594 2318 4635 de
2343 4592 2476 4634 l’Etat
2499 4591 2681 4643 jusqu’à

1655 4655 1698 4694 la
1724 4655 1788 4693 fin
1816 4655 1871 4694 de
1896 4666 1966 4694 ses
1991 4654 2132 4703 jours,
2161 4654 2270 4703 jolie
2296 4652 2526 4699 situation,
2556 4652 2680 4692 habi¬

1654 4714 1750 4755 tant
1771 4714 1879 4754 ville
1900 4714 2076 4762 d’eaux,
2103 4713 2228 4754 avoir
2250 4712 2507 4764 personnel,
2532 4712 2680 4752 bonne

1655 4774 1796 4822 santé,
1835 4774 2092 4824 épouserait
2127 4771 2390 4814 demoiselle
2424 4784 2482 4813 ou
2519 4783 2676 4819 veuve,

1654 4844 1759 4874 sans
1795 4833 1976 4874 enfants
2013 4834 2162 4874 même
2196 4833 2404 4874 divorcée
2439 4844 2492 4872 en
2531 4843 2580 4872 sa
2616 4831 2679 4871 fa¬

1654 4906 1778 4942 veur,
1803 4894 1935 4945 goûts
1956 4892 2159 4944 simples,
2184 4892 2239 4933 de
2261 4894 2311 4931 40
2334 4891 2359 4931 à
2379 4894 2430 4931 54
2451 4903 2547 4940 ans,
2572 4892 2680 4932 bon¬

1653 4966 1707 4994 ne
1740 4954 1979 4995 éducation
2015 4954 2057 4994 et
2090 4952 2375 4999 instruction,
2412 4952 2548 5003 ayant
2582 4963 2679 4992 ren¬

1652 5015 1717 5055 tes
1741 5024 1798 5054 ou
1823 5012 2093 5054 économies.
2122 5012 2279 5053 Pressé
2303 5011 2346 5051 et
2370 5011 2458 5053 très
2483 5011 2675 5052 sérieux.

1703 5091 1840 5140 5.778.
1867 5091 1921 5128 —
1943 5091 2088 5130 Jeune
2114 5090 2312 5136 homme,
2339 5090 2392 5128 23
2417 5099 2513 5135 ans,
2541 5090 2675 5136 brun,

1653 5151 1754 5191 bien
1786 5161 1891 5191 sous
1920 5150 2022 5190 tous
2052 5150 2276 5200 rapports,
2308 5147 2607 5199 propriétaire
2637 5148 2679 5188 et

1648 5211 1861 5260 exerçant
1888 5208 2142 5260 profession
2171 5210 2286 5249 dans
2314 5207 2674 5256 l’alimentation,

1653 5270 1822 5320 unique
1843 5268 1956 5310 dans
1978 5280 2026 5310 sa
2047 5268 2292 5317 résidence,
2316 5267 2506 5308 secondé
2526 5279 2607 5319 par
2629 5279 2678 5309 sa

1652 5328 1827 5370 famille
1863 5339 1971 5370 avec
2006 5328 2084 5379 qui
2123 5328 2154 5368 il
2190 5327 2358 5375 habite,
2395 5327 2504 5378 jolie
2539 5327 2675 5368 situa¬

1648 5390 1758 5439 tion,
1790 5388 2026 5430 désirerait
2054 5388 2255 5439 mariage
2284 5398 2391 5428 avec
2418 5387 2555 5438 jeune
2583 5387 2675 5427 fille

1648 5448 1886 5500 orpheline
1906 5460 1963 5488 ou
1983 5448 2119 5498 jeune
2138 5459 2295 5496 veuve,
2319 5447 2372 5487 de
2394 5450 2443 5487 18
2462 5447 2487 5487 à
2506 5448 2558 5487 25
2576 5458 2672 5495 ans,

1648 5520 1755 5548 avec
1782 5508 1858 5547 dot
1885 5507 1939 5547 de
1967 5510 1992 5547 6
2018 5508 2044 5547 à
2074 5508 2220 5555 10,000
2249 5507 2304 5547 fr.

1699 5590 1835 5639 5.779.
1889 5611 1944 5616 —
1996 5587 2187 5628 Ouvrier
2214 5587 2327 5628 dans
2351 5587 2523 5638 grande
2550 5587 2672 5636 ville,

1646 5651 1697 5689 52
1725 5659 1821 5697 ans,
1854 5648 1972 5688 brun
2003 5650 2023 5687 l
2028 5654 2054 5670 m
2083 5650 2148 5696 61,
2180 5646 2416 5699 prendrait
2444 5658 2587 5687 veuve
2615 5658 2672 5687 ou

1647 5707 1924 5757 demoiselle,
1959 5708 2014 5750 de
2045 5710 2096 5747 40
2128 5708 2155 5748 à
2186 5710 2238 5748 50
2271 5719 2366 5756 ans,
2403 5706 2480 5758 qui
2514 5707 2674 5759 éprou¬

1644 5767 1788 5808 verait
1815 5770 1963 5808 même
1989 5768 2067 5808 des
2092 5767 2341 5808 difficultés
2367 5778 2482 5818 pour
2508 5779 2554 5808 se
2579 5779 2672 5807 ma¬

1647 5828 1748 5878 rier,
1774 5827 1890 5869 mais
1912 5827 2156 5879 possédant
2179 5827 2258 5868 des
2280 5836 2534 5868 ressources
2556 5838 2672 5878 pour

1644 5888 1770 5928 aider
1798 5887 1823 5926 à
1850 5899 2030 5927 assurer
2058 5887 2282 5928 existence
2310 5886 2427 5927 aisée
2455 5886 2480 5926 à
2507 5887 2640 5927 deux.

1695 5978 1832 6028 5.780.
1858 5979 1912 6018 —
1935 5979 2079 6018 Jeune
2107 5978 2304 6027 homme,
2332 5978 2383 6017 38
2408 5986 2503 6026 ans,
2532 5976 2667 6024 brun,

1630 6037 1955 6089 .propriétaire,
1983 6039 2118 6088 ayant
2142 6039 2291 6086 40,000
2316 6036 2371 6077 fr.
2399 6036 2587 6078 environ
2614 6047 2667 6075 en

1642 6098 1785 6146 biens,
1843 6107 2104 6148 possesseur
2132 6107 2290 6138 source
2318 6094 2539 6136 minérale
2595 6106 2668 6146 ap¬

1642 6159 1767 6208 pelée
1798 6169 1882 6208 par
1915 6156 2130 6198 situation
2165 6158 2208 6197 et
2239 6154 2470 6208 principes
2502 6157 2528 6196 à
2559 6156 2668 6196 don¬

1641 6230 1720 6258 ner
1744 6216 1956 6258 résultats
1980 6215 2239 6264 immenses,
2264 6214 2411 6256 désire
2434 6225 2478 6255 se
2499 6215 2667 6255 marier

1640 6288 1747 6319 avec
1783 6275 2044 6318 demoiselle
2079 6288 2136 6316 ou
2172 6286 2330 6324 veuve,
2371 6273 2664 6327 intelligente,

1639 6336 1720 6388 âge
1754 6336 2092 6388 proportionné,
2155 6335 2371 6376 situation
2406 6334 2667 6384 pécuniaire

1639 6396 1878 6438 suffisante
1906 6407 2020 6446 pour
2048 6396 2174 6438 aider
2202 6396 2227 6435 à
2255 6393 2580 6445 l’exploitation
2611 6394 2666 6435 de

1638 6457 1750 6499 cette
1776 6466 1934 6496 source
1961 6455 2195 6496 minérale.

1690 6542 1826 6591 5,782.
1859 6540 1912 6580 —
1942 6540 2087 6580 Jeune
2120 6536 2303 6580 homme
2335 6536 2390 6578 de
2422 6538 2568 6580 bonne
2601 6538 2663 6579 fa¬

1637 6600 1778 6648 mille,
1807 6602 1859 6640 29
1888 6612 1984 6648 ans,
2017 6599 2330 6650 propriétaire,
2363 6600 2499 6648 ayant
2526 6599 2663 6640 situa¬

1635 6660 1745 6708 tion,
1778 6658 1859 6710 joli
1891 6659 1988 6710 site,
2022 6658 2300 6711 agriculteur
2334 6659 2351 6696 1
2358 6661 2387 6679 er
2415 6659 2563 6708 ordre,
2597 6659 2662 6699 in¬

1638 6720 1856 6771 telligent,
1923 6720 2194 6768 affectueux,
2260 6717 2384 6759 taille
2420 6730 2657 6771 moyenne,

1635 6780 1768 6828 brun,
1804 6779 1892 6819 très
1922 6780 2079 6830 gentil,
2112 6778 2370 6831 épouserait
2400 6778 2536 6828 jeune
2567 6779 2660 6819 fille

1634 6839 1899 6880 charmante
1927 6840 1968 6880 et
1996 6840 2084 6882 très
2113 6840 2322 6889 honnête,
2355 6839 2403 6879 18
2431 6838 2455 6879 à
2482 6841 2532 6879 25
2560 6851 2656 6888 ans,

2750 576 2914 626 simple
2942 576 3168 625 ,sérieuse,
3196 575 3410 626 aimante,
3438 576 3546 627 goût
3571 587 3686 627 pour
3712 575 3778 615 in¬

2749 635 2932 684 térieur,
2967 636 3106 687 ayant
3135 636 3272 686 petite
3303 636 3380 676 dot
3411 637 3584 687 argent.

2802 715 2938 761 5.786.
2963 712 3018 751 —
3042 712 3242 762 Officier,
3270 715 3323 752 36
3346 723 3442 761 ans,
3469 712 3615 763 grand
3640 714 3774 760 brun,

2751 774 2935 813 homme
2996 774 3190 822 d’ordre,
3254 784 3309 812 en
3372 772 3567 822 Algérie,
3631 774 3778 814 désire

2750 834 2940 884 épouser
2992 832 3127 882 jeune
3153 832 3244 872 fille
3270 844 3327 872 ou
3381 842 3523 871 veuve
3548 843 3654 872 sans
3705 844 3778 872 en¬

2753 893 2888 941 fants,
2915 892 2971 934 de
2995 895 3046 932 22
3070 894 3096 934 à
3119 895 3171 932 30
3195 904 3291 942 ans,
3319 893 3456 944 ayant
3482 891 3696 932 situation
3723 904 3776 932 en

2751 952 2951 1003 rapport.

2803 1032 2939 1070 5.787.
2966 1032 3020 1070 —
3044 1032 3187 1070 Jeune
3215 1031 3412 1077 homme,
3440 1031 3491 1069 24
3516 1040 3612 1077 ans,
3643 1029 3776 1076 brun,

2752 1089 2890 1138 taille,
2920 1092 2938 1128 l
2944 1095 2970 1111 m
2996 1092 3060 1138 58,
3118 1090 3318 1139 instruit,
3347 1089 3420 1130 fils
3474 1088 3662 1139 unique,
3692 1088 3779 1128 for¬

2752 1151 2860 1191 tune
2891 1151 3040 1198 80,000
3074 1150 3147 1198 fr.,
3184 1151 3260 1191 dot
3292 1150 3347 1190 de
3382 1151 3430 1189 15
3463 1150 3488 1190 à
3519 1151 3670 1197 20,000
3703 1148 3776 1196 fr.,

2752 1210 2898 1251 désire
2930 1210 3131 1260 mariage
3163 1220 3270 1250 avec
3301 1210 3438 1259 jeune
3470 1210 3563 1250 fille
3595 1208 3780 1248 catholi¬

2753 1281 2854 1320 que,
2880 1270 3114 1320 employée
3136 1270 3191 1310 de
3215 1270 3362 1318 l’Etat,
3387 1280 3445 1309 ou
3469 1268 3562 1309 fille
3584 1268 3640 1308 de
3663 1279 3782 1308 com¬

2756 1331 2960 1379 merçant
2994 1342 3052 1368 ou
3090 1329 3332 1368 industriel
3369 1328 3476 1367 chez
3512 1327 3711 1379 laquelle
3747 1327 3779 1366 il

2756 1388 3053 1429 s’associerait
3088 1400 3195 1428 avec
3232 1400 3312 1428 son
3350 1388 3470 1439 père.

2806 1467 2943 1514 5,790.
3004 1466 3060 1504 —
3122 1465 3406 1513 Célibataire,
3444 1467 3496 1504 60
3531 1476 3627 1512 ans,
3667 1463 3778 1512 seul,

2754 1526 2856 1567 bien
2883 1526 3112 1574 conservé,
3142 1526 3291 1567 bonne
3319 1525 3459 1573 santé,
3488 1535 3782 1565 ex-commer¬

2754 1586 2858 1636 çant
2912 1586 3046 1626 retiré
3075 1586 3154 1626 des
3210 1585 3406 1632 affaires,
3466 1584 3602 1635 ayant
3656 1583 3782 1623 rente

2754 1646 2831 1684 850
2854 1644 2927 1694 fr.,
2952 1646 3131 1695 espèces
3155 1646 3302 1692 10,000
3323 1644 3396 1693 fr.,
3422 1644 3568 1684 désire
3591 1643 3732 1683 union
3756 1643 3782 1683 à

2755 1704 3015 1745 demoiselle
3035 1716 3093 1744 ou
3114 1715 3256 1744 veuve
3278 1704 3414 1753 seule,
3438 1704 3492 1744 de
3512 1706 3563 1743 40
3583 1704 3662 1743 à55
3682 1714 3778 1751 ans,

2754 1764 2891 1815 ayant
2914 1763 3004 1805 dot.

2807 1843 2941 1890 5.792.
2967 1842 3022 1879 —
3046 1842 3176 1890 Veuf,
3201 1843 3253 1881 49
3275 1853 3372 1890 ans,
3398 1840 3659 1890 catholique
3682 1851 3782 1890 pra¬

2754 1902 2948 1952 tiquant,
3009 1902 3099 1940 très
3130 1901 3252 1948 actif,
3287 1901 3358 1940 bel
3417 1900 3616 1947 homme,
3679 1900 3780 1939 bien

2755 1971 2860 2000 sous
2887 1960 2987 2000 tous
3012 1959 3078 2000 les
3104 1960 3328 2011 rapports,
3358 1958 3455 2000 seul
3482 1970 3589 1999 avec
3614 1970 3683 2000 ses
3710 1971 3784 1999 en-

2717 2059 2725 2069 .
2755 2019 2876 2060 fants
2902 2020 2944 2060 et
2970 2020 3291 2071 domestiques.
3319 2021 3442 2068 7,000
3468 2019 3523 2059 fr.
3552 2020 3607 2060 de
3634 2020 3783 2060 rentes

2756 2080 2968 2131 reposant
2996 2091 3072 2120 sur
3102 2080 3316 2131 capitaux
3344 2080 3387 2120 et
3414 2079 3680 2130 propriétés,
3711 2079 3783 2119 dé¬

2755 2140 2843 2180 sire
2878 2139 3017 2178 union
3052 2150 3159 2179 avec
3191 2150 3416 2188 personne
3476 2138 3626 2178 bonne
3659 2138 3783 2178 chré¬

2755 2199 2922 2246 tienne,
2947 2198 3002 2238 de
3026 2199 3076 2238 40
3099 2198 3124 2238 à
3147 2199 3198 2238 52
3220 2209 3316 2247 ans,
3343 2197 3459 2239 belle
3482 2196 3651 2238 femme
3675 2208 3783 2248 pou¬

2756 2258 2863 2299 vant
2887 2269 2933 2298 se
2958 2258 3168 2308 déplacer
3192 2258 3234 2298 et
3258 2259 3350 2299 être
3375 2257 3415 2298 le
3440 2257 3546 2298 luxe
3570 2259 3612 2298 et
3636 2258 3782 2307 l’ange

2754 2318 2943 2370 gardien
2972 2318 3027 2359 de
3054 2328 3134 2359 son
3163 2318 3278 2359 beau
3306 2318 3431 2370 foyer
3463 2330 3472 2366 ;
3500 2316 3638 2367 ayant
3665 2327 3782 2357 com¬

2756 2391 2828 2419 me
2854 2378 3108 2428 largement
3132 2390 3248 2430 pour
3274 2390 3321 2419 se
3346 2377 3521 2419 suffire.

2808 2458 2944 2503 5.793.
3003 2479 3057 2484 —
3115 2455 3231 2495 Veuf
3260 2453 3423 2505 depuis
3454 2454 3573 2495 deux
3603 2466 3700 2504 ans,
3732 2456 3783 2495 44

2756 2527 2852 2563 ans,
2888 2527 2994 2555 sans
3051 2515 3247 2563 enfants,
3283 2514 3416 2555 retiré
3448 2514 3527 2555 des
3584 2515 3780 2562 affaires,

2757 2575 2906 2615 rentes
2934 2575 3080 2622 18,000
3107 2573 3180 2623 fr.,
3208 2574 3297 2626 gai,
3327 2575 3415 2616 bon
3443 2575 3682 2623 caractère,
3711 2574 3783 2614 dé¬

2758 2635 2844 2675 sire
2870 2634 3062 2675 alliance
3086 2635 3283 2676 sérieuse
3308 2646 3414 2675 avec
3439 2634 3702 2675 demoiselle
3726 2644 3783 2673 ou

2756 2706 2898 2734 veuve
2924 2695 2978 2734 de
3006 2695 3154 2735 bonne
3180 2695 3371 2743 famille,
3400 2694 3455 2734 de
3479 2696 3531 2734 30
3557 2694 3583 2734 à
3607 2696 3659 2732 35
3684 2704 3780 2741 ans,

2758 2755 2894 2804 ayant
2922 2755 3150 2805 propriété
3178 2766 3236 2795 ou
3267 2756 3416 2795 rentes
3446 2754 3499 2794 de
3528 2756 3554 2794 8
3582 2754 3607 2792 à
3638 2755 3784 2800 10,000

2759 2814 2812 2854 fr.
2846 2813 3050 2854 environ.
3083 2814 3310 2855 Toulouse
3340 2815 3395 2854 de
3425 2812 3702 2863 préférence.

2809 2892 2931 2939 5,585
2984 2891 3039 2930 —
3094 2891 3283 2939 Garçon,
3314 2892 3366 2930 48
3394 2901 3490 2938 ans,
3521 2891 3658 2940 ayant
3685 2901 3785 2940 pro¬

2759 2950 2924 2992 fession
2952 2950 3139 2990 libérale
3164 2950 3433 3000 rapportant
3483 2951 3606 2998 2,500
3632 2948 3687 2990 fr.
3743 2951 3786 2990 et

2756 3011 2882 3052 avoir
2901 3011 2955 3051 de
2974 3012 3123 3060 25,000
3143 3010 3216 3059 fr.,
3239 3009 3495 3061 épouserait
3515 3010 3786 3051 Demoiselle

2758 3072 2891 3111 d’une
2916 3071 3139 3111 trentaine
3163 3071 3376 3111 d’années
3399 3080 3507 3110 avec
3530 3070 3666 3120 petite
3691 3070 3780 3110 dot.

2811 3149 2946 3195 5,609.
2976 3171 3030 3175 —
3086 3166 3104 3184 «
3139 3147 3310 3189 Guinée
3343 3147 3376 3187 ».
3439 3147 3784 3187 Fonctionnaire

2757 3207 2967 3255 colonial,
3004 3208 3055 3246 29
3090 3219 3187 3255 ans,
3226 3208 3374 3248 bonne
3410 3205 3640 3254 situation,
3679 3210 3783 3246 bien

2759 3279 2866 3308 sous
2900 3267 3002 3307 tous
3039 3267 3263 3316 rapports,
3303 3264 3542 3308 désirerait
3576 3264 3779 3316 mariage

2758 3339 2863 3367 avec
2892 3327 3179 3367 institutrice.

2807 3406 2942 3451 5,658.
2974 3406 3027 3443 —
3058 3403 3188 3452 Veuf,
3221 3406 3271 3443 48
3301 3416 3397 3452 an»,
3431 3415 3486 3444 ne
3515 3404 3579 3444 les
3609 3403 3779 3455 parais¬

2756 3464 2859 3505 sant
2883 3475 2979 3514 pas,
3009 3464 3112 3504 bien
3140 3464 3195 3505 de
3222 3475 3271 3503 sa
3296 3474 3535 3515 personne,
3565 3464 3685 3502 deux
3711 3474 3785 3502 en¬

2759 3524 2894 3574 fants,
2924 3523 3041 3566 mais
3068 3535 3218 3564 aucun
3247 3523 3272 3564 à
3299 3535 3347 3564 sa
3375 3522 3555 3574 charge,
3584 3522 3784 3574 proprié¬

2757 3587 2868 3626 taire
2899 3586 2941 3626 et
2970 3584 3177 3635 employé
3208 3583 3638 3632 d’administration,
3672 3583 3786 3623 dési¬

2758 3655 2803 3684 re
2832 3643 2972 3684 union
3002 3655 3107 3684 avec
3134 3643 3396 3684 demoiselle
3423 3655 3482 3683 ou
3508 3655 3652 3684 veuve
3679 3653 3784 3683 sans

2759 3703 2951 3745 enfants,
2987 3703 3042 3744 de
3072 3706 3095 3726 0
3099 3706 3119 3739 7
3154 3704 3179 3738 û
3216 3723 3259 3738 ^
3422 3703 3511 3742 bon
3542 3704 3782 3751 caractère,

2756 3758 2888 3811 goûts
2924 3756 3127 3810 simples,
3167 3756 3270 3798 bien
3307 3758 3363 3799 de
3398 3770 3447 3798 sa
3482 3768 3706 3808 personne
3742 3762 3784 3798 et

2756 3819 2893 3870 ayant
2918 3818 2994 3859 dot
3018 3830 3075 3858 ou
3100 3818 3240 3859 rente.

2808 3898 2943 3944 5,661.
2976 3896 3031 3934 —
3061 3896 3204 3935 Jeune
3239 3895 3436 3943 homme,
3470 3895 3522 3934 25
3554 3904 3650 3942 ans,
3686 3895 3782 3934 seul

2755 3967 2862 3997 avec
2890 3968 2939 3996 sa
2967 3956 3104 4002 mère,
3135 3955 3290 4003 blond,
3322 3955 3442 4003 bien,
3472 3954 3711 3996 éducation
3742 3954 3784 3995 et

2758 4014 3028 4057 instruction
3066 4014 3284 4064 soignées,
3325 4014 3500 4054 famille
3535 4015 3615 4055 des
3677 4015 3782 4066 plus

2757 4074 3043 4124 honorables,
3078 4073 3323 4126 possédant
3352 4083 3407 4112 en
3440 4072 3608 4123 plaine,
3669 4075 3783 4116 dans

2756 4147 2818 4175 un
2879 4135 3119 4175 charmant
3179 4144 3304 4186 pays,
3368 4132 3595 4183 propriété
3628 4132 3784 4174 valant

2755 4195 2904 4244 20.000
2935 4195 3008 4243 fr.,
3044 4192 3323 4235 mécanicien
3357 4191 3572 4243 diplômé,
3635 4192 3783 4234 bonne

2755 4255 2975 4302 clientèle,
3006 4255 3231 4295 demande
3258 4254 3394 4304 jeune
3422 4253 3514 4294 fille
3543 4255 3691 4294 bonne
3720 4252 3784 4294 fa¬

2755 4314 2895 4363 mille,
2924 4314 3206 4363 charmante,
3260 4315 3342 4364 âge
3369 4312 3650 4364 réciproque,
3706 4314 3783 4354 dot

2755 4375 2939 4415 suivant
2962 4373 3026 4413 lui
3050 4384 3103 4413 en
3128 4376 3299 4424 argent.

2809 4452 2946 4500 5,683.
2982 4450 3037 4491 —
3072 4450 3242 4499 Comte,
3280 4450 3403 4499 veuf,
3442 4451 3554 4499 seul,
3592 4452 3644 4490 64
3680 4460 3777 4498 ans,

2757 4511 2883 4554 santé
2919 4511 3129 4562 parfaite,
3195 4512 3318 4560 actif,
3355 4513 3478 4561 2,000
3515 4510 3571 4550 fr.
3638 4512 3779 4558 rente,

2756 4571 2859 4612 irait
2883 4570 3124 4622 n’importe
3148 4570 3221 4618 où,
3249 4571 3395 4612 désire
3420 4570 3622 4620 mariage
3646 4570 3688 4611 et
3711 4570 3782 4611 vie

2755 4632 2962 4682 occupée.

2807 4703 2942 4750 5,712.
2968 4704 3023 4742 —
3050 4703 3299 4752 Adjudant,
3331 4703 3379 4741 15
3406 4712 3487 4742 ans
3514 4703 3567 4743 de
3594 4703 3778 4750 service,

2755 4763 2888 4811 brun,
2918 4764 2967 4802 34
2994 4775 3089 4811 ans,
3118 4764 3255 4814 ayant
3280 4761 3399 4803 droit
3424 4762 3450 4800 à
3475 4773 3564 4802 une
3590 4762 3779 4812 pension

2754 4824 2807 4864 de
2835 4823 2955 4871 1,130
2982 4822 3055 4870 fr.,
3083 4823 3298 4863 candidat
3322 4823 3348 4862 à
3374 4832 3435 4860 un
3463 4820 3631 4870 emploi
3658 4820 3778 4868 civil,

2754 4896 2779 4924 a
2812 4895 2865 4925 en
2900 4882 3028 4923 outre
3062 4882 3140 4923 des
3172 4883 3439 4935 espérances
3472 4880 3692 4922 certaines
3727 4880 3781 4920 de

2755 4945 2901 4992 15.000
2922 4943 2994 4991 fr.,
3018 4942 3163 4983 désire
3183 4943 3386 4992 mariage
3406 4951 3513 4981 avec
3531 4941 3668 4991 jeune
3687 4940 3780 4980 fille

2754 5004 2807 5044 de
2842 5002 2886 5043 la
2921 5012 3186 5054 campagne,
3223 5004 3276 5043 20
3310 5002 3336 5041 à
3370 5001 3422 5040 28
3456 5011 3552 5050 ans,
3589 5002 3776 5054 grande,

2754 5063 2883 5111 forte,
2916 5063 3076 5110 brune,
3110 5064 3248 5114 ayant
3278 5062 3356 5102 dot
3388 5062 3536 5108 12,000
3567 5062 3623 5100 fr.
3657 5063 3777 5103 envi¬

2754 5134 2848 5162 ron.
2879 5122 2988 5162 Très
3015 5122 3207 5162 sérieux.

2804 5201 2939 5247 5.723.
2996 5200 3051 5236 —
3106 5199 3236 5247 Veuf,
3268 5200 3319 5238 52
3347 5209 3443 5247 ans,
3476 5198 3547 5238 bel
3576 5199 3775 5247 homme,

2752 5260 2838 5299 bon
2868 5258 3107 5306 caractère,
3148 5258 3355 5311 employé
3399 5270 3456 5299 au
3498 5259 3678 5299 chemin
3723 5259 3778 5299 de

2752 5319 2832 5368 fer,
2891 5320 3011 5368 1,800
3038 5319 3092 5360 fr.
3151 5331 3232 5371 par
3260 5331 3316 5360 an
3344 5319 3387 5360 et
3412 5319 3668 5360 économies
3723 5319 3777 5359 de

2748 5382 2870 5429 7.000
2896 5379 2952 5419 fr.
2979 5391 3033 5419 en
3059 5380 3232 5430 argent,
3259 5378 3516 5429 épouserait
3540 5378 3777 5418 demoisel¬

2748 5440 2790 5480 le
2814 5451 2872 5480 ou
2899 5449 3042 5478 veuve
3068 5450 3174 5478 sans
3199 5438 3395 5485 enfants,
3426 5447 3532 5476 avec
3558 5436 3695 5487 petite
3722 5436 3776 5478 si¬

2748 5498 2938 5539 tuation.

2799 5579 2935 5624 5.724.
2967 5578 3023 5615 —
3055 5578 3239 5615 Officier
3271 5588 3326 5615 en
3360 5576 3555 5623 retraite,
3591 5579 3642 5614 53
3675 5587 3771 5622 ans,

2748 5635 2936 5686 pension
2966 5636 3088 5683 3,800
3118 5634 3191 5682 fr.,
3223 5635 3264 5675 et
3292 5634 3536 5685 possédant
3564 5644 3626 5672 un
3656 5634 3775 5684 capi¬

2747 5696 2807 5737 tal
2842 5691 2896 5736 dé
2928 5698 3078 5746 40,000
3112 5695 3185 5744 fr.,
3221 5694 3478 5747 épouserait
3512 5693 3774 5735 demoiselle

2744 5770 2803 5798 ou
2828 5768 2971 5798 veuve
2998 5768 3103 5796 sans
3128 5756 3310 5796 enfants
3335 5756 3390 5796 de
3443 5758 3494 5795 38
3519 5755 3544 5795 à
3570 5758 3621 5795 48
3674 5768 3768 5804 ans,

2745 5816 2883 5867 ayant
2911 5815 3000 5855 dot.

2800 5893 2992 5947 5,727.-
3019 5892 3234 5942 Employé
3262 5892 3315 5933 de
3343 5891 3474 5931 l’Etat
3499 5891 3614 5931 dans
3639 5903 3771 5942 gran¬

2743 5954 2798 5995 de
2831 5952 3099 6006 préfecture,
3135 5955 3258 6003 3,300
3290 5953 3346 5995 fr.
3381 5964 3463 6004 par
3496 5963 3570 6002 an,
3606 5951 3687 6003 âge
3720 5952 3771 5990 50

2743 6026 2838 6063 ans,
2873 6014 2995 6062 veuf,
3057 6013 3314 6063 épouserait
3345 6013 3478 6054 dame
3511 6025 3568 6054 ou
3602 6011 3771 6054 demoi¬

2742 6074 2850 6113 selle
2884 6074 3011 6123 d’âge
3046 6074 3088 6112 et
3122 6072 3176 6112 de
3212 6072 3427 6112 situation
3464 6083 3518 6111 en
3583 6072 3770 6123 rapport

2742 6144 2849 6175 avec
2874 6133 2939 6174 les
2963 6132 3099 6173 siens.

2794 6213 2928 6260 5.730.
2955 6212 3009 6250 —
3032 6212 3176 6251 Jeune
3204 6211 3401 6258 homme,
3428 6211 3480 6249 28
3506 6220 3602 6259 ans,
3631 6210 3765 6258 brun,

2740 6271 2984 6322 distingué,
3044 6271 3147 6311 bien
3179 6283 3284 6312 sous
3314 6271 3415 6312 tous
3445 6270 3510 6310 les
3540 6270 3763 6322 rapports,

2738 6333 2860 6380 4.000
2887 6331 2942 6370 fr.
2974 6331 3027 6371 de
3054 6343 3262 6379 revenus,
3291 6331 3346 6371 de
3374 6330 3548 6371 famille
3576 6330 3767 6371 honora¬

2739 6391 2824 6440 ble,
2852 6391 2978 6431 santé
3002 6391 3198 6440 robuste,
3224 6390 3480 6443 épouserait
3504 6390 3763 6431 demoiselle

2738 6463 2795 6492 ou
2824 6452 2962 6502 jeune
2992 6462 3148 6499 veuve,
3183 6463 3288 6491 sans
3320 6450 3516 6499 enfants,
3550 6460 3658 6491 avec
3688 6451 3760 6491 dof

2736 6523 2794 6551 ou
2827 6510 3042 6551 situation
3075 6522 3129 6550 en
3162 6511 3363 6562 rapport.
3399 6510 3508 6550 Très
3540 6510 3734 6551 sérieux.

2789 6599 2924 6646 5.731.
2955 6599 3011 6636 —
3068 6598 3198 6647 Veuf,
3232 6600 3283 6638 30
3314 6608 3395 6639 ans
3427 6608 3532 6638 sans
3563 6596 3759 6646 enfants,

2735 6656 2851 6699 belle
2881 6656 3113 6706 situation,
3146 6655 3460 6708 propriétaire,
3521 6658 3658 6708 ayant
3687 6668 3758 6698 en¬

2735 6730 2843 6759 core.
2859 6729 2928 6758 ses
2953 6718 3152 6769 parents,
3179 6728 3356 6768 grosses
3380 6717 3660 6768 espérances,
3690 6717 3763 6756 de¬

2734 6778 2899 6818 mande
2927 6790 3068 6818 veuve
3096 6789 3154 6818 ou
3210 6776 3346 6827 jeune
3375 6776 3481 6817 fille.
3542 6778 3651 6816 Très
3680 6776 3760 6816 sé¬

2735 6837 2875 6879 rieux.

3903 579 4038 626 5.733.
4059 579 4114 616 —
4135 579 4250 616 Veuf
4271 578 4312 617 et
4331 576 4556 628 orphelin,
4579 578 4631 615 30
4652 588 4747 627 ans,
4771 588 4876 618 sans

3855 636 4050 686 enfants,
4091 635 4682 687 commerçant-industriel,
4721 638 4870 678 bonne

3851 697 3991 745 santé,
4015 698 4168 746 blond,
4190 708 4309 748 yeux
4329 696 4472 744 bleus,
4495 696 4632 748 ayant
4651 707 4740 736 une
4760 696 4877 738 belle

3851 756 4083 804 situation,
4121 756 4379 808 épouserait
4414 755 4691 803 demoiselle,
4728 756 4879 796 bonne

3851 815 4106 864 éducation,
4168 816 4376 856 moralité
4411 815 4762 865 irréprochable,
4824 816 4879 855 de

3852 875 4112 928 préférence
4139 876 4390 927 orpheline,
4419 876 4555 924 ayant
4582 874 4796 916 situation
4823 887 4878 915 en

3852 936 4039 987 rapport
4074 948 4082 983 ;
4113 935 4343 977 minimun
4376 935 4550 981 100,000
4580 935 4634 975 fr.

3904 1009 4040 1056 5.734.
4098 1008 4152 1044 —
4208 1008 4376 1047 Ancien
4407 1007 4723 1055 sous-officier,
4755 1012 4876 1054 veuf,

3852 1069 3966 1109 dans
3991 1068 4035 1107 la
4062 1067 4402 1117 cinquantaine,
4432 1067 4579 1107 bonne
4608 1065 4876 1107 instruction

3852 1129 3894 1168 et
3922 1127 4178 1174 éducation,
4209 1126 4412 1176 aptitude
4442 1127 4483 1166 et
4512 1124 4651 1172 avoir,
4710 1126 4877 1176 emploi

3855 1187 3960 1227 civil
3998 1188 4088 1227 très
4152 1186 4400 1227 honorable
4463 1197 4516 1226 en
4581 1186 4875 1235 perspective,

3852 1247 4107 1297 épouserait
4132 1244 4394 1287 demoiselle
4418 1257 4475 1286 ou
4500 1255 4658 1292 veuve,
4684 1244 4880 1284 sérieuse

3854 1306 3965 1357 petit
3996 1307 4137 1354 avoir,
4173 1307 4255 1356 âge
4283 1316 4342 1344 en
4378 1306 4578 1356 rapport.

3907 1385 4043 1431 5.735.
4072 1383 4128 1423 —
4157 1382 4440 1430 Célibataire,
4472 1384 4524 1422 36
4552 1394 4649 1431 ans,
4683 1380 4879 1428 retraité,

3855 1443 4062 1494 employé
4092 1444 4146 1483 de
4175 1442 4310 1483 l’Etat
4338 1442 4452 1482 dans
4482 1442 4654 1491 grande
4683 1440 4790 1482 ville
4820 1440 4880 1480 du

3856 1502 4124 1551 Sud-Ouest,
4184 1503 4322 1554 ayant
4379 1500 4519 1548 avoir,
4579 1500 4882 1542 honorabilité

3855 1562 4063 1614 parfaite,
4096 1562 4198 1602 bien
4230 1574 4335 1603 sous
4363 1562 4464 1602 tous
4494 1562 4716 1610 rapports,
4748 1562 4883 1612 épou¬

3855 1622 3990 1663 serait
4012 1622 4274 1663 demoiselle
4295 1634 4352 1662 ou
4375 1630 4532 1667 veuve,
4558 1631 4662 1659 sans
4684 1620 4879 1668 enfants,

3855 1684 3935 1734 âge
3960 1682 4002 1723 et
4027 1681 4242 1722 situation
4267 1693 4322 1722 en
4348 1679 4548 1732 rapport.

3907 1762 4042 1808 5.736.
4071 1759 4125 1799 —
4154 1758 4437 1807 Célibataire,
4468 1759 4519 1798 39
4546 1767 4643 1804 ans,
4674 1756 4883 1796 habitant

3855 1821 3897 1860 la
3918 1830 4184 1870 campagne,
4208 1819 4434 1870 physique
4455 1816 4679 1867 agréable,
4703 1816 4791 1856 bon
4814 1827 4883 1856 ca¬

3856 1880 4040 1926 ractère,
4101 1879 4344 1928 possédant
4376 1878 4512 1928 petite
4543 1875 4770 1927 propriété
4829 1876 4883 1916 de

3856 1939 4004 1986 25,000
4036 1938 4110 1986 fr.,
4144 1938 4187 1977 et
4217 1936 4441 1976 industrie
4472 1936 4526 1975 de
4559 1936 4647 1975 bon
4679 1936 4880 1985 rapport,

3855 1997 4111 2050 épouserait
4134 1996 4395 2036 demoiselle
4419 2007 4476 2035 ou
4499 2006 4656 2043 veuve,
4683 2006 4788 2034 sans
4810 2006 4883 2034 en¬

3856 2059 3992 2106 fants,
4022 2059 4102 2108 âge
4128 2058 4170 2098 et
4196 2056 4410 2098 situation
4439 2067 4492 2097 en
4523 2055 4723 2107 rapport.

3908 2136 4044 2182 5.740.
4070 2158 4124 2163 —
4151 2136 4343 2183 Notaire,
4371 2136 4423 2175 32
4448 2145 4543 2182 ans,
4572 2134 4662 2174 très
4687 2132 4880 2179 sérieux,

3856 2195 4080 2235 demande
4106 2192 4308 2243 mariage
4335 2205 4442 2233 avec
4466 2192 4728 2234 demoiselle
4754 2192 4808 2232 de
4832 2194 4884 2232 25

3856 2256 3882 2295 à
3910 2256 3962 2294 32
3990 2267 4086 2303 ans,
4119 2254 4256 2304 ayant
4284 2252 4362 2292 dot
4390 2263 4514 2292 assez
4543 2252 4706 2292 élevée.
4739 2252 4883 2292 Etude

3857 2315 4069 2366 rapporte
4096 2314 4151 2354 de
4178 2314 4299 2360 5,500
4327 2312 4353 2352 à
4379 2312 4502 2361 6,000
4531 2310 4586 2351 fr.
4617 2323 4699 2362 par
4727 2324 4800 2351 an.

3907 0 4044 2439 5.741.
4049 2414 4103 2418 —
4128 2388 4412 2439 Célibataire,
4439 2391 4491 2429 37
4515 2399 4612 2436 ans,
4641 2388 4885 2438 possédant

3857 2451 4036 2502 espèces
4064 2452 4211 2499 15,000
4265 2450 4322 2491 fr.
4379 2451 4422 2491 et
4475 2448 4702 2500 propriété
4729 2447 4884 2488 valant

3856 2512 4006 2559 25.000
4027 2510 4100 2559 fr.,
4126 2512 4391 2562 espérances
4412 2511 4540 2551 sûres
4560 2511 4710 2558 20,000
4732 2508 4787 2548 fr.
4812 2508 4886 2548 dé¬

3858 2571 3945 2611 sire
3975 2571 4176 2622 mariage
4207 2582 4314 2611 avec
4344 2567 4606 2610 demoiselle
4636 2579 4694 2608 ou
4723 2579 4882 2615 veuve,

3858 2643 3963 2672 sans
3992 2631 4187 2678 enfants,
4247 2632 4328 2680 âge
4356 2630 4398 2671 et
4427 2627 4642 2671 situation
4674 2639 4727 2666 en
4787 2638 4886 2677 rap¬

3858 2691 3971 2743 port.

3910 2770 4046 2816 5,743.
4076 2770 4131 2807 —
4160 2768 4422 2816 Violoniste,
4452 2768 4504 2806 23
4534 2778 4630 2814 ans,
4663 2776 4767 2806 sans
4799 2773 4885 2803 ior-

3858 2831 3980 2876 tune,
4015 2828 4175 2879 grand,
4211 2828 4346 2875 brun,
4382 2827 4471 2867 très
4504 2826 4607 2865 bien
4642 2838 4699 2866 au
4732 2823 4883 2875 physi¬

3858 2900 3959 2940 que,
4023 2887 4279 2938 épouserait
4312 2885 4575 2926 demoiselle
4607 2896 4664 2924 ou
4725 2894 4882 2932 veuve,

3858 2950 3912 2989 de
3937 2950 3988 2987 20
4014 2947 4039 2986 à
4064 2950 4116 2986 40
4143 2958 4238 2995 ans,
4268 2956 4375 2986 avec
4400 2946 4491 2993 dot,
4523 2944 4668 2984 Serait
4695 2946 4885 2984 heureu¬

3858 3020 3918 3048 se.

3911 3095 4047 3143 5.748.
4078 3096 4132 3134 —
4160 3096 4304 3134 Jeune
4336 3092 4535 3140 homme,
4568 3092 4619 3131 26
4651 3103 4746 3140 ans,
4780 3090 4882 3130 bien

3859 3166 3963 3195 sous
3995 3155 4096 3195 tous
4129 3154 4354 3206 rapports,
4416 3151 4715 3200 dessinateur,
4778 3164 4877 3200 pou¬

3858 3214 3967 3255 vant
3998 3225 4190 3265 occuper
4222 3212 4390 3264 emploi
4422 3212 4544 3259 3,000
4577 3210 4650 3259 fr.,
4684 3210 4887 3262 proprié¬

3859 3274 3970 3316 taire
3999 3275 4052 3315 de
4080 3274 4332 3324 propriétés
4359 3271 4546 3324 rapport
4572 3272 4598 3311 6
4624 3270 4650 3311 à
4675 3271 4799 3319 7,000
4827 3268 4882 3308 fr.

3857 3336 3899 3376 et
3929 3335 4209 3384 espérances,
4243 3332 4388 3372 désire
4419 3331 4622 3381 mariage
4651 3328 4883 3370 d’inclina¬

3858 3395 3950 3435 tion
3979 3403 4086 3434 avec
4111 3392 4247 3443 jeune
4273 3392 4381 3439 fille,
4410 3390 4624 3431 situation
4654 3394 4695 3430 et
4722 3391 4803 3440 âge
4830 3399 4883 3427 en

3858 3454 4059 3506 rapport.

3911 3540 4047 3587 5.749.
4104 3560 4157 3566 —
4215 3535 4499 3585 Célibataire,
4558 3538 4608 3576 37
4638 3547 4734 3584 ans,
4767 3546 4884 3575 com¬

3858 3598 4062 3646 merçant
4083 3598 4124 3637 et
4147 3596 4439 3647 agriculteur,
4465 3597 4554 3636 très
4576 3595 4770 3643 sérieux,
4796 3592 4886 3634 bel¬

3858 3657 3898 3699 le
3932 3656 4147 3698 situation
4182 3658 4224 3698 et
4284 3656 4564 3707 espérances,
4628 3651 4885 3706 épouserait

3858 3717 4120 3758 demoiselle
4148 3728 4206 3756 ou
4236 3728 4379 3756 veuve
4408 3726 4514 3756 sans
4543 3714 4715 3762 enfant,
4747 3713 4884 3764 petite

3856 3785 3933 3815 dut
3956 3776 4011 3814 et*
4027 3774 4210 3814 voulant
4234 3775 4462 3824 s’occuper
4490 3783 4547 3812 un
4572 3782 4660 3823 peu
4687 3774 4740 3810 de
4766 3780 4883 3811 com¬

3858 3844 4020 3875 merce.

3909 3912 4045 3958 5.750.
4071 3911 4126 3948 —
4150 3909 4279 3958 Veuf,
4308 3910 4359 3948 58
4384 3919 4480 3955 ans,
4509 3909 4620 3957 seul,
4648 3908 4768 3950 deux
4794 3906 4879 3955 fils,

3855 3969 3966 4008 dont
4000 3982 4060 4008 un
4096 3971 4255 4019 marié,
4290 3967 4536 4011 excellente
4571 3970 4712 4018 santé,
4748 3967 4882 4008 retiré

3856 4029 3934 4071 des
3988 4027 4184 4076 affaires,
4242 4027 4551 4080 propriétaire’
4595 4027 4636 4065 et
4690 4038 4883 4070 revenus

3856 4093 3978 4140 4.000
4008 4090 4080 4139 fr.,
4114 4088 4260 4130 désire
4291 4091 4447 4137 union,
4507 4086 4592 4126 soit
4621 4086 4883 4130 demoiselle

3855 4162 3912 4188 ou
3939 4161 4083 4188 veuve
4135 4162 4240 4190 sans
4268 4149 4440 4197 enfant,
4498 4146 4623 4196 d’âge
4651 4146 4694 4184 et
4747 4148 4882 4189 situa¬

3857 4208 3948 4248 tion
3976 4219 4031 4247 en
4059 4211 4259 4258 rapport.

3907 4286 4043 4334 5.751.
4077 4284 4131 4323 —
4187 4284 4331 4323 Jeune
4364 4286 4562 4332 homme,
4595 4286 4647 4324 30
4678 4293 4774 4331 ans,
4808 4284 4882 4323 fils

3856 4345 4042 4395 unique,
4075 4343 4179 4386 bien
4211 4355 4316 4386 sous
4346 4343 4447 4384 tous
4478 4344 4702 4395 rapports,
4735 4343 4883 4394 possé¬

3855 4407 3964 4444 dant
3999 4406 4134 4455 petite
4169 4404 4411 4456 propriété,
4475 4403 4783 4452 commerçant
4818 4404 4882 4441 in¬

3854 4463 4059 4515 dustriel,
4122 4463 4379 4518 épouserait
4437 4462 4699 4504 demoiselle
4759 4474 4882 4504 assez

3854 4525 4058 4575 élégante
4087 4526 4143 4566 de
4170 4528 4222 4566 25
4251 4528 4277 4567 à
4306 4527 4359 4566 30
4387 4534 4471 4563 ans
4499 4534 4616 4574 pour
4645 4523 4879 4574 intérieur,

3855 4587 3991 4638 ayant
4015 4586 4091 4626 dot
4115 4585 4157 4624 et
4180 4586 4234 4626 de
4260 4583 4436 4626 famille
4460 4583 4723 4626 honorable.

3902 4659 4036 4703 5,799.
4064 4655 4119 4694 —
4146 4655 4487 4698 Contributions
4514 4654 4768 4694 indirectes.
4798 4656 4878 4695 Re¬

3848 4729 4010 4758 ceveur
4038 4716 4272 4767 buraliste,
4303 4720 4392 4760 très
4420 4720 4570 4760 bonne
4600 4715 4790 4764 famille,
4823 4716 4878 4755 si¬

3848 4780 4020 4820 tuation
4055 4782 4176 4827 4,000
4208 4779 4263 4819 fr.
4299 4782 4575 4830 incessibles,
4636 4778 4878 4821 recherche

3852 4855 3967 4893 pour
3990 4842 4191 4892 mariage
4214 4852 4438 4891 personne
4487 4844 4540 4886 de
4591 4844 4680 4883 très
4730 4842 4878 4880 bonne

3852 4904 4042 4952 famille,
4072 4907 4124 4944 26
4151 4906 4176 4944 à
4204 4907 4255 4944 33
4283 4916 4379 4954 ans,
4410 4907 4582 4956 grande
4611 4904 4652 4943 et
4680 4904 4875 4955 élancée,

3850 4967 3987 5020 ayant
4010 4967 4231 5018 quelques
4256 4978 4462 5009 revenus.

3899 5036 4035 5084 5.801.
4070 5035 4124 5075 —
4158 5035 4301 5075 Jeune
4366 5035 4562 5082 homme,
4600 5031 4873 5082 catholique,

3845 5102 3896 5138 28
3922 5111 4018 5147 ans,
4047 5093 4256 5150 employé
4282 5108 4338 5136 au
4367 5097 4547 5135 chemin
4575 5096 4630 5135 de
4658 5094 4738 5144 fer,
4769 5096 4877 5136 bon¬

3848 5173 3901 5201 ne
3991 5162 4222 5210 situation,
4289 5160 4409 5208 1,800
4471 5157 4638 5207 francs,
4730 5158 4875 5199 désire

3846 5222 4036 5272 épouser
4060 5220 4321 5262 demoiselle
4344 5220 4398 5260 de
4419 5220 4472 5260 20
4495 5219 4520 5259 à
4542 5220 4592 5259 25
4616 5231 4712 5268 ans,
4740 5216 4876 5268 ayant

3846 5282 3922 5324 dot
3951 5293 4003 5322 en
4035 5284 4235 5334 rapport.

3898 5348 4034 5395 5.802.
4058 5350 4091 5387 —
4136 5350 4419 5396 Célibataire,
4446 5351 4496 5387 40
4520 5350 4616 5394 ans,
4646 5350 4791 5394 15,000
4816 5347 4871 5385 fr.

3844 5422 3896 5450 en
3926 5410 4118 5460 espèces,
4147 5410 4271 5450 taille
4299 5412 4317 5448 1
4344 5416 4370 5432 m
4378 5442 4386 5458 ,
4414 5412 4479 5455 65,
4508 5409 4656 5447 bonne
4684 5408 4874 5448 instruc¬

3843 5473 3935 5515 tion
3968 5473 4010 5514 et
4040 5472 4295 5520 éducation,
4331 5472 4510 5512 sérieux
4541 5471 4583 5511 et
4641 5471 4870 5518 économe,

3843 5535 4026 5575 homme
4051 5534 4106 5575 de
4132 5544 4271 5584 cœur,
4302 5532 4443 5575 solide
4471 5531 4695 5582 affection,
4725 5530 4871 5572 désire

3843 5595 4044 5643 mariage
4075 5607 4183 5634 avec
4214 5596 4476 5636 demoiselle
4507 5607 4565 5637 ou
4598 5604 4755 5642 veuve,
4790 5594 4871 5641 âge

3842 5659 3883 5699 et
3906 5654 4120 5699 situation
4146 5667 4200 5695 en
4224 5657 4425 5707 rapport,
4451 5658 4588 5708 ayant
4611 5656 4699 5695 bon
4723 5666 4869 5697 carac¬

3842 5721 3946 5763 tère.

3892 5804 4028 5851 5.804.
4054 5802 4108 5839 —
4132 5799 4263 5847 Veuf,
4291 5800 4340 5839 37
4366 5812 4460 5849 ans,
4487 5809 4653 5851 garçon
4680 5798 4735 5838 de
4760 5799 4870 5838 neuf

3839 5878 3935 5915 ans,
3959 5866 4045 5906 bon
4067 5863 4264 5910 ouvrier,
4287 5862 4375 5902 bon
4398 5862 4580 5914 emploi,
4604 5862 4694 5902 très
4714 5860 4867 5900 robus¬

3840 5928 3896 5975 te,
3932 5927 4035 5968 bien
4070 5926 4439 5978 physiquement,
4476 5924 4600 5963 avoir
4632 5924 4755 5962 2.000
4790 5922 4863 5971 fr.,

3839 5987 4096 6036 épouserait
4125 5984 4387 6028 demoiselle
4418 5996 4474 6024 ou
4504 5994 4647 6023 veuve
4676 5983 4731 6024 de
4760 5984 4810 6023 25
4840 5983 4866 6023 à

3838 6049 3890 6085 35
3919 6057 4014 6094 ans,
4046 6048 4182 6096 petite
4211 6047 4302 6087 dot.

3892 6124 4028 6171 5.805.
4062 6127 4116 6163 —
4147 6126 4279 6175 Veuf,
4314 6125 4365 6164 44
4398 6134 4495 6172 ans,
4529 6134 4634 6163 sans
4667 6120 4864 6169 enfants,

3840 6188 3987 6227 bonne
4020 6188 4160 6235 santé,
4194 6188 4328 6228 retiré
4359 6188 4438 6228 des
4468 6187 4664 6232 affaires,
4699 6183 4865 6232 capital

3838 6251 3960 6290 55.00
3982 6248 4148 6298 francs,
4172 6261 4365 6290 revenus
4386 6250 4507 6288 3.000
4530 6250 4695 6295 francs,
4719 6246 4865 6287 désire

3839 6313 3977 6354 union
4000 6324 4107 6353 avec
4126 6312 4388 6352 demoiselle
4407 6322 4465 6351 ou
4486 6320 4643 6358 veuve,
4666 6320 4772 6351 sans
4791 6322 4865 6351 en¬

3839 6376 3974 6425 fants,
3999 6376 4052 6417 de
4075 6376 4223 6416 bonne
4246 6374 4436 6421 famille,
4462 6371 4666 6423 disposée
4688 6374 4714 6415 à
4735 6375 4863 6415 venir

3836 6439 4012 6480 habiter
4036 6439 4290 6484 Bordeaux,
4314 6437 4394 6486 âge
4415 6436 4466 6476 28
4487 6435 4512 6476 à
4533 6438 4583 6477 44
4604 6449 4700 6488 ans,
4726 6439 4863 6488 ayant

3835 6501 3983 6543 rentes
4016 6512 4074 6540 ou
4108 6499 4246 6551 petite
4279 6499 4368 6539 dot.
4406 6500 4515 6542 Très
4550 6502 4743 6542 sérieux.
4780 6499 4863 6538 Ré¬

3835 6563 4010 6616 pondra
4035 6564 4060 6603 à
4086 6563 4207 6603 toute
4232 6564 4620 6616 correspondance
4646 6562 4858 6603 sérieuse.

3885 6647 4020 6692 5.806.
4055 6646 4109 6684 —
4139 6646 4283 6687 Jeune
4319 6646 4516 6691 homme,
4551 6646 4602 6681 25
4635 6652 4731 6688 ans,
4767 6652 4858 6681 em¬

3833 6709 3963 6762 ployé
3989 6720 4045 6750 au
4072 6710 4252 6751 chemin
4279 6712 4334 6751 de
4359 6710 4426 6748 fer
4450 6707 4510 6747 du
4539 6706 4587 6745 P.
4617 6704 4684 6753 O.,
4712 6716 4859 6748 carac¬

3831 6775 3922 6815 tère
3947 6773 4067 6814 doux
4092 6775 4134 6815 et
4158 6774 4351 6817 sérieux,
4380 6771 4452 6808 fils
4478 6767 4663 6819 unique,
4691 6772 4856 6823 capital

3830 6840 3883 6880 de
3907 6840 3955 6879 18
3974 6839 3999 6879 à
4018 6840 4168 6878 20.000
4188 6831 4507 6882 francs,désire
4528 6834 4728 6887 mariage
4750 6847 4856 6877 avec
