5228 7176
1288 1499 1548 1576 DES
1638 1484 2330 1580 INTÉRÊTS
2412 1486 3388 1605 RÉCIPROQUES

495 1631 940 1684 Combinaison
978 1631 1249 1696 Mariage
1287 1630 1470 1682 créée
1510 1646 1587 1682 en
1626 1627 1796 1684 1905
1864 1646 1900 1680 •
1936 1646 1971 1680 •
2007 1644 2042 1681 •
2114 1634 2403 1687 Bureaux
2441 1635 2502 1686 et
2536 1635 3050 1692 Administration
3087 1656 3102 1692 :
3141 1642 3248 1704 26,
3286 1658 3399 1696 rue
3436 1644 3726 1714 d'Astorg
3762 1676 3827 1686 —
3863 1650 4181 1705 Toulouse

268 1767 331 1802 LA
359 1767 490 1803 PLUS
516 1766 767 1802 HONNETE

266 1812 331 1848 LA
359 1814 492 1850 PLUS
520 1814 782 1849 DISCRETE

267 1861 330 1895 LA
358 1860 491 1895 PLUS
519 1861 716 1895 RAPIDE

267 1907 331 1942 LA
364 1907 496 1942 PLUS
528 1906 788 1943 SERIEUSE

267 1954 330 1988 LA
356 1954 490 1988 PLUS
515 1953 651 1988 SURE

268 2000 330 2034 LA
360 1999 527 2034 MOINS
555 1999 730 2035 CHERE

267 2046 364 2081 PAS
397 2046 880 2080 D'INTERMEDIAIRE

267 2091 364 2128 PAS
394 2094 459 2127 DE
487 2092 819 2128 COMMISSION

1576 1764 2510 1826 Directeur-Propriétaire
2551 1799 2564 1828 ï
2606 1771 2781 1831 Jean
2830 1774 3072 1832 BACH

1374 1872 1584 1907 Annonces
1637 1871 1690 1908 de
1743 1871 1916 1919 Mariage
1962 1871 2051 1915 (six
2091 1872 2221 1919 lignes
2278 1876 2323 1912 et
2371 1875 2636 1915 abonnement
2683 1878 2739 1927 au
2786 1878 2971 1927 journal)

1442 1919 1554 1955 Trois
1591 1919 2971 1970 mois.....
3028 1928 3098 1966 lf
3126 1929 3276 1970 francs.

1373 1970 1518 2016 Lignes
1539 1971 2972 2023 supplémentaires.
3075 1986 3099 2019 1
3168 2004 3212 2011 —

1374 2024 1614 2060 Annnonces
1635 2028 1672 2061 et
1695 2026 1900 2062 Locations
1921 2026 2037 2068 (trois
2060 2026 2971 2076 mois).
3069 2036 3104 2071 6
3164 2057 3211 2065 —

1374 2078 1472 2114 Avis
1490 2076 1638 2119 divers,
1658 2079 1784 2114 Offres
1806 2082 1843 2115 et
1865 2079 2083 2116 Demandes
2106 2079 2313 2126 d'emplois
2333 2080 2458 2123 (deux
2479 2084 2598 2126 mois)
2607 2114 2974 2129 .
3074 2088 3107 2125 3
3167 2108 3213 2119 —

3508 1782 3560 1818 Le
3584 1794 3604 1815 «
3630 1784 3749 1822 Trait
3772 1784 3952 1820 d’Unton
3979 1799 3998 1818 »
4024 1791 4084 1824 est
4135 1788 4293 1831 envoyé
4342 1791 4485 1827 contra

3458 1830 3479 1863 0
3499 1830 3553 1863 fr.
3578 1831 3622 1865 10
3643 1830 3670 1866 à
3691 1834 3806 1868 toute
3829 1840 4036 1875 personne
4059 1836 4130 1878 qui
4154 1843 4206 1871 en
4227 1838 4308 1874 fait
4332 1838 4373 1872 la
4418 1838 4484 1874 de-

3459 1877 3625 1912 mande.

3507 1923 3570 1958 Un
3596 1930 3640 1959 n°
3663 1923 3874 1964 spécimen
3899 1928 3962 1963 est
3986 1927 4108 1964 offert
4132 1930 4484 1974 gracieusement,

3457 1967 3483 2003 à
3507 1971 3598 2005 tout
3624 1971 3814 2014 visiteur,
3838 1973 3947 2008 dans
3971 1980 4047 2009 nos
4071 1975 4275 2011 bureaux.

3506 2015 3558 2051 Le
3607 2016 3783 2052 Journal
3834 2022 3895 2055 est
3920 2019 4092 2056 adressé
4118 2020 4145 2056 à
4195 2028 4271 2059 nos
4296 2023 4484 2060 abonnés

3457 2068 3556 2095 sous
3583 2064 3811 2104 enveloppe
3836 2066 4006 2108 fermée,
4034 2074 4137 2107 sans
4162 2075 4328 2103 aucune
4378 2070 4482 2104 Indl-

3459 2114 3599 2150 cation
3633 2119 3879 2158 apparente.

256 2234 567 2325 Dépositaire
574 2252 597 2308 s
640 2236 705 2310 du
744 2234 809 2311 Tr
812 2239 889 2311 ait
928 2235 1133 2312 (l'Union

183 2376 292 2410 Paris
322 2384 330 2407 :
359 2378 522 2418 kiosque
551 2378 620 2416 136,
652 2387 720 2411 rue
748 2379 908 2421 Royale;
936 2378 1100 2419 kiosque
1127 2379 1198 2415 224,

262 2418 478 2451 boulevard
511 2419 774 2458 Saint-Denis;
808 2421 971 2460 kiosque
1006 2422 1075 2458 189,
1110 2420 1200 2452 bou¬

266 2459 403 2492 levard
435 2460 724 2499 Saint-Michel;
754 2462 919 2502 kiosque
951 2462 1022 2500 196,
1077 2462 1206 2495 boule¬

273 2502 366 2534 vard
391 2502 635 2543 Sébastopol.

191 2557 296 2594 Lyon
328 2563 336 2586 :
366 2556 542 2596 kiosque,
571 2558 602 2595 8,
634 2556 743 2598 place
772 2557 840 2591 des
868 2559 1082 2596 Terreaux;
1110 2558 1209 2590 kios¬

272 2603 359 2635 que,
380 2598 490 2638 place
507 2598 546 2630 la
564 2600 683 2638 Viste;
703 2599 867 2639 kiosque
887 2600 903 2631 1
922 2599 994 2638 bis,
1014 2600 1124 2640 place
1143 2599 1211 2631 des

274 2639 507 2680 Cordeliers;
531 2640 696 2680 kiosque
720 2642 748 2678 1,
772 2642 866 2681 quai
890 2642 936 2674 de
960 2642 1052 2674 Retz

191 2692 389 2724 Marseille
410 2700 419 2723 :
438 2692 603 2732 kiosque
622 2692 671 2731 12,
693 2693 815 2727 allées
833 2694 882 2727 de
902 2694 1092 2732 Meilhan;
1110 2694 1212 2727 kios¬

273 2740 348 2773 que
367 2734 418 2772 25,
442 2742 510 2767 rue
531 2735 715 2773 Noailles;
736 2735 900 2775 kiosque
922 2736 951 2774 1,
974 2743 1043 2771 rue
1066 2737 1211 2769 Canne-

275 2775 392 2811 bière.

192 2831 398 2863 Bordeaux
424 2838 432 2862 :
458 2830 622 2871 kiosque
647 2830 787 2869 Turbé,
815 2831 923 2871 place
948 2831 995 2864 de
1019 2832 1058 2864 la
1082 2831 1212 2865 Comé¬

274 2871 349 2904 die.

195 2926 418 2963 Perpignan
444 2934 452 2958 :
476 2926 640 2967 kiosque
663 2926 798 2966 Vergé.

195 2979 390 3012 Toulouse
416 2991 423 3012 :
448 2980 687 3020 principaux
708 2979 894 3020 kiosques

256 3158 628 3261 Abonnés
678 3166 754 3260 et
804 3159 1174 3260 Lecteurs

254 3360 313 3401 Ce
336 3360 449 3414 petit
473 3359 662 3413 journal
690 3356 758 3399 n'a
780 3372 862 3414 pas
887 3360 927 3400 la
953 3359 1213 3413 prétention

198 3420 334 3460 d'être
391 3419 620 3460 littéraire.
650 3420 727 3460 Ses
755 3419 958 3460 bureaux
984 3431 1038 3460 ne
1063 3421 1215 3460 seront

194 3479 362 3532 jamais
388 3479 658 3520 encombrés
683 3479 736 3519 de
763 3479 952 3520 curieux
979 3478 1214 3519 indiscrets

199 3540 247 3582 ni
268 3539 322 3585 de
346 3552 457 3593 gens
480 3538 709 3596 d’affaires
730 3538 835 3591 plus
856 3551 916 3580 ou
955 3538 1107 3580 moins
1146 3537 1218 3579 vé¬

199 3610 323 3638 reux.

260 3656 354 3698 Une
390 3656 703 3710 organisation
738 3656 930 3710 parfaite
964 3660 1004 3697 et
1042 3670 1128 3696 une
1166 3659 1223 3697 te¬

202 3730 288 3756 nue
318 3716 655 3768 irréprochable
686 3729 698 3757 :
724 3716 846 3759 voilà
870 3728 919 3756 sa
944 3715 1110 3757 devise.

255 3774 472 3816 Abonnés
503 3778 544 3815 et
577 3776 768 3818 lecteurs
828 3778 932 3816 sont
963 3776 1140 3817 assurés
1172 3776 1226 3817 de

203 3839 385 3876 trouver
408 3847 464 3876 en
490 3835 555 3876 lui
582 3847 643 3876 un
668 3835 903 3876 auxiliaire
928 3838 1222 3887 scrupuleux,

203 3895 339 3935 d’une
378 3894 624 3935 discrétion
660 3895 863 3944 absolue,
903 3898 943 3935 et
982 3894 1118 3935 d’une
1158 3895 1225 3935 in¬

203 3954 452 3996 discutable
484 3954 680 4008 loyauté.

255 4011 350 4062 Que
383 4024 496 4053 ceux
528 4015 607 4067 qui
670 4024 725 4055 ne
788 4025 903 4054 nous
935 4012 1228 4055 connaissent

198 4084 278 4126 pas
305 4072 526 4114 viennent
555 4072 580 4115 à
610 4086 726 4115 nous
754 4084 858 4115 sans
887 4071 1074 4114 crainte.
1107 4072 1228 4115 Nous

200 4144 355 4174 serons
387 4132 591 4174 heureux
622 4134 675 4174 de
736 4133 799 4174 les
858 4131 983 4172 aider
1015 4132 1067 4172 de
1100 4134 1228 4174 notre

199 4204 211 4231 (
226 4202 424 4232 oncours
484 4191 677 4234 indirect
705 4203 788 4244 par
817 4191 856 4232 le
882 4191 1073 4243 journal
1104 4195 1146 4234 et
1175 4192 1228 4235 de

202 4262 283 4292 nos
346 4250 539 4292 conseils
570 4251 840 4304 personnels
902 4250 1078 4304 chaque
1139 4251 1230 4305 fois

200 4307 335 4362 qu’ils
368 4309 599 4352 voudront
664 4307 768 4350 bien
834 4319 948 4351 nous
1012 4311 1226 4352 accorder

204 4371 303 4411 leur
337 4370 576 4423 confiance
615 4372 655 4410 et
694 4380 810 4411 nous
847 4370 1099 4412 demander
1136 4383 1219 4414 nos

200 4428 310 4470 avis.

259 4486 354 4539 Que
416 4499 498 4528 nos
559 4488 750 4530 lecteurs
811 4488 1088 4532 deviennent
1150 4490 1226 4533 des

202 4547 332 4592 amis.
366 4546 460 4597 Que
487 4551 672 4599 partoiit
702 4551 742 4590 el
771 4548 795 4590 à
826 4552 940 4598 tous,
975 4550 1028 4592 ils
1054 4551 1227 4603 fassent

206 4607 459 4656 connaître,
498 4619 602 4648 sans
638 4608 810 4651 crainte
847 4612 888 4651 et
924 4622 1028 4651 sans
1067 4611 1223 4660 honte,

202 4667 240 4707 le
267 4666 359 4707 bon
380 4667 785 4720 fonctionnement
810 4670 863 4710 de
890 4672 1018 4711 notre
1043 4670 1226 4723 organi¬

203 4725 350 4767 sation
388 4739 400 4780 ;
439 4726 572 4780 qu’ils
611 4740 726 4770 nous
760 4732 1009 4783 procurent
1046 4730 1084 4771 le
1119 4730 1224 4783 plus

207 4780 491 4829 d'adhésions
516 4783 739 4842 possibles,
774 4784 898 4831 voilà
927 4791 1056 4831 noire
1095 4785 1227 4831 désir.

259 4847 291 4884 A
329 4848 428 4887 tous
459 4848 502 4887 et
533 4846 559 4888 à
591 4850 752 4897 toutes,
790 4861 905 4890 nous
935 4850 1222 4899 souhaitons,

201 4916 258 4946 en
283 4907 451 4954 retour,
484 4906 634 4949 bonne
690 4907 862 4950 chance
916 4911 958 4950 et
1011 4911 1225 4962 prompte

203 4963 463 5006 réalisation
487 4966 539 5007 de
564 4969 684 5008 leurs
707 4968 811 5021 plus
836 4967 992 5011 chères
1016 4968 1227 5023 espéran-

748 5087 820 5131 LA
845 5088 1167 5132 DIRECTION.

272 5248 499 5327 SERVICE
554 5252 623 5328 DE
670 5252 1161 5332 RENSEIGNEMENTS

261 5371 402 5413 Toute
435 5383 656 5423 personne
687 5376 826 5424 ayant
854 5374 1008 5416 besoin
1042 5375 1227 5417 d'infor¬

211 5430 403 5473 mations
428 5434 568 5483 sûres,
594 5444 652 5474 au
675 5432 802 5484 point
824 5434 878 5475 de
899 5447 986 5478 vue
1007 5435 1227 5477 financier

203 5492 493 5532 commercial
519 5503 577 5535 ou
603 5492 747 5544 privé,
774 5495 1050 5535 concernant
1102 5495 1228 5535 affai¬

206 5560 288 5599 res,
320 5550 544 5602 mariages
571 5563 628 5592 ou
657 5554 823 5603 autres,
855 5564 1036 5596 recevra
1063 5555 1126 5596 du
1154 5555 1227 5595 Di¬

207 5611 379 5651 recteur
406 5611 470 5650 les
498 5610 884 5663 renseignements
911 5614 975 5653 les
1002 5615 1107 5664 plus
1131 5615 1228 5665 pré¬

204 5669 282 5719 cis,
310 5667 336 5710 à
360 5668 448 5711 des.
463 5670 566 5720 prix
593 5671 680 5711 très
706 5672 927 5714 modérés.
956 5671 1040 5715 Ces
1064 5674 1229 5715 rensei¬

205 5730 444 5780 gnements
463 5740 510 5770 se
531 5728 687 5780 paient
707 5730 935 5774 d’avance.

674 5806 764 5869 ***

285 5896 760 6045 Coÿmaigon
817 5917 1164 6048 Mariage,1

1350 2238 1404 2280 Le
1436 2238 1670 2280 Directeur
1696 2241 1837 2292 reçoit
1863 2241 1904 2283 le
1932 2243 2136 2285 courrier
2162 2244 2218 2286 de
2245 2257 2311 2286 ses

1288 2298 1508 2348 abonnés,
1536 2299 1650 2344 seul,
1680 2300 1710 2340 il
1736 2300 1776 2342 le
1802 2306 2042 2351 transmet,
2070 2308 2113 2344 et
2138 2304 2250 2352 seul,
2280 2303 2308 2344 il

1292 2358 1463 2411 lépond
1490 2372 1576 2399 aux
1600 2359 1751 2403 lettres
1776 2362 1854 2415 qui
1883 2360 1944 2403 lui
1972 2366 2074 2403 sont
2128 2375 2314 2416 person¬

1295 2416 1540 2458 nellement
1563 2418 1803 2460 adressées.

1351 2475 1427 2516 l'ai
1462 2490 1551 2517 une
1576 2478 1898 2519 combinaison
1954 2479 2137 2522 d’offres
2163 2486 2206 2522 et
2261 2480 2315 2523 de

1292 2535 1540 2578 demandes
1570 2540 1612 2577 et
1643 2550 1723 2591 par
1752 2536 1794 2578 la
1827 2539 2219 2592 correspondance
2250 2539 2315 2581 di¬

1294 2599 1410 2635 recte
1435 2600 1563 2637 entre
1590 2595 1652 2640 les
1679 2596 1899 2647 abonnés,
1928 2598 1991 2640 les
2019 2599 2244 2654 mariages
2271 2612 2316 2641 se

1293 2654 1394 2695 font
1416 2663 1523 2693 sans
1548 2653 1926 2695 intermédiaires.

1354 2711 1474 2755 Nous
1496 2726 1553 2754 ne
1575 2715 1785 2755 saurions
1838 2728 1957 2758 assez
2008 2716 2183 2771 répéter
2235 2730 2322 2771 que

1298 2784 1412 2811 nous
1438 2770 1627 2813 n’avons
1651 2772 1751 2814 rien
1775 2773 1830 2815 de
1854 2787 2076 2816 commun
2102 2788 2208 2816 avec
2232 2789 2323 2818 une

1296 2843 1464 2883 agence
1524 2832 1882 2875 matrimoniale.
1919 2834 2012 2872 Non
2072 2832 2323 2872 seulement

1295 2898 1410 2928 nous
1443 2899 1496 2928 ne
1528 2888 1702 2934 faisons
1733 2900 1815 2939 pas
1847 2892 1900 2932 de
1933 2891 2172 2942 mariages,
2208 2892 2324 2932 mais

1296 2958 1455 2987 encore
1491 2958 1606 2990 nous
1641 2960 1696 2990 ne
1732 2950 1987 2991 réclamons
2021 2961 2198 2992 aucune
2261 2962 2323 2992 es¬

1298 3006 1403 3055 pèce
1466 3007 1519 3047 de
1582 3008 1874 3050 commission
1936 3014 1979 3050 et
2040 3014 2168 3052 notre
2231 3010 2323 3051 rôle

1299 3066 1583 3107 d’auxiliaire
1620 3067 1784 3107 discret
1820 3079 1940 3111 cesse
2000 3079 2059 3111 au
2123 3074 2326 3111 moment

1299 3124 1444 3174 précis
1467 3126 1524 3167 où
1550 3127 1613 3169 les
1635 3126 1874 3170 intéressés
1898 3132 2019 3174 n’ont
2043 3131 2149 3179 plus
2170 3130 2326 3171 besoin

1298 3186 1351 3224 de
1375 3195 1458 3226 nos
1479 3184 1688 3227 services.

1363 3245 1498 3287 Notre
1534 3247 1730 3302 système
1771 3247 1838 3287 n’a
1878 3250 1973 3290 rien
2012 3249 2066 3290 de
2103 3263 2327 3293 commun

1306 3318 1399 3346 non
1429 3304 1532 3359 plus
1563 3318 1668 3347 avec
1699 3306 1760 3347 les
1791 3319 2023 3350 annonces
2054 3309 2129 3351 des
2160 3310 2330 3363 grands

1303 3363 1536 3416 journaux
1564 3364 1801 3419 parisiens.
1838 3366 1951 3408 Leur
1979 3368 2194 3411 méthode
2223 3383 2329 3411 con¬

1304 3423 1410 3463 siste
1435 3423 1459 3464 à
1487 3424 1659 3465 insérer
1686 3424 1762 3466 des
1791 3426 2039 3468 demandes
2098 3434 2139 3470 et
2195 3428 2331 3471 offres

1306 3482 1359 3523 de
1396 3483 1638 3536 mariages,
1678 3484 2022 3538 généralement
2058 3499 2326 3542 anonymes,

1306 3547 1350 3583 et
1378 3547 1562 3595 portant
1590 3538 1878 3586 l’indication
1914 3560 1923 3587 :
1956 3564 1977 3583 «
2007 3552 2133 3600 poste
2164 3554 2333 3588 restan¬

1306 3603 1348 3640 te
1374 3616 1414 3642 ».

1367 3659 1491 3703 Cette
1523 3660 1768 3704 discrétion
1802 3664 1888 3707 très
1922 3664 2126 3720 légitime
2158 3671 2200 3708 et
2231 3680 2334 3710 sans

1310 3719 1504 3774 dangers
1539 3726 1667 3764 entre
1702 3722 1925 3766 honnêtes
1960 3738 2088 3779 gens,
2128 3727 2335 3780 présente

1308 3786 1351 3827 le
1377 3785 1481 3841 plus
1538 3795 1734 3830 souvent
1789 3789 1843 3831 de
1902 3804 2061 3845 graves
2120 3792 2335 3836 inconvé¬

1311 3846 1476 3888 nients.
1528 3847 1599 3888 Un
1627 3851 1987 3904 correspondant
2014 3852 2092 3906 qui
2122 3852 2336 3895 dissimu¬

1310 3906 1351 3947 le
1379 3919 1462 3948 son
1491 3906 1682 3949 identité
1711 3922 1768 3951 ne
1796 3915 1904 3963 peut
1932 3910 2063 3952 offrir
2091 3911 2146 3954 de
2175 3924 2336 3966 garan¬

1312 3966 1393 4007 ties
1420 3967 1652 4009 sérieuses.
1683 3967 1799 4010 Neuf
1826 3967 1912 4012 fois
1940 3983 2018 4011 sur
2044 3970 2136 4021 dix,
2169 3971 2231 4014 les
2258 3974 2336 4015 let¬

1310 4029 1398 4067 tres
1454 4026 1678 4068 adressées
1731 4027 1756 4068 à
1811 4040 1882 4070 ces
1936 4042 2154 4073 coureurs
2179 4031 2234 4072 de
2259 4031 2338 4074 dot

1310 4090 1480 4128 restent
1503 4099 1607 4128 sans
1631 4087 1839 4142 réponse.
1869 4088 1926 4132 Le
1952 4088 2048 4130 naïf
2071 4104 2336 4146 correspon¬

1312 4146 1423 4188 dant
1452 4146 1691 4201 s’aperçoit
1720 4147 1832 4202 qu’il
1864 4162 1887 4189 a
1918 4150 1986 4191 été
2015 4148 2338 4193 l’amusement

1311 4204 1424 4248 d’un
1450 4206 1639 4248 fumiste
1663 4220 1724 4250 ou
1750 4207 1863 4250 d’un
1888 4208 2082 4251 farceur.

1372 4264 1562 4308 Pareille
1596 4267 1915 4311 mésaventure
1951 4268 2064 4311 n’est
2100 4284 2178 4324 pas
2212 4271 2237 4312 à
2271 4284 2337 4314 re¬

1312 4324 1488 4376 douter,
1521 4326 1655 4380 grâce
1680 4328 1704 4368 à
1734 4327 1990 4371 l’heureuse
2018 4330 2335 4373 combinaison

1314 4384 1374 4427 du
1403 4385 1523 4427 Trait
1550 4386 1766 4428 d’Union.
1796 4387 1935 4430 Grâce
1961 4390 1984 4430 à
2012 4388 2092 4439 lui,
2124 4390 2272 4431 riches
2298 4396 2336 4432 el

1313 4458 1506 4498 pauvres
1566 4444 1695 4487 n’ont
1723 4446 1824 4500 plus
1854 4447 2011 4488 besoin
2042 4447 2095 4490 de
2123 4448 2338 4492 relations

1314 4504 1624 4559 personnelles
1660 4519 1776 4560 pour
1812 4505 1957 4549 s’unir
1992 4507 2264 4563 dignement
2299 4516 2338 4552 et

1314 4563 1440 4606 selon
1475 4564 1572 4606 leur
1606 4564 1739 4607 désir.
1806 4565 2186 4618 Journellement,
2225 4582 2340 4611 nous

1318 4636 1534 4667 recevons
1571 4624 1647 4667 des
1684 4624 1835 4667 lettres
1872 4626 1927 4667 de
1963 4628 2336 4670 remerciements

1314 4687 1358 4724 et
1391 4682 1447 4724 de
1480 4683 1774 4726 félicitations
1811 4698 1927 4739 pour
1962 4686 2002 4726 la
2038 4687 2242 4729 manière
2275 4688 2340 4730 sé¬

1315 4743 1462 4786 rieuse
1485 4743 1598 4786 dont
1619 4744 1755 4799 opère
1778 4743 1818 4786 la
1843 4743 2091 4787 Direction.

1375 4802 1440 4844 En
1471 4817 1519 4846 ce
1548 4804 1626 4858 qui
1658 4818 1881 4848 concerne
1911 4806 1951 4847 la
1982 4806 2340 4862 correspondan¬

1315 4875 1378 4912 ce,
1414 4876 1531 4906 nous
1559 4876 1676 4907 nous
1706 4864 1877 4908 faisons
1907 4879 1999 4908 une
2027 4865 2088 4908 loi
2119 4867 2174 4908 de
2202 4871 2341 4910 rester

1315 4927 1498 4966 neutres
1533 4928 1576 4966 et
1611 4923 1844 4979 d’ignorer
1879 4939 1927 4967 ce
1963 4923 2243 4980 qu’écrivent
2279 4927 2340 4970 les

1315 4981 1568 5024 intéressés.

1374 5042 1429 5084 Le
1453 5047 1595 5086 secret
1619 5043 1695 5086 des
1721 5044 1871 5088 lettres
1895 5050 1960 5088 est
1984 5046 2120 5090 chose
2144 5047 2294 5090 sacrée
2332 5048 2340 5090 1

1855 5106 1925 5147 LA
1955 5104 2278 5148 DIRECTION.

1402 5281 2245 5368 CONDITIONS

1484 5390 1542 5428 11
1567 5388 1731 5430 francs
1751 5402 1875 5442 pour
1896 5394 2018 5432 trois
2040 5395 2163 5433 mois

1318 5455 1528 5491 sonnant
1543 5452 1660 5493 droit
1680 5452 1704 5492 à
1726 5464 1813 5495 une
1832 5464 2052 5505 annonce,
2075 5467 2132 5498 au
2152 5456 2334 5506 journal

1370 5521 1476 5552 sous
1494 5514 1756 5563 enveloppe,
1779 5517 1822 5554 et
1841 5524 1899 5555 au
1919 5515 2088 5556 service
2108 5519 2163 5560 de
2183 5518 2225 5557 la
2244 5527 2337 5557 cor¬

1367 5572 1691 5620 respondance.

1366 5629 1583 5678 Etranger
1608 5632 1658 5671 15
1683 5631 1852 5675 francs.

1312 5688 1642 5730 Abonnement
1668 5703 1728 5731 au
1752 5690 1950 5742 journal
1975 5694 2089 5740 seul,
2123 5705 2236 5734 sous
2264 5706 2342 5736 en¬

1363 5743 1573 5792 veloppe.

1322 5804 1388 5843 Un
1408 5813 1464 5844 an
1484 5807 1507 5844 6
1524 5806 1692 5854 francs,
1714 5808 1782 5846 six
1803 5808 1918 5848 mois
1935 5810 1960 5848 3
1976 5808 2146 5850 francs.

1374 5976 2286 6089 FONCTIONNEMENT

2388 2246 2512 2284 lettre,
2544 2247 2583 2279 la
2614 2248 2764 2285 timbre,
2796 2248 2834 2280 la
2863 2249 2984 2288 glisse
3015 2251 3115 2283 dans
3144 2258 3221 2283 une
3251 2250 3420 2284 seconde

2389 2286 2604 2328 enveloppe
2637 2290 2793 2328 portant
2831 2290 3016 2323 l’adresse
3048 2291 3100 2323 du
3134 2291 3338 2326 Directeur
3367 2292 3420 2326 du

2394 2342 2406 2358 «
2431 2330 2538 2363 Trait
2561 2331 2725 2363 d’Union
2758 2343 2770 2358 »
2795 2339 2888 2364 avec
2911 2335 3008 2367 cette
3035 2332 3251 2366 indication
3276 2342 3346 2366 sur
3367 2342 3422 2367 un

2390 2370 2527 2411 papier
2550 2371 2818 2411 indépendant
2844 2383 2850 2404 :
2875 2386 2887 2400 «
2914 2374 3086 2407 Veuillez
3110 2375 3360 2407 transmettre
3383 2375 3423 2410 la

2391 2412 2502 2444 lettre
2528 2412 2703 2452 ci-jointe
2731 2414 2753 2444 à
2780 2414 3002 2448 l’abonné...
3032 2415 3044 2446 >>
3078 2415 3259 2453 indiquer
3287 2416 3323 2447 le
3355 2422 3422 2447 nu¬

2395 2452 2499 2486 méro
2524 2455 2570 2488 de
2595 2455 2800 2489 l’annonce
2823 2455 2984 2488 choisie.

2433 2495 2487 2526 En
2510 2495 2755 2534 dépouillant
2775 2503 2846 2528 son
2868 2496 3045 2529 courrier
3066 2496 3099 2530 le
3123 2497 3325 2530 Directeur
3343 2499 3423 2531 met

2391 2536 2448 2570 les
2470 2536 2650 2570 adresses
2678 2538 2912 2576 respectives
2935 2544 3010 2577 que
3034 2538 3116 2570 seul
3139 2538 3167 2571 il
3189 2539 3362 2576 connaît,
3386 2540 3423 2573 et

2392 2579 2583 2611 transmet
2602 2578 2640 2611 la
2662 2578 3000 2618 correspondance
3022 2586 3136 2618 reçue
3155 2587 3235 2613 aux
3253 2579 3423 2615 destina¬

2396 2619 2524 2651 taires.

2439 2660 2489 2696 De
2515 2662 2612 2692 cette
2641 2660 2756 2698 façon
2784 2661 2874 2694 tous
2900 2660 2957 2693 les
2990 2661 3164 2695 abonnés
3192 2663 3244 2695 du
3274 2675 3287 2691 «
3316 2663 3426 2696 Trait

2394 2700 2561 2734 d’Union
2586 2713 2600 2728 »
2634 2702 2803 2741 peuvent
2827 2702 2983 2735 s’écrire
3007 2703 3264 2736 directement
3289 2704 3327 2736 et
3349 2703 3425 2736 dis¬

2394 2742 2606 2775 crètement
2634 2749 2727 2775 sans
2754 2744 2834 2779 être
2860 2751 3014 2781 connus
3040 2744 3223 2783 jusqu’au
3250 2744 3424 2779 moment

2396 2783 2446 2815 où
2482 2783 2527 2815 ils
2559 2784 2697 2824 jugent
2756 2783 2978 2818 nécessaire
3032 2781 3268 2826 d’échanger
3320 2786 3427 2819 leurs

2398 2831 2510 2858 noms
2533 2825 2751 2864 respectifs.

2439 2867 2492 2905 Si,
2518 2874 2567 2899 au
2594 2868 2801 2906 contraire,
2830 2867 2879 2900 ils
2904 2875 2951 2901 ne
3000 2870 3167 2908 peuvent
3194 2867 3425 2907 s’entendre,

2399 2908 2448 2942 ils
2467 2910 2620 2942 cessent
2641 2910 2688 2943 de
2712 2909 2996 2950 correspondre
3018 2914 3054 2942 et
3073 2918 3227 2943 comme
3251 2911 3301 2944 ils
3320 2911 3429 2951 igno¬

2399 2953 2483 2983 rent
2503 2949 2585 2983 l’un
2606 2953 2642 2983 et
2664 2951 2802 2984 l’autre
2822 2951 2907 2983 leur
2931 2959 3022 2984 nom
3045 2954 3080 2986 et
3102 2951 3274 2991 adresse,
3296 2959 3427 2985 aucun

2399 2991 2514 3027 d’eux
2535 2992 2631 3024 n’est
2651 2994 2902 3032 compromis.

2440 3032 2471 3065 Il
2494 3033 2548 3067 est
2571 3032 2660 3064 bien
2682 3034 2852 3066 entendu
2875 3040 2950 3072 que
2972 3042 3074 3067 nous
3095 3034 3300 3067 déclinons
3322 3035 3428 3068 toute

2401 3074 2700 3114 responsabilité
2732 3075 2897 3115 puisque
2928 3082 3028 3110 nous
3058 3082 3158 3109 nous
3192 3075 3345 3109 faisons
3376 3083 3428 3108 un

2399 3115 2535 3148 devoir
2552 3115 2599 3148 de
2620 3116 2744 3148 rester
2763 3118 2920 3150 neutres
2939 3118 2974 3149 et
2991 3116 3191 3156 d’ignorer
3209 3124 3251 3150 ce
3269 3116 3430 3158 qu’écri¬

2404 3158 2492 3190 vent
2519 3164 2587 3190 nos
2612 3158 2954 3197 correspondants.

2444 3198 2588 3240 Depuis
2612 3206 2687 3238 que
2716 3206 2758 3232 ce
2784 3199 2940 3238 journal
2968 3201 3024 3231 est
3050 3199 3147 3237 créé,
3176 3200 3201 3231 il
3228 3200 3316 3232 s’est
3342 3207 3427 3232 con¬

2402 3239 2522 3273 tracté
2542 3239 2589 3272 de
2611 3239 2827 3273 nombreux
2854 3240 3051 3278 mariages
3071 3242 3106 3272 et
3127 3242 3212 3274 tout
3232 3240 3267 3274 le
3287 3240 3432 3275 monde

2400 3282 2476 3314 sait
2504 3281 2542 3315 la
2568 3281 2745 3316 manière
2774 3282 2946 3315 sérieuse
2974 3282 3067 3315 dont
3095 3280 3211 3320 opère
3238 3282 3278 3314 la
3304 3280 3429 3314 Direc¬

2402 3323 2496 3355 tion.

2446 3384 2550 3416 Nota.
2576 3402 2619 3406 —
2642 3384 2691 3414 Ne
2715 3391 2783 3422 pas
2807 3383 2959 3415 oublier
2983 3384 3037 3415 les
3059 3382 3222 3414 timbres
3244 3380 3431 3412 d'affran¬

2403 3426 2642 3457 chissement
2668 3426 2902 3463 obligatoire
2928 3431 3027 3463 pour
3052 3424 3089 3455 la
3115 3422 3308 3460 première
3332 3423 3367 3454 et
3395 3424 3431 3454 la

2403 3467 2611 3500 deuxième
2635 3467 2883 3504 enveloppes.

2506 3630 2583 3671 EN
2594 3627 3014 3670 YELOPPFS-A
3027 3626 3323 3668 DRESSES

2456 3716 2591 3754 Nous
2620 3716 2787 3754 tenons
2818 3712 2847 3752 à
2875 3714 2920 3752 la
2956 3711 3231 3762 disposition
3265 3711 3320 3751 de
3341 3722 3428 3751 nos

2403 3767 2644 3814 Abonnés,
2684 3767 2765 3807 des
2799 3766 3096 3816 Enveloppes
3131 3778 3190 3805 au
3223 3776 3334 3804 nom
3376 3765 3430 3804 de

2403 3823 2532 3860 Jean
2558 3822 2700 3868 Bach,
2732 3832 2792 3860 au
2810 3819 2919 3871 prix
2944 3822 2998 3860 de
3026 3822 3055 3859 0
3086 3819 3146 3859 fr.
3173 3822 3231 3859 15
3252 3819 3299 3858 1%
3322 3819 3433 3859 dou¬

2404 3874 2552 3915 zaine.

2440 4064 3038 4142 Recommandations
3084 4067 3400 4147 Générales

2451 4284 2490 4314 1°
2523 4286 2722 4319 Personne
2751 4293 2798 4318 ne
2827 4289 2918 4324 peut
2946 4287 3231 4326 correspondre
3256 4294 3352 4320 aveo
3382 4288 3436 4320 les

2411 4332 2586 4364 abonnés
2611 4339 2706 4364 sans
2732 4334 2844 4367 avoir
2870 4335 2982 4367 versé
3011 4335 3066 4368 les
3091 4336 3128 4367 11
3155 4336 3290 4368 franos
3318 4334 3436 4375 régle¬

2411 4380 2623 4412 mentaires
2650 4387 2659 4418 ;

2450 4455 2490 4487 2°
2516 4457 2735 4490 L’annonce
2758 4458 2826 4490 des
2847 4458 3022 4490 abonnés
3045 4459 3126 4490 doit
3151 4459 3332 4498 indiquer
3356 4459 3439 4491 leur

2414 4503 2496 4542 âge,
2526 4504 2610 4535 leur
2636 4503 2840 4543 situation,
2868 4503 2950 4537 s’ils
2976 4504 3152 4538 désirent
3178 4514 3227 4539 ou
3255 4512 3334 4539 non
3363 4513 3438 4540 une

2414 4550 2490 4582 dot.
2520 4552 2600 4582 Elle
2627 4551 2708 4583 doit
2735 4551 2891 4583 fournir
2919 4554 3091 4585 certains
3118 4553 3259 4587 détails
3287 4554 3334 4586 de
3363 4561 3439 4587 ma¬

2414 4596 2520 4629 nière
2540 4597 2564 4630 à
2586 4596 2710 4630 éviter
2731 4599 2799 4631 des
2819 4600 3182 4636 correspondances
3204 4600 3366 4633 Inutiles
3390 4609 3399 4639 ;

2451 4659 2488 4690 3°
2508 4659 2577 4691 Les
2597 4665 2799 4691 annonces
2819 4662 2908 4692 sont
2927 4660 2976 4692 de
2994 4661 3056 4692 six
3079 4659 3206 4697 lignes
3226 4667 3276 4691 au
3322 4662 3441 4692 maxi¬

2414 4706 2533 4731 mum.
2590 4700 2659 4731 Les
2714 4700 2842 4739 lignes
2895 4702 3251 4740 supplémentaires
3306 4704 3438 4735 seront

2419 4746 2562 4786 payées
2586 4747 2607 4779 à
2631 4747 2763 4780 raison
2787 4750 2835 4780 de
2856 4750 2871 4779 1
2895 4750 3008 4782 franc
3032 4750 3068 4782 la
3092 4750 3198 4787 ligne
3220 4756 3319 4787 pour
3342 4750 3438 4782 trois

2415 4794 2527 4826 mois.
2559 4794 2607 4826 Ce
2638 4794 2740 4827 délai
2772 4795 2920 4832 écoulé,
2954 4797 3008 4828 les
3040 4795 3250 4830 intéressés
3279 4796 3440 4830 doivent

2414 4842 2628 4874 demander
2660 4842 2692 4874 le
2724 4843 3062 4876 renouvellement
3094 4851 3103 4882 ;

2451 4905 2489 4935 4°
2522 4905 2571 4936 La
2603 4904 2799 4936 Direction
2827 4906 3023 4943 n’accepte
3047 4912 3122 4943 que
3147 4907 3215 4938 des
3241 4914 3441 4939 annonces

2414 4950 2491 4982 très
2511 4951 2720 4990 sérieuses,
2742 4952 2859 4984 celles
2880 4951 2975 4984 dont
2999 4952 3036 4984 la
3058 4951 3259 4987 rédaction
3283 4960 3330 4986 ne
3352 4960 3442 4987 con¬

2416 4997 2578 5030 viendra
2606 5004 2675 5036 pas
2704 5000 2836 5031 seront
2864 4998 3040 5031 refusées
3070 5007 3079 5039 ;

2454 5046 2495 5077 9°
2520 5045 2579 5078 On
2606 5047 2696 5082 peut
2720 5047 3007 5084 correspondre
3030 5048 3055 5082 à
3079 5050 3116 5080 la
3139 5048 3217 5081 fois
3240 5055 3336 5082 aveo
3360 5049 3442 5088 plu¬

2414 5092 2540 5125 sieurs
2570 5091 2748 5125 abonnés
2775 5100 2786 5134 ;

2454 5159 2488 5188 5°
2520 5159 2570 5190 La
2602 5159 2689 5196 plus
2720 5159 2974 5193 élémentaire
3042 5160 3227 5198 politesse
3256 5160 3328 5192 fait
3391 5168 3442 5193 un

2414 5204 2550 5238 devoir
2580 5212 2658 5238 aux
2688 5204 2866 5238 abonnés
2895 5206 2943 5239 de
2974 5204 3168 5244 répondre
3198 5214 3276 5240 aux
3308 5207 3440 5240 lettres

2415 5259 2562 5290 reçues.
2598 5254 2672 5284 Pas
2704 5255 2801 5286 n’est
2832 5253 2968 5286 besoin
3000 5254 3047 5286 de
3080 5254 3246 5293 longues
3278 5255 3442 5294 phrases

2414 5300 2514 5333 dans
2535 5300 2708 5334 certains
2731 5308 2811 5334 cas.
2837 5302 2945 5335 Deux
2970 5304 3071 5336 mots
3093 5302 3284 5335 suffisent
3308 5310 3318 5342 ;

2454 5366 2490 5395 6°
2519 5366 2641 5396 Toute
2672 5366 2782 5398 lettre
2812 5367 2878 5404 qui
2911 5374 3011 5403 nous
3042 5370 3099 5399 est
3128 5366 3311 5399 adressée
3363 5375 3444 5405 per¬

2415 5412 2703 5445 sonnellement
2723 5415 2758 5446 et
2778 5412 2844 5451 qui
2863 5414 3059 5447 demande
3079 5420 3156 5447 une
3175 5412 3342 5452 réponse
3360 5414 3443 5448 doit

2416 5459 2496 5491 être
2517 5460 2808 5500 accompagnée
2830 5460 2921 5492 d’un
2943 5461 3086 5495 timbre
3107 5462 3155 5495 de
3177 5463 3215 5494 10
3237 5461 3442 5495 centimes.

2454 5523 2490 5552 7°
2527 5523 2649 5556 Toute
2681 5522 2939 5561 suppression
2992 5524 3016 5554 d
3031 5530 3224 5561 annonce,
3278 5523 3446 5563 change¬

2419 5572 2524 5603 ment
2566 5575 2615 5600 ou
2659 5570 2934 5602 modification
2977 5569 3208 5603 d’insertion
3251 5576 3298 5602 en
3325 5578 3442 5602 cours

2418 5618 2734 5656 d’abonnement,
2767 5618 2930 5650 nuisant
2959 5616 2983 5650 à
3014 5618 3051 5650 la
3082 5618 3211 5650 bonne
3240 5619 3443 5657 organisa¬

2416 5664 2499 5696 tion
2522 5665 2569 5698 de
2591 5672 2655 5698 ma
2675 5665 2951 5698 combinaison
2974 5666 3184 5704 mariages,
3208 5667 3263 5699 les
3286 5673 3443 5705 person¬

2419 5719 2487 5743 nes
2527 5712 2593 5750 qui
2635 5719 2682 5744 en
2722 5713 2853 5746 feront
2878 5714 2915 5745 la
2939 5714 3134 5746 demande
3158 5720 3356 5753 expresse,
3382 5715 3443 5747 de¬

2418 5762 2531 5792 vront
2555 5767 2596 5792 se
2619 5762 2845 5794 conformer
2867 5767 2918 5794 au
2943 5762 3038 5794 tarif
3061 5761 3222 5796 suivant
3246 5770 3255 5794 :

2459 5838 2723 5876 Suppression
2758 5838 3263 5872 d’annonce..
3310 5838 3330 5870 5
3351 5838 3400 5871 fr.

2460 5886 2730 5926 Changement
2764 5887 3262 5926 complet.
3310 5887 3328 5918 3
3351 5887 3400 5919 fr.

2462 5934 2720 5972 Supplément
2746 5934 2863 5967 d’une
2892 5934 3263 5974 ligne.
3311 5935 3327 5966 1
3352 5935 3401 5967 fr.

3033 6028 3089 6062 LE
3114 6027 3402 6061 DIRECTEUR.

414 6125 713 6190 NOTRE
804 6129 1037 6192 ROLE

267 6250 324 6292 Le
350 6266 371 6289 «
395 6250 518 6291 Trait
540 6251 742 6295 d’Union
767 6271 788 6295 »
815 6258 995 6309 accepte
1018 6259 1143 6296 toute
1166 6268 1231 6296 es¬

208 6311 315 6366 pèce
343 6309 396 6351 de
426 6310 665 6363 publicité;
694 6315 810 6356 mais
838 6314 870 6356 il
898 6314 1106 6370 s’occupe
1134 6314 1231 6370 spé¬

209 6370 452 6411 cialement
479 6368 759 6415 d’annonces
788 6374 843 6416 de
871 6373 1113 6427 mariages.

268 6429 325 6472 Le
350 6429 431 6470 but
458 6428 630 6484 unique
654 6431 707 6473 de
732 6431 772 6474 la
800 6434 1031 6475 Direction
1059 6443 1123 6476 est
1178 6434 1231 6477 de

210 6488 428 6531 favoriser
455 6487 518 6530 les
546 6491 715 6533 unions
742 6491 908 6547 légales
936 6497 979 6536 et
1006 6492 1231 6536 chrétien¬

210 6562 288 6590 nes
319 6560 400 6603 par
428 6560 491 6590 un
523 6548 715 6603 procédé
744 6550 910 6595 discret
938 6555 981 6595 et
1011 6551 1228 6605 honnête,

210 6608 567 6650 contrairement
587 6607 611 6648 à
634 6611 828 6651 certains
850 6612 1083 6666 journaux
1106 6614 1232 6656 simi¬

210 6667 342 6710 laires
366 6668 444 6723 qui
470 6672 572 6711 sont
596 6666 672 6708 des
698 6680 889 6723 agences
914 6672 1230 6715 matrimenia-

212 6727 275 6770 les
294 6727 546 6783 déguisées.

1357 6175 1480 6212 Toute
1510 6184 1706 6215 personne
1736 6180 1804 6220 qui
1835 6182 1963 6216 désire
1994 6182 2204 6218 s'abonner
2254 6186 2278 6219 à
2307 6187 2346 6219 la

1316 6217 1590 6253 combinaison
1615 6220 1812 6262 mariages
1836 6223 1918 6257 doit
1944 6231 2117 6265 envoyer
2144 6234 2195 6259 au
2220 6228 2347 6262 Direc¬

1316 6256 1414 6296 teur,
1438 6267 1508 6291 son
1532 6267 1724 6300 annonce,
1748 6270 1819 6295 son
1844 6272 1948 6304 nom,
1972 6272 2043 6298 son
2070 6268 2228 6302 adresse
2250 6269 2348 6303 véri¬

1316 6299 1432 6338 table,
1456 6300 1493 6333 et
1513 6300 1550 6335 le
1572 6302 1660 6342 prix
1683 6304 1730 6336 de
1752 6312 1822 6338 son
1847 6307 2123 6346 abonnement,
2148 6311 2224 6343 soit
2251 6318 2347 6344 onze

1316 6340 1450 6374 francs
1484 6350 1581 6380 pour
1613 6346 1710 6380 trois
1744 6348 1844 6381 mois
1876 6355 1923 6380 en
1963 6350 2136 6390 mandat,
2170 6352 2267 6385 bons
2299 6355 2348 6386 de

1317 6383 1426 6419 poste
1446 6387 1497 6416 ou
1518 6384 1694 6418 timbres.

1358 6423 1387 6455 A
1411 6426 1536 6464 partir
1559 6426 1606 6458 de
1629 6435 1674 6462 ce
1695 6431 1870 6464 moment
1892 6431 2074 6466 l’abonné
2098 6436 2188 6474 peut
2221 6438 2345 6467 entrer

1316 6470 1364 6496 en
1390 6466 1558 6499 relation
1583 6467 1728 6502 directe
1754 6478 1847 6504 avec
1894 6472 1951 6506 les
1996 6482 2248 6510 annonceurs
2297 6477 2343 6508 du

1318 6518 1331 6534 ®
1358 6506 1465 6540 Trait
1492 6508 1659 6543 d’Union
1686 6523 1711 6543 ».
1740 6512 1771 6544 Il
1795 6513 1938 6547 choisit
1966 6516 2092 6554 parmi
2116 6516 2174 6555 les
2198 6526 2347 6552 annon¬

1316 6553 1379 6579 ces
1404 6548 1500 6582 celle
1524 6550 1592 6590 qui
1618 6552 1803 6587 convient
1828 6553 1850 6587 à
1875 6563 1936 6588 ses
1982 6556 2097 6596 goûts
2123 6559 2159 6591 et
2184 6559 2207 6591 à
2231 6567 2275 6593 sa
2299 6560 2347 6594 si¬

1316 6588 1479 6622 tuation.
1506 6591 1539 6622 Il
1561 6591 1657 6626 écrit
1684 6594 1708 6626 à
1731 6594 1771 6627 la
1793 6603 1988 6635 personne
2011 6596 2172 6639 choisie,
2203 6600 2258 6634 lui
2283 6610 2346 6635 ex¬

1315 6628 1447 6670 plique
1470 6639 1531 6666 ses
1556 6632 1783 6674 intentions,
1808 6636 1865 6670 lui
1889 6639 2020 6672 donne
2043 6639 2099 6675 les
2122 6643 2344 6684 renseigne¬

1315 6672 1442 6703 ments
1466 6674 1720 6714 nécessaires,
1747 6678 1859 6718 signe
1882 6688 1926 6715 sa
1948 6680 2071 6720 lettre,
2098 6690 2175 6715 non
2204 6690 2274 6723 pas
2297 6686 2346 6718 de

1315 6719 1386 6746 son
1407 6720 1498 6747 nom
1518 6716 1618 6748 mais
1639 6718 1687 6753 de
1704 6724 1775 6751 son
1795 6720 1959 6755 numéro
1979 6723 2131 6758 d’ordre
2147 6742 2190 6748 —
2208 6732 2255 6759 ne
2275 6734 2344 6766 pas

1315 6753 1467 6787 oublier
1487 6763 1532 6791 ce
1552 6756 1671 6791 détail
1692 6759 1772 6795 très
1800 6762 2027 6801 important.
2050 6764 2082 6799 Il
2103 6763 2279 6801 cachette
2300 6775 2346 6802 sa

2508 6251 2824 6349 Annonces
2858 6248 2970 6347 des
3004 6248 3342 6346 Messieurs

2474 6510 2592 6550 6077.
2658 6507 2828 6550 Guinée
2891 6506 3146 6554 Française.
3178 6527 3232 6534 —
3266 6499 3446 6542 Institu¬

2423 6572 2519 6611 teur
2545 6567 2754 6616 colonial,
2781 6568 2832 6608 24
2858 6576 2954 6614 ans,
2980 6562 3143 6616 grand,
3170 6563 3306 6610 brun,
3334 6559 3446 6612 phy¬

2420 6628 2548 6681 sique
2580 6627 2791 6680 agréable
2850 6623 3066 6667 situation
3100 6622 3291 6665 actuelle
3322 6619 3446 6660 5.000

2420 6690 2588 6739 francs,
2648 6688 2799 6730 rentes
2827 6686 2904 6727 500
2950 6683 3119 6735 francs,
3178 6680 3446 6734 espérances

2419 6747 2568 6791 50.000
2598 6747 2766 6798 francs,
2815 6742 3074 6799 épouserait
3127 6740 3330 6794 collègue
3386 6748 3444 6780 ou

3494 2254 3631 2304 jeune
3661 2255 3760 2298 fille
3790 2256 3967 2299 aimant
4021 2270 4232 2311 voyager.
4294 2260 4520 2303 Situation

3495 2323 3549 2354 en
3583 2315 3784 2367 rapport.

3548 2415 3666 2456 6089.
3692 2415 3891 2458 Canada.
3912 2440 3967 2447 —
3984 2419 4130 2460 Jeune
4152 2420 4336 2462 homme
4350 2422 4402 2462 33
4423 2431 4521 2472 ans,

3495 2471 3705 2515 habitant
3727 2476 4026 2518 merveilleux
4050 2489 4175 2530 pays,
4201 2478 4363 2522 climat
4382 2481 4525 2523 excel¬

3497 2531 3603 2582 lent,
3638 2534 3725 2575 bon
3758 2535 3918 2577 métier
3947 2538 4218 2590 rapportant
4244 2541 4298 2580 20
4327 2539 4352 2580 à
4380 2542 4434 2582 22
4463 2539 4521 2582 fr.

3498 2604 3579 2644 par
3602 2594 3722 2644 jour,
3747 2595 3895 2639 désire
3916 2595 4120 2649 mariage
4143 2610 4250 2640 avec
4271 2599 4410 2651 jeune
4432 2599 4526 2642 fille

3498 2651 3554 2692 de
3574 2654 3624 2692 24
3648 2653 3674 2692 à
3695 2655 3747 2694 30
3770 2666 3866 2704 ans,
3892 2666 3999 2696 avec
4020 2667 4079 2698 ou
4103 2668 4208 2698 sans
4231 2658 4323 2700 dot.

3550 2754 3667 2793 6158.
3700 2754 3976 2806 Cambodge.
4004 2779 4057 2787 —
4083 2760 4230 2799 Jeune
4262 2760 4447 2803 homme
4477 2761 4530 2800 27

3500 2822 3596 2860 ans,
3628 2814 3791 2863 grand,
3842 2816 3976 2866 brun,
4027 2819 4254 2871 physiqne
4300 2823 4510 2872 agréable

3502 2870 3836 2916 fonctionnaire
3912 2876 4206 2931 Indo-Chine,
4269 2882 4526 2928 traitemenV

3501 2932 3624 2971 7.000
3654 2931 3728 2982 fr.,
3762 2932 3955 2976 brillant
3983 2938 4155 2988 avenir,
4189 2940 4434 2983 excellente
4466 2944 4530 2984 fa¬

3503 2988 3643 3040 mille,
3671 2991 3914 3035 recherche
3936 3007 4052 3046 pour
4076 2999 4280 3051 mariage
4302 3000 4439 3051 jeune
4464 3003 4531 3044 fil¬

3504 3050 3544 3091 le
3567 3050 3622 3093 de
3647 3054 3695 3092 18
3718 3052 3743 3092 à
3764 3054 3817 3093 24
3841 3064 3938 3103 ans,
3964 3055 4115 3099 bonne
4136 3058 4394 3111 éducation,
4420 3061 4531 3105 fem¬

3505 3122 3576 3151 me
3599 3111 3864 3155 d’intérieur
3887 3116 4026 3166 ayant
4046 3116 4243 3168 qualités
4264 3120 4320 3162 de
4341 3132 4468 3163 cœur
4490 3127 4535 3164 et

3504 3170 3532 3210 d
3550 3171 3704 3223 esprit.
3738 3172 3823 3215 Dot
3853 3174 4104 3218 nécessaire
4132 3188 4249 3228 pour
4277 3180 4447 3222 asseoir
4475 3183 4532 3224 si¬

3506 3230 3678 3270 tuation
3702 3231 3819 3274 dans
3838 3233 4030 3276 finance.
4055 3236 4267 3278 Timbrer
4288 3239 4315 3279 à
4335 3240 4360 3279 0
4382 3239 4438 3281 fr.
4463 3243 4516 3281 25

3530 3319 3666 3366 6,247.
3678 3320 3928 3368 Espagne.-
3938 3320 4225 3366 Célibataire
4235 3323 4368 3376 français,
4380 3328 4535 3378 orphe¬

3505 3371 3582 3420 lin,
3599 3371 3703 3414 bien
3718 3384 3823 3415 sous
3837 3374 3939 3416 tous
3972 3378 4198 3428 rapports,
4214 3380 4460 3424 excellente
4475 3393 4532 3424 si¬

3507 3431 3676 3474 tuation
3711 3434 3738 3474 à
3768 3433 4026 3487 l’étranger;
4059 3436 4208 3482 désire
4236 3439 4428 3492 épouser
4460 3443 4534 3484 de¬

3508 3491 3710 3534 moiselle
3760 3494 3951 3536 environ
3977 3496 4029 3538 30
4055 3508 4154 3547 ans,
4182 3509 4290 3543 avec
4342 3511 4402 3543 ou
4428 3511 4535 3546 sans

3511 3552 3599 3601 dot,
3615 3554 3868 3602 orpheline,
3884 3556 4100 3605 modeste,
4117 3558 4331 3608 aimable,
4346 3561 4536 3603 catholi¬

3508 3620 3607 3659 que,
3642 3611 3730 3651 bon
3763 3612 4002 3660 caractère,
4036 3615 4178 3664 santé,
4213 3616 4532 3671 honorabilité,

3511 3668 3714 3711 moralité
3735 3670 3946 3719 parfaite.

3560 3737 3776 3779 Adresser
3803 3740 3940 3791 photo
3967 3743 4047 3792 qui
4072 3752 4172 3784 sera
4198 3744 4385 3790 rendue.
4414 3746 4536 3790 Tim¬

3510 3796 3611 3839 brer
3634 3798 3660 3839 à
3679 3799 3706 3839 0
3726 3798 3783 3840 fr.
3807 3801 3873 3841 W.

3563 3896 3682 3938 6282.
3712 3896 3816 3939 Côte
3842 3898 4048 3940 d’ivoire.
4072 3923 4127 3930 —
4182 3902 4422 3952 Ingénieur
4475 3906 4536 3947 du

3512 3955 3891 4007 Gouvernement,
3918 3959 3970 3998 34
3994 3970 4091 4010 ans,
4118 3960 4364 4004 excellente
4387 3962 4538 4006 famil¬

3510 4012 3551 4054 le
3571 4014 3615 4056 et
3635 4014 3891 4067 éducation,
3917 4018 4144 4072 physique
4168 4023 4394 4074 agréable,
4419 4034 4538 4076 sym¬

3511 4074 3710 4128 patique,
3770 4076 3963 4127 sérieux,
3998 4079 4088 4121 très
4118 4080 4306 4132 aimant,
4366 4082 4536 4134 artiste,

3514 4134 3648 4187 doux,
3681 4135 3768 4176 bon
3800 4138 4040 4188 caractère,
4072 4150 4160 4191 peu
4216 4142 4452 4192 mondain,
4484 4144 4540 4186 si¬

3514 4192 3687 4235 tuation
3714 4196 3836 4236 8.500
3863 4195 3919 4239 fr.
3947 4195 4054 4248 plus
4079 4200 4203 4240 2.000
4229 4199 4287 4243 fr.
4316 4200 4541 4244 indemni¬

3514 4251 3591 4302 tés,
3618 4253 3731 4304 logé,
3758 4255 3828 4295 bel
3855 4255 4026 4306 avenir,
4051 4258 4239 4308 possède
4263 4260 4390 4301 avoir
4411 4260 4455 4301 et
4476 4274 4540 4303 es¬

3514 4311 3742 4362 pérances,
3772 4324 3904 4363 passe
3930 4327 3984 4356 en
4015 4315 4186 4359 France
4212 4318 4239 4359 à
4265 4319 4388 4360 demi
4415 4320 4540 4362 solde

3514 4367 3552 4411 le
3575 4369 3683 4411 tiers
3696 4371 3751 4411 de
3764 4382 3844 4412 son
3861 4374 4023 4424 temps,
4038 4375 4186 4418 désire
4208 4376 4411 4428 mariage
4434 4390 4543 4421 avec

3514 4427 3775 4471 demoiselle
3795 4430 3947 4480 jeune,
3973 4431 4064 4472 très
4083 4432 4207 4483 jolie,
4235 4435 4407 4476 femme
4428 4436 4542 4478 d’in¬

3515 4486 3695 4539 térieur,
3718 4488 3839 4534 toute
3859 4490 4058 4535 dévouée
4075 4491 4119 4535 et
4138 4491 4363 4538 confiante
4383 4506 4438 4539 en
4459 4508 4539 4539 son

3516 4547 3647 4598 mari,
3704 4548 3882 4592 aimant
3907 4550 3978 4591 vie
4035 4551 4292 4597 ensoleillée
4322 4554 4364 4596 et
4419 4566 4543 4608 spor¬

3513 4606 3600 4646 tive
3656 4606 3768 4646 dans
3824 4608 3996 4650 colonie
4052 4612 4199 4660 saine,
4259 4612 4426 4664 proche
4488 4614 4543 4655 de

3515 4666 3694 4714 France,
3769 4667 3845 4708 dot
3915 4674 4123 4710 assurant
4186 4672 4366 4714 aisance
4431 4686 4546 4725 pour

3515 4722 3650 4765 vieux
3675 4724 3803 4775 jours
3831 4727 3874 4767 et
3900 4728 4083 4772 enfants
4108 4731 4135 4771 à
4160 4732 4304 4776 venir.
4335 4732 4544 4786 Réponse

3514 4784 3711 4827 certaine
3739 4796 3822 4836 par
3852 4787 4050 4838 premier
4103 4791 4310 4834 courrier
4338 4792 4364 4834 à
4422 4794 4543 4836 toute

3518 4844 3795 4896 proposition
3823 4846 4057 4890 conforme
4083 4850 4302 4891 émanant
4327 4852 4408 4893 des
4434 4851 4543 4895 inté¬

3519 4904 3699 4946 ressées.
3723 4904 3906 4947 Donner
3928 4906 4027 4948 tous
4042 4907 4206 4950 détails
4218 4919 4272 4951 en
4294 4910 4542 4959 confiance,

3519 4963 3655 5014 photo
3688 4964 3874 5007 rendue.
3910 4964 4162 5010 Discrétion
4195 4967 4396 5012 absolue.
4432 4969 4543 5011 Très

3519 5022 3711 5064 sérieux.

3571 5117 3688 5156 6283.
3730 5118 4119 5162 Lot-et-Garonne.
4154 5146 4208 5152 —
4271 5123 4542 5166 Célibataire

3516 5176 3567 5215 25
3596 5187 3692 5224 ans,
3751 5178 4051 5230 propriétaire
4104 5180 4398 5234 agriculteur,
4456 5183 4546 5226 ins¬

3520 5233 3643 5284 truit,
3672 5235 3855 5286 cultivé,
3887 5248 4110 5290 moyenne
4138 5239 4332 5292 aisance,
4362 5243 4547 5296 épouse¬

3519 5294 3604 5336 rait
3625 5294 3763 5346 jeune
3786 5307 4024 5349 personne,
4051 5301 4293 5354 caractère,
4318 5303 4402 5354 âge
4425 5302 4468 5345 et
4489 5303 4547 5346 si¬

3520 5354 3691 5395 tuation
3716 5366 3770 5396 en
3794 5358 3995 5408 rapport,
4020 5371 4079 5400 ou
4102 5359 4227 5402 riche
4250 5363 4292 5403 et
4312 5362 4546 5414 préférant

3522 5411 3836 5463 l’intelligence
3867 5415 3892 5458 à
3922 5415 3966 5458 la
3996 5415 4194 5459 fortune.

3574 5499 3630 5540 Le
3652 5515 3672 5535 «
3695 5499 3822 5540 Trait
3843 5500 4038 5542 d’Union
4063 5519 4082 5538 »
4106 5507 4172 5544 est
4194 5514 4255 5546 un
4275 5506 4460 5555 journal
4482 5505 4547 5547 sé¬

3518 5558 3646 5599 rieux
3666 5562 3708 5599 et
3730 5560 3841 5599 utile
3858 5559 3884 5599 à
3902 5562 4020 5600 tous.

3570 5644 3688 5684 6373.
3722 5644 3918 5686 Landes.
3952 5646 4003 5687 —
4042 5647 4198 5688 Jeune
4227 5647 4432 5700 Homme,
4475 5648 4548 5688 fils

3518 5695 3695 5747 unique,
3727 5699 3780 5736 3o
3812 5708 3911 5743 ans,
3948 5699 4155 5739 conduite
4195 5699 4544 5753 irréprochable,

3515 5752 3648 5799 ayant
3667 5748 3812 5789 bonne
3829 5751 4042 5791 situation
4058 5755 4100 5792 et
4114 5763 4379 5804 commerce,
4402 5756 4548 5796 désire

3516 5802 3706 5854 épouser
3722 5803 3851 5852 jeune
3872 5803 3962 5843 tille
3984 5803 4039 5844 de
4060 5808 4110 5846 25
4143 5808 4168 5847 à
4199 5810 4251 5848 3o
4283 5820 4378 5859 ans,
4402 5808 4547 5850 bonne

3516 5856 3736 5906 conduite,
3768 5855 3982 5899 situation
4003 5868 4055 5899 en
4078 5865 4279 5912 rapport.

3567 5946 3691 5988 6375.
3706 5948 4170 5991 Taru-et-Garonne.
4192 5954 4242 5992 —
4261 5952 4548 5995 Célibataire

3515 6002 3718 6050 rentier,
3755 6002 3867 6054 seul,
3895 6006 3945 6043 56
3975 6014 4070 6052 ans,
4092 6003 4247 6055 grand,
4271 6004 4378 6046 bien
4406 6006 4543 6056 élevé,

3519 6054 3687 6095 famille
3710 6054 3971 6102 honorable,
3994 6058 4250 6108 épouserait
4279 6059 4548 6102 Demoiselle

3516 6119 3574 6147 ou
3592 6109 3743 6148 Veuve
3773 6119 3880 6149 sans
3912 6109 4075 6159 enfant,
4114 6112 4384 6164 catholique,
4414 6120 4550 6167 ayant

3516 6161 3724 6204 situation
3782 6162 4051 6205 institutrice
4103 6176 4160 6206 ou
4205 6166 4543 6219 fonctionnaire,

3518 6215 3736 6267 physique
3771 6215 3995 6266 agréable,
4027 6220 4111 6268 âge
4143 6220 4321 6271 assorti,
4355 6225 4462 6272 peut
4500 6234 4549 6263 se

3516 6268 3743 6321 déplacer.

3573 6360 3692 6401 6384.
3720 6360 3846 6400 Gers.
3872 6384 3927 6390 —
3950 6362 4068 6403 Veuf
4091 6363 4142 6402 42
4166 6373 4263 6411 ans,
4291 6364 4379 6407 bon
4406 6375 4547 6414 cœur,

3520 6415 3744 6456 caractère
3778 6413 3900 6455 doux
3929 6414 3973 6455 et
3998 6414 4087 6466 gai,
4119 6415 4335 6459 situation
4364 6417 4422 6459 de
4447 6428 4551 6460 con¬

3522 6466 3668 6510 fiance
3691 6467 3806 6508 dans
3832 6466 4075 6520 propriété,
4102 6470 4359 6522 épouserait
4382 6471 4552 6514 demoi¬

3522 6520 3630 6563 selle
3660 6532 3718 6562 ou
3750 6521 3886 6562 dame
3915 6523 4054 6574 ayant
4086 6524 4280 6575 qualités
4312 6524 4548 6575 sérieuses,

3523 6586 3629 6616 avec
3646 6586 3704 6616 ou
3723 6586 3830 6616 sans
3847 6574 3938 6624 dot,
3962 6576 4044 6627 âge
4062 6576 4344 6619 indifférent.

3572 6675 3691 6718 6385.
3715 6675 3856 6716 Tarn.
3880 6700 3935 6707 —
3955 6676 4226 6720 Célibataire
4247 6680 4299 6719 25
4320 6690 4416 6727 ans,
4442 6678 4552 6722 bon¬

3523 6741 3578 6774 ne
3610 6728 3800 6780 famille,
3835 6730 4051 6772 situation
4108 6730 4326 6783 d’avenir,
4388 6731 4554 6776 intelli-
