5168 7160
2438 343 2510 382 LE
2542 343 2714 383 TRAIT
2756 346 3000 390 D'UNION

539 455 774 496 monsieur
794 454 848 495 de
868 455 920 494 40
940 464 966 492 a
985 454 1036 492 50
1058 462 1155 495 ans,
1178 451 1267 491 bon
1287 445 1562 498 catholique,

542 515 677 564 ayant
700 512 932 555 situation.

594 612 711 653 6268.
771 612 1003 663 Aveyron.
1050 628 1096 635 —
1168 608 1311 650 Dame
1367 603 1571 644 abonnée

538 686 646 715 sans
665 685 883 715 annonce.

594 764 712 806 6269.
736 764 863 805 Gers.
894 787 931 792 -
967 761 1264 807 Demoiselle,
1286 762 1335 798 33
1358 767 1454 804 ans,
1479 755 1570 796 fille

542 828 721 878 unique,
744 824 967 874 instruite,
988 826 1079 864 très
1106 822 1250 863 bonne
1278 818 1568 866 musicienne,

542 894 675 942 ayant
738 889 948 928 situation
1016 889 1343 934 avantageuse,
1426 880 1572 920 désire

543 952 731 1003 épouser
768 951 982 998 Docteur,
1024 951 1106 998 âge
1146 946 1323 995 assorti,
1366 954 1474 983 avec
1514 954 1571 982 ou

543 1026 651 1055 sans
667 1014 856 1054 fortune.
880 1011 1092 1051 Clientèle
1112 1010 1309 1051 assurée.

598 1106 717 1144 6270.
750 1106 876 1144 «ers.
903 1103 953 1142 —
975 1103 1115 1142 Dame
1137 1109 1295 1146 veuve,
1321 1099 1371 1136 25
1403 1106 1499 1143 ans,
1519 1094 1574 1133 de

547 1168 634 1207 très
672 1167 818 1206 bonne
854 1163 1034 1212 famille,
1056 1162 1132 1214 joli
1171 1160 1403 1212 physique,
1434 1158 1575 1197 douce

545 1232 587 1270 et
607 1230 892 1276 affectueuse,
926 1227 1087 1266 femme
1112 1222 1382 1271 d’intérieur,
1406 1219 1572 1260 éduca¬

548 1292 634 1332 tion
672 1290 874 1343 parfaite,
900 1291 1020 1328 4.000
1055 1287 1110 1327 fr.
1148 1289 1296 1327 rentes
1328 1282 1572 1331 annuelles,

545 1352 798 1407 épouserait
847 1351 1075 1392 Monsieur
1122 1348 1390 1399 catholique,
1442 1348 1576 1396 ayant

547 1419 695 1458 bonne
715 1416 942 1456 situation.

600 1507 703 1547 6275
752 1506 1159 1549 lot-et-Garonne.
1187 1502 1234 1542 —
1271 1502 1439 1544 Veuve,
1470 1508 1576 1539 sans

546 1571 734 1619 enfants,
759 1570 810 1608 35
835 1579 932 1616 ans,
957 1567 1074 1615 bien,
1108 1568 1208 1616 apte
1235 1575 1288 1603 au
1311 1571 1575 1609 commerce,

546 1633 623 1672 dot
658 1631 780 1671 2.000
816 1630 868 1671 fr.
915 1633 959 1669 et
996 1628 1278 1678 espérances,
1327 1622 1575 1675 épouserait

547 1693 890 1740 fonctionnair.e,
938 1691 1113 1731 ouvrier
1162 1701 1218 1729 ou
1259 1688 1574 1735 commerçant,

544 1760 679 1809 ayant
699 1754 924 1796 situation.
949 1755 1044 1803 Age
1072 1751 1335 1791 indifférent.
1362 1747 1518 1788 Inutile
1539 1747 1578 1787 si

547 1832 628 1871 pas
651 1819 843 1860 sérieux.

602 1919 720 1959 6278.
750 1916 1002 1956 Bordeaux.
1022 1938 1076 1943 —
1099 1910 1367 1952 Demoiselle
1388 1910 1479 1952 très
1499 1908 1576 1948 ho¬

550 1978 751 2026 norable,
781 1978 930 2016 bonne
959 1972 1150 2021 famille,
1183 1972 1287 2012 bien
1315 1980 1423 2011 sous
1475 1968 1579 2008 tous

550 2038 774 2088 rapports,
805 2034 1019 2076 situation
1050 2030 1382 2078 commerciale,
1412 2028 1578 2068 désire¬

550 2096 636 2136 rait
663 2095 867 2147 mariage
893 2104 999 2134 avec
1026 2091 1260 2132 monsieur
1287 2090 1342 2130 de
1368 2090 1419 2127 45
1446 2087 1472 2126 à
1527 2088 1578 2126 50

550 2166 646 2204 ans,
671 2155 822 2195 bonne
843 2151 1083 2195 éducation
1107 2149 1150 2190 et
1172 2148 1387 2191 situation
1412 2146 1578 2187 sérieu¬

550 2227 611 2264 se,
637 2215 808 2254 France
832 2224 888 2254 ou
914 2211 1148 2262 Etranger.

602 2309 721 2350 6284.
744 2307 1207 2349 Tarn-et-6aroiine.
1226 2303 1273 2342 —
1291 2303 1447 2342 Jeune
1466 2298 1582 2346 fille,

550 2370 600 2409 24
622 2379 718 2416 ans,
742 2367 898 2415 brune,
919 2363 1115 2415 gentille,
1139 2362 1243 2402 bien
1264 2360 1432 2410 élevée,
1450 2360 1583 2410 ayant

551 2428 698 2478 15,000
734 2426 784 2468 fr.
823 2426 913 2475 dot,
956 2423 1214 2475 épouserait
1248 2419 1451 2471 employé
1490 2419 1582 2457 très

549 2487 740 2536 sérieux,
758 2484 1016 2526 célibataire
1035 2494 1091 2523 ou
1110 2481 1224 2531 veuf,
1240 2480 1295 2520 de
1311 2483 1358 2519 27
1376 2480 1400 2519 à
1415 2479 1467 2517 40
1482 2488 1578 2528 ans,

550 2550 684 2599 ayant
704 2547 851 2586 bonne
871 2544 1098 2586 situation.

607 2648 666 2690 Le
686 2646 814 2686 Trait
838 2644 1030 2686 d’Union
1056 2643 1162 2691 peut
1186 2640 1276 2680 être
1302 2637 1440 2687 copié,
1468 2638 1495 2676 il
1523 2647 1578 2676 ne

551 2708 698 2747 craint
722 2715 802 2755 pas
828 2706 891 2744 les
915 2703 1184 2743 imitateurs.

606 2818 724 2859 6285.
764 2815 1154 2856 Lot-et-Garonne.
1187 2835 1243 2840 —
1276 2807 1466 2848 Famille
1500 2808 1577 2848 ho¬

551 2878 739 2920 norable
759 2876 905 2918 désire
928 2872 1099 2914 marier
1116 2871 1254 2920 jeune
1276 2870 1384 2918 fille,
1407 2870 1458 2907 20
1479 2879 1575 2915 ans,

550 2938 762 2982 sérieuse,
786 2935 891 2976 bien
913 2933 1076 2979 élevée,
1102 2931 1181 2972 dot
1199 2931 1349 2971 25.000
1371 2928 1444 2976 fr.,
1471 2938 1581 2967 avec

550 2999 687 3048 jeune
711 2996 898 3036 homme
950 2991 1193 3039 distingué,
1248 2987 1486 3039 religieux,
1514 2987 1579 3025 in¬

551 3055 755 3099 dustriel,
785 3054 912 3095 riche
936 3050 1236 3104 propriétaire
1263 3060 1322 3088 ou
1350 3047 1521 3087 avocat.

608 3159 727 3199 6287.
756 3157 887 3197 Midi.
908 3180 964 3184 —
988 3154 1271 3200 Demoiselle,
1324 3152 1376 3191 42
1399 3161 1495 3199 ans,
1523 3148 1578 3190 si¬

549 3218 725 3260 tuation
747 3218 872 3257 4.000
895 3216 951 3256 fr.
977 3227 1061 3266 par
1084 3226 1158 3263 an,
1184 3212 1394 3259 honnête,
1420 3208 1578 3250 distin¬

549 3279 676 3329 guée,
706 3276 852 3318 désire
878 3274 1081 3323 mariage
1107 3284 1162 3312 en
1191 3270 1390 3323 rapport.

602 3374 722 3412 6288.
751 3371 1004 3411 Bordeaux.
1027 3368 1082 3405 —
1107 3368 1262 3412 Dame,
1287 3367 1338 3406 46
1360 3375 1454 3406 ans,
1480 3375 1578 3404 seu¬

552 3432 608 3483 le,
644 3430 868 3480 divorcée,
904 3428 1091 3480 grande,
1128 3425 1311 3475 blonde,
1348 3422 1573 3475 physique

552 3491 777 3543 agréable,
815 3490 904 3531 bon
939 3487 1179 3536 caractère,
1215 3486 1354 3536 ayant
1387 3483 1578 3525 immeu¬

550 3551 625 3592 ble
651 3550 859 3591 donnant
912 3559 1083 3588 revenu
1138 3546 1193 3588 de
1223 3546 1343 3585 1.200
1372 3543 1428 3583 fr.
1484 3544 1575 3591 net,

550 3608 808 3661 épouserait
864 3606 1098 3648 monsieur
1154 3605 1208 3648 de
1238 3606 1288 3644 44
1318 3604 1343 3643 à
1399 3604 1448 3642 48
1478 3614 1574 3651 ans,

551 3668 688 3721 ayant
715 3667 885 3718 emploi
931 3678 990 3707 ou
1019 3675 1275 3705 ressources
1317 3661 1576 3714 personnel¬

550 3728 628 3768 les.

607 3827 726 3868 6290.
743 3827 986 3867 Toulouse.
1001 3850 1056 3854 —
1071 3826 1210 3866 Dame
1240 3823 1442 3864 abonnée
1474 3834 1578 3863 sans

550 3899 770 3929 annonce.

602 3982 722 4023 6294.
754 3982 1130 4021 Haute-Garonne
1152 4002 1210 4008 —
1236 3980 1375 4018 Dame
1418 3988 1575 4026 veuve,

550 4044 602 4083 38
624 4054 722 4087 ans,
748 4042 954 4083 abonnée
972 4051 1082 4081 sans
1103 4050 1322 4080 annonce.

603 4136 723 4178 6295.
780 4136 906 4176 Gers.
929 4136 984 4174 —
1039 4133 1321 4179 Demoiselle,
1376 4135 1427 4172 45
1479 4144 1576 4180 ans,

550 4196 738 4248 grande,
767 4196 927 4244 brune,
955 4195 1078 4244 jolie,
1109 4194 1333 4242 instruite,
1363 4192 1467 4233 bien
1494 4192 1578 4235 éle¬

551 4256 644 4304 vée,
676 4253 951 4305 catholique,
984 4254 1122 4303 ayant
1150 4264 1345 4292 revenus
1373 4252 1429 4294 de
1455 4253 1579 4291 2.500

552 4315 720 4364 francs,
747 4313 894 4356 désire
918 4315 1108 4363 épouser
1132 4311 1365 4352 monsieur
1388 4312 1579 4352 honora¬

552 4375 639 4423 ble,
670 4375 764 4423 âge,
794 4372 1031 4414 éducation
1084 4371 1368 4412 et.situation
1398 4381 1451 4410 en
1480 4379 1579 4422 rap¬

551 4434 667 4484 port.

603 4529 723 4568 6297.
755 4528 999 4567 Toulouse.
1028 4527 1082 4564 —
1111 4527 1275 4575 Veuve,
1307 4528 1359 4566 44
1386 4536 1483 4575 ans,
1516 4537 1576 4566 un

551 4587 723 4634 enfant,
760 4586 876 4628 belle
938 4586 1122 4634 femme,
1184 4584 1479 4636 intelligente,
1515 4584 1579 4626 sé¬

551 4646 714 4695 rieuse,
740 4645 994 4695 profession
1015 4657 1074 4687 en
1096 4646 1219 4694 ville,
1246 4644 1391 4686 désire
1416 4645 1579 4686 maria¬

551 4718 604 4756 ge
628 4716 736 4747 avec
756 4706 991 4747 monsieur
1015 4706 1152 4754 ayant
1172 4706 1322 4747 bonne
1345 4704 1575 4747 situation.

631 4936 947 5013 ABONNÉS
1007 4946 1091 5012 ET
1151 4945 1497 5014 LECTEURS

871 5062 1002 5104 Lisez
1032 5063 1140 5103 bien
1171 5063 1270 5104 ceci

607 5179 749 5219 Toute
772 5190 996 5230 personne
1020 5179 1098 5230 qui
1123 5180 1368 5231 procurera
1391 5180 1417 5219 à
1440 5180 1483 5221 la
1508 5181 1580 5220 Di¬

556 5246 724 5287 rection
750 5247 867 5287 deux
892 5247 1094 5287 abonnés
1117 5258 1372 5296 nouveaux,
1399 5248 1583 5300 n’ayant

552 5312 719 5364 jamais
739 5314 806 5354 été
828 5314 1010 5355 inscrits
1030 5314 1076 5354 ni
1099 5314 1124 5354 à
1144 5314 1188 5355 la
1212 5316 1383 5364 Rapide
1406 5318 1582 5367 Agence

555 5380 602 5421 ni
630 5382 688 5422 au
715 5382 844 5422 Trait
871 5382 1087 5431 d’Union,
1116 5394 1230 5424 aura
1256 5383 1376 5424 droit
1407 5395 1416 5423 :
1444 5384 1530 5426 soit
1556 5384 1583 5425 à

565 5459 655 5488 une
712 5447 1031 5499 prolongation
1091 5449 1447 5491 d’abonnement
1502 5452 1559 5492 de

568 5516 686 5558 deux
714 5516 844 5568 mois,
874 5518 960 5559 soit
984 5519 1012 5559 à
1038 5531 1099 5559 un
1128 5520 1435 5570 abonnement
1459 5530 1558 5571 gra¬

586 5586 675 5627 tuit
700 5586 756 5627 de
782 5588 931 5628 même
955 5587 1108 5628 durée.

607 5722 659 5727 —
690 5700 814 5742 Tous
847 5711 931 5743 nos
958 5702 1168 5743 abonnés
1197 5704 1304 5743 sont
1330 5703 1458 5752 priés
1484 5704 1584 5744 d’a¬

553 5771 745 5811 dresser
775 5772 944 5812 lettres
972 5774 1020 5812 et
1051 5772 1401 5820 observations»
1434 5783 1527 5817 non
1554 5775 1584 5816 à

552 5842 603 5882 la
622 5854 651 5878 ««
674 5842 850 5891 Rapide
879 5846 1060 5891 Agence
1150 5846 1271 5886 mais
1294 5856 1356 5886 au
1382 5847 1583 5895 journal

554 5912 618 5954 du
638 5926 667 5950 w
688 5912 822 5954 Trait
847 5914 1044 5956 d’Union
1143 5917 1215 5964 26,
1234 5926 1322 5958 rue
1348 5916 1580 5966 d’Astorg,

554 5985 803 6027 Toulouse.

611 6088 631 6127 I
630 6088 708 6124 Wr-
733 6087 815 6128 Les
833 6088 1039 6130 bureaux
1059 6090 1120 6130 du
1142 6091 1323 6131 TRAIT
1345 6091 1580 6132 D’UNION

554 6168 608 6198 ne
630 6162 732 6198 sont
754 6163 938 6200 ouverts
960 6170 1046 6208 que
1071 6160 1383 6211 l’après-midi,
1410 6163 1463 6204 de
1487 6166 1511 6204 2
1534 6164 1578 6203 h.

552 6227 579 6267 à
599 6231 623 6267 5
644 6230 822 6278 heures,
846 6232 910 6279 26,
934 6242 1014 6271 rue
1035 6231 1259 6282 d’Astorg.

742 6338 864 6377 Tous
895 6338 956 6378 les
987 6338 1375 6388 renseignements
1406 6350 1582 6381 concer¬

554 6410 666 6446 nant
699 6407 742 6447 la
774 6408 1086 6450 combinaison
1119 6411 1336 6460 mariage,
1373 6411 1436 6451 les
1470 6413 1583 6453 loca¬

551 6476 686 6526 tions,
743 6478 901 6525 offies,
959 6479 1207 6522 demandes
1235 6484 1276 6522 et
1304 6482 1403 6523 avis
1431 6482 1581 6524 divers

552 6550 654 6587 sont
685 6547 859 6590 donnés
888 6550 1214 6599 gratuitement
1244 6554 1359 6595 dans
1388 6563 1472 6595 nos
1502 6555 1582 6595 bu¬

554 6627 708 6666 reaux,
740 6619 1052 6670 l’après-midi,
1086 6622 1139 6662 de
1167 6625 1192 6663 2
1220 6624 1264 6663 h.
1294 6623 1319 6664 à
1347 6628 1371 6664 5
1400 6626 1578 6675 heures,

555 6689 619 6735 26,
646 6700 725 6730 rue
752 6691 975 6742 d’Astorg,
1003 6694 1246 6736 Toulouse.

1706 853 1876 894 Société
1934 854 2156 903 française
2211 855 2524 895 d’assurances
2578 866 2676 894 mu¬

1651 912 1812 956 tuelles
1835 924 1951 964 pour
2003 914 2222 955 favoriser
2247 914 2288 955 le
2340 915 2542 966 mariage
2567 914 2609 954 et
2633 913 2676 952 la

1652 971 1903 1013 naissance.

1706 1031 1858 1072 Prime
1887 1031 2070 1072 limitée.
2099 1055 2154 1061 —
2180 1030 2356 1083 Capital
2386 1031 2487 1071 fixe.

1709 1285 1844 1326 Notre
1871 1298 1983 1336 pays
2009 1298 2056 1327 se
2111 1286 2332 1339 dépeuple
2364 1290 2371 1326 !
2403 1287 2524 1328 Cette
2579 1298 2680 1327 con¬

1655 1344 1882 1395 somption
1913 1346 2031 1386 lente
2058 1346 2112 1386 de
2140 1347 2267 1387 notre
2295 1357 2395 1387 race
2423 1345 2681 1387 coïncidant

1655 1414 1761 1443 avec
1788 1416 1850 1444 un
1880 1403 2038 1455 rapide
2065 1404 2414 1445 accroissement
2439 1406 2500 1447 du
2556 1416 2682 1444 nom¬

1656 1462 1735 1502 bre
1754 1463 1862 1503 chez
1880 1475 1962 1503 nos
1980 1463 2158 1512 rivaux,
2179 1475 2262 1504 nos
2279 1463 2587 1512 concurrents,
2608 1476 2682 1504 en¬

1657 1520 1804 1562 traîne
1824 1534 1914 1563 une
1935 1522 2214 1564 diminution
2238 1522 2420 1563 notable
2442 1524 2496 1564 de
2519 1535 2602 1563 nos
2622 1524 2683 1566 ef¬

1659 1579 1807 1624 fectifs
1839 1582 1882 1620 et
1912 1582 1966 1622 de
1999 1580 2126 1622 notre
2157 1592 2410 1623 commerce
2442 1582 2679 1623 extérieur.

1659 1639 1694 1677 11
1723 1651 1752 1689 y
1780 1650 1806 1679 a
1834 1639 1879 1679 là
1906 1651 1968 1679 un
1999 1639 2167 1680 double
2194 1641 2366 1691 danger
2396 1641 2612 1684 militaire
2641 1642 2684 1680 et

1658 1699 1970 1750 économique;
1997 1698 2257 1750 quiconque
2281 1699 2532 1740 s’intéresse
2559 1700 2584 1739 à
2610 1700 2683 1739 l’a¬

1658 1758 1786 1798 venir
1806 1758 1859 1798 de
1879 1758 1922 1798 la
1942 1756 2114 1807 nation,
2136 1758 2232 1799 doit
2251 1759 2575 1810 entreprendre
2595 1771 2683 1802 une

1660 1817 1868 1856 nouvelle
1894 1816 2096 1859 croisade
2121 1817 2274 1860 contre
2300 1816 2340 1858 le
2366 1817 2530 1858 célibat
2554 1818 2596 1858 et
2620 1818 2684 1858 les

1660 1875 1826 1916 unions
1847 1887 1952 1916 sans
1974 1875 2168 1916 enfants.
2194 1877 2276 1916 Les
2298 1876 2504 1916 remèdes
2525 1887 2684 1927 propo¬

1659 1934 1731 1974 sés
1755 1944 1871 1985 pour
1896 1935 2102 1975 atténuer
2129 1935 2172 1975 la
2199 1935 2451 1976 déchéance
2476 1936 2531 1975 de
2559 1935 2685 1975 notre

1660 1993 1810 2035 Patrie
1839 1994 1941 2034 sont
1968 1994 2023 2034 de
2052 1993 2255 2034 diverses
2282 1995 2482 2043 natures;
2515 2007 2575 2034 un
2607 1995 2684 2034 des

1660 2051 1895 2094 meilleurs
1922 2054 1990 2094 est
2018 2051 2135 2093 celui
2165 2052 2276 2093 dont
2332 2051 2540 2104 s’inspire
2596 2063 2684 2092 une

1660 2111 1751 2151 très
1786 2111 2081 2153 intéressante
2118 2111 2294 2160 société,
2331 2111 2542 2163 désignée
2576 2123 2682 2151 avec

1658 2170 1888 2221 beaucoup
1902 2170 2202 2222 d'à-propos"
2214 2171 2427 2212 l’Avenir
2440 2170 2691 2212 Familial”

1662 2230 1772 2269 dont
1796 2229 1835 2270 le
1859 2230 1939 2270 but
1963 2230 2030 2270 est
2051 2230 2107 2270 de
2131 2230 2351 2270 favoriser
2375 2229 2438 2272 les
2463 2230 2688 2280 mariages

1662 2290 1705 2328 et
1726 2288 1793 2329 les
1814 2288 2087 2330 naissances.
2115 2290 2236 2330 Pour
2259 2300 2388 2339 nous,
2415 2291 2495 2340 qui
2547 2300 2687 2330 avons

1661 2347 1755 2398 pris
1783 2347 1808 2388 à
1860 2359 1984 2390 cœur
2011 2347 2055 2387 la
2107 2347 2399 2388 constitution
2427 2347 2490 2390 du
2543 2348 2683 2399 foyer,

1662 2416 1774 2450 nous
1804 2407 2096 2448 considérons
2127 2419 2304 2448 comme
2335 2420 2396 2449 un
2430 2407 2598 2456 devoir,
2632 2407 2687 2447 de

1663 2466 1860 2516 signaler
1884 2466 1910 2506 à
1932 2478 2014 2506 nos
2038 2466 2230 2507 lecteurs
2251 2466 2363 2506 cette
2386 2466 2687 2508 bienfaisante

1664 2524 1935 2574 institution,
1999 2524 2219 2567 soutenue
2250 2536 2332 2576 par
2392 2524 2690 2566 d’éminentes

1662 2584 1992 2634 personnalités
2019 2585 2063 2624 et
2088 2585 2168 2635 qui
2198 2584 2292 2624 sort
2316 2584 2371 2624 de
2400 2584 2444 2625 la
2471 2584 2684 2633 banalité,

1662 2643 1794 2694 grâce
1822 2644 1847 2684 à
1874 2654 1946 2684 ses
1999 2643 2295 2687 nombreuses
2350 2642 2687 2684 combinaisons

1659 2702 1860 2751 inédites,
1895 2712 2046 2742 œuvre
2082 2702 2136 2743 de
2170 2704 2223 2743 M.
2251 2702 2491 2752 buieysse,
2520 2703 2691 2743 ancien

1658 2761 2077 2810 ministre»ancien
2091 2759 2224 2803 élève
2236 2762 2294 2802 fie
2307 2763 2691 2812 Polytechnique,

1659 2820 1903 2871 président
1942 2823 1999 2862 de
2041 2822 2275 2862 l’Institut
2319 2822 2400 2862 des
2448 2823 2694 2863 Actuaires

1660 2882 1890 2934 Français
1947 2884 1995 2922 et
2050 2882 2114 2922 du
2170 2880 2344 2922 Comité
2408 2880 2699 2923 Consultatif

1657 2943 1738 2983 des
1774 2942 2065 2983 Assurances
2104 2950 2166 2982 au
2204 2940 2443 2982 Ministère
2479 2943 2542 2982 du
2571 2942 2690 2982 Tra¬

1661 3002 1778 3049 vail.
1838 3000 2062 3051 Quelques
2119 3000 2347 3051 exemples
2408 3000 2612 3042 suffiront
2667 3002 2691 3039 à

1663 3058 1823 3100 édifier
1852 3071 1936 3100 nos
1961 3059 2156 3100 lecteurs
2208 3071 2286 3100 sur
2314 3059 2355 3100 le
2410 3059 2687 3100 fonctionne¬

1664 3119 1788 3159 ment
1820 3119 1862 3160 et
1892 3119 1956 3160 les
2015 3120 2261 3171 avantages
2316 3119 2602 3171 pécuniaires
2634 3119 2688 3159 de

1658 3178 1869 3219 l’Avenir
1901 3178 2141 3225 Familial,
2174 3179 2282 3216 dont
2316 3178 2379 3218 tes
2402 3178 2626 3228 garanties
2647 3178 2694 3216 fi¬

1663 3237 1911 3287 nancières,
1940 3236 2150 3286 morales,
2179 3236 2451 3286 statutaires,
2479 3238 2524 3278 et
2548 3238 2687 3279 scien¬

1662 3295 1843 3346 tifiques
1866 3298 1966 3336 sont
1989 3296 2351 3336 incontestables.

1716 3409 1755 3449 1°
1784 3408 2059 3459 Nuptialité.
2091 3430 2140 3438 —
2182 3410 2296 3448 Pour
2331 3419 2416 3448 une
2452 3408 2603 3448 fillette
2639 3407 2691 3447 de

1664 3470 1712 3507 12
1727 3479 1811 3508 ans
1823 3480 1879 3508 on
1904 3468 2000 3508 doit
2023 3479 2163 3519 payer
2187 3468 2291 3519 cinq
2316 3468 2488 3519 primes
2502 3468 2687 3510 annuel¬

1663 3527 1728 3568 les
1756 3527 1810 3568 de
1837 3530 1889 3568 83
1917 3528 1972 3567 fr.
2002 3539 2120 3578 pour
2145 3528 2350 3579 garantir
2379 3540 2436 3567 au
2464 3528 2688 3578 souscrip¬

1662 3586 1761 3627 teur
1794 3587 1920 3627 mille
1950 3588 2106 3638 francs
2135 3587 2354 3638 payables
2384 3587 2430 3628 la
2459 3587 2591 3628 veille
2625 3588 2686 3628 du

1663 3645 1863 3697 mariage
1882 3646 1937 3686 de
1956 3645 2155 3695 l’enfant,
2178 3647 2383 3687 serait-ce
2402 3648 2549 3688 même
2568 3647 2594 3687 à
2612 3647 2687 3686 l’â¬

1662 3715 1714 3754 ge
1735 3703 1790 3744 de
1814 3707 1862 3743 15
1883 3716 1939 3744 ou
1964 3707 2012 3744 16
2034 3715 2130 3746 ans.
2155 3705 2222 3745 On
2244 3706 2352 3756 peut
2372 3706 2595 3747 souscrire
2610 3704 2687 3746 des

1662 3762 1862 3805 contrats
1889 3763 2071 3815 jusqu’à
2103 3763 2348 3816 cinquante
2378 3764 2507 3807 mille
2536 3764 2687 3806 francs

1663 3820 1706 3860 et
1728 3832 1867 3874 payer
1892 3823 1956 3863 les
1981 3823 2152 3874 primes
2177 3835 2259 3875 par
2285 3823 2416 3875 mois,
2444 3824 2685 3872 trimestre,

1662 3882 1890 3931 semestre,
1919 3894 1977 3923 an
2002 3882 2046 3923 et
2068 3883 2217 3923 même
2242 3894 2298 3923 en
2322 3894 2414 3923 une
2436 3882 2560 3924 seule
2583 3882 2684 3931 fois,

1663 3951 1717 3979 en
1743 3940 2011 3982 bénéficiant
2036 3941 2144 3983 d’un
2170 3942 2396 3994 escompte
2420 3942 2476 3983 de
2499 3944 2523 3981 5
2548 3942 2603 3992 %.

1711 4052 1754 4093 2»
1783 4051 2038 4102 Nuptialité
2074 4055 2119 4095 et
2159 4052 2363 4095 natalité
2402 4055 2613 4095 réunies.
2643 4076 2692 4083 —

1664 4111 1786 4151 Pour
1807 4124 1894 4152 une
1916 4112 2072 4153 fillette
2094 4114 2148 4155 de
2168 4115 2194 4152 8
2242 4124 2324 4154 ans
2343 4114 2387 4153 et
2407 4115 2431 4152 6
2452 4114 2582 4162 mois,
2632 4126 2686 4155 en

1664 4171 1823 4212 faveur
1845 4174 1899 4215 de
1948 4171 2146 4222 laquelle
2192 4183 2251 4212 on
2274 4183 2387 4212 aura
2433 4174 2559 4214 versé
2584 4172 2687 4221 cinq

1660 4230 1834 4279 primes
1883 4230 2121 4273 annuelles
2145 4230 2200 4273 de
2225 4234 2300 4272 178
2326 4231 2399 4281 fr.,
2454 4232 2498 4272 la
2523 4232 2687 4274 bénéfi¬

1662 4288 1799 4330 ciaire
1820 4301 1934 4331 aura
1954 4290 2074 4331 droit
2095 4290 2122 4331 à
2147 4304 2156 4331 :
2180 4292 2299 4332 1.000
2322 4291 2379 4331 fr.
2403 4303 2462 4333 au
2484 4292 2690 4334 moment

1662 4348 1724 4388 du
1747 4348 1950 4396 mariage
1971 4348 2012 4390 et
2036 4351 2155 4391 1.000
2179 4350 2234 4391 fr.
2260 4351 2286 4390 à
2308 4350 2351 4390 la
2374 4352 2610 4394 naissance
2632 4352 2687 4391 de

1663 4408 1839 4449 chacun
1862 4408 1916 4448 de
1936 4420 2007 4450 ses
2026 4408 2223 4456 enfants,
2246 4422 2354 4451 sans
2374 4420 2523 4452 aucun
2544 4422 2688 4452 verse¬

1665 4467 1791 4507 ment
1819 4467 2235 4518 complémentaire.

1718 4578 1777 4620 Ce
1796 4579 1914 4620 délai
1935 4579 1992 4622 de
2011 4579 2267 4622 versement
2286 4579 2340 4623 de
2362 4580 2466 4632 cinq
2488 4592 2571 4623 ans
2591 4592 2687 4624 seu¬

1667 4640 1846 4691 lement,
1876 4639 2002 4691 porté
2031 4639 2056 4679 à
2083 4639 2160 4680 dix
2187 4651 2270 4683 ans
2295 4651 2411 4692 pour
2438 4642 2503 4683 les
2529 4640 2688 4692 petites

1664 4698 1866 4748 bourses,
1894 4698 2079 4739 n’existe
2131 4699 2256 4740 nulle
2280 4700 2398 4751 part;
2426 4701 2458 4742 il
2484 4700 2550 4744 est
2600 4700 2690 4742 fort

1664 4758 1900 4799 commode
1927 4768 2043 4809 pour
2071 4758 2135 4802 les
2162 4760 2347 4810 parents
2372 4760 2483 4800 dont
2509 4760 2551 4802 le
2577 4760 2689 4802 bud¬

1658 4819 1731 4866 get
1778 4816 1892 4856 n’est
1939 4827 2023 4867 pas
2075 4819 2211 4867 grevé
2264 4828 2347 4868 par
2399 4818 2455 4859 de
2510 4819 2696 4868 longues

1663 4876 1921 4926 échéances,
1955 4887 2135 4919 comme
2167 4878 2198 4918 il
2231 4878 2379 4919 arrive
2411 4890 2466 4920 en
2499 4879 2688 4920 matière

1663 4935 1978 4978 d’assurances
2006 4947 2086 4976 sur
2114 4937 2158 4977 la
2186 4936 2272 4987 vie,
2304 4938 2359 4978 de
2418 4938 2603 4979 sociétés
2634 4939 2688 4979 de

1663 4994 1995 5045 capitalisation
2022 5007 2080 5036 ou
2106 4996 2162 5038 de
2186 4996 2395 5037 tontines.

1712 5106 1744 5146 A
1767 5106 1979 5147 l’Avenir
2003 5106 2244 5154 Familial,
2270 5116 2324 5146 en
2346 5106 2547 5157 échange
2564 5106 2696 5147 d’une

1662 5164 1810 5214 prime
1831 5166 1955 5207 aussi
1975 5164 2151 5208 réduite
2172 5178 2260 5217 que
2282 5167 2479 5218 possible
2499 5169 2545 5210 et
2565 5168 2687 5208 inva¬

1663 5223 1820 5273 riable,
1844 5224 1883 5267 le
1904 5224 2136 5268 sociétaire
2156 5226 2296 5276 reçoit
2315 5238 2376 5266 un
2398 5227 2563 5278 capital
2583 5227 2685 5275 fixe,

1664 5282 1914 5324 déterminé
1948 5283 2310 5324 définitivement
2343 5284 2458 5326 dans
2491 5299 2551 5327 un
2587 5296 2688 5326 con¬

1664 5340 1752 5382 trat
1776 5341 1865 5383 très
1890 5340 2068 5394 simple.

1717 5454 1840 5494 Nous
1866 5466 2008 5495 avons
2031 5466 2112 5495 cru
2166 5455 2328 5496 rendre
2355 5468 2416 5497 un
2469 5458 2689 5498 véritable

1663 5511 1831 5556 service
1859 5514 1886 5554 à
1912 5524 1994 5556 nos
2022 5513 2227 5563 lecteurs,
2284 5526 2338 5556 en
2367 5515 2466 5558 leur
2520 5527 2687 5556 recom¬

1663 5571 1886 5612 mandant
1911 5572 2023 5614 cette
2050 5575 2211 5615 société
2239 5575 2328 5615 très
2356 5575 2567 5624 sérieuse,
2624 5575 2688 5616 di¬

1662 5642 1748 5682 gne
1768 5631 1822 5672 de
1843 5632 1940 5672 leur
1960 5632 2204 5682 confiance,
2228 5632 2254 5672 à
2274 5634 2316 5673 la
2336 5634 2422 5675 tête
2444 5635 2499 5675 de
2518 5634 2687 5686 laquel¬

1663 5690 1703 5734 le
1732 5702 1777 5731 se
1806 5693 2016 5732 trouvent
2044 5691 2125 5732 des
2150 5692 2408 5734 notabilités
2435 5694 2489 5735 de
2543 5695 2688 5735 toutes

1663 5749 1730 5790 les
1751 5750 1964 5801 opinions
1987 5750 2028 5792 et
2052 5751 2163 5792 dont
2186 5751 2251 5792 les
2274 5763 2406 5794 noms
2456 5752 2688 5795 résument

1663 5810 1759 5850 tout
1785 5821 1833 5852 ce
1860 5822 1947 5862 que
1975 5810 2019 5851 la
2046 5811 2179 5852 bonté
2208 5810 2379 5862 inspire
2406 5812 2461 5855 de
2516 5814 2687 5855 bonnes

1663 5868 1847 5910 actions.

1716 5981 1751 6019 A
1778 5981 1879 6022 tous
1903 5994 2016 6022 ceux
2041 5983 2119 6031 qui
2147 5982 2318 6023 aiment
2340 5983 2464 6026 leurs
2488 5986 2683 6035 enfants,

1661 6039 2012 6088 petits-enfants,
2051 6052 2241 6090 neveux,
2280 6043 2430 6084 nièces
2462 6046 2503 6085 et
2536 6044 2683 6096 proté¬

1656 6099 1747 6147 gés,
1778 6110 1893 6140 nous
1917 6099 2076 6140 dirons
2104 6114 2113 6140 :
2140 6102 2478 6144 adressez-vous
2503 6104 2528 6144 à
2554 6104 2610 6144 l’A
2612 6113 2683 6143 ve¬

1658 6167 1732 6198 nir
1753 6160 1957 6200 familial
1978 6160 2087 6200 dont
2108 6160 2147 6200 le
2170 6160 2289 6210 siège
2311 6162 2447 6203 social
2470 6163 2535 6204 est
2555 6163 2581 6204 à
2603 6163 2683 6203 Pa¬

1660 6216 1736 6265 ris,
1771 6217 1890 6259 mais
1919 6219 1996 6268 qui
2030 6220 2217 6269 possède
2250 6220 2328 6262 des
2359 6221 2686 6264 ramifications

1659 6276 1774 6317 dans
1798 6278 1923 6319 notre
1974 6278 2095 6327 ville,
2122 6279 2148 6319 à
2171 6279 2396 6322 Toulouse
2447 6284 2489 6323 et
2511 6283 2588 6323 dès
2612 6282 2683 6323 de¬

1657 6334 1798 6384 main,
1826 6337 1862 6376 si
1886 6348 2000 6379 vous
2020 6339 2195 6387 voulez,
2220 6349 2334 6380 vous
2356 6351 2528 6391 pouvez
2552 6342 2683 6383 béné¬

1659 6394 1784 6435 ficier
1807 6396 1860 6436 de
1910 6408 1979 6440 ses
2000 6399 2247 6448 avantages
2264 6399 2307 6440 et
2328 6400 2386 6441 de
2434 6412 2504 6443 ses
2523 6414 2684 6454 garan¬

1655 6454 1752 6494 ties.

1710 6578 1831 6620 Pour
1888 6580 1988 6623 tous
2047 6580 2438 6634 renseignements
2466 6586 2507 6624 et
2565 6596 2679 6636 pour

1657 6638 1894 6684 souscrire,
1952 6641 2195 6684 s’adresser
2223 6644 2281 6683 au
2342 6640 2572 6687 Directeur
2620 6646 2679 6686 du

1658 6714 1676 6733 «
1704 6699 1830 6739 Trait
1855 6698 2048 6741 d’Union
2078 6718 2112 6743 ».

2808 696 2867 738 Le
2889 695 3123 738 Directeur
3145 699 3211 739 est
3231 698 3436 740 heureux
3458 699 3734 741 d’annoncer
3755 702 3780 741 à

2755 767 2823 797 ses
2848 756 3048 799 abonnés
3072 756 3183 808 qu’il
3198 768 3224 796 a
3240 770 3295 799 eu
3309 757 3353 798 la
3367 758 3517 800 bonne
3531 759 3711 800 fortune
3726 759 3780 802 de

2755 816 2971 856 s’assurer
3012 815 3053 858 le
3095 828 3315 858 concours
3340 818 3394 859 de
3420 818 3654 859 l’éminent
3680 831 3779 871 pro¬

2756 875 2928 916 fesseur
2975 875 3030 917 de
3076 876 3394 928 Graphologie,
3446 878 3494 919 G.
3530 878 3777 927 Lefranck,

2756 934 2833 986 qui
2859 936 2965 975 veut
2990 935 3090 975 bie"
3122 936 3279 978 mettre
3304 948 3354 978 sa
3377 938 3551 979 science
3575 936 3601 977 à
3625 936 3667 978 la
3694 938 3779 981 dis¬

2757 994 2933 1045 postion
2959 995 3036 1036 des
3061 995 3254 1038 lecteurs
3276 996 3338 1039 du
3364 996 3491 1038 Trait
3514 996 3724 1039 d’Union.

2812 1063 3038 1103 Personne
3063 1063 3266 1115 n’ignore
3289 1064 3354 1104 les
3367 1065 3560 1104 services
3575 1075 3662 1115 que
3676 1068 3783 1116 peut

2760 1122 2921 1164 rendre
2974 1134 3062 1163 une
3103 1123 3236 1164 étude
3276 1123 3636 1176 graphologique
3679 1124 3780 1166 bien

2762 1180 2882 1222 faite.
2908 1180 3140 1234 L’analyse
3160 1183 3215 1223 de
3235 1183 3459 1224 l’écriture
3482 1183 3626 1224 révèle
3648 1183 3691 1225 la
3711 1197 3784 1225 va¬

2762 1240 2859 1280 leur
2904 1239 3063 1282 intime
3091 1242 3145 1283 de
3175 1242 3430 1292 l’individu,
3462 1252 3531 1283 ses
3559 1243 3786 1295 aptitudes

2765 1299 3106 1342 intellectuelles
3130 1303 3171 1342 et
3196 1302 3404 1343 morales.

2816 1367 2913 1407 Non
2940 1367 3192 1410 seulement
3218 1368 3247 1408 il
3275 1370 3339 1410 est
3366 1369 3635 1411 intéressant
3660 1371 3714 1411 de
3742 1383 3786 1411 se

2764 1426 2866 1467 bien
2890 1427 3122 1468 connaître
3146 1428 3396 1479 soi-même;
3422 1430 3536 1470 mais
3562 1431 3590 1470 il
3615 1431 3682 1470 est
3704 1430 3786 1471 uti¬

2764 1485 2803 1527 le
2847 1487 2888 1526 et
2930 1486 3127 1538 prudent
3170 1487 3390 1529 d’étudier
3432 1500 3546 1530 ceux
3574 1499 3679 1530 avec
3706 1490 3787 1530 les¬

2764 1544 2894 1596 quels
2930 1556 2984 1586 on
3008 1546 3154 1587 désire
3175 1548 3324 1587 entrer
3346 1559 3397 1589 en
3422 1548 3608 1588 relation
3632 1548 3787 1589 d’inté¬

2767 1606 2831 1645 rêt
2850 1616 2907 1646 ou
2928 1606 2983 1647 de
3004 1606 3261 1647 sentiment.

2819 1672 2875 1712 Le
2896 1671 3155 1723 professeur
3177 1673 3399 1715 Lefranck
3423 1674 3530 1715 dont
3552 1687 3666 1715 nous
3686 1687 3788 1716 con¬

2767 1731 2974 1772 naissons
3002 1731 3044 1771 la
3074 1732 3220 1774 sûreté
3265 1734 3319 1775 de
3364 1734 3631 1786 diagnostic,
3663 1735 3787 1776 satis¬

2767 1788 2882 1831 faire.
2906 1791 3246 1840 certainement,
3275 1792 3338 1833 les
3362 1793 3467 1844 plus
3492 1792 3716 1836 difficiles.

2822 1867 3086 1909 Conditions
3144 1868 3275 1908 faites
3332 1879 3420 1909 aux
3479 1870 3670 1911 lecteurs
3727 1872 3787 1911 du

2767 1926 2892 1967 Trait
2916 1927 3111 1968 d’Union
3140 1940 3148 1967 :

2768 2014 2891 2054 Dans
2920 2014 2961 2054 le
2991 2014 3174 2062 journal
3213 2046 3620 2057 ...
3686 2019 3710 2056 0
3739 2019 3790 2056 50

2768 2100 2855 2143 Par
2886 2099 3014 2140 lettre
3048 2112 3055 2139 :
3088 2100 3283 2142 Portrait
3320 2133 3622 2142 ..
3686 2106 3710 2143 3
3739 2106 3790 2143 00

2768 2184 2855 2224 Par
2882 2183 3011 2225 lettre
3042 2197 3050 2223 :
3078 2186 3274 2235 Analyse
3327 2187 3535 2228 détaillée
3588 2187 3630 2226 et

2822 2243 3043 2292 complète
3082 2256 3089 2284 :
3132 2276 3620 2287 .
3685 2249 3709 2287 5
3738 2250 3790 2287 00

2823 2330 3074 2372 S’adresser
3108 2343 3165 2371 au
3202 2331 3436 2372 Directeur
3469 2343 3522 2372 en
3558 2344 3790 2386 accompa¬

2767 2391 2909 2438 gnant
2931 2402 2980 2430 sa
3002 2390 3226 2432 demande
3248 2391 3354 2431 d’un
3379 2391 3466 2433 bon
3490 2392 3544 2433 de
3567 2394 3706 2444 poste.

2822 2612 3004 2652 Adrien.
3032 2638 3086 2644 —
3114 2615 3404 2666 Intelligence
3457 2628 3682 2668 moyenne
3733 2620 3791 2659 où

2767 2671 2950 2712 domine
2978 2672 3019 2712 la
3047 2674 3240 2723 logique.
3271 2676 3334 2715 Ne
3363 2685 3560 2727 manque
3589 2678 3634 2717 ni
3663 2675 3718 2718 de
3743 2678 3791 2717 fi¬

2768 2743 2898 2772 nesse
2923 2735 2967 2772 ni
2996 2732 3251 2775 d’habileté.
3283 2735 3438 2784 Esprit
3460 2736 3787 2786 organisateur.

2768 2792 3011 2839 Jugement
3034 2792 3166 2832 droit.
3194 2792 3259 2832 On
3284 2795 3468 2834 connaît
3488 2805 3556 2835 ses
3580 2795 3788 2847 qualités,

2767 2863 2824 2891 on
2852 2862 2904 2891 en
2932 2850 3015 2891 tire
3043 2853 3191 2893 même
3217 2854 3414 2903 quelque
3440 2855 3604 2896 vanité.

2822 2944 2970 2985 Cœur.
2985 2970 3039 2974 —
3053 2946 3206 2988 Bonne
3237 2958 3474 2997 moyenne.
3508 2948 3594 2990 Pas
3608 2950 3793 3001 d’égoïs¬

2770 3016 2854 3046 me.
2889 3005 3018 3047 Aime
3050 3005 3075 3045 à
3107 3007 3270 3047 rendre
3300 3008 3483 3048 service.
3516 3004 3615 3051 Une
3647 3010 3791 3061 légère

2768 3064 2988 3105 tendance
3011 3064 3036 3104 à
3060 3064 3232 3114 l’esprit
3254 3066 3309 3107 de
3331 3067 3507 3108 coterie.

2824 3159 3025 3200 Volonté.
3050 3183 3104 3189 —
3126 3160 3292 3211 Réelle;
3318 3162 3459 3214 n’agit
3481 3175 3562 3215 pas
3586 3163 3795 3214 toujours

2769 3231 2876 3259 avec
2897 3219 2939 3259 la
2963 3220 3112 3262 même
3135 3221 3357 3262 intensité.
3384 3223 3572 3263 Volonté
3595 3223 3792 3276 quelque

2768 3290 2853 3327 peu
2887 3279 3089 3327 difficile,
3126 3282 3273 3322 même
3306 3283 3553 3332 anguleuse
3584 3294 3670 3334 par
3699 3295 3791 3324 mo¬

2768 3338 2930 3378 ments.
2966 3338 3140 3387 Malgré
3172 3351 3250 3380 son
3284 3352 3444 3383 amour
3476 3343 3537 3383 du
3570 3342 3792 3384 conforta¬

2768 3396 2840 3438 ble
2865 3396 2904 3438 le
2931 3397 3154 3446 scripteur
3207 3398 3292 3439 sait
3317 3400 3500 3442 s’élever
3555 3402 3794 3444 au-dessus

2768 3456 2828 3496 du
2858 3456 2975 3496 terre
3000 3457 3026 3496 à
3055 3458 3184 3499 terre.

3465 3520 3788 3563 LEFRANCK.

2796 3752 3051 3806 Lettres
3092 3752 3172 3807 de
3211 3754 3756 3811 Remerciements

2822 3940 2879 3980 Le
2899 3940 3034 3981 cadre
3054 3940 3110 3982 de
3130 3942 3258 3982 notre
3277 3940 3460 3991 journal
3483 3955 3538 3983 ne
3559 3953 3674 3983 nous
3694 3954 3791 3994 per¬

2769 3999 2960 4040 mettant
2982 4011 3063 4051 pas
3112 4000 3330 4042 d’insérer
3380 4001 3444 4043 les
3496 4002 3792 4043 nombreuses

2768 4059 2922 4099 lettres
2954 4059 3007 4099 de
3040 4059 3332 4102 félicitations
3365 4062 3594 4103 adressées
3627 4074 3684 4103 au
3719 4061 3792 4102 Di¬

2768 4119 2944 4160 recteur
2970 4118 3132 4170 depuis
3158 4119 3202 4159 la
3228 4119 3426 4161 création
3454 4121 3508 4163 de
3535 4122 3647 4162 cette
3674 4132 3791 4163 com¬

2770 4178 2997 4227 binaison,
3035 4190 3150 4219 ceux
3183 4179 3239 4219 de
3275 4190 3358 4219 nos
3393 4180 3595 4222 abonnés
3630 4182 3710 4232 qui
3747 4181 3788 4222 le

2768 4237 3064 4280 désireraient
3090 4239 3310 4290 pourront
3335 4250 3388 4279 en
3443 4240 3638 4291 prendre
3690 4252 3791 4283 con¬

2769 4296 3004 4339 naissance
3038 4298 3152 4339 dans
3184 4310 3267 4339 nos
3299 4299 3519 4348 bureaux,
3555 4312 3635 4342 rue
3668 4300 3792 4342 d’As¬

2768 4356 2882 4407 torg,
2910 4359 2975 4406 26,
3003 4356 3246 4399 Toulouse.

2832 4566 3146 4661 Annonces
3200 4567 3264 4661 et
3316 4564 3460 4662 Avis
3516 4564 3722 4662 divers

2968 4726 3011 4779 3
3038 4726 3190 4780 francs
3219 4740 3323 4792 pour
3348 4729 3459 4782 trois
3486 4730 3592 4782 mois

3914 458 3975 496 11.
4008 480 4061 486 —
4091 458 4319 499 Véritable
4366 459 4586 499 occasion.
4619 459 4673 498 —
4705 459 4882 499 GRAN¬

3862 518 3934 555 DE
3968 516 4335 558 CHAPELIERE
4367 519 4483 559 osier
4530 518 4674 567 verni,
4708 520 4734 559 à
4764 530 4882 559 com-

3901 575 4143 626 utiments,
4187 576 4380 619 doublée
4407 577 4527 626 toile,
4573 577 4712 619 belles
4739 588 4884 619 serru¬

3859 646 3929 678 res
3956 634 4124 683 cuivre,
4153 636 4331 678 vendue
4359 636 4514 678 moitié
4539 637 4656 688 prix.
4689 639 4883 679 S’adres¬

3858 704 3930 734 ser
3955 694 4129 735 bureau
4155 695 4284 736 Trait
4307 696 4518 739 d’Union.

3915 772 3976 810 12.
4006 772 4062 809 —
4088 772 4218 818 Veuf,
4248 774 4571 823 commerçant,
4602 773 4747 816 désire
4775 775 4883 815 s’en¬

3860 830 4016 872 tendre
4042 841 4148 871 avec
4171 843 4394 880 personne
4418 834 4472 874 de
4496 835 4547 872 30
4572 844 4654 874 ans
4678 834 4881 884 environ,

3860 890 4071 939 honnête,
4119 891 4382 939 présentant
4409 894 4528 940 bien,
4576 892 4724 936 bonne
4752 895 4883 936 cuisi¬

3862 947 3998 999 nière,
4031 950 4131 999 apte
4160 950 4186 988 à
4215 948 4382 999 diriger
4414 952 4617 1002 ménage.

3917 1026 3978 1063 13.
4008 1026 4196 1066 Landes.
4219 1048 4275 1054 —
4298 1026 4440 1069 Dame
4463 1027 4601 1075 seule,
4628 1032 4764 1079 ayant
4788 1043 4883 1071 ren¬

3862 1083 3941 1131 tes,
3976 1084 4150 1124 maison
4183 1084 4227 1125 et
4283 1085 4451 1135 jardin,
4510 1086 4719 1130 habitant
4750 1090 4884 1140 petite

3866 1142 3987 1189 ville,
4024 1144 4182 1184 climat
4214 1143 4328 1191 sain,
4367 1146 4514 1187 désire
4546 1148 4742 1197 prendre
4776 1150 4882 1188 chez

3866 1200 3950 1240 elle
3979 1214 4092 1249 pour
4150 1204 4274 1243 avoir
4304 1215 4391 1247 une
4447 1205 4608 1246 société
4666 1217 4888 1257 personne

3867 1260 4003 1307 seule,
4033 1263 4134 1302 bien
4162 1262 4324 1311 élevée,
4353 1267 4491 1315 ayant
4513 1264 4674 1316 petites
4699 1268 4859 1307 rentes.

3923 1346 3983 1385 14.
4017 1346 4144 1387 Midi.
4174 1371 4227 1375 —
4282 1349 4420 1392 Dame
4475 1351 4564 1391 très
4619 1350 4887 1404 distinguée,

3868 1404 3970 1444 bien
3995 1405 4158 1455 élevée,
4184 1407 4392 1450 habitant
4414 1411 4584 1460 grande
4607 1410 4730 1460 ville,
4755 1415 4891 1463 ayant

3870 1463 4086 1507 intérieur
4115 1466 4410 1516 confortable,
4456 1468 4670 1510 voudrait
4696 1475 4892 1521 prendre

3867 1532 4043 1566 comme
4096 1524 4431 1576 pensionnaire,
4491 1528 4623 1569 dame
4679 1540 4736 1571 ou
4767 1543 4891 1572 mon¬

3870 1580 3990 1622 sieur
4018 1584 4130 1630 seul,
4160 1584 4491 1628 fonctionnaire
4519 1599 4576 1628 ou
4604 1588 4786 1630 rentier.

3926 1668 3987 1707 15.
4019 1669 4158 1711 Dame
4184 1678 4339 1720 veuve,
4395 1672 4532 1722 ayant
4556 1686 4610 1714 eu
4665 1684 4815 1716 revers
4840 1679 4894 1716 de

3872 1726 4065 1775 fortune,
4097 1731 4149 1768 37
4180 1740 4276 1775 ans,
4310 1742 4415 1774 sans
4446 1732 4641 1781 enfants,
4675 1734 4892 1775 excellen¬

3870 1784 3934 1826 tes
3959 1786 4198 1827 éducation
4226 1788 4267 1828 et
4294 1789 4579 1839 instruction,
4607 1792 4710 1843 apte
4735 1794 4760 1834 à
4786 1794 4892 1834 diri¬

3868 1855 3946 1892 ger
3979 1845 4210 1893 intérieur,
4244 1847 4482 1891 désirerait
4510 1851 4692 1892 trouver
4724 1854 4890 1903 emploi

3869 1902 4077 1944 caissière
4107 1916 4163 1944 ou
4194 1906 4392 1956 gérante,
4425 1908 4545 1950 hôtel
4575 1921 4632 1950 ou
4663 1911 4775 1952 café.
4808 1912 4891 1951 En¬

3869 1962 4026 2004 trerait
4050 1975 4106 2003 au
4133 1964 4303 2006 service
4326 1967 4381 2009 de
4406 1967 4639 2009 monsieur
4663 1972 4775 2020 seul,
4803 1972 4889 2012 mê¬

3870 2032 3940 2062 me
3967 2033 4074 2062 avec
4099 2022 4292 2066 enfants.
4324 2026 4434 2067 Très
4461 2028 4654 2068 sérieux.

3926 0 3987 2145 16.
3998 2106 4479 2151 Bouches-du-Rhône.
4513 2135 4568 2140 —
4603 2111 4887 2165 Célibataire,

3868 2167 3920 2204 70
3946 2176 4042 2213 ans,
4087 2168 4232 2207 comte
4260 2169 4574 2222 authentique,
4618 2171 4895 2215 descendant

3870 2224 4003 2264 d’une
4030 2226 4248 2267 ancienne
4276 2228 4317 2268 et
4344 2228 4520 2271 illustre
4548 2230 4738 2282 famille,
4767 2235 4894 2275 habi¬

3872 2283 3970 2323 tant
4001 2284 4127 2332 villa,
4163 2286 4379 2328 voudrait
4410 2288 4597 2340 adopter
4632 2291 4792 2332 enfant
4824 2306 4882 2335 ou

3868 2342 4004 2390 jeune
4028 2344 4211 2386 homme
4234 2346 4288 2387 de
4314 2346 4490 2390 famille
4511 2350 4649 2399 riche,
4675 2362 4782 2392 avec
4803 2354 4894 2403 pri¬

3870 2412 3955 2442 me.
3975 2402 4182 2446 Céderait
4208 2404 4334 2447 titres
4362 2407 4624 2451 nobiliaires
4652 2411 4695 2451 et
4708 2412 4892 2461 parche¬

3871 2460 4003 2501 mins.
4034 2460 4166 2504 Faire
4191 2464 4340 2506 offres.

3925 2539 3987 2577 17.
4016 2539 4049 2577 A
4074 2540 4241 2582 vendre
4267 2551 4380 2588 pour
4403 2552 4535 2586 cause
4559 2547 4613 2587 de
4638 2544 4796 2595 départ
4819 2548 4894 2589 ob¬

3867 2595 3955 2646 jets
3984 2598 4169 2642 anciens
4203 2612 4212 2639 :
4242 2602 4462 2654 meubles,
4494 2604 4722 2656 tableaux,
4755 2606 4894 2648 livres

3868 2657 4134 2706 argenterie,
4163 2659 4395 2703 dentelles.
4429 2663 4665 2707 Collection
4696 2666 4885 2707 timbres

3918 2715 4168 2759 S’adresser
4199 2719 4371 2761 bureau
4397 2721 4528 2763 Vrait
4547 2723 4758 2766 d’Union.

3924 2795 3987 2832 19.
4019 2796 4052 2833 A
4082 2795 4248 2836 vendre
4278 2797 4391 2839 beau
4420 2799 4626 2847 chapelet
4652 2802 4820 2852 cristal,
4851 2805 4894 2844 et

3869 2851 3984 2893 livre
4011 2854 4150 2896 ivoire
4205 2856 4379 2899 ancien.
4412 2859 4664 2902 S’adresser
4719 2863 4892 2906 bureau

3870 2911 3996 2951 Trait
4018 2912 4228 2954 d’Union.

3920 2992 3987 3031 20.
4011 2994 4059 3034 —
4079 2994 4222 3035 Dame
4251 2998 4415 3047 veuve,
4439 2998 4640 3039 habitant
4667 3003 4690 3040 à
4715 3000 4755 3040 la
4776 3012 4894 3040 cam¬

3868 3063 4011 3103 pagne
4055 3067 4163 3096 avec
4216 3067 4290 3096 ses
4338 3059 4451 3099 deux
4496 3062 4624 3111 filles,
4669 3063 4899 3114 prendrait

3868 3114 4036 3165 daines,
4063 3118 4347 3160 demoiselles
4367 3133 4422 3162 ou
4447 3124 4689 3165 messieurs
4711 3127 4819 3176 âgés
4840 3138 4894 3166 en

3868 3177 4020 3227 viager
4041 3191 4095 3219 ou
4115 3191 4167 3220 en
4188 3183 4388 3235 pension,
4416 3186 4484 3224 vie
4500 3186 4555 3226 de
4573 3186 4753 3239 famille,
4780 3188 4891 3228 beau

3868 3251 3977 3291 pays
3996 3241 4052 3281 de
4072 3247 4323 3294 montagne,
4351 3247 4474 3286 soins
4494 3248 4707 3291 dévoués.

3919 3314 3984 3352 21.
4003 3334 4052 3342 —
4070 3317 4108 3352 A
4128 3316 4267 3355 louer
4287 3327 4364 3356 rue
4380 3316 4434 3358 de
4449 3320 4579 3368 Metz,
4594 3331 4706 3371 pour
4725 3323 4892 3363 bureau

3868 3384 3923 3411 ou
3943 3375 4296 3428 garde-meuble,
4324 3382 4492 3428 grande
4519 3382 4640 3431 pièce
4662 3395 4716 3424 au
4740 3384 4896 3424 rez-de-

3867 3435 4082 3478 chaussée
4120 3449 4196 3478 sur
4238 3451 4358 3480 cour.
4410 3443 4667 3484 S’adresser
4726 3447 4894 3488 bureau

3872 3498 3986 3539 Trait
4004 3498 4216 3543 d’Union..

3920 3580 3986 3619 22.
4015 3603 4070 3609 —
4099 3582 4252 3623 Bonne
4282 3583 4532 3634 corsetière,
4566 3598 4647 3628 rue
4673 3588 4728 3628 de
4757 3588 4891 3638 Metz,

3869 3640 3934 3684 62,
3961 3643 4320 3683 recommandée.
4376 3645 4552 3686 Corsets
4576 3648 4674 3688 tout
4724 3648 4830 3690 faits
4853 3649 4895 3688 et

3871 3707 3947 3738 sur
3975 3710 4168 3740 mesure.
4198 3700 4307 3741 Prix
4334 3704 4552 3744 modérés.

4040 3889 4737 3980 APOLLO-THÉATRE

3922 4025 3987 4066 En
4011 4026 4176 4067 dehors
4198 4027 4275 4068 des
4298 4031 4679 4081 représentations
4700 4033 4896 4076 cinéma¬

3870 4084 4195 4138 tographiques
4248 4086 4338 4128 très
4364 4091 4532 4132 suivies
4562 4092 4603 4133 et
4656 4092 4735 4135 des
4764 4094 4895 4134 CON¬

3870 4142 4054 4186 CERTS
4098 4146 4559 4198 SYMPHONIQUES
4602 4151 4638 4192 si
4664 4156 4896 4203 appréciés

3868 4202 3948 4242 des
3971 4204 4215 4252 amateurs,
4260 4205 4535 4248 L’APOLLO
4576 4210 4701 4251 vient
4724 4211 4896 4262 d’orga¬

3869 4259 4003 4310 niser,
4032 4263 4153 4304 deux
4181 4264 4267 4306 fois
4294 4277 4374 4313 par
4402 4267 4616 4318 semaine,
4647 4270 4756 4311 DES
4786 4270 4894 4311 SOI¬

3870 4319 4016 4360 REES
4070 4322 4144 4360 DE
4199 4324 4351 4365 GALA
4390 4349 4445 4354 —
4486 4326 4733 4369 CINEMA'
4766 4328 4896 4370 CON¬

3871 4378 4022 4419 CERT
4046 4404 4100 4408 —
4126 4394 4231 4423 avec
4258 4384 4298 4424 le
4323 4395 4543 4426 concours
4568 4386 4646 4427 des
4671 4389 4896 4430 éminents

3870 4437 4047 4480 artistes
4072 4439 4133 4480 du
4160 4442 4515 4487 Conservatoire.

3923 4498 4047 4539 Cette
4078 4499 4301 4546 heureuse
4332 4504 4596 4544 innovation
4629 4506 4803 4547 obtient
4832 4520 4895 4547 un

3870 4558 4023 4599 succès
4073 4558 4386 4604 considérable
4407 4563 4450 4603 et
4472 4563 4602 4604 attire
4654 4577 4715 4606 un
4739 4567 4896 4618 public

3870 4618 3924 4658 de
3946 4618 4094 4659 choix.
4123 4619 4238 4659 C’est
4260 4619 4300 4660 le
4324 4624 4620 4666 rendez-vous
4643 4624 4699 4665 de
4722 4624 4766 4666 la
4788 4628 4895 4666 bon¬

3870 4688 3924 4716 ne
3946 4676 4122 4719 société.

2827 4956 2863 4995 1.
2890 4978 2944 4983 —
2971 4954 3038 4994 On
3066 4955 3290 5004 demande
3316 4953 3428 5004 petit
3454 4955 3619 5006 capital
3662 4967 3794 5008 paya¬

2772 5008 2846 5050 ble
2867 5020 2922 5050 en
2946 5007 3071 5051 rente
3092 5008 3287 5060 viagère.
3313 5008 3446 5051 Faire
3466 5010 3602 5051 offres
3624 5011 3667 5051 et
3688 5010 3796 5052 don¬

2772 5074 2852 5103 ner
2871 5063 2975 5103 tous
2992 5062 3382 5115 renseignements
3400 5075 3458 5104 au
3480 5063 3714 5106 Directeur
3734 5064 3795 5104 du

2773 5115 2900 5158 Trait
2922 5115 3131 5157 d’Union.

3977 4884 4438 4951 Mesdames,

4107 4982 4573 5026 Demandez
4622 4987 4894 5028 toutes

3875 5069 3955 5149 LE
3991 5060 4359 5153 BRÉVIAIRE
4395 5075 4587 5155 DELA
4619 5064 4895 5160 BEAUTÉ

2822 5202 2860 5242 2.
2889 5202 2944 5240 —
2989 5202 3251 5243 Professeur
3295 5202 3431 5244 dame
3474 5202 3794 5244 recommandé

2771 5266 2887 5305 pour
2908 5255 3059 5306 leçons
3079 5256 3135 5296 de
3155 5255 3306 5306 piano.
3332 5255 3440 5296 Prix
3462 5256 3683 5299 modérés.
3710 5258 3795 5298 Bu¬

2771 5318 2879 5347 reau
2904 5307 2967 5347 du
2992 5307 3191 5356 journal.

2822 5399 2861 5439 3.
2887 5398 2942 5436 —
2970 5398 3239 5439 Demoiselle
3264 5395 3388 5440 seule
3412 5399 3464 5438 45
3490 5408 3586 5446 ans,
3615 5398 3794 5448 adopte¬

2770 5451 2859 5491 rait
2875 5451 3014 5502 jeune
3034 5450 3128 5492 fille
3148 5451 3359 5493 fortunée
3376 5463 3436 5492 ou
3457 5451 3617 5492 enfant
3635 5452 3795 5503 orphe¬

2770 5504 2860 5545 line
2879 5516 2938 5546 ou
2957 5504 3268 5546 abandonnée.
3291 5505 3495 5548 Prendre
3514 5504 3694 5548 adresse
3715 5506 3789 5547 bu¬

2770 5569 2876 5600 reau
2903 5558 2964 5599 du
2991 5557 3118 5599 Trait
3142 5558 3351 5601 d’Union.

2822 5647 2860 5687 4.
2879 5646 2935 5684 —
2955 5646 3146 5687 Famille
3164 5648 3255 5688 très
3274 5647 3536 5696 honorable,
3559 5648 3794 5699 prendrait

2770 5698 3092 5750 pensionnaire
3123 5700 3259 5740 dame
3290 5711 3347 5741 ou
3399 5700 3634 5744 Monsieur
3683 5702 3790 5751 aisé,

2770 5752 3011 5794 s’adresser
3039 5752 3212 5795 bureau
3241 5754 3303 5794 du
3332 5754 3530 5803 journal.

2822 5835 2860 5873 5.
2886 5856 2942 5862 —
2967 5832 3034 5874 On
3062 5834 3288 5875 demande
3313 5835 3460 5876 bonne
3487 5835 3743 5877 couturière
3768 5837 3794 5877 à

2770 5886 2813 5926 la
2826 5886 3031 5935 journée.
3048 5886 3158 5927 Voir
3170 5887 3344 5929 bureau
3359 5887 3420 5929 du
3436 5887 3565 5929 Trait
3576 5887 3787 5930 d’Union.

2820 5976 2859 6016 7.
2884 5976 2939 6014 —
2963 5976 3103 6016 Dame
3126 5978 3263 6026 ayant
3284 5975 3435 6018 loisirs
3458 5978 3682 6019 demande
3706 5980 3792 6019 tra¬

2768 6044 2888 6075 vaux
2916 6034 3156 6076 d’écriture
3184 6047 3243 6076 ou
3274 6035 3435 6077 travail
3468 6037 3652 6078 manuel
3683 6038 3791 6079 chez

2767 6091 2866 6132 elle.

2818 6181 2856 6219 8.
2883 6182 2937 6219 —
2962 6180 3224 6220 Professeur
3248 6181 3304 6222 de
3328 6182 3527 6232 français
3551 6182 3790 6223 donnerait

2768 6238 2918 6287 leçons
2950 6239 3006 6280 de
3052 6240 3392 6286 conversations
3423 6243 3466 6283 et
3512 6242 3788 6292 d’orthogra¬

2767 6297 2854 6347 phe
2887 6298 2913 6338 à
2946 6310 3169 6347 personne
3202 6300 3450 6350 étrangère.
3488 6301 3603 6352 Cinq
3636 6300 3788 6344 francs

2766 6367 2847 6407 par
2871 6356 3000 6398 mois.

2817 6444 2855 6482 9.
2885 6444 2940 6482 —
2968 6444 3136 6490 Leçons
3164 6444 3219 6486 de
3250 6444 3447 6495 français
3477 6447 3518 6487 et
3548 6446 3783 6498 d’anglais.

2764 6500 2829 6542 De
2853 6503 2902 6540 15
2923 6502 2950 6542 à
2971 6503 3023 6542 30
3048 6502 3200 6544 francs
3221 6515 3306 6554 par
3330 6504 3457 6546 mois.

2816 6588 2878 6628 10.
2904 6588 2958 6628 —
2982 6588 3126 6632 Jeune
3151 6588 3249 6631 fille
3275 6592 3412 6639 ayant
3435 6592 3602 6642 emploi
3630 6591 3783 6633 Sténo-

2760 6646 3137 6702 Dactylographe,
3200 6648 3334 6691 ferait
3382 6651 3543 6692 travail
3604 6651 3784 6703 supplé¬

2758 6704 2978 6746 mentaire
3003 6717 3118 6756 pour
3144 6707 3446 6759 particuliers.

3908 5266 3999 5294 Dans
4022 5274 4068 5294 un
4092 5268 4152 5295 but
4176 5270 4216 5295 de
4240 5269 4492 5300 vulgarisation
4516 5272 4747 5307 scientifique,
4772 5274 4895 5300 l’envoi

3870 5314 3911 5332 en
3932 5310 3982 5333 est
4003 5309 4068 5335 fait
4088 5310 4210 5335 franco
4231 5315 4310 5335 sous
4332 5312 4378 5340 pli
4402 5312 4519 5343 fermé,
4542 5316 4660 5341 contre
4678 5315 4695 5340 0
4716 5316 4759 5341 fr.
4782 5316 4815 5340 40
4835 5312 4895 5346 (re¬

3870 5349 4072 5375 commandé
4095 5355 4102 5374 !
4120 5349 4138 5375 0
4156 5351 4199 5375 fr.
4219 5346 4264 5379 50)
4286 5356 4326 5376 en
4347 5352 4488 5379 timbres
4510 5355 4550 5380 de
4568 5356 4646 5381 tous
4667 5363 4762 5388 pays,
4784 5356 4895 5382 adres¬

3869 5387 3920 5415 sés
3944 5388 3964 5415 à
3988 5390 4159 5423 CLARKS,
4183 5390 4244 5421 130,
4271 5390 4404 5419 Galerie
4428 5395 4468 5422 de
4492 5394 4605 5422 Valois
4628 5392 4895 5428 (Palais-Royal)

3869 5430 3975 5456 Paris.

3870 5708 3880 5712 ~
3940 5699 4242 5744 Manufacture
4271 5701 4491 5739 d’articles
4520 5700 4671 5739 KATO

4368 5775 4391 5808 à
4414 5771 4584 5816 fenêtre
4604 5772 4819 5820 diaphane
4854 5750 4889 5818 A

4046 5910 4438 5978 Enveloppes

4044 5998 4216 6060 Papier
4247 5999 4271 6048 à
4307 6000 4451 6050 lettre

4510 5910 4667 5964 Kato
4688 5913 4712 5932 *

4491 5998 4711 6052 ‘KATO’

3952 6142 4186 6177 Demander
4215 6143 4505 6180 Echantillons

3948 6206 4103 6241 LOUIS
4132 6207 4329 6244 CASSAN
4359 6208 4454 6243 aîné

3954 6271 4011 6311 37,
4039 6279 4111 6304 rue
4138 6272 4210 6307 des
4236 6274 4467 6310 Couteliers

3954 6333 4231 6374 TOULOUSE

4351 6568 4410 6610 Le
4435 6568 4602 6612 Gérant
4630 6585 4638 6612 :
4664 6572 4832 6614 BACH.

3913 6722 4178 6766 Imprimerie
4206 6719 4388 6766 spéciale
4416 6722 4471 6757 du
4503 6723 4619 6761 Trait
4647 6723 4839 6760 d'Union.
