5186 7176
282 381 337 430 7°
372 379 564 429 année.
592 408 657 417 —
676 383 745 430 N°
768 387 835 432 54
860 411 921 420 —
956 386 1049 441 IO
1094 392 1237 435 cent.

527 615 614 672 Para
629 616 732 671 ssant
753 615 786 672 le
817 616 830 673 !
836 623 868 641 or
891 618 928 673 et
951 619 982 674 le
1013 617 1056 673 15

1482 385 1838 505 ŒUVRE
1910 390 2038 504 DE
2106 390 2954 524 PHIUNTHROPIE
3022 398 3454 517 SOCIALE

3759 408 3840 452 Du
3876 408 3940 452 15
3972 422 4040 455 au
4075 410 4133 455 31
4176 407 4477 459 Décembre
4515 415 4636 459 1911

1398 1525 1659 1603 DES
1748 1511 2443 1607 INTÉRÊTS
2526 1521 3507 1637 RÉCIPROQUES

604 1654 1051 1709 Combinaison
1088 1656 1361 1721 Mariage
1398 1656 1585 1708 créée
1622 1672 1701 1710 en
1738 1654 1910 1711 1905
1979 1670 2015 1709 •
2051 1672 2087 1708 •
2123 1670 2157 1707 •
2229 1658 2519 1713 Bureaux
2559 1663 2620 1715 et
2655 1664 3169 1721 Administration
3207 1685 3223 1721 :
3260 1669 3369 1732 26,
3406 1687 3519 1726 rue
3556 1675 3847 1745 d’Astorg
3883 1707 3949 1716 —
3986 1683 4307 1740 Toulouse

375 1792 440 1827 LA
466 1791 599 1828 PLUS
623 1790 877 1827 HONNETE

374 1839 439 1873 LA
466 1839 601 1875 PLUS
629 1838 891 1873 DISCRETE

375 1885 439 1920 LA
466 1884 599 1921 PLUS
627 1885 825 1920 RAPIDE

374 1932 437 1968 LA
470 1931 604 1968 PLUS
635 1931 899 1968 SERIEUSE

373 1979 437 2015 LA
463 1978 596 2014 PLUS
621 1978 759 2018 SURE

373 2026 437 2061 LA
466 2026 634 2061 MOINS
660 2025 838 2062 CHERE

372 2072 471 2109 PAS
502 2073 989 2108 D’INTERMEDIAIRE

371 2118 469 2156 PAS
498 2119 565 2156 DE
593 2119 928 2156 COMMISSION

1628 1802 1961 1856 ABÛ&tE&ENT
1983 1819 2035 1857 Lll
2058 1805 2236 1859 Journal
2258 1806 2444 1860 donnant
2463 1806 2573 1860 droit
2601 1807 2629 1860 à
2649 1823 2728 1862 une
2749 1812 2952 1866 insertion
2975 1814 3025 1867 de
3047 1814 3077 1868 8
3097 1816 3231 1882 lignes
3252 1831 3264 1871 :

1485 1898 1697 1934 Annonces
1748 1898 1802 1933 de
1854 1898 2028 1944 Mariage
2074 1898 2163 1939 (six
2203 1898 2335 1944 lignes
2391 1902 2437 1935 et
2483 1900 2753 1939 abonnement
2799 1915 2855 1940 au
2902 1904 3088 1953 journal)

1554 1945 1665 1981 Trois
1702 1944 3086 2014 mois.
3145 1957 3215 1992 11
3242 1959 3392 1996 francs.

2841 2013 3088 2053 .
3191 2015 3216 2046 1
3283 2032 3328 2040 —

2840 2062 3085 2106 .
3187 2064 3221 2101 «
3283 2086 3327 2092 —

2841 2115 3088 2159 .
3187 2117 3223 2152 3
3284 2138 3328 2146 —

1485 1997 1628 2043 Lignes
1649 1996 2684 2051 supplémentaires.
2699 2026 2705 2041 .
2723 2034 2729 2041 .

1483 2053 1724 2087 Annnonces
1744 2055 1783 2088 et
1805 2052 2012 2089 Locations
2034 2054 2150 2095 (trois
2172 2053 2728 2097 mois)...

1484 2104 1582 2140 Avis
1598 2103 1747 2148 divers,
1767 2105 1895 2143 Offres
1916 2109 1955 2143 et
1975 2106 2196 2143 Demandes
2217 2107 2424 2152 d’emplois
2446 2106 2571 2150 (deux
2593 2110 2729 2153 mois).

3627 1812 3680 1849 Le
3705 1826 3723 1845 «
3750 1815 3869 1853 Trait
3893 1818 4073 1857 d’Union
4100 1835 4119 1855 »
4146 1830 4208 1861 est
4257 1829 4417 1871 envoyé
4466 1837 4608 1869 contre

3575 1860 3598 1892 0
3618 1859 3671 1895 fr.
3696 1863 3741 1895 10
3762 1860 3790 1897 à
3810 1867 3926 1901 toute
3949 1874 4157 1909 personne
4180 1875 4252 1915 qui
4276 1883 4328 1911 en
4351 1879 4430 1916 fait
4454 1882 4496 1915 la
4543 1882 4604 1917 de-

3576 1908 3743 1943 mande.

3625 1954 3688 1988 Un
3715 1960 3759 1988 n°
3781 1956 3994 1998 spécimen
4020 1967 4081 1999 est
4106 1966 4229 2003 offert
4253 1972 4605 2018 gracieusement,

3573 1996 3601 2032 à
3623 2002 3715 2035 tout
3740 2003 3931 2049 visiteur,
3956 2007 4065 2044 dans
4090 2018 4167 2048 nos
4190 2014 4395 2051 bureaux.

3622 2046 3673 2082 Le
3723 2047 3901 2087 Journal
3951 2057 4013 2091 est
4039 2056 4212 2095 adressé
4237 2059 4265 2096 à
4313 2070 4390 2099 nos
4416 2067 4605 2106 abonnés

3572 2099 3673 2127 sous
3698 2097 3928 2140 enveloppe
3953 2101 4125 2146 fermée,
4151 2113 4256 2144 sans
4280 2116 4447 2147 aucune
4497 2115 4603 2151 indi¬

3575 2146 3714 2181 cation
3748 2154 3996 2191 apparente.

333 2283 706 2384 Abonnés
755 2286 833 2380 et
883 2276 1252 2378 Lecteurs

330 2499 391 2541 Ce
418 2498 610 2552 journal
643 2495 756 2537 n’est
814 2506 899 2547 pas
961 2502 1048 2532 une
1081 2490 1298 2532 création.

270 2560 387 2601 Sous
411 2560 452 2600 le
478 2569 591 2599 nom
615 2556 669 2597 de
694 2550 1087 2608 Rapide-Agence,
1117 2551 1149 2592 il
1172 2552 1301 2605 porte

270 2619 432 2673 depuis
459 2619 568 2671 plus
597 2616 652 2659 de
682 2616 753 2657 six
782 2627 880 2664 ans,
915 2615 1029 2655 dans
1061 2613 1208 2652 toutes
1237 2611 1301 2653 les

270 2690 454 2734 régions
479 2679 542 2720 du
566 2676 679 2719 Midi
703 2679 745 2717 et
769 2675 823 2716 de
849 2675 892 2716 la
914 2674 1086 2714 France
1110 2670 1296 2719 entière,

268 2738 521 2783 l’heureuse
556 2736 878 2778 combinaison
942 2732 1064 2776 créée
1098 2743 1182 2785 par
1213 2742 1299 2772 son

268 2800 507 2842 Directeur
537 2800 579 2839 et
609 2794 875 2850 poursuivie
906 2804 1015 2836 avec
1047 2803 1110 2835 un
1142 2791 1297 2833 succès

267 2859 349 2915 qui
373 2871 430 2901 ne
453 2858 556 2900 s’est
577 2855 747 2910 jamais
772 2854 991 2896 démenti.

325 2916 620 2973 Transformé
649 2919 692 2957 et
722 2913 928 2967 modifié,
961 2925 1068 2955 sous
1100 2923 1188 2953 une
1217 2910 1294 2952 Di¬

266 2980 442 3021 rection
471 2975 699 3024 nouvelle,
731 2975 771 3016 le
828 2972 953 3017 Trait
979 2971 1181 3015 d’Union
1240 2982 1296 3013 va

269 3039 520 3083 désormais
549 3038 784 3089 s’occuper
814 3034 1138 3089 spécialement
1170 3031 1294 3073 d’an¬

271 3111 440 3143 nonces
470 3099 524 3140 de
557 3098 775 3150 mariage,
807 3095 907 3149 afin
935 3094 989 3136 de
1020 3092 1200 3135 donner
1230 3103 1294 3132 un

266 3162 435 3204 nouvel
460 3171 583 3201 essor
605 3158 632 3200 à
656 3159 769 3199 cette
795 3167 952 3197 œuvre
978 3153 1290 3199 intéressante,

265 3219 592 3267 humanitaire,
639 3214 1053 3271 philanthropique
1118 3215 1160 3252 et
1222 3222 1291 3252 so¬

261 3282 392 3324 ciale.

326 3340 386 3383 Ce
409 3339 524 3392 petit
544 3337 736 3391 journal
762 3336 835 3375 n'a
857 3346 939 3388 pas
966 3334 1008 3374 la
1030 3330 1291 3386 prétention

266 3402 405 3443 d’être
433 3397 662 3439 littéraire.
694 3395 731 3436 Il
760 3394 835 3435 n’a
860 3394 909 3434 ni
936 3392 1291 3434 collaborateurs

268 3459 317 3504 ni
342 3454 827 3512 employés-d’aucune
882 3454 1015 3495 sorte.
1074 3451 1153 3493 Ses
1210 3451 1291 3491 bu¬

268 3533 407 3564 reaux
443 3531 498 3560 ne
534 3519 689 3561 seront
718 3515 890 3570 jamais
926 3511 1195 3556 encombrés
1233 3511 1286 3553 de

264 3578 456 3620 curieux
486 3576 725 3619 indiscrets
757 3575 805 3615 ni
836 3575 889 3615 de
921 3583 1034 3628 gens
1064 3571 1289 3625 d’affaires

261 3638 369 3694 plus
394 3650 455 3680 ou
482 3636 635 3678 moins
658 3634 840 3676 véreux.

325 3698 420 3739 IJnc
455 3694 770 3750 organisation
801 3691 993 3747 parfaite
1026 3695 1068 3732 et
1104 3702 1192 3731 une
1227 3692 1287 3731 te¬

264 3771 354 3801 nue
382 3753 719 3812 irréprochable
749 3768 761 3794 :
787 3750 910 3794 voilà
933 3763 984 3794 sa
1007 3750 1172 3793 devise.

317 3815 536 3861 Abonnés
566 3817 608 3857 et
639 3815 831 3856 lecteurs
890 3814 996 3853 sont
1025 3810 1200 3853 assurés
1234 3809 1286 3852 de

264 3883 449 3920 trouver
470 3888 528 3918 en
550 3875 618 3917 lui
644 3884 707 3914 un
731 3871 965 3914 auxiliaire
990 3871 1283 3923 scrupuleux,

265 3940 403 3981 d’une
439 3935 688 3979 discrétion
722 3932 924 3981 absolue,
963 3934 1005 3973 et
1041 3931 1179 3973 d’une
1217 3931 1284 3971 in¬

261 3997 516 4041 discutable
543 3992 739 4048 loyauté.

314 4056 412 4110 Que
443 4068 558 4098 ceux
588 4055 669 4109 qui
730 4064 785 4095 ne
847 4064 963 4095 nous
994 4051 1286 4095 connaissent

255 4131 337 4173 pas
363 4117 587 4159 viennent
615 4113 640 4155 à
669 4126 784 4156 nous
811 4126 917 4156 sans
945 4111 1132 4154 crainte.
1164 4111 1285 4153 Nous

254 4189 415 4221 serons
443 4176 651 4218 heureux
679 4173 734 4216 de
794 4174 857 4216 les
916 4171 1041 4213 aider
1071 4171 1125 4212 de
1158 4171 1284 4212 notre

256 4249 483 4280 concours
541 4234 736 4276 indirect
762 4246 848 4288 par
873 4232 915 4274 le
938 4232 1130 4284 journal
1159 4234 1200 4272 et
1230 4230 1284 4272 de

258 4309 341 4340 nos
403 4294 596 4340 conseils
627 4291 896 4349 personnels
957 4289 1135 4344 chaque
1194 4289 1284 4343 fois

255 4355 392 4411 qu’ils
423 4354 655 4397 voudront
721 4351 825 4393 bien
889 4361 1004 4392 nous
1067 4349 1282 4390 accorder

257 4420 359 4459 leur
391 4416 633 4471 confiance
670 4416 711 4455 ci
749 4423 865 4453 nous
902 4409 1153 4452 demander
1189 4422 1272 4451 nos

251 4478 364 4520 avis.

312 4536 409 4589 Que
470 4549 553 4578 nos
611 4535 804 4575 lecteurs
862 4531 1140 4573 deviennent
1201 4530 1277 4571 des

253 4597 384 4640 amis.
417 4596 512 4649 Que
539 4595 724 4648 partout
753 4594 793 4633 et
821 4590 847 4633 à
875 4594 992 4639 tous,
1025 4590 1079 4632 ils
1103 4591 1275 4644 fassent

254 4659 510 4703 connaître,
547 4666 652 4696 sans
687 4651 859 4695 crainte
895 4653 938 4693 et
973 4663 1079 4692 sans
1115 4650 1270 4698 honte,

251 4719 292 4759 le
318 4717 411 4759 bon
430 4714 836 4771 fonctionnement
861 4711 915 4754 de
940 4714 1068 4752 notre
1093 4711 1274 4764 organi¬

250 4776 402 4818 sation
438 4790 454 4824 ;
488 4775 625 4830 qu'ils
661 4786 777 4815 nous
809 4774 1059 4827 procurent
1094 4771 1135 4813 le
1168 4771 1273 4823 plus

250 4831 538 4889 d’adhésions
564 4828 784 4890 possibles,
818 4827 942 4874 voilà
974 4834 1100 4873 notre
1138 4826 1270 4872 désir.

309 4898 342 4938 A
378 4899 479 4938 tous
511 4899 551 4935 et
582 4893 608 4935 à
641 4895 803 4942 toutes,
839 4904 954 4933 nous
984 4892 1268 4939 souhaitons,

249 4967 307 4998 en
333 4958 501 5003 retour,
531 4954 683 4996 bonne
737 4952 909 4994 chance
965 4954 1006 4992 et
1059 4952 1271 5005 prompte

250 5014 511 5058 réalisation
534 5015 588 5055 de
612 5015 733 5056 leurs
754 5014 860 5068 plus
883 5011 1040 5054 chères
1063 5010 1272 5065 espéran¬

248 5087 335 5118 ces.

794 5131 868 5174 LA
890 5130 1213 5176 DIRECTION.

296 5307 390 5405 La
422 5307 758 5407 Puissance
798 5305 874 5404 de
908 5306 1224 5404 l'Annonce

297 5510 362 5552 En
383 5512 626 5561 acceptant,
649 5522 704 5551 en
731 5510 911 5551 octobre
932 5510 1049 5556 1910,
1074 5510 1113 5548 la
1130 5508 1250 5549 direc

247 5575 335 5616 lion
355 5574 414 5616 du
432 5572 761 5616 Trait-d’Union
787 5582 890 5614 mon
921 5573 1134 5613 intention
1164 5573 1271 5612 était

246 5636 300 5677 de
349 5636 456 5678 faire
491 5635 547 5675 de
594 5635 915 5677 l'intéressante
962 5634 1266 5676 combinaison

243 5700 443 5751 mariage
473 5707 558 5738 une
596 5707 747 5740 œuvre
786 5697 983 5739 sérieuse
1025 5701 1066 5739 et
1103 5698 1207 5739 utile
1243 5701 1265 5739 à

241 5766 354 5804 tous.

297 5823 363 5865 En
375 5823 589 5877 quelques
602 5822 730 5872 mois,
749 5823 804 5863 de
825 5819 1117 5865 nombreuses
1137 5822 1252 5863 modi

242 5878 443 5918 ficaiîons
460 5880 536 5920 ont
555 5873 624 5917 été
659 5876 868 5918 réalisées
906 5876 1020 5916 dans
1042 5878 1080 5918 le
1119 5878 1193 5918 but
1214 5877 1268 5917 de

247 5940 408 5980 rendre
433 5938 538 5992 plus
560 5937 792 5992 profitable
816 5938 1060 5991 l'originale
1095 5940 1191 5980 idée
1209 5939 1264 5978 du

241 6003 440 6053 mariage
462 6014 540 6054 par
562 5998 788 6054 publicité.

297 6066 435 6106 Notre
454 6066 589 6105 siècle
616 6063 652 6104 si
683 6062 837 6104 fécond
864 6074 917 6105 en
941 6063 1193 6104 inventions
1224 6067 1267 6106 et

243 6127 534 6169 découvertes
554 6126 608 6167 de
650 6128 792 6167 toutes
835 6130 994 6175 sortes,
1043 6139 1069 6167 a
1115 6139 1168 6167 vu
1218 6140 1266 6169 se

243 6190 385 6239 créer,
424 6199 471 6228 se
511 6188 779 6240 développer
815 6192 858 6228 et
895 6202 942 6229 se
983 6192 1102 6230 lrans
1107 6190 1119 6211 r
1119 6200 1267 6232 ormer

243 6262 329 6292 une
348 6251 450 6294 bien
474 6250 670 6292 modeste
692 6253 936 6292 nouveauté
970 6267 978 6293 :
1013 6251 1021 6291 I
1042 6263 1258 6294 annonce.

296 6314 328 6352 11
362 6327 389 6366 y
428 6327 452 6355 a
488 6312 726 6365 cinquante
759 6323 853 6361 ans,
897 6314 1123 6356 l'annonce
1162 6318 1259 6356 élnil

243 6385 357 6426 rare,
391 6375 580 6418 discrète
635 6376 812 6416 limitée.
852 6377 1141 6428 Aujourd'hui
1182 6380 1265 6419 elle

242 6439 436 6490 remplit,
457 6441 483 6480 à
502 6438 587 6479 elle
605 6440 744 6488 seule,
767 6439 879 6479 deux
906 6450 963 6480 ou
995 6442 1102 6480 trois
1129 6453 1266 6494 pages

241 6499 321 6540 des
334 6502 501 6552 grands
515 6502 780 6550 quotidiens,
799 6500 882 6542 elle
903 6502 1054 6556 frappe
1075 6505 1099 6543 à
1121 6508 1265 6546 toutes

243 6562 307 6603 les
325 6567 489 6615 portes,
510 6562 593 6602 elle
615 6574 662 6603 se
680 6563 817 6615 glisse
835 6563 948 6604 dans
967 6568 1067 6607 tous
1092 6567 1155 6606 les
1183 6567 1258 6607 mi¬

244 6625 379 6675 lieux,
409 6627 493 6667 elle
518 6624 693 6665 devient
722 6626 1048 6676 envahissante,
1076 6629 1263 6679 gênante

246 6688 427 6741 parfois;
450 6688 533 6730 elle
550 6688 690 6738 trône,
707 6688 792 6731 elle
814 6688 1055 6747 triomphe;
1074 6703 1123 6731 sa
1147 6694 1263 6741 puis¬

242 6761 377 6792 sance
397 6755 464 6794 est
481 6750 694 6793 illimitée.

1429 2259 1652 2310 Pourquoi
1688 2259 1803 2302 donc
1834 2262 2055 2303 s’étonner
2086 2262 2216 2312 qu’on
2258 2261 2403 2301 utilise

1375 2323 1488 2362 celte
1513 2324 1657 2363 même
1678 2322 1888 2373 publicité
1909 2334 2021 2374 pour
2040 2323 2212 2364 arriver
2238 2336 2294 2364 au
2329 2324 2399 2363 ré¬

1374 2392 1510 2432 sultat
1530 2391 1677 2433 désiré
1698 2405 1777 2444 par
1797 2398 1889 2435 tout
1912 2405 2023 2435 ceux
2056 2395 2131 2446 qui
2174 2398 2327 2436 rêvent
2346 2395 2400 2434 de

1375 2452 1520 2495 fonder
1544 2465 1603 2495 un
1624 2455 1747 2507 foyer
1764 2456 1783 2495 ?

1427 2518 1612 2557 Peut-on
1642 2519 1872 2570 employer
1906 2530 2065 2571 moyen
2103 2520 2207 2570 plus
2244 2522 2321 2560 sûr
2357 2523 2400 2559 et

1374 2580 1518 2618 moins
1538 2578 1793 2631 dangereux
1812 2592 1924 2632 pour
1943 2593 2126 2632 essayer
2146 2582 2201 2622 de
2222 2592 2398 2633 rappro¬

1370 2642 1476 2681 cher
1507 2640 1620 2680 deux
1650 2642 1875 2683 destinées
1894 2646 1914 2683 ?
1940 2644 2263 2685 Certainement
2291 2655 2391 2684 non.

1370 2703 1424 2743 Et
1442 2703 1548 2744 c’est
1569 2715 1683 2756 pour
1701 2709 1816 2745 cette
1835 2707 1982 2746 raison
2003 2717 2090 2757 que
2117 2706 2323 2747 s’affirme
2342 2707 2395 2746 de

1367 2767 1467 2816 jour
1485 2777 1536 2806 en
1559 2768 1656 2816 jour
1678 2766 1718 2806 le
1735 2769 1892 2808 succès
1909 2767 1964 2808 de
1991 2768 2168 2808 l'œuvre
2203 2779 2290 2820 que
2321 2768 2391 2820 j’ai

1368 2838 1612 2889 entreprise
1634 2842 1676 2879 et
1694 2849 1780 2890 que
1799 2840 1840 2890 je
1862 2850 1917 2879 ne
1936 2839 2084 2880 crains
2110 2851 2189 2891 pas
2209 2840 2263 2880 de
2283 2851 2388 2881 con¬

1366 2899 1537 2940 sidérer
1555 2910 1730 2941 comme
1750 2902 2048 2943 humanitaire
2069 2906 2110 2943 et
2130 2903 2308 2943 sociale.

1420 2962 1556 3003 Reste
1577 2963 1851 3005 maintenant
1870 2966 1894 3004 à
1914 2964 2110 3005 détruire
2148 2966 2187 3006 le
2207 2965 2388 3016 préjugé

1366 3026 1439 3075 qui
1460 3026 1594 3066 flétrit
1614 3028 1707 3066 tout
1725 3037 1773 3066 ce
1789 3027 1862 3077 qui
1881 3027 2038 3068 touche
2055 3038 2140 3067 aux
2160 3028 2389 3079 questions

1367 3086 1726 3128 matrimoniales.
1754 3089 1850 3131 Oui.
1876 3089 1903 3128 il
1926 3092 1990 3130 est
2014 3089 2092 3130 des
2126 3100 2314 3141 agences
2347 3094 2388 3131 et

1365 3148 1443 3189 des
1463 3153 1797 3191 entremetteurs
1817 3151 1923 3192 dont
1945 3153 1972 3191 il
2002 3151 2093 3192 faut
2129 3163 2176 3192 se
2216 3153 2384 3202 méfier;

1366 3212 1478 3251 mais
1500 3222 1554 3251 un
1584 3211 1772 3253 honnête
1807 3217 1851 3253 et
1885 3214 2011 3253 molle
2017 3215 2081 3253 nsi
2088 3215 2100 3252 f
2136 3214 2311 3264 journal
2334 3225 2386 3256 ne

1363 3275 1531 3313 saurait
1551 3275 1740 3327 inspirer
1774 3274 1826 3315 de
1863 3275 2061 3317 défiance
2104 3278 2128 3315 à
2168 3287 2387 3329 personne

1366 3335 1542 3387 lorsque
1563 3347 1613 3376 sa
1631 3337 1844 3379 direction
1868 3342 1934 3379 est
1952 3350 2172 3380 reconnue
2188 3339 2386 3381 sérieuse

1362 3399 1405 3435 et
1425 3395 1772 3449 irréprochable.

1415 3456 1551 3499 D’une
1575 3458 1700 3508 façon
1726 3459 1931 3510 générale
1951 3470 2060 3502 ceux
2082 3460 2155 3513 qui
2191 3462 2386 3512 aspirent

1363 3532 1418 3559 au
1439 3522 1636 3571 mariage
1656 3527 1888 3575 acceptent
1922 3527 1964 3563 et
1995 3523 2234 3564 sollicitent
2259 3524 2384 3564 l’avis

1361 3581 1463 3623 d’un
1502 3584 1607 3633 ami,
1647 3583 1968 3626 l'intervention
2018 3584 2076 3625 du
2120 3587 2304 3631 notaire,
2347 3588 2384 3626 le

1359 3646 1526 3685 conseil
1549 3646 1607 3684 du
1633 3650 1790 3698 prêlre,
1814 3651 1895 3688 etc.
1927 3646 2042 3687 C’est
2069 3659 2154 3699 que
2192 3648 2287 3689 rien
2310 3649 2377 3688 ici-

1359 3706 1441 3747 bas
1459 3719 1512 3747 ne
1534 3712 1637 3758 peut
1655 3720 1703 3748 se
1724 3708 1907 3750 réaliser
1944 3721 2050 3751 sans
2094 3711 2135 3751 le
2169 3721 2384 3751 concours

1359 3759 1462 3800 d’un
1481 3760 1583 3802 aide
1602 3764 1863 3816 compétent.

1411 3822 1457 3863 Si
1479 3834 1588 3864 vous
1619 3834 1725 3864 avez
1764 3823 1802 3864 le
1842 3826 2043 3867 bonheur
2074 3826 2130 3867 de
2171 3827 2383 3877 posséder

1358 3886 1473 3924 amis
1498 3889 1541 3926 et
1578 3886 1804 3936 relations,
1834 3888 1872 3928 si
1907 3891 2028 3929 votre
2058 3889 2207 3930 milieu
2243 3890 2380 3930 social

1360 3958 1471 3988 vous
1491 3952 1661 3999 permet
1679 3951 1735 3989 de
1755 3952 1933 3991 trouver
1953 3954 2113 3992 autour
2133 3951 2187 3991 de
2210 3963 2320 3992 vous
2339 3952 2380 3992 la

1359 4021 1577 4062 personne
1607 4012 1684 4063 qui
1731 4012 1824 4052 doit
1871 4016 2079 4064 partager
2123 4018 2248 4054 votre
2294 4015 2378 4063 vie,

1357 4072 1650 4123 gardez-vous
1670 4074 1873 4124 d’égarer
1895 4074 2075 4116 ailleurs
2096 4087 2176 4117 vos
2202 4076 2378 4117 recher¬

1356 4136 1476 4176 ches.

1411 4198 1524 4239 Mais
1574 4199 1613 4238 si
1653 4211 1765 4251 pour
1802 4199 2022 4241 d’infinies
2056 4201 2232 4243 raisons
2270 4211 2380 4241 vous

1356 4261 1449 4300 êtes
1479 4261 1800 4311 embarrassés,
1834 4262 1967 4303 isolés
2002 4263 2112 4303 dans
2148 4263 2190 4303 la
2226 4263 2311 4312 vie,
2340 4263 2375 4302 si

1357 4326 1478 4363 votre
1516 4327 1759 4375 entourage
1794 4335 1844 4364 ne
1880 4336 1990 4365 vous
2023 4326 2190 4376 inspire
2219 4326 2379 4377 qu’une

1358 4385 1576 4427 médiocre
1598 4390 1836 4434 confiance,
1859 4398 2040 4439 essayez
2058 4387 2111 4427 de
2134 4387 2373 4428 l’annonce.

1355 4447 1449 4488 Elle
1471 4459 1580 4488 vous
1602 4451 1772 4500 promet
1801 4451 1968 4491 entière
1996 4455 2038 4491 et
2070 4451 2255 4492 absolue
2291 4451 2377 4491 dis¬

1355 4511 1534 4560 crétion,
1572 4515 1612 4551 et
1651 4513 1735 4552 elle
1771 4523 1881 4552 vous
1920 4514 2067 4554 donne
2107 4513 2284 4565 l’espoir
2323 4514 2376 4552 de

1355 4578 1532 4614 trouver
1549 4585 1598 4614 ce
1631 4584 1716 4627 que
1756 4586 1867 4615 nous
1888 4575 2135 4616 cherchons
2168 4579 2267 4616 tous
2306 4575 2377 4616 ici-

1355 4635 1434 4676 bas
1458 4650 1466 4675 :
1497 4637 1534 4675 le
1566 4635 1764 4677 bonheur
1797 4638 1909 4677 dans
1939 4637 2104 4679 l'union
2135 4638 2308 4679 désirée
2335 4640 2376 4679 et

1354 4699 1495 4739 rêvée.

2002 4765 2113 4804 Jean
2136 4764 2299 4804 BACH.

2478 2262 2555 2306 dre
2586 2277 2692 2308 avec
2722 2270 3036 2321 promptitude
3065 2271 3091 2312 à
3120 2273 3243 2315 toute
3274 2275 3499 2319 demande

2474 2322 2531 2364 de
2551 2327 2940 2379 renseignements
2960 2332 3252 2374 commercial
3272 2346 3332 2375 ou
3353 2335 3495 2387 privé.

2527 2382 2670 2426 Toute
2699 2397 2924 2437 personne
2953 2392 3091 2440 ayant
3120 2391 3276 2433 besoin
3307 2393 3496 2436 d’infor¬

2475 2442 2669 2485 mations
2693 2446 2835 2498 sûres,
2861 2458 2919 2488 au
2942 2448 3072 2498 point
3090 2450 3145 2491 de
3167 2462 3253 2493 vue
3275 2451 3495 2495 financier

2472 2511 2529 2542 ou
2562 2505 2868 2554 commercial,
2904 2509 3180 2550 concernant
3211 2510 3369 2554 affaire
3401 2524 3493 2555 ma¬

2473 2559 2617 2611 riages
2652 2574 2709 2604 ou
2744 2565 2910 2615 autres,
2946 2577 3129 2609 recevra
3162 2567 3224 2611 du
3260 2570 3492 2614 Directeur

2470 2618 2535 2660 les
2555 2623 2944 2674 renseignements
2965 2626 3029 2668 les
3051 2627 3156 2679 plus
3178 2629 3340 2680 précis,
3365 2629 3392 2670 à
3413 2630 3492 2673 des

2469 2678 2572 2731 prix
2591 2679 2762 2722 défiant
2780 2684 2904 2725 toute
2923 2696 3239 2730 concurrence.

2546 2902 3017 2964 COMBINAISON
3060 2907 3408 2970 MARIAGES

2518 2998 2578 3039 La
2604 2999 2925 3043 Combinaison
2953 3002 3180 3056 Mariages
3205 3007 3317 3048 n’est
3341 3007 3484 3050 nulle¬

2462 3058 2586 3099 ment
2608 3059 2819 3102 modifiée
2839 3072 2923 3112 par
2944 3062 2988 3103 la
3008 3063 3207 3105 création
3231 3065 3309 3107 des
3330 3066 3481 3109 divers

2461 3115 2654 3160 services
2676 3119 2756 3171 qui
2779 3119 2996 3163 viennent
3019 3122 3156 3165 d’être
3179 3126 3424 3175 organisés.

2514 3175 2701 3219 Comme
2726 3191 2811 3230 par
2836 3179 2878 3221 le
2903 3181 3048 3233 passé,
3077 3182 3120 3224 le
3145 3183 3380 3226 Directeur
3404 3187 3479 3227 ab¬

2460 3235 2688 3279 solument
2716 3238 2828 3288 seul,
2861 3241 3000 3292 reçoit
3027 3240 3067 3283 le
3096 3243 3297 3284 courrier
3327 3244 3380 3285 de
3409 3256 3480 3287 ses

2459 3295 2674 3346 abonnés,
2716 3297 2812 3340 seul
2855 3298 2887 3339 il
2928 3299 2969 3340 le
2995 3300 3229 3351 transmet,
3256 3303 3300 3344 et
3323 3303 3419 3344 seul
3446 3303 3478 3344 il

2459 3354 2631 3406 répond
2661 3356 2688 3397 à
2716 3355 2862 3398 toutes
2892 3358 2957 3399 les
2988 3358 3141 3400 lettres
3171 3361 3248 3411 qui
3280 3362 3344 3403 lui
3376 3363 3478 3404 sont

2459 3414 2872 3465 personnellement
2890 3416 3133 3459 adressées.

3288 3480 3323 3521 J.
3351 3480 3397 3522 B.

1353 4967 1674 5050 SERVICE
1717 4968 2368 5051 D’INFORMATIONS

1403 5174 1485 5216 Les
1533 5175 1725 5217 lecteurs
1774 5177 1817 5218 et
1864 5175 2065 5219 abonnés
2114 5178 2177 5220 du
2226 5179 2370 5218 Trait-

1349 5235 1544 5284 d’Union
1566 5235 1644 5285 qui
1665 5234 1891 5276 voudront
1910 5235 2015 5276 bien
2036 5235 2295 5277 m’honorer
2314 5235 2371 5276 de

1348 5292 1447 5333 leur
1493 5294 1738 5342 confiance,
1787 5296 2021 5336 recevront
2050 5294 2166 5337 dans
2196 5295 2260 5336 les
2290 5295 2368 5336 bu¬

1348 5362 1487 5393 reaux
1515 5351 1569 5394 de
1595 5352 1640 5393 la
1667 5352 1911 5404 Direction,
1941 5354 2008 5403 26,
2036 5364 2116 5395 rue
2143 5354 2364 5404 d’Astorg,

1346 5411 1492 5453 toutes
1520 5410 1586 5453 les
1613 5410 1887 5454 indications
1912 5412 1992 5464 qui
2019 5414 2242 5464 pourront
2268 5411 2368 5454 leur

1346 5471 1439 5512 être
1463 5470 1736 5512 nécessaires
1759 5473 2035 5513 concernant
2058 5472 2124 5514 les
2146 5474 2302 5513 ventes
2325 5473 2368 5514 et

1346 5530 1502 5571 achats
1527 5529 1859 5579 d’immeubles,
1888 5530 2108 5573 locations
2133 5531 2188 5573 de
2214 5532 2367 5572 cham¬

1347 5588 1448 5629 bres
1470 5590 1513 5630 et
1534 5589 1932 5641 d’appartements.

1399 5647 1480 5690 Les
1503 5647 1888 5700 renseignements
1909 5649 2062 5691 seront
2074 5650 2247 5691 donnés
2261 5661 2367 5691 avec

1346 5707 1389 5748 la
1411 5707 1517 5759 plus
1538 5707 1711 5760 grande
1734 5708 2068 5760 complaisance
2093 5711 2135 5752 et
2158 5711 2365 5760 toujours

1343 5768 1682 5816 gratuitement.

1399 5824 1480 5867 Les
1525 5825 1783 5868 Demandes
1826 5826 2078 5880 d’emplois,
2125 5827 2275 5876 offres,
2323 5828 2365 5868 et

1344 5884 1440 5927 avis
1482 5885 1632 5927 divers
1673 5887 1825 5928 seront
1866 5897 2008 5938 reçus,
2038 5898 2143 5928 sans
2168 5888 2294 5937 frais,
2322 5890 2365 5929 et

1347 5943 1526 5985 inscrits
1547 5956 1626 5986 sur
1651 5957 1710 5986 un
1736 5944 1923 5997 registre
1947 5946 2127 5996 spécial.

1398 6003 1479 6045 Les
1499 6004 1737 6047 Annonces
1757 6006 1821 6047 les
1839 6006 1943 6057 plus
1963 6006 2281 6049 intéressantes
2302 6018 2364 6048 se¬

1346 6064 1445 6104 ront
1466 6063 1671 6114 publiées
1691 6065 1836 6107 toutes
1857 6065 1921 6106 les
1942 6066 2167 6107 semaines
2185 6065 2301 6107 dans
2322 6066 2363 6107 le

1342 6122 1540 6171 journal.

1397 6182 1452 6222 Se
1472 6182 1703 6232 présenter
1722 6183 2034 6235 l’après-midi,
2055 6187 2120 6235 26,
2143 6195 2223 6226 rue
2243 6184 2361 6226 d’As¬

1344 6241 1442 6292 torg
1463 6242 1519 6283 de
1541 6242 1567 6284 2
1590 6242 1756 6285 heures
1777 6243 1803 6283 à
1824 6246 1850 6282 5
1874 6243 2051 6285 heures.

1806 6355 1896 6415 ***

1399 6480 1639 6581 SERVICE
1679 6483 1751 6581 DE
1787 6482 2305 6585 RENSEIGNEMENTS

1393 6633 1460 6674 Au
1488 6634 1656 6676 service
1679 6634 2060 6686 d’informations,
2086 6638 2130 6688 je
2155 6638 2282 6679 viens
2305 6639 2359 6679 de

1338 6692 1533 6743 joindre,
1554 6694 1581 6735 à
1600 6695 1843 6746 proximité
1862 6695 1917 6736 de
1938 6706 2033 6738 mes
2051 6697 2272 6747 bureaux,
2295 6709 2355 6740 un

1339 6751 1508 6785 cnwi>p
1532 6754 1677 6788 çnéria
1686 6754 1696 6787 1
1725 6766 1797 6791 mp
1821 6756 2097 6796 permettant
2120 6756 2175 6798 de
2201 6758 2356 6800 rénon-

2453 3680 2992 3789 NOTRE
3062 3684 3468 3794 ROLE

2511 3918 2568 3963 Le
2596 3919 2681 3963 but
2708 3921 2762 3964 de
2791 3922 2833 3964 la
2863 3923 3097 3968 Direction
3126 3927 3181 3969 de
3210 3940 3259 3969 ce
3286 3928 3474 3983 journal

2454 3983 2519 4020 est
2554 3981 2852 4035 simplement
2887 3983 2941 4026 de
2977 3985 3210 4041 s’occuper
3244 3986 3471 4031 d’annon¬

2451 4051 2522 4081 ces
2553 4040 2608 4082 de
2637 4043 2880 4098 mariages.
2914 4044 3000 4087 Par
3030 4059 3121 4088 une
3151 4047 3474 4091 combinaison

2450 4098 2632 4143 d’offres
2665 4105 2709 4143 et
2740 4103 2796 4144 de
2829 4103 3077 4147 demandes
3110 4111 3154 4147 et
3186 4119 3268 4160 par
3300 4107 3343 4148 la
3376 4121 3474 4150 cor¬

2451 4160 2762 4214 respondance
2795 4162 2963 4207 directe
2994 4169 3121 4207 entre
3153 4165 3217 4208 les
3250 4167 3468 4218 abonnés,

2450 4218 2512 4260 les
2547 4220 2772 4275 mariages
2807 4235 2852 4264 se
2887 4223 2990 4265 font
3022 4237 3126 4267 sans
3161 4227 3471 4270 intermédiai¬

2453 4291 2535 4320 res.

2522 4338 2644 4381 Nous
2680 4354 2737 4383 ne
2772 4343 2981 4385 saurions
3016 4356 3136 4386 assez
3171 4345 3347 4400 répéter
3383 4360 3470 4402 que

2451 4411 2567 4442 nous
2589 4399 2781 4444 n’avons
2802 4403 2902 4444 rien
2924 4403 2981 4445 de
3001 4416 3225 4447 commun
3249 4418 3359 4448 avec
3381 4420 3471 4449 une

2450 4471 2620 4513 agence
2654 4462 3012 4504 matrimoniale.
3051 4462 3152 4506 Non
3215 4465 3472 4509 seulement

2455 4532 2568 4562 nous
2602 4533 2656 4560 ne
2686 4521 2858 4565 faisons
2891 4535 2967 4577 pas
2998 4523 3052 4566 de
3083 4525 3324 4580 mariages,
3359 4527 3474 4570 mais

2451 4591 2629 4627 encore,
2646 4593 2761 4624 nous
2795 4595 2851 4624 ne
2881 4583 3138 4628 réclamons
3170 4598 3348 4629 aucune
3410 4600 3473 4629 es¬

2451 4639 2558 4692 pèce
2586 4639 2640 4680 de
2668 4644 2968 4689 commission
2998 4650 3041 4686 et
3069 4651 3199 4688 notre
3227 4646 3321 4688 rôle
3350 4647 3473 4689 d’au¬

2448 4698 2625 4740 xiliaire
2652 4698 2819 4743 discret
2844 4714 2966 4745 cesse
3022 4719 3081 4746 au
3136 4711 3349 4749 moment
3375 4712 3473 4763 pré¬

2449 4758 2512 4800 cis
2546 4760 2606 4801 où
2641 4759 2703 4802 les
2737 4762 2975 4807 intéressés
3012 4764 3142 4807 n’ont
3176 4767 3277 4820 plus
3313 4767 3471 4810 besoin

2449 4818 2503 4861 de
2529 4833 2609 4860 nos
2635 4823 2841 4864 services.

2507 4879 2642 4920 Notre
2676 4882 2874 4935 système
2910 4882 2984 4925 n’a
3018 4885 3118 4926 rien
3154 4886 3209 4927 de
3244 4899 3468 4931 commun

2450 4951 2542 4979 non
2572 4939 2674 4993 plus
2704 4955 2812 4983 avec
2841 4942 2903 4984 les
2932 4958 3164 4988 annonces
3194 4946 3271 4988 des
3300 4947 3471 5001 grands

2446 4998 2681 5053 journaux
2708 5002 2944 5055 parisiens.
2978 5004 3093 5047 Leur
3119 5006 3338 5050 méthode
3364 5022 3471 5050 con¬

2447 5059 2551 5100 siste
2578 5060 2600 5099 à
2628 5060 2800 5104 insérer
2827 5063 2903 5105 des
2931 5064 3179 5108 demandes
3236 5072 3280 5109 et
3334 5068 3470 5111 offres

2448 5118 2502 5159 de
2539 5121 2779 5175 mariages,
2819 5123 3163 5176 généralement
3197 5139 3465 5183 anonymes,

2446 5185 2489 5221 et
2517 5184 2702 5235 portant
2728 5183 3016 5227 l’indication
3051 5201 3061 5226 :
3093 5203 3115 5224 «
3145 5191 3272 5241 poste
3300 5194 3471 5231 restan¬

2447 5243 2488 5281 te
2515 5258 2554 5282 ».

2504 5300 2628 5343 Celle
2660 5302 2905 5347 discrétion
2940 5306 3024 5347 très
3055 5306 3261 5360 légitime
3292 5314 3337 5350 et
3365 5322 3469 5352 sans

2446 5359 2641 5414 dangers
2673 5367 2802 5405 entre
2834 5361 3060 5407 honnêtes
3094 5379 3222 5420 gens,
3261 5367 3470 5423 présente

2445 5425 2485 5468 le
2512 5425 2616 5480 plus
2672 5437 2866 5471 souvent
2923 5430 2977 5472 de
3035 5444 3194 5486 graves
3253 5434 3469 5477 inconvé¬

2447 5487 2609 5528 nients.
2659 5487 2733 5529 Un
2760 5492 3121 5544 correspondant
3146 5494 3225 5546 qui
3252 5494 3467 5537 dissimu¬

2446 5546 2484 5588 le
2511 5559 2593 5588 son
2624 5546 2814 5592 identité
2843 5562 2900 5594 ne
2927 5557 3037 5605 peut
3063 5552 3192 5595 offrir
3221 5553 3275 5596 de
3304 5567 3465 5608 garan¬

2445 5607 2524 5648 ties
2551 5607 2784 5651 sérieuses.
2813 5610 2930 5652 Neuf
2956 5611 3043 5655 fois
3070 5626 3148 5655 sur
3175 5614 3265 5663 dix,
3299 5615 3360 5657 les
3388 5620 3466 5656 let¬

2444 5672 2531 5708 tres
2584 5667 2809 5712 adressées
2862 5671 2886 5711 à
2940 5682 3013 5713 ces
3066 5686 3284 5716 coureurs
3308 5674 3364 5717 de
3388 5677 3468 5717 dot

2442 5732 2610 5769 lestent
2632 5742 2737 5771 sans
2760 5730 2967 5784 réponse.
2997 5732 3056 5776 Le
3079 5733 3177 5774 naïf
3200 5747 3466 5788 correspon¬

2443 5785 2553 5828 dant
2582 5787 2820 5843 s’aperçoit
2849 5791 2961 5845 qu]il
2992 5805 3016 5832 a
3046 5793 3115 5834 été
3144 5793 3466 5837 l’amusement

2441 5846 2552 5889 d’un
2579 5846 2767 5892 fumiste
2791 5864 2851 5893 ou
2879 5850 2989 5893 d’un
3015 5851 3211 5896 farceur.

2500 5906 2689 5950 Pareille
2723 5910 3042 5955 mésaventure
3077 5912 3191 5955 n’est
3225 5926 3304 5968 pas
3339 5916 3361 5955 à
3400 5929 3464 5958 re¬

2440 5966 2616 6016 douter,
2648 5967 2780 6023 grâce
2805 5971 2830 6011 à
2859 5970 3116 6015 l’heureuse
3143 5974 3464 6018 combinaison

2440 6027 2502 6070 du
2529 6027 2648 6071 Trait
2675 6029 2890 6072 d’Union.
2920 6029 3062 6075 Grâce
3085 6034 3109 6074 à
3136 6034 3216 6083 lui,
3246 6034 3396 6078 riches
3421 6042 3465 6078 et

2442 6101 2631 6143 pauvres
2691 6088 2820 6132 n’ont
2848 6090 2950 6144 plus
2979 6091 3135 6135 besoin
3167 6093 3220 6135 de
3247 6095 3463 6138 relations

2441 6148 2749 6203 personnelles
2784 6163 2901 6204 pour
2935 6151 3081 6193 s’unir
3115 6153 3388 6208 dignement
3421 6160 3465 6196 et

2438 6208 2562 6250 selon
2599 6207 2696 6251 leur
2727 6209 2862 6252 désir.
2927 6210 3309 6265 Journellement,
3348 6228 3463 6258 nous

2443 6282 2656 6311 recevons
2693 6270 2770 6312 des
2806 6271 2958 6315 lettres
2994 6272 3049 6314 de
3083 6275 3457 6319 remerciements

2439 6334 2483 6371 et
2515 6328 2570 6370 de
2603 6327 2898 6373 félicitations
2933 6345 3050 6387 pour
3083 6333 3125 6373 la
3160 6336 3365 6376 manière
3396 6335 3461 6376 sé¬

2440 6390 2583 6431 rieuse
2607 6388 2720 6432 dont
2743 6391 2876 6445 opère
2899 6392 2939 6433 la
2963 6391 3212 6435 Direction.

2496 6448 2563 6491 En
2593 6463 2641 6492 cc
2670 6450 2747 6505 qui
2779 6462 3003 6495 concerne
3032 6452 3073 6494 la
3101 6455 3461 6508 correspondan¬

2437 6521 2503 6558 ce,
2534 6521 2652 6553 nous
2682 6523 2797 6553 nous
2824 6510 2997 6555 faisons
3028 6526 3119 6555 une
3147 6513 3208 6555 loi
3238 6514 3293 6556 de
3321 6520 3460 6558 rester

2439 6573 2620 6613 neutres
2653 6575 2697 6612 et
2731 6570 2964 6626 d’ignorer
2998 6586 3048 6616 ce
3083 6571 3362 6628 qu’écrivent
3397 6576 3460 6618 les

2438 6630 2688 6672 intércssés.

2494 6690 2547 6731 Le
2571 6696 2712 6734 secret
2737 6691 2812 6734 des
2839 6691 2988 6735 lettres
3012 6698 3076 6737 est
3103 6693 3236 6739 chose
3262 6695 3409 6739 sacrée
3449 6695 3458 6738 I

2972 6767 3041 6810 LA
3073 6768 3394 6813 DIRECTION.

3634 2307 4551 2433 FONCTIONNEMENT

3628 2514 3753 2558 Voici
3780 2528 3837 2562 en
3863 2526 3972 2576 quoi
4023 2530 4276 2576 consistent
4330 2535 4601 2585 l’économie

3569 2572 3629 2615 du
3656 2578 3853 2630 système
3879 2588 3923 2624 et
3948 2583 4012 2628 les
4039 2596 4284 2646 avantages
4311 2595 4374 2638 du
4401 2601 4553 2654 projet
4589 2617 4600 2645 :

3626 2632 3725 2678 Une
3753 2650 3981 2692 personne
4040 2649 4120 2701 qui
4179 2651 4325 2696 désire
4355 2656 4599 2704 s’abonner

3565 2691 3662 2736 doit
3691 2709 3891 2754 envoyer
3951 2717 4007 2746 au
4071 2707 4321 2763 Directeur,
4356 2730 4413 2757 en
4444 2719 4596 2762 même

3565 2754 3719 2809 temps
3739 2768 3831 2811 que
3852 2771 3938 2803 son
3961 2775 4180 2811 annonce
4199 2781 4285 2812 son
4309 2785 4420 2816 nom
4438 2780 4483 2819 et
4497 2790 4586 2823 son

3561 2810 3769 2867 adresse,
3808 2817 3849 2859 le
3888 2819 3993 2875 prix
4028 2823 4087 2868 de
4121 2839 4209 2872 son
4243 2830 4572 2883 abonnement

3559 2870 3651 2914 soit
3676 2884 3794 2918 onze
3819 2875 3981 2924 francs
4012 2895 4132 2937 pour
4162 2889 4276 2932 trois
4308 2894 4445 2938 mois.

3620 2930 3656 2971 Il
3692 2938 3759 2976 est
3792 2935 3978 2982 évident
4012 2944 4156 2996 qu’on
4192 2956 4302 3003 peut
4336 2952 4580 3002 s’abonner

3557 3002 3616 3032 au
3640 2992 3829 3045 journal
3855 3011 3959 3043 sans
3984 3002 4099 3046 faire
4125 3020 4216 3051 une
4243 3023 4469 3058 annonce.

3616 3051 3672 3095 Le
3697 3053 3949 3110 Directeur,
3977 3064 4075 3105 seul
4099 3071 4272 3123 occupé
4296 3084 4353 3115 au
4378 3073 4584 3131 dépouil¬

3556 3107 3728 3154 lement
3753 3114 3816 3157 du
3841 3121 4045 3165 courrier
4070 3130 4151 3176 est,
4180 3128 4441 3183 également
4465 3139 4577 3188 seul,

3554 3171 3578 3208 à
3611 3175 3849 3217 connaître
3909 3178 4121 3227 l’adresse
4181 3190 4401 3235 véritable
4432 3195 4488 3236 de
4519 3211 4587 3239 ses

3555 3227 3775 3274 abonnés.
3812 3234 3938 3279 Cette
4001 3242 4179 3287 adresse
4212 3255 4278 3290 est
4312 3255 4581 3307 remplacée,

3554 3286 3668 3331 dans
3697 3290 3737 3332 le
3767 3294 3969 3347 journal,
4004 3313 4087 3353 par
4146 3316 4209 3346 un
4241 3311 4438 3352 numéro
4468 3314 4585 3356 d’or¬

3553 3345 3645 3398 dre,
3685 3350 4028 3408 indispensable
4090 3375 4208 3416 pour
4242 3364 4284 3407 la
4316 3382 4584 3428 correspon¬

3553 3403 3712 3450 dance.

3615 3467 3675 3511 Ce
3729 3474 3927 3520 numéro
3979 3484 4046 3523 est
4099 3490 4436 3546 communiqué
4459 3495 4484 3536 à
4508 3495 4585 3538 l’a¬

3557 3527 3712 3572 bonné
3735 3546 3792 3574 en
3817 3536 3969 3580 même
3994 3545 4141 3597 temps
4168 3547 4309 3601 qu’on
4335 3550 4401 3593 lui
4426 3566 4585 3598 accuse

3556 3587 3788 3643 réception
3815 3594 3875 3635 du
3901 3600 4107 3642 mandat.

3611 3644 3876 3703 Supposons
3932 3657 4105 3710 qu’une
4132 3661 4187 3704 de
4213 3678 4297 3707 nos
4353 3667 4584 3714 abonnées

3554 3707 3721 3751 veuille
3748 3710 3889 3755 écrire
3915 3715 3939 3756 à
3967 3716 4024 3759 M.
4056 3718 4166 3771 N...,
4199 3722 4312 3767 dont
4339 3726 4582 3772 l’annonce

3555 3771 3684 3819 porte
3711 3769 3752 3812 le
3781 3775 3832 3813 n°
3864 3775 3904 3816 6.
3937 3775 4033 3820 Elle
4060 3780 4221 3824 inscrit
4248 3784 4532 3834 lisiblement
4557 3792 4581 3833 à

3555 3826 3597 3867 la
3628 3828 3788 3883 plume
3820 3847 3879 3875 ou
3912 3850 3969 3878 au
4003 3852 4172 3896 crayon
4205 3858 4288 3886 son
4321 3859 4433 3890 nom
4465 3855 4509 3892 et
4541 3851 4581 3894 le

3556 3890 3607 3927 n°
3636 3889 3660 3930 6
3687 3889 3800 3934 dans
3827 3894 4081 3940 l’intérieur
4106 3900 4160 3943 de
4185 3902 4227 3943 la
4255 3908 4480 3959 première
4504 3924 4583 3952 en¬

3555 3947 3761 4003 veloppe,
3798 3952 3909 3996 celle
3940 3958 4020 4010 qui
4052 3966 4182 4012 porte
4212 3963 4255 4005 le
4287 3978 4398 4009 nom
4431 3975 4474 4011 et
4504 3970 4581 4012 l’a¬

3553 4006 3704 4050 dresse
3739 4010 3800 4053 du
3835 4012 4072 4059 Directeur
4107 4019 4168 4062 du
4203 4022 4324 4066 Trait
4359 4027 4576 4071 d’Union.

3553 4065 3677 4110 Dans
3703 4075 3818 4112 cette
3842 4075 4096 4131 enveloppe
4120 4079 4206 4122 elle
4231 4082 4357 4136 place
4383 4085 4425 4126 la
4452 4087 4581 4131 lettre

3553 4127 3761 4171 cachetée
3797 4134 3876 4186 qui
3913 4134 4010 4177 doit
4043 4138 4136 4180 être
4171 4142 4335 4184 remise
4369 4158 4428 4187 au
4463 4151 4516 4188 n"
4555 4150 4579 4190 fi

3552 4198 3632 4238 par
3667 4187 3945 4236 l’entremise
3980 4195 4041 4260 dq
4077 4198 4328 4244 Directeur.
4368 4203 4437 4247 Au
4471 4219 4578 4259 reçu

3552 4246 3605 4287 de
3640 4253 3753 4289 cette
3789 4249 3933 4302 lettre,
3971 4254 4012 4296 le
4047 4256 4284 4303 Directeur
4318 4262 4501 4307 déchire
4536 4268 4577 4308 la

3549 4306 3775 4359 première
3808 4312 4077 4368 enveloppe,
4117 4318 4141 4359 à
4177 4332 4261 4362 son
4299 4335 4424 4372 nom,
4464 4325 4577 4368 dans

3551 4366 3804 4409 l’intérieur
3829 4369 3885 4411 de
3912 4371 4109 4426 laquelle
4137 4391 4181 4419 se
4211 4384 4371 4424 trouve
4399 4384 4510 4427 écrit
4539 4387 4577 4427 le

3551 4438 3661 4468 nom
3687 4426 3741 4468 de
3767 4427 4005 4475 l’abonnée
4031 4439 4073 4475 et
4097 4435 4139 4478 le
4163 4441 4360 4484 numéro
4385 4456 4492 4487 avec
4518 4446 4577 4488 le¬

3548 4486 3652 4538 quel
3680 4487 3763 4530 elle
3789 4495 3896 4532 veut
3920 4496 4264 4548 correspondre.

3608 4544 3693 4588 Sur
3721 4548 3762 4588 la
3791 4549 3920 4592 lettre
3947 4552 4156 4598 cachetée
4184 4557 4240 4599 de
4267 4558 4577 4617 l’expéditrice

3550 4604 3577 4644 il
3603 4606 3716 4648 écrit
3739 4607 3949 4655 l’adresse
3972 4614 4192 4659 véritable
4214 4617 4276 4659 du
4302 4623 4355 4661 n°
4382 4623 4406 4664 6
4431 4630 4474 4666 et
4499 4639 4575 4667 en¬

3547 4666 3648 4708 voie
3673 4673 3788 4710 cette
3813 4670 3943 4714 lettre
3969 4686 4072 4716 sans
4100 4674 4289 4720 l’ouvrir
4316 4679 4337 4723 à
4367 4695 4449 4724 son
4477 4683 4575 4727 des¬

3547 4726 3772 4778 tinataire,
3801 4728 3860 4772 M.
3891 4731 3981 4773 X...

3602 4786 3667 4827 De
3701 4793 3816 4831 cette
3851 4791 4000 4842 façon,
4041 4794 4080 4835 le
4114 4795 4346 4842 Directeur
4385 4806 4574 4846 connaît

3543 4846 3638 4887 seul
3675 4846 3885 4891 l’adresse
3922 4851 4000 4894 des
4034 4854 4154 4897 deux
4188 4862 4572 4915 correspondants

3543 4906 3622 4960 qui
3648 4914 3846 4960 peuvent
3869 4913 4114 4955 continuer
4136 4916 4158 4956 à
4184 4915 4335 4960 s’écrir
4387 4934 4465 4975 par
4488 4936 4571 4965 son

3544 4968 3804 5011 entremise.
3876 4970 4075 5026 Lorsque
4111 4974 4173 5016 les
4209 4975 4325 5019 deux
4364 4979 4569 5026 abonnés

3543 5031 3756 5070 trouvent
3790 5030 3851 5072 les
3884 5032 4280 5087 renseignements
4312 5042 4515 5084 mutuels
4548 5044 4569 5084 à

3543 5085 3640 5127 leur
3670 5100 3980 5142 convenance,
4015 5094 4069 5135 ils
4102 5103 4301 5148 peuvent
4343 5103 4484 5144 mtrer
4514 5115 4572 5145 en

3541 5145 3757 5191 relations
3816 5150 4008 5195 directes
4067 5160 4110 5196 et
4140 5156 4311 5200 arriver
4371 5173 4428 5203 au
4489 5162 4573 5204 but

3541 5208 3779 5259 poursuivi
3807 5210 3861 5251 de
3888 5211 3987 5252 leur
4012 5215 4175 5255 union.

3601 5266 3661 5316 Si,
3701 5280 3758 5308 au
3793 5271 4036 5323 contraire,
4076 5272 4137 5316 les
4174 5278 4572 5333 renseignements

3540 5326 3768 5380 échangés
3796 5342 3852 5371 ne
3881 5330 3943 5371 les
4000 5334 4212 5375 satisfont
4269 5350 4364 5391 pas,
4396 5339 4450 5381 ils
4479 5355 4570 5383 ces¬

3539 5391 3640 5428 sent
3696 5387 3751 5428 de
3779 5391 4109 5444 correspondre
4168 5399 4212 5436 et
4271 5408 4454 5442 comme
4515 5400 4569 5442 ils

3539 5447 3756 5500 ignorent
3808 5447 3906 5490 l’un
3961 5456 4005 5492 et
4060 5451 4233 5504 l’autre,
4264 5455 4364 5498 leur
4388 5471 4501 5500 nom
4526 5470 4569 5502 et

3539 5506 3729 5555 adresse,
3767 5521 3918 5551 aucun
3952 5510 4085 5553 d’eux
4119 5512 4234 5556 n’est
4265 5519 4563 5571 compromis.

3597 5566 3629 5606 11
3657 5572 3724 5608 est
3749 5568 3855 5610 bien
3883 5570 4084 5613 entendu
4142 5587 4231 5626 que
4287 5588 4404 5619 nous
4432 5579 4568 5620 décli¬

3524 5639 3654 5676 nions
3689 5632 3811 5670 toute
3842 5631 4191 5684 responsabilité
4223 5636 4419 5690 puisque
4450 5651 4568 5679 nous

3536 5699 3652 5728 nous
3676 5686 3848 5731 faisons
3872 5703 3937 5732 un
3962 5690 4119 5733 devoir
4143 5692 4198 5735 de
4220 5700 4361 5738 rester
4384 5707 4567 5740 neutres

3536 5751 3580 5787 et
3611 5746 3845 5801 d’ignorer
3879 5763 3928 5791 ce
3961 5750 4245 5803 qu’écrivent
4280 5768 4362 5796 nos
4396 5768 4564 5799 corres¬

3535 5806 3780 5860 pondants.

3595 5866 3765 5921 Depuis
3795 5867 3863 5910 six
3892 5882 3972 5911 ans
4027 5884 4117 5924 que
4176 5886 4225 5915 ce
4280 5875 4469 5928 journal
4500 5883 4565 5919 est

3534 5926 3648 5975 créé,
3682 5926 3713 5967 il
3743 5926 3848 5970 s’est
3900 5931 4132 5973 contracté
4190 5932 4246 5975 de
4306 5935 4564 5979 nombreux

3533 5987 3761 6042 mariages
3792 5992 3836 6031 et
3869 5994 3969 6032 tout
4000 5990 4041 6032 le
4072 5992 4244 6036 monde
4276 5996 4362 6036 sait
4392 5995 4435 6036 la
4467 6011 4563 6038 ma¬

3535 6046 3658 6088 nière
3691 6046 3888 6091 sérieuse
3920 6049 4033 6092 dont
4064 6052 4200 6105 opère
4233 6053 4276 6095 la
4309 6054 4559 6098 Direction.

3587 6116 3712 6156 Nota.
3740 6140 3794 6147 —
3823 6119 3884 6160 Ne
3914 6130 3995 6168 pas
4021 6120 4197 6162 oublier
4255 6123 4317 6163 les
4371 6123 4561 6166 timbres

3532 6170 4008 6214 d’affranchissement
4041 6174 4307 6223 obligatoire
4340 6186 4457 6224 pour
4519 6179 4561 6219 la

3530 6223 3752 6271 première
3781 6227 3823 6264 et
3854 6227 3896 6266 la
3924 6226 4162 6267 deuxième
4191 6229 4480 6279 enveloppes.

3620 6413 4466 6504 CONDITIONS

3704 6540 3761 6579 11
3787 6540 3949 6580 francs
3969 6551 4094 6591 pour
4116 6543 4237 6584 trois
4257 6546 4381 6585 mois

3533 6650 3753 6692 Donnant
3785 6651 3906 6693 droit
3936 6651 3961 6692 à
3995 6666 4087 6696 une
4119 6667 4329 6699 annonce
4363 6656 4417 6700 de
4451 6658 4474 6700 6
4508 6658 4560 6700 li¬

3592 6723 3704 6764 gnes
3763 6712 4024 6757 maximum
4055 6718 4097 6756 et
4128 6714 4474 6760 l’abonnement
4503 6731 4557 6761 au
