5184 7168
2451 410 2522 447 LE
2555 405 2727 446 1RA11
2768 401 3011 443 D'UNION

596 536 715 578 6522.
769 533 1039 576 Sud-Ouest.
1088 528 1142 567 —
1191 528 1331 566 Dame
1415 531 1572 568 veuve,

547 602 599 640 45
623 608 718 648 ans,
746 596 835 636 très
857 594 994 646 jeune
1016 586 1228 640 d’aspect,
1255 584 1400 636 figure
1428 580 1580 632 agréa¬

549 659 636 708 ble,
663 655 868 707 élégante
890 655 937 695 et
959 650 1140 700 simple,
1165 647 1319 688 bonne
1346 640 1579 688 situation,

554 716 702 759 désire
736 712 987 755 contracter
1024 707 1226 759 mariage
1263 713 1370 745 avec
1400 703 1584 742 homme

555 779 609 819 de
654 787 794 824 cœur,
841 770 1035 818 sérieux,
1088 762 1401 814 désintéressé,
1451 759 1586 811 ayant

556 847 751 878 revenus
792 830 986 880 assurés,
1034 827 1206 868 mêmes
1233 823 1380 874 goûts,
1427 817 1585 859 milieu

555 897 693 938 social
719 891 894 935 assorti.

608 982 728 1023 6529.
776 978 1168 1020 Haute-Garonne.
1206 972 1261 1009 —
1301 965 1584 1012 Demoiselle,

555 1047 607 1086 32
642 1054 738 1090 ans,
770 1052 823 1082 en
854 1037 1004 1090 parait
1032 1037 1098 1082 25,
1130 1034 1291 1079 brune,
1329 1027 1444 1068 belle
1478 1025 1587 1066 fem¬

556 1112 644 1154 me,
692 1098 934 1142 charmant
962 1094 1200 1142 caractère,
1249 1090 1398 1128 bonne
1443 1087 1484 1125 et
1518 1084 1587 1124 dé¬

556 1164 711 1211 vouée,
758 1155 952 1211 parfaite
998 1152 1255 1203 ménagère,
1307 1146 1439 1199 goûts
1483 1143 1588 1184 sim¬

556 1223 667 1275 ples,
698 1219 791 1261 fille
815 1215 1079 1259 d’honnêtes
1103 1207 1448 1259 commerçants,
1476 1203 1588 1244 dési¬

558 1295 604 1323 re
623 1279 827 1330 mariage
847 1287 955 1319 avec
975 1271 1208 1315 monsieur
1230 1268 1283 1310 de
1302 1270 1354 1308 35
1373 1266 1399 1306 à
1418 1267 1468 1304 45
1489 1275 1584 1312 ans,

556 1342 736 1383 sérieux
764 1339 808 1379 et
831 1338 935 1384 bon,
963 1330 1262 1386 propriétaire
1288 1339 1344 1367 ou
1372 1324 1507 1376 ayant
1533 1322 1588 1363 si¬

556 1400 746 1442 tuation.

608 1484 746 1524 6.530.
775 1482 1018 1522 Toulouse.
1040 1476 1093 1515 —
1113 1476 1258 1515 Jeune
1280 1470 1390 1518 fille,
1415 1471 1466 1508 38
1488 1478 1584 1514 ans,

555 1544 767 1591 sérieuse,
815 1536 992 1579 famille
1039 1531 1302 1580 honorable,
1353 1526 1590 1579 employée

554 1603 717 1655 depuis
741 1603 795 1642 20
821 1611 903 1640 ans
928 1597 1078 1638 même
1104 1591 1296 1639 maison,
1326 1591 1463 1639 ayant
1493 1586 1587 1626 éco¬

555 1663 744 1711 nomies,
791 1656 1050 1711 épouserait
1089 1650 1348 1694 célibataire
1378 1658 1435 1692 ou
1480 1658 1505 1681 v
1510 1644 1587 1688 euf

555 1726 610 1765 de
631 1726 683 1763 38
708 1722 735 1762 à
759 1722 811 1760 50
874 1730 970 1766 ans,
996 1715 1178 1757 ouvrier
1243 1723 1299 1751 ou
1361 1706 1583 1759 employé,

556 1783 695 1835 ayant
723 1778 940 1822 situation
971 1777 1091 1817 sûre.

611 1868 729 1910 6535.
755 1866 967 1907 Gironde.
987 1863 1042 1900 —-
1064 1860 1219 1907 Dame,
1242 1859 1293 1896 38
1313 1867 1406 1898 ans,
1435 1854 1586 1905 physi¬

558 1940 646 1982 que
670 1927 895 1979 agréable,
927 1921 1139 1963 habitant
1177 1918 1295 1959 belle
1318 1922 1584 1964 campagne,

559 1990 714 2041 pèche,
750 1987 922 2032 chasse,
952 1982 1099 2022 désire
1127 1975 1452 2027 correspondre
1482 1982 1588 2012 avec

558 2049 791 2090 monsieur
818 2046 874 2087 de
898 2044 950 2083 50
978 2052 1060 2082 ans
1084 2039 1290 2086 environ,
1317 2034 1455 2076 serait
1479 2033 1585 2072 heu¬

558 2120 687 2150 reuse
707 2107 760 2147 de
780 2103 1042 2146 rencontrer
1065 2111 1125 2140 un
1145 2096 1299 2149 guide,
1323 2106 1384 2135 un
1408 2092 1584 2134 soutien

559 2170 695 2216 doux,
726 2166 982 2206 affectueux
1032 2160 1076 2199 et
1102 2156 1296 2199 fortuné.
1348 2150 1590 2193 Prendrait

557 2241 616 2269 au
643 2226 800 2270 besoin
826 2222 1038 2264 vieillard
1066 2218 1262 2259 infirme.
1299 2212 1432 2255 Soins
1459 2211 1585 2252 abso¬

559 2287 736 2328 lument
762 2282 972 2326 dévoués.

611 2372 731 2415 6537.
760 2370 1030 2411 Sud-Ouest.
1055 2367 1109 2403 —
1151 2360 1425 2403 Institutrice
1472 2359 1585 2404 Etat,

559 2436 611 2474 26
635 2443 731 2480 ans,
759 2429 990 2483 physique
1040 2422 1263 2476 agréable,
1319 2419 1493 2460 aimant
1519 2426 1588 2456 vie

559 2492 838 2539 d’intérieur,
870 2486 1064 2539 parfaite
1106 2479 1424 2528 honorabilité,
1467 2478 1588 2528 espé¬

559 2563 719 2594 rances
739 2554 789 2590 15
811 2551 839 2590 à
855 2548 1006 2590 20.000
1027 2546 1098 2588 fr.,
1124 2543 1271 2584 désire
1291 2542 1481 2591 épouser
1502 2536 1587 2576 col¬

563 2614 691 2664 lègue
716 2623 771 2651 ou
816 2606 1148 2649 fonctionnaire
1190 2603 1246 2643 de
1272 2603 1319 2642 27
1347 2600 1372 2639 à
1398 2600 1448 2639 29
1490 2608 1584 2646 ans,

561 2674 696 2724 ayant
725 2667 939 2710 situation
970 2677 1023 2707 en
1051 2663 1250 2716 rapport.

615 2758 734 2799 6541.
799 2754 1070 2796 Sud-Ouest.
1119 2748 1174 2788 —
1234 2747 1343 2788 Fille
1402 2747 1586 2795 unique,

562 2822 612 2859 20
639 2829 734 2866 ans,
768 2818 823 2857 de
851 2814 1026 2854 famille
1058 2812 1147 2851 très
1174 2807 1435 2856 honorable,
1465 2803 1587 2857 jolie,

563 2879 808 2920 excellente
863 2874 1004 2921 santé,
1059 2872 1148 2911 très
1171 2867 1398 2916 instruite,
1453 2866 1591 2906 musi¬

563 2939 735 2987 cienne,
779 2931 1103 2980 millionnaire,
1130 2927 1386 2980 épouserait
1423 2923 1592 2966 officier

563 3010 621 3039 ou
648 2995 884 3048 ingénieur
938 2994 992 3034 de
1020 2987 1384 3043 polytechnique.
1439 2983 1591 3024 Ecrire

564 3070 654 3098 aux
702 3056 899 3107 parents.
955 3051 1020 3091 On
1044 3062 1100 3091 ne
1151 3048 1376 3099 répondra
1424 3045 1591 3096 qu’aux

566 3115 810 3155 messieurs
838 3111 1098 3152 réunissant
1124 3107 1191 3148 les
1216 3103 1471 3147 conditions
1504 3102 1592 3142 exi¬

565 3178 669 3226 gées
694 3174 736 3215 et
761 3175 966 3224 pouvant
990 3170 1122 3211 offrir
1146 3169 1201 3208 de
1232 3164 1453 3207 sérieuses
1482 3163 1593 3203 réfé¬

568 3246 723 3275 rences
746 3235 787 3274 et
811 3230 1040 3283 garanties
1067 3227 1276 3268 morales.

623 3311 775 3351 Aider
806 3322 864 3348 au
886 3308 1187 3347 relèvement
1211 3302 1359 3343 social
1378 3307 1424 3342 et
1443 3300 1595 3340 moral

570 3366 628 3404 de
650 3366 695 3404 la
716 3364 880 3403 nation
903 3374 962 3400 en
990 3361 1166 3400 luttant
1198 3364 1367 3399 contre
1398 3356 1443 3394 le
1471 3355 1593 3394 céli¬

567 3420 671 3468 bat,
692 3417 903 3458 faciliter
923 3416 995 3454 les
1027 3412 1264 3463 mariages
1294 3420 1382 3462 par
1403 3420 1466 3448 un
1490 3419 1592 3458 sys¬

568 3474 693 3512 tème
731 3475 790 3510 de
822 3469 943 3509 mise
976 3479 1036 3508 en
1076 3466 1283 3506 relation
1311 3464 1511 3504 sérieux
1551 3468 1597 3499 et

570 3526 752 3566 discret
775 3539 782 3564 :
808 3523 875 3565 tel
896 3527 969 3563 est
989 3523 1034 3561 le
1055 3521 1142 3560 but
1164 3519 1224 3559 de
1254 3518 1303 3558 la
1331 3516 1578 3556 Direction

623 3606 742 3644 6545.
780 3627 835 3631 —
866 3602 1106 3642 Toulouse.
1144 3622 1198 3628 —
1239 3596 1506 3636 Demoiselle
1544 3596 1595 3634 40

527 3691 539 3704 ,
572 3670 668 3707 ans,
701 3657 861 3704 brune,
915 3654 1129 3695 situation
1175 3652 1292 3692 dans
1335 3648 1596 3699 renseigne¬

572 3713 696 3751 ment
755 3710 886 3757 libre,
940 3707 1191 3751 excellente
1217 3704 1386 3746 femme
1416 3732 1426 3734 -
1442 3702 1595 3743 d’inté¬

573 3767 706 3815 rieur,
735 3764 823 3804 très
844 3763 1055 3810 sérieuse,
1083 3758 1340 3810 épouserait
1363 3755 1595 3797 monsieur

571 3820 652 3867 âge
678 3816 852 3864 assorti,
882 3814 1140 3855 célibataire
1170 3823 1227 3853 ou
1284 3811 1392 3852 veuf
1448 3810 1595 3851 même

570 3882 675 3912 avec
699 3871 892 3918 enfants,
920 3870 1123 3919 pouvant
1144 3876 1323 3908 assurer
1347 3864 1516 3904 avenir.

623 3948 742 3988 6546.
771 3947 1013 3987 Toulouse.
1040 3968 1094 3973 —
1120 3942 1388 3983 Demoiselle
1414 3943 1466 3983 40
1495 3952 1592 3988 ans,

570 4014 627 4042 ne
648 4003 711 4043 les
736 4000 991 4050 paraissant
1012 4010 1107 4049 pas,
1136 3996 1315 4044 blonde,
1368 3995 1594 4046 physique

570 4054 793 4106 agréable,
827 4054 963 4104 petite
994 4052 1084 4100 dot,
1114 4051 1330 4091 intérieur
1371 4048 1592 4089 conforta¬

568 4110 652 4152 ble,
682 4108 828 4148 désire
850 4107 1052 4156 mariage
1074 4116 1181 4145 avec
1207 4102 1439 4143 monsieur
1462 4103 1516 4143 de
1543 4104 1592 4142 45

566 4163 592 4203 à
615 4164 666 4202 50
691 4172 786 4211 ans,
814 4160 951 4212 ayant
975 4168 1170 4202 revenus
1196 4168 1255 4199 ou
1286 4155 1515 4198 situation.

622 4234 739 4274 6550.
778 4232 969 4282 Algérie.
1000 4255 1055 4260 —
1081 4231 1167 4271 Joli
1198 4231 1356 4277 brune,
1390 4231 1440 4268 20
1494 4239 1590 4275 ans,

568 4287 838 4337 distinguée,
861 4286 1010 4326 bonne
1031 4283 1326 4333 musicienne,
1350 4281 1594 4322 excellente

567 4341 707 4390 santé,
736 4339 963 4381 caractère
991 4339 1080 4380 très
1112 4336 1200 4387 gai,
1234 4338 1310 4376 dot
1335 4338 1484 4376 32.000
1511 4335 1587 4386 fr.,

564 4396 711 4435 désire
738 4395 889 4435 entrer
943 4406 998 4434 en
1026 4392 1242 4432 relations
1292 4402 1398 4431 avec
1454 4391 1590 4439 jeune

565 4450 749 4488 homme
774 4446 1044 4494 affectueux,
1072 4444 1377 4495 gai,'docteur
1407 4443 1462 4484 de
1492 4443 1589 4495 pré¬

569 4503 759 4544 férence.

620 4575 739 4614 6551.
762 4574 1003 4614 Toulouse.
1023 4574 1078 4611 —
1099 4571 1367 4611 Demoiselle
1386 4570 1488 4612 bien
1507 4570 1592 4611 éle¬

564 4628 656 4678 vée.,
686 4630 736 4668 36
762 4639 858 4676 ans,
888 4627 994 4676 jolie
1023 4635 1260 4677 personne,
1290 4624 1458 4667 femme
1482 4625 1591 4666 d’in¬

564 4682 747 4731 térieur,
780 4680 1024 4731 possédant
1051 4680 1232 4720 fortune
1267 4680 1323 4720 de
1350 4681 1498 4719 45.000
1533 4679 1585 4717 fr.

563 4747 618 4775 en
646 4734 920 4778 immeubles
943 4735 988 4776 et
1011 4734 1152 4784 titres,
1180 4732 1438 4784 épouserait
1463 4744 1590 4774 mon¬

563 4790 698 4838 sieur,
732 4789 819 4828 bon
852 4788 1110 4840 catholique
1138 4788 1274 4838 ayant
1299 4787 1514 4828 situation
1544 4788 1591 4827 et

567 4842 750 4883 fortune
803 4841 1103 4892 équivalente,
1136 4851 1191 4881 ne
1246 4839 1456 4881 voudrait
1511 4851 1592 4890 pas

563 4896 733 4947 quitter
759 4895 1000 4938 Toulouse.
1027 4895 1180 4936 Ecrire
1206 4894 1232 4934 à
1255 4894 1299 4935 la
1322 4894 1511 4935 famille.

616 4978 735 5016 6552.
767 4976 955 5018 Famille
980 4976 1199 5016 d’officier
1224 4977 1458 5018 marierait
1482 4976 1589 5027 jolie

563 5031 703 5080 jeune
736 5031 844 5080 fille,
882 5031 934 5070 30
967 5042 1064 5079 ans,
1097 5030 1257 5079 brune,
1290 5030 1394 5071 bien
1426 5031 1591 5078 élevée,

563 5086 843 5131 charmante,
872 5084 959 5123 bon
1015 5084 1250 5126 caractère,
1308 5086 1590 5134 espérances,

564 5150 671 5182 avec
692 5138 938 5186 monsieur,
960 5138 1040 5187 âge
1060 5137 1236 5186 assorti,
1263 5139 1411 5178 même
1431 5139 1594 5183 éduca¬

565 5192 675 5240 tion,
699 5191 835 5243 ayant
854 5191 1068 5234 situation
1090 5193 1206 5232 sûre.

620 5274 738 5315 6553.
872 5272 1291 5314 Tarn-et-Garonne
1347 5275 1402 5315 —
1438 5275 1582 5316 Jeune

563 5331 678 5388 fille,
713 5335 760 5377 19
795 5344 890 5381 ans,
921 5334 1108 5383 grande,
1142 5335 1302 5382 brune,
1336 5335 1450 5377 belle
1483 5335 1596 5375 fem¬

565 5403 651 5439 me,
683 5391 786 5432 bien
820 5392 982 5442 élevée,
1015 5392 1222 5432 habitant
1250 5394 1292 5433 la
1322 5406 1591 5446 campagne,

566 5453 712 5493 bonne
742 5452 831 5499 dot,
860 5452 1006 5494 désire
1032 5452 1232 5504 mariage
1263 5464 1319 5494 en
1351 5454 1458 5496 ville
1484 5466 1594 5497 avec

563 5515 871 5563 commerçant
903 5512 1084 5552 sérieux
1115 5512 1169 5552 de
1204 5514 1481 5563 préférence.

616 5599 732 5637 6555.
756 5621 809 5624 —
830 5600 967 5638 Dams
994 5602 1144 5642 veuve,
1168 5601 1219 5639 50
1243 5612 1339 5648 ans,
1364 5600 1592 5651 instruite,

565 5657 619 5696 do
663 5656 813 5696 bonne
847 5658 1103 5706 éducation,
1166 5658 1466 5702 d’honorable
1528 5662 1593 5702 fa¬

563 5715 704 5765 mille,
727 5717 863 5767 ayant
885 5716 1112 5767 aptitudes
1134 5720 1490 5771 commerciales,
1520 5733 1594 5772 pe¬

563 5776 663 5818 tites
687 5776 954 5823 économies,
984 5776 1130 5816 désire
1159 5789 1204 5819 se
1261 5779 1431 5819 marier
1483 5792 1592 5822 avec

562 5834 794 5876 monsieur
827 5836 1158 5879 fonctionnaire
1194 5848 1251 5876 en
1287 5839 1470 5880 retraite
1529 5852 1590 5881 ou

561 5895 858 5944 propriétaire
882 5895 936 5936 de
959 5899 1010 5936 50
1034 5897 1059 5935 à
1087 5899 1138 5935 60
1166 5907 1260 5947 ans,
1290 5903 1427 5950 ayant
1451 5901 1590 5942 situa¬

559 5954 671 6001 tion;
699 5965 747 5994 se
775 5954 1063 6006 déplacerait.

611 6040 732 6084 6556..
759 6063 814 6071 -—
839 6042 1080 6081 Toulouse.
1110 6066 1164 6071 —
1195 6044 1334 6087 Dame
1368 6046 1586 6096 sérieuse,

558 6099 826 6151 distinguée,
881 6100 1176 6152 intelligente,
1218 6106 1584 6155 correspondrait

556 6158 803 6200 volontiers
834 6170 940 6200 avec
1004 6163 1236 6203 monsieur
1274 6164 1328 6204 de
1391 6164 1586 6215 parfaite

555 6218 810 6259 éducation.

606 6303 724 6342 6557.
762 6303 810 6343 —
839 6303 1347 6348 Charente-Inférieure.
1384 6312 1439 6348 —
1468 6311 1580 6351 Veu¬

554 6364 619 6407 ve,
646 6364 696 6400 45
719 6374 815 6411 ans,
844 6363 954 6413 petit
980 6363 1118 6412 avoir,
1146 6366 1247 6416 apte
1272 6379 1329 6407 au
1362 6379 1579 6409 commer¬

551 6430 614 6467 ce,
640 6421 850 6471 sérieuse,
876 6423 964 6464 très
1006 6424 1290 6471 affectueuse,
1319 6428 1451 6478 goûts
1473 6428 1578 6470 sim¬

551 6479 662 6531 ples,
694 6481 871 6523 aimant!
895 6483 965 6523 vie
998 6484 1053 6523 de
1081 6484 1271 6534 famille,
1304 6487 1450 6528 désire
1484 6499 1578 6529 cor¬

549 6539 798 6591 respondre
827 6551 934 6582 avec
963 6544 1195 6584 monsieur
1226 6546 1488 6591 célibataire
1519 6559 1575 6588 ou

547 6599 655 6639 veuf
682 6611 787 6642 sans
810 6600 987 6653 enfant,
1015 6601 1071 6643 de
1101 6604 1152 6643 55
1183 6604 1210 6644 à
1235 6607 1287 6646 68
1316 6618 1413 6656 ans,
1448 6608 1578 6649 rente

544 6669 602 6699 ou
630 6659 859 6708 situation,
889 6661 1128 6703 Bordeaux
1158 6662 1212 6703 de
1239 6665 1513 6714 préférence.

593 6736 731 6776 Lisez
779 6748 838 6776 en
880 6738 911 6777 4
915 6743 930 6763 e
959 6748 1082 6788 page
1121 6739 1166 6779 le
1199 6742 1419 6782 courrier
1458 6756 1576 6794 gra¬

539 6787 851 6842 phologique.

1715 519 1820 560 6558
1827 0 1834 556 .
1840 540 1931 563 ;—,
1947 515 2188 555 Toulouse.
2220 534 2272 539 —
2330 508 2441 546 Fille
2499 503 2684 551 unique,

1664 582 1712 619 19
1744 589 1839 626 ans,
1871 574 2057 627 grande,
2113 572 2271 619 brune,
2304 568 2380 607 dot
2436 565 2583 604 50-000
2608 562 2684 611 fr.;

1662 640 1928 690 espérances
1956 634 2127 675 120.000
2158 630 2214 671 fr.
2243 624 2499 680 épouserait
2550 624 2686 673 jeune

1663 701 1862 747 homme,
1928 698 1980 736 25
2012 704 2092 734 ans
2124 691 2328 736 environ,
2392 684 2564 727 aimant
2623 682 2687 720 les

1663 760 1811 811 sports
1835 758 1879 798 et
1907 755 2043 807 ayant
2071 750 2284 794 situation
2312 759 2364 787 en
2401 742 2600 796 rapport.

1715 863 1834 902 6559.
1863 861 1917 899 —
1951 855 2234 902 Demoiselle,
2269 854 2320 892 22
2350 861 2445 897 ans,
2476 846 2683 887 aimable,

1663 921 1863 974 gentille,
1891 921 1980 960 très
2004 916 2108 959 bien
2135 915 2188 954 de
2215 924 2262 954 sa
2287 919 2523 962 personne,
2556 915 2687 956 gran¬

1663 983 1733 1030 de,
1778 979 2001 1026 instruite,
2043 974 2312 1024 distinguée,
2350 967 2483 1020 ayant
2533 967 2687 1006 écono¬

1664 1043 1791 1089 mies,
1816 1038 2072 1091 épouserait
2096 1031 2427 1075 fonctionnaire
2453 1029 2542 1069 très
2567 1026 2684 1072 bien,

1665 1103 1802 1152 ayant
1830 1100 1978 1139 bonne
2006 1095 2238 1138 situation.

1718 1206 1835 1243 6560.
1870 1226 1924 1230 --
1956 1200 2196 1239 Toulouse.
2232 1219 2284 1224 —
2320 1190 2602 1235 Demoiselle,
2638 1188 2689 1226 30

1664 1275 1762 1314 ans,
1796 1262 1943 1302 bonne
1975 1257 2163 1304 famille,
2231 1256 2331 1294 bien
2399 1248 2685 1303 apparentée,

1666 1325 1755 1366 très
1779 1320 2048 1370 distinguée,
2076 1318 2179 1357 bien
2207 1315 2372 1363 élevée*
2404 1314 2490 1352 bon
2543 1319 2690 1350 carac¬

1664 1384 1770 1432 tère,
1806 1381 2030 1432 physique
2066 1375 2287 1428 agréable,
2353 1374 2442 1414 très
2500 1367 2686 1414 adroite,

1664 1443 1852 1494 capable
1882 1442 1936 1481 de
1968 1439 2136 1488 diriger
2168 1432 2402 1480 intérieur,
2434 1426 2691 1480 épouserait

1666 1499 1986 1550 commerçant,
2031 1494 2378 1540 fonctionnaire,
2450 1486 2688 1530 industriel

1665 1575 1721 1603 ou
1751 1560 1958 1607 colonial,
1991 1559 2070 1608 âge
2101 1555 2275 1597 assorti.
2314 1551 2466 1592 Ecrire
2496 1560 2585 1590 aux
2614 1558 2690 1598 pa¬

1665 1623 1800 1662 rents.

1718 1726 1835 1764 6561.
1870 1747 1923 1750 —
1954 1720 2195 1761 Toulouse.
2228 1739 2283 1745 —
2316 1711 2598 1759 Demoiselle,
2639 1711 2689 1748 24

1667 1797 1760 1832 ans,
1788 1781 2035 1824 honorable
2055 1778 2245 1826 famille,
2268 1777 2428 1826 brune,
2453 1774 2558 1814 bien
2578 1770 2690 1823 phy¬

1664 1843 1935 1895 siquement,
1960 1840 2146 1892 grande,
2199 1839 2418 1879 tournure
2470 1830 2686 1882 élégante,

1664 1907 1813 1947 bonne
1842 1900 2099 1950 éducation,
2134 1899 2234 1950 apte
2261 1898 2286 1937 à
2314 1895 2410 1936 tout
2439 1890 2601 1934 travail
2630 1888 2689 1928 fé¬

1664 1964 1827 2011 minin,
1855 1959 2111 2013 épouserait
2135 1956 2368 1998 monsieur
2394 1952 2530 2004 ayant
2555 1948 2691 1990 situa¬

1665 2024 1772 2072 tion,
1805 2023 1884 2072 âge
1911 2032 1964 2063 en
1993 2018 2192 2071 rapport.
2335 2013 2339 2036 1
2227 2013 2337 2056 Irait
2361 2024 2450 2054 aux
2475 2008 2684 2051 colonies.

1667 2084 1819 2123 Ecrire
1841 2082 1867 2120 à
1888 2082 1932 2122 la
1959 2080 2147 2120 famille.

1763 2282 2582 2336 ENVELOPPES^ADRESSES

1715 2479 1850 2519 Nous
1883 2481 2051 2518 tenons
2086 2475 2114 2516 à
2144 2475 2191 2514 la
2223 2471 2499 2522 disposition
2526 2469 2580 2507 de
2608 2476 2694 2506 nos

1661 2548 1904 2596 Abonnés,
1945 2548 2027 2588 des
2063 2546 2364 2595 Enveloppes
2396 2554 2456 2581 au
2490 2550 2604 2579 nom
2640 2536 2695 2575 de

1663 2623 1791 2659 Jean
1818 2620 1962 2665 Bach,
1992 2630 2051 2656 au
2079 2616 2191 2667 prix
2214 2616 2268 2654 de
2291 2615 2320 2652 O
2340 2614 2400 2652 fr.
2428 2612 2487 2650 15
2518 2610 2563 2648 la
2586 2608 2696 2647 dou¬

1662 2688 1810 2728 zaine.

1724 2894 1808 2988 La
1846 2891 2180 2987 Puissance
2224 2887 2296 2985 de
2336 2886 2652 2982 l’Annonce

1722 3151 1859 3190 Notre
1882 3150 2017 3191 siècle
2046 3150 2082 3188 si
2112 3147 2266 3187 fécond
2296 3155 2347 3185 en
2373 3142 2625 3183 inventions
2658 3136 2701 3175 et

1668 3204 1960 3244 découvertes
1982 3203 2036 3244 de
2079 3206 2223 3243 toutes
2268 3202 2427 3245 sortes,
2479 3207 2503 3234 a
2551 3205 2603 3232 vu
2655 3202 2699 3230 se

1668 3259 1808 3303 créer,
1850 3268 1897 3298 se
1939 3259 2208 3307 développer
2247 3257 2290 3294 et
2327 3263 2375 3292 se
2416 3248 2702 3290 transformer

1670 3323 1754 3352 une
1774 3312 1875 3351 bien
1900 3311 2099 3351 modeste
2121 3307 2370 3349 nouveauté
2403 3319 2411 3346 :
2447 3304 2694 3342 l'annonce.

1722 3376 1752 3414 Il
1788 3387 1815 3427 y
1855 3387 1879 3414 a
1918 3377 2156 3424 cinquante
2194 3383 2288 3418 ans,
2332 3368 2560 3408 l’annonce
2600 3360 2704 3405 était

1672 3439 1783 3475 rare,
1819 3429 2026 3472 discrète,
2064 3427 2246 3466 limitée.
2289 3419 2580 3474 Aujourd’hui
2620 3415 2704 3455 elle

1672 3482 1863 3532 remplit,
1886 3484 1911 3520 à
1932 3481 2016 3520 elle
2038 3480 2178 3528 seule,
2202 3480 2315 3519 deux
2344 3488 2401 3515 ou
2433 3474 2540 3514 trois
2568 3480 2704 3523 pages

1670 3536 1748 3576 des
1763 3536 1930 3586 grands
1944 3535 2216 3586 quotidiens,
2235 3533 2320 3573 elle
2343 3531 2494 3580 frappe
2515 3528 2539 3567 à
2563 3528 2704 3565 toutes

1671 3589 1735 3630 les
1754 3592 1919 3640 portes,
1941 3590 2026 3629 elle
2048 3600 2095 3628 se
2115 3588 2254 3639 glisse
2274 3587 2387 3627 dans
2410 3588 2507 3623 tous
2531 3581 2596 3620 les
2624 3578 2700 3616 mi¬

1670 3644 1806 3693 lieux,
1838 3644 1923 3684 elle
1947 3642 2127 3683 devient
2157 3638 2489 3680 envahissante,
2518 3635 2706 3683 gênante

1672 3696 1854 3748 parfois;
1879 3698 1963 3738 elle
1982 3698 2124 3744 trône,
2144 3694 2229 3736 elle
2255 3689 2496 3742 triomphe;
2517 3698 2566 3727 sa
2591 3684 2706 3736 puis¬

1670 3762 1803 3791 sance
1826 3754 1894 3791 est
1911 3750 2128 3791 illimitée.

1723 3812 1948 3862 Pourquoi
1986 3811 2102 3851 donc
2135 3808 2358 3848 s’étonner
2390 3802 2522 3855 qu’on
2561 3799 2706 3840 utilise

1670 3868 1782 3906 cette
1807 3868 1954 3904 même
1975 3862 2190 3914 publicité
2211 3871 2323 3911 pour
2346 3859 2514 3898 arriver
2544 3866 2598 3895 au
2634 3855 2704 3892 ré¬

1669 3919 1806 3959 sultat
1826 3918 1977 3959 désiré
1999 3930 2079 3968 par
2100 3921 2200 3956 tous
2216 3926 2327 3955 ceux
2362 3912 2434 3963 qui
2478 3909 2632 3950 rêvent
2654 3907 2707 3947 de

1670 3971 1823 4014 fonder
1843 3984 1900 4012 un
1922 3973 2048 4023 foyer
2066 3972 2086 4011 ?

1724 4038 1910 4075 Peut-on
1942 4035 2174 4086 employer
2214 4042 2372 4082 moyen
2414 4027 2515 4079 plus
2554 4027 2630 4065 sûr
2667 4027 2708 4064 et

1671 4090 1815 4130 moins
1835 4090 2094 4139 dangereux
2116 4098 2231 4139 pour
2252 4095 2434 4135 essayer
2455 4080 2510 4122 de
2531 4090 2707 4131 rappro¬

1668 4143 1774 4183 cher
1806 4143 1920 4183 deux
1952 4143 2180 4183 destinées
2200 4140 2220 4180 ?
2249 4139 2574 4179 Certainement
2605 4144 2704 4172 non.

1671 4196 1722 4235 Et
1743 4196 1847 4238 c’est
1868 4208 1986 4248 pour
2007 4199 2122 4236 cette
2143 4194 2295 4234 raison
2316 4202 2402 4243 que
2430 4188 2636 4230 s’affirme
2655 4187 2708 4226 de

1667 4251 1765 4300 jour
1786 4263 1839 4291 en
1863 4255 1964 4301 jour
1985 4251 2026 4290 le
2044 4250 2203 4290 succès
2222 4248 2275 4287 de
2307 4246 2483 4284 l’œuvre
2520 4252 2604 4292 que
2638 4239 2707 4290 j’ai

1668 4306 1915 4355 entreprise
1940 4309 1983 4345 et
2003 4315 2090 4356 que
2110 4306 2151 4354 je
2173 4312 2230 4341 ne
2250 4299 2400 4344 crains
2427 4308 2504 4349 pas
2526 4297 2579 4335 de
2600 4306 2707 4334 con¬

1667 4358 1842 4399 sidérer
1860 4370 2039 4400 comme
2062 4354 2363 4397 humanitaire
2386 4355 2427 4392 et
2447 4351 2627 4391 sociale.
2651 4360 2660 4368 '

1722 4422 1860 4460 Reste
1883 4422 2166 4462 maintenant
2184 4422 2210 4458 à
2230 4416 2427 4457 détruire
2467 4415 2508 4454 le
2527 4412 2710 4464 préjugé

1668 4475 1743 4525 qui
1764 4475 1902 4515 flétrit
1922 4478 2018 4516 tout
2036 4487 2088 4516 ce
2104 4472 2179 4527 qui
2195 4471 2356 4512 touche
2375 4480 2459 4510 aux
2482 4467 2711 4520 questions

1668 4529 2042 4569 matrimoniales.
2070 4528 2168 4570 Oui.
2192 4526 2222 4564 il
2246 4528 2311 4566 est
2334 4524 2412 4563 des
2448 4530 2636 4570 agences
2671 4522 2711 4558 et

1669 4582 1749 4624 des
1768 4587 2115 4623 entremetteurs
2135 4582 2243 4620 dont
2264 4579 2292 4619 il
2324 4578 2415 4618 faut
2451 4587 2500 4615 se
2539 4574 2708 4622 méfier;

1670 4638 1783 4677 mais
1807 4649 1863 4677 un
1893 4638 2091 4678 honnête
2130 4639 2171 4675 et
2206 4632 2423 4675 inoffensif
2460 4627 2635 4681 journal
2659 4638 2711 4667 ne

1668 4691 1836 4732 saurait
1859 4690 2059 4742 inspirer
2092 4690 2146 4730 de
2186 4688 2384 4727 défiance
2427 4686 2450 4723 à
2494 4692 2711 4733 personne

1670 4745 1851 4798 lorsque
1873 4756 1924 4784 sa
1942 4743 2168 4786 direction
2191 4745 2259 4781 est
2275 4747 2498 4780 reconnue
2512 4736 2712 4776 sérieuse

1670 4803 1712 4839 et
1735 4797 2090 4849 irréprochable.

1724 4863 1862 4902 D'une
1888 4862 2016 4910 façon
2044 4859 2252 4912 générale
2274 4867 2386 4898 ceux
2407 4854 2479 4907 qui
2516 4853 2711 4904 aspirent

1672 4927 1727 4955 au
1750 4916 1952 4966 mariage
1974 4918 2209 4966 acceptent
2243 4915 2286 4954 et
2320 4910 2560 4951 sollicitent
2587 4906 2713 4946 l’avis

1671 4970 1774 5010 d’un
1815 4971 1920 5020 ami,
1964 4968 2292 5010 l’intervention
2346 4964 2403 5004 du
2447 4962 2631 5007 notaire,
2675 4960 2712 4999 le

1670 5024 1838 5064 conseil
1863 5024 1923 5064 du
1947 5026 2111 5076 prêtre,
2136 5025 2218 5064 etc.
2253 5019 2368 5061 C’est
2396 5028 2482 5069 que
2520 5015 2615 5056 rien
2639 5014 2714 5054 ici-

1671 5078 1752 5118 bas
1772 5090 1826 5119 ne
1847 5082 1955 5128 peut
1975 5089 2022 5118 se
2045 5076 2230 5118 réaliser
2271 5084 2376 5114 sans
2423 5073 2464 5111 le
2500 5080 2713 5111 concours

1672 5131 1775 5171 d’un
1795 5131 1896 5172 aide
1920 5132 2186 5183 compétent.

1725 5195 1771 5235 Si
1794 5206 1904 5236 vous
1937 5207 2048 5236 avez
2086 5194 2127 5235 le
2165 5192 2371 5234 bonheur
2404 5189 2458 5231 de
2501 5186 2715 5239 posséder

1672 5250 1787 5289 amis
1814 5251 1856 5288 et
1891 5248 2126 5299 relations,
2160 5248 2198 5287 si
2231 5250 2356 5287 votre
2386 5243 2538 5283 milieu
2574 5240 2714 5280 social

1674 5314 1784 5343 vous
1804 5306 1979 5355 permet
2002 5303 2058 5347 de
2083 5307 2262 5343 trouver
2283 5303 2444 5339 autour
2466 5296 2519 5336 de
2543 5306 2651 5336 vous
2672 5294 2714 5334 la

1673 5368 1892 5406 personne
1927 5358 2006 5408 qui
2057 5357 2151 5396 doit
2198 5358 2409 5406 partager
2456 5354 2579 5390 votre
2626 5350 2711 5399 vie,

1671 5411 1970 5459 gardez-vous
1992 5410 2200 5460 d’égarer
2223 5407 2407 5448 ailleurs
2428 5415 2508 5444 vos
2535 5403 2712 5444 recher¬

1671 5464 1790 5506 ches.

1726 5528 1839 5568 Mais
1894 5528 1933 5567 si
1974 5539 2092 5578 pour
2131 5524 2353 5564 d’infinies
2391 5522 2567 5561 raisons
2605 5530 2716 5559 vous

1671 5582 1763 5622 èœs
1796 5582 2127 5631 embarrassés,
2163 5579 2298 5619 isolés
2334 5577 2446 5616 dans
2482 5575 2523 5615 la
2560 5573 2644 5623 vie,
2675 5572 2712 5612 si

1670 5640 1792 5675 votre
1834 5639 2086 5684 entourage
2122 5646 2175 5674 ne
2207 5643 2320 5672 vous
2356 5630 2523 5680 inspire
2555 5630 2714 5678 qu’une

1670 5689 1896 5730 médiocre
1918 5690 2166 5735 confiance,
2190 5695 2372 5736 essayez
2391 5684 2446 5724 de
2467 5683 2708 5723 l’annonce.

1668 5743 1766 5783 Elle
1788 5754 1902 5783 vous
1923 5746 2102 5794 promet
2132 5742 2302 5781 entière
2331 5742 2372 5778 et
2406 5736 2590 5776 absolue
2628 5735 2714 5776 dis¬

1668 5798 1851 5846 crétion,
1894 5800 1937 5835 et
1976 5796 2062 5836 elle
2100 5806 2212 5835 vous
2253 5793 2400 5832 donne
2442 5790 2620 5842 l’espoir
2659 5791 2714 5831 de

1668 5854 1851 5891 trouver
1874 5860 1923 5891 ce
1956 5859 2044 5901 que
2085 5859 2199 5891 nous
2219 5847 2470 5890 cherchons
2502 5847 2603 5884 tous
2640 5843 2715 5885 ici-

1668 5904 1750 5944 bas
1775 5919 1783 5944 :
1814 5906 1854 5944 le
1890 5904 2094 5944 bonheur
2128 5904 2242 5943 dans
2274 5900 2438 5941 l’union
2472 5899 2646 5939 désirée
2673 5902 2714 5939 et

1668 5956 1814 5999 rêvée.
2338 5954 2450 5995 Jean
2474 5951 2638 5992 BACH.

1695 6171 1963 6227 Lettres
2007 6174 2086 6225 de
2127 6168 2678 6223 Remerciements

1722 6382 1778 6421 Le
1798 6382 1939 6426 v.adre
1962 6383 2020 6424 de
2043 6383 2171 6423 notre
2192 6379 2375 6430 journal
2402 6389 2456 6419 ne
2479 6390 2592 6420 nous
2613 6390 2710 6430 per¬

1662 6442 1863 6484 mettant
1886 6455 1970 6494 pas
2024 6442 2246 6483 d’insérer
2299 6439 2361 6479 les
2414 6438 2710 6479 nombreuses

1662 6499 1822 6543 lettres
1856 6502 1911 6543 de
1948 6500 2247 6544 félicitations
2282 6499 2512 6540 adressées
2546 6510 2602 6539 au
2638 6498 2710 6538 Di¬

1662 6560 1843 6602 recteur
1871 6562 2042 6614 depuis
2070 6562 2115 6602 la
2142 6559 2342 6601 création
2371 6558 2426 6599 de
2452 6559 2564 6599 cette
2592 6567 2708 6599 com¬

1663 6618 1897 6670 binaison,
1937 6634 2059 6664 ceux
2097 6620 2152 6662 de
2189 6631 2271 6660 nos
2310 6618 2512 6658 abonnés
2547 6616 2627 6668 qui
2665 6616 2705 6658 le

1659 6678 1963 6724 désireraient;
1996 6680 2223 6732 pourront
2248 6690 2302 6720 en
2360 6678 2556 6728 prendre
2607 6687 2707 6718 con¬

1660 6736 1900 6783 naissance
1935 6743 2059 6784 dans
2096 6750 2178 6780 nos
2210 6739 2434 6787 bureaux,
2471 6748 2551 6778 rue
2584 6735 2707 6779 d’As-

1659 6798 1776 6850 torg,
1804 6802 1870 6850 26,
1900 6800 2156 6844 Toulouse.

2748 711 2763 728 '
2819 708 2874 749 Le
2898 706 3130 747 Directeur
3152 703 3219 744 est
3239 702 3443 743 heureux
3467 697 3740 738 d’annoncer
3763 691 3788 731 à

2763 790 2831 819 ses
2856 776 3056 818 abonnés
3080 771 3191 823 qu’il
3207 782 3231 812 a
3248 782 3302 811 eu
3318 768 3361 808 la
3375 767 3523 807 bonne
3539 764 3719 805 fortune
3734 760 3788 802 de

2764 848 2979 887 s’assurer
3022 844 3063 885 lô
3103 850 3323 883 concours
3347 837 3404 879 de
3428 832 3662 875 l’éminent
3690 842 3788 882 pro¬

2766 915 2936 955 fesseur
2983 914 3036 954 de
3086 907 3402 960 Graphologie,
3454 902 3502 944 G.
3539 902 3786 947 Lefranck,

2763 983 2842 1035 qui
2867 983 2974 1024 veut
2996 980 3102 1023 bien,
3127 975 3288 1020 mettre
3311 987 3362 1016 sa
3385 974 3559 1015 science
3583 970 3609 1010 à
3634 970 3676 1010 la
3701 968 3787 1010 dis¬

2766 1052 2939 1104 postion
2966 1050 3044 1091 des
3068 1048 3260 1088 lecteurs
3284 1044 3346 1086 du
3372 1040 3498 1083 Trait
3523 1038 3731 1080 d’Union.

2819 1120 3046 1160 Personne
3069 1116 3272 1166 n’ignore
3296 1112 3359 1152 les
3374 1110 3566 1150 services
3582 1118 3667 1158 que
3683 1106 3790 1158 peut

2767 1190 2926 1230 rendre
2979 1198 3067 1228 une
3108 1184 3242 1226 étude
3283 1176 3642 1233 graphologique
3686 1174 3786 1214 bien

2767 1258 2886 1298 faite.
2912 1254 3143 1304 L’analyse
3164 1253 3219 1292 de
3239 1249 3463 1291 l’écriture
3487 1246 3630 1287 révèle
3651 1244 3694 1283 la
3716 1252 3788 1282 va¬

2767 1327 2862 1366 leur
2908 1323 3066 1364 intime
3095 1322 3148 1363 de
3178 1317 3434 1366 l’individu,
3466 1324 3534 1356 ses
3563 1311 3790 1364 aptitudes

2767 1391 3107 1434 intellectuelles
3132 1390 3174 1431 et
3199 1385 3407 1428 morales.

2819 1463 2915 1502 Non
2944 1458 3195 1500 seulement
3222 1455 3251 1495 il
3278 1456 3343 1496 est
3369 1452 3639 1495 intéressant
3662 1448 3718 1490 de
3743 1459 3788 1488 se

2766 1531 2867 1571 bien
2891 1528 3123 1571 connaître
3147 1524 3398 1570 soi-même;
3423 1520 3538 1562 mais
3563 1519 3591 1559 il
3618 1518 3683 1558 est
3707 1515 3787 1556 uti¬

2764 1599 2806 1642 le
2847 1599 2890 1639 et
2931 1596 3129 1648 prudent
3171 1591 3391 1635 d’étudier
3434 1599 3547 1630 ceux
3575 1595 3681 1627 avec
3708 1583 3788 1624 les¬

2766 1667 2895 1719 quels
2931 1678 2985 1706 on
3010 1663 3155 1706 désire
3176 1662 3326 1703 entrer
3347 1670 3399 1700 en
3423 1656 3610 1698 relation
3635 1652 3789 1695 d’inté¬

2766 1738 2831 1778 rêt
2851 1747 2907 1776 ou
2929 1735 2983 1776 de
3004 1731 3262 1774 sentiment.

2820 1804 2876 1846 Le
2900 1802 3156 1855 professeur
3178 1797 3400 1840 Lefranck
3424 1794 3532 1836 dont
3555 1804 3668 1834 nous
3688 1802 3789 1832 con¬

2768 1872 2972 1914 naissons
3002 1871 3044 1910 la
3074 1867 3220 1910 sûreté
3266 1867 3319 1907 de
3364 1862 3631 1915 diagnostic,
3663 1858 3788 1901 satis-

2768 1940 2883 1980 faira
2907 1936 3246 1983 certainement,
3273 1935 3338 1974 les
3363 1931 3467 1984 plus
3491 1927 3718 1971 difficiles.

2820 2015 3084 2058 Conditions
3143 2012 3275 2054 faites
3331 2022 3419 2051 aux
3479 2007 3670 2048 lecteurs
3727 2003 3787 2044 du

2767 2086 2892 2126 Trait
2917 2083 3111 2124 d’Union
3140 2095 3148 2123 :

2768 2174 2890 2214 Dans
2920 2170 2960 2212 le
2991 2168 3172 2220 journal
3212 2194 3620 2208 .
3686 2162 3710 2201 0
3739 2160 3790 2199 50

2768 2251 2856 2291 Par
2885 2249 3014 2290 lettre
3048 2260 3056 2287 :
3087 2244 3284 2286 Portrait
3320 2270 3622 2283 .
3686 2241 3711 2278 3
3739 2239 3791 2276 00

2770 2347 2855 2387 Par
2884 2345 3011 2386 lettre
3043 2356 3050 2384 :
3079 2340 3274 2392 Analyse
3328 2336 3536 2380 détaillée
3590 2337 3630 2376 et

2822 2413 3043 2463 complète
3082 2423 3090 2451 :
3132 2434 3622 2450 .
3685 2405 3710 2443 5
3738 2403 3791 2441 00

2824 2498 3075 2539 S’adresser
3110 2506 3167 2534 au
3203 2493 3436 2534 Directeur
3470 2501 3523 2530 en
3560 2498 3792 2538 accompa¬

2770 2566 2911 2616 gnant
2934 2576 2982 2606 sa
3004 2562 3228 2604 demande
3250 2561 3356 2603 dVn
3380 2560 3468 2602 bon
3492 2559 3547 2599 de
3570 2558 3708 2608 poste.

2943 2728 3192 2778 CROQUIS
3228 2726 3358 2764 D’UN
3394 2723 3627 2763 ABONNE

2829 2808 2890 2847 M.
2922 2807 2960 2846 J.
2988 2831 3042 2835 —
3075 2806 3142 2846 Un
3171 2804 3374 2855 panache
3403 2802 3503 2842 bien
3533 2801 3658 2851 porté
3687 2798 3798 2839 n’est

2776 2879 2856 2921 pas
2884 2867 3094 2916 toujours
3147 2875 3261 2915 pour
3317 2861 3533 2913 déplaire.
3565 2860 3628 2900 M.
3665 2860 3705 2899 J.
3742 2868 3797 2897 en

2776 2929 2902 2979 porte
2936 2939 2997 2967 un
3028 2927 3082 2967 de
3112 2927 3202 2966 très
3234 2923 3368 2971 élevé,
3400 2922 3516 2962 celui
3547 2921 3600 2960 de
3629 2920 3672 2959 la
3700 2919 3798 2969 pré¬

2777 2987 2962 3034 tention,
3028 2986 3082 3027 de
3112 2982 3316 3035 l’orgueil
3375 2983 3428 3022 de
3464 2978 3792 3031 comparaison.

2779 3050 2812 3088 Il
2839 3050 2902 3088 est
2929 3046 3024 3087 vrai
3052 3046 3162 3096 qu’il
3192 3055 3216 3084 a
3243 3043 3320 3083 des
3348 3040 3524 3083 raisons
3554 3040 3607 3080 de
3637 3050 3692 3080 ne
3718 3050 3800 3090 pas

2778 3120 2823 3148 se
2851 3105 3095 3156 dédaigner
3124 3118 3131 3143 :
3160 3104 3204 3144 la
3231 3103 3392 3143 nature
3442 3102 3498 3142 l’a
3549 3098 3802 3139 richement

2778 3170 2893 3208 doué
2948 3167 3008 3207 du
3034 3165 3128 3206 côté
3155 3162 3446 3208 intellectuel;
3499 3159 3800 3212 personnelle¬

2779 3231 2916 3275 ment,
2952 3226 2981 3264 il
3014 3238 3039 3265 a
3070 3224 3191 3265 aussi
3230 3222 3411 3270 cultivé,
3446 3219 3692 3270 développé
3730 3228 3803 3258 ces

2780 3289 3027 3328 heureuses
3054 3282 3348 3335 dispositions
3372 3280 3558 3322 natives.

2833 3348 2902 3387 Du
2926 3346 3020 3385 côté
3046 3355 3185 3392 cœur,
3210 3343 3256 3382 la
3277 3341 3543 3392 supériorité
3563 3339 3632 3382 est
3655 3339 3803 3380 moins

2783 3406 3035 3450 manifeste.
3067 3403 3175 3443 Bien
3199 3403 3307 3453 qu’il
3332 3400 3440 3443 n’ait
3462 3402 3555 3442 rien
3579 3412 3632 3440 en
3658 3399 3721 3440 lui
3750 3398 3802 3438 de

2783 3467 2947 3515 brutal,
2977 3464 3084 3516 qu’il
3110 3464 3241 3504 sache
3264 3462 3355 3502 être
3382 3460 3592 3509 aimable,
3617 3458 3724 3511 qu’il
3749 3470 3805 3499 ne

2783 3527 2867 3569 soit
2895 3527 2939 3567 ni
2975 3524 3238 3567 autoritaire
3267 3524 3310 3563 ni
3346 3522 3542 3574 despote,
3575 3520 3604 3562 il
3630 3520 3698 3561 est
3726 3519 3804 3559 des

2784 3585 3056 3628 sensibilités
3087 3584 3191 3635 plus
3219 3580 3408 3623 affinées
3443 3591 3530 3634 que
3560 3579 3603 3619 la
3634 3579 3802 3628 sienne,

2782 3647 2862 3687 des
2890 3644 3215 3686 dévouements
3238 3642 3342 3692 plus
3368 3643 3484 3680 sûrs.

2838 3707 2873 3746 A
2901 3706 3026 3745 noter
3051 3704 3270 3755 quelques
3295 3703 3446 3752 signes
3476 3699 3720 3758 indiquant
3743 3708 3804 3738 lin

2784 3765 3010 3807 caractère-
3034 3763 3110 3815 qui
3135 3762 3246 3803 n’est,
3267 3773 3347 3813 pas
3370 3762 3577 3811 toujours
3603 3760 3680 3800 des
3702 3758 3809 3810 plus

2784 3824 3076 3876 scrupuleux.

3430 3881 3478 3920 G.
3503 3878 3751 3921 Lefranck.

2905 4047 3708 4137 MARIAGES

2840 4207 3075 4250 Plusieurs
3136 4206 3362 4257 mariages
3419 4204 3520 4246 sont
3583 4199 3810 4243 annoncés

2786 4279 2961 4310 comme
2987 4267 3244 4319 prochains.
3279 4266 3599 4306 Félicitations.

2865 4427 3180 4505 ABONNÉS
3241 4436 3322 4500 ET
3383 4431 3730 4501 LECTEURS

3102 4522 3233 4563 Lisez
3264 4520 3371 4560 bien
3402 4520 3499 4562 eeci

2839 4606 2981 4646 Toute
3005 4614 3228 4656 personne
3252 4602 3328 4654 qui
3356 4612 3600 4654 procurera
3622 4600 3648 4642 à
3671 4600 3716 4641 la
3739 4599 3812 4639 Di¬

2788 4663 2955 4704 rection
2982 4664 3098 4704 deux
3124 4663 3324 4704 abonnés
3349 4672 3604 4710 nouveaux,
3631 4659 3815 4710 n’ayant

2785 4722 2951 4774 jamais
2970 4722 3039 4762 été
3059 4721 3240 4763 inscrits
3262 4722 3307 4760 ni
3329 4722 3355 4762 à
3375 4721 3419 4762 la
3443 4720 3615 4770 Rapide
3636 4720 3813 4768 Agence

2788 4780 2832 4822 ni
2862 4782 2918 4823 au
2948 4782 3074 4822 Trait
3102 4780 3316 4828 d’Union,
3347 4792 3460 4821 aura
3488 4778 3608 4822 droit
3639 4791 3647 4819 :
3676 4776 3762 4819 soit
3790 4776 3815 4816 à

2819 4852 2907 4881 une
2968 4837 3282 4890 prolongation
3345 4837 3698 4880 d’abonnement
3758 4835 3811 4876 de

2790 4899 2908 4941 deux
2936 4900 3066 4951 mois,
3095 4899 3183 4941 soit
3206 4899 3232 4940 à
3259 4911 3320 4940 un
3349 4898 3658 4948 abonnement
3682 4907 3782 4948 gra¬

2796 4959 2883 5002 tuit
2910 4959 2964 5001 de
2991 4963 3139 5003 même
3164 4959 3318 5001 durée.

2836 5060 2888 5067 —
2919 5039 3043 5080 Tous
3074 5048 3160 5082 nos
3186 5039 3398 5080 abonnés
3426 5040 3535 5079 sont
3559 5036 3689 5087 priés
3714 5036 3792 5078 d*a
3806 5055 3814 5066 *

2786 5092 2975 5134 dresser
3006 5095 3173 5134 lettres
3203 5094 3250 5132 et
3282 5091 3632 5136 observations,
3664 5100 3757 5131 non
3787 5090 3815 5130 à

2784 5146 2834 5187 la
2852 5160 2880 5184 n
2903 5146 3079 5195 Rapide
3111 5150 3290 5195 Agence
3381 5146 3500 5187 mais
3523 5154 3587 5186 au
3612 5144 3815 5195 journal

2786 5202 2848 5242 dn
2868 5215 2899 5239 w
2919 5202 3052 5242 Trait
3075 5200 3275 5242 d’Union
3371 5200 3444 5248 26,
3463 5210 3551 5242 rue
3578 5200 3812 5246 d’Astorg,

2784 5256 3031 5296 Toulouse.

2967 5327 3047 5367 Les
3067 5326 3270 5368 bureaux
3292 5327 3353 5367 du
3375 5326 3556 5365 TRAIT
3580 5322 3815 5364 D’UNION

2789 5390 2843 5419 ne
2865 5382 2967 5419 sont
2988 5384 3171 5420 ouverts
3195 5390 3280 5429 que
3305 5378 3618 5426 l’après-midi,
3646 5377 3700 5416 de
3722 5378 3748 5415 2
3770 5376 3815 5415 h.

2787 5432 2812 5474 à
2832 5435 2856 5474 5
2878 5434 3054 5483 heures,
3078 5435 3143 5482 26,
3167 5442 3247 5472 rue
3270 5432 3492 5480 d’Astorg.

2974 5508 3096 5545 Tous
3127 5504 3190 5544 les
3219 5503 3609 5552 renseignements
3639 5512 3817 5543 concer¬

2788 5562 2898 5600 nant
2932 5559 2974 5598 la
3007 5557 3319 5598 combinaison
3352 5557 3570 5607 mariage,
3608 5556 3671 5598 les
3706 5556 3818 5596 loca¬

2787 5614 2919 5659 tions,
2978 5613 3132 5659 offies,
3192 5611 3440 5652 demandes
3468 5614 3511 5651 et
3539 5610 3639 5651 avis
3667 5610 3818 5651 divers

2787 5669 2888 5706 sont
2918 5665 3091 5706 donnés
3121 5665 3448 5715 gratuitement
3478 5664 3594 5704 dans
3625 5674 3708 5703 nos
3738 5663 3818 5703 bu¬

2788 5731 2942 5767 reaux,
2975 5719 3287 5768 l’après-midi,
3319 5719 3374 5758 de
3403 5719 3427 5755 2
3455 5718 3499 5755 h.
3530 5715 3556 5756 à
3584 5718 3608 5755 5
3638 5716 3815 5763 heures,

2788 5776 2851 5820 26,
2879 5783 2959 5814 rue
2984 5773 3207 5822 d’Astorg,
3238 5772 3480 5812 Toulouse.

3928 510 4243 584 Annonces
4296 487 4361 582 et
4410 482 4557 581 Avis
4610 483 4819 580 divers

4066 631 4108 684 3
4135 630 4287 683 francs
4315 643 4420 695 pour
4443 630 4554 683 trois
4580 628 4688 683 mois

3918 832 3956 871 2.
3987 832 4037 870 —
4085 831 4347 871 Professeur
4391 831 4526 871 dame
4572 826 4891 869 recommandé

3868 895 3980 935 pour
4006 885 4154 935 leçons
4175 884 4230 924 de
4254 884 4402 934 piano.
4430 883 4535 923 Prix
4558 882 4779 924 modérés.
4806 881 4891 920 Bu¬

3867 948 3972 978 reau
4002 938 4062 978 du
4089 938 4286 987 journal.

3919 1024 3956 1062 3.
3986 1024 4038 1062 —
4066 1022 4334 1062 Demoiselle
4362 1020 4483 1063 seule
4510 1023 4560 1059 45
4587 1030 4682 1068 ans,
4712 1019 4891 1068 adopte¬

3868 1076 3952 1115 rait
3974 1076 4109 1124 jeune
4131 1075 4223 1115 fille
4247 1075 4454 1115 fortunée
4474 1084 4531 1114 ou
4554 1072 4711 1114 enfant
4732 1072 4891 1122 orphe¬

3868 1128 3958 1168 line
3978 1139 4033 1169 ou
4055 1128 4366 1170 abandonnée.
4391 1127 4591 1167 Prendre
4611 1127 4792 1168 adresse
4814 1123 4887 1164 bu¬

3868 1192 3972 1222 reau
4002 1182 4059 1222 du
4088 1182 4212 1223 Trait
4239 1179 4448 1222 d’Union.

3922 1272 3958 1311 4.
3979 1272 4031 1308 —
4054 1271 4242 1310 Famille
4264 1270 4352 1310 très
4374 1268 4635 1315 honorable,
4658 1267 4891 1319 prendrait

3871 1324 4188 1374 pensionnaire
4222 1326 4354 1364 dame
4388 1332 4444 1362 ou
4500 1322 4731 1363 Monsieur
4783 1319 4888 1367 aisé,

3867 1378 4107 1418 s'adresser
4139 1377 4308 1416 bureau
4339 1375 4398 1415 du
4430 1375 4627 1424 journal.

3919 1470 3957 1506 5.
3987 1490 4038 1495 —
4064 1466 4130 1506 On
4160 1463 4384 1505 demande
4412 1465 4558 1503 bonne
4587 1460 4839 1503 couturière
4867 1460 4892 1502 à

3868 1517 3910 1558 la
3924 1518 4127 1568 journée.
4148 1517 4254 1559 Voir
4270 1516 4440 1558 bureau
4458 1515 4518 1556 du
4535 1516 4660 1556 Trait
4675 1516 4702 1556 d
4726 1514 4886 1556 Union.

3918 1611 3956 1650 7.
3983 1608 4035 1646 —
4059 1608 4199 1647 Dame
4223 1606 4361 1655 ayant
4383 1603 4532 1645 loisirs
4555 1603 4780 1644 demande
4804 1603 4890 1644 tra¬

3867 1679 3985 1708 vaux
4016 1666 4255 1707 d’écriture
4284 1676 4341 1705 ou
4376 1663 4534 1704 travail
4567 1663 4751 1704 manuel
4783 1663 4891 1704 chez

3867 1727 3966 1767 elle.

3920 1824 3958 1862 8.
3986 1845 4038 1850 —-
4064 1819 4324 1859 Professeur
4351 1819 4404 1859 de
4431 1818 4628 1868 français
4652 1815 4891 1858 donnerait

3868 1881 4018 1929 leçons
4051 1880 4107 1922 de
4154 1879 4491 1922 conversations
4524 1879 4566 1919 et
4615 1877 4891 1927 d’orthogra¬

3868 1941 3955 1991 phe
3991 1950 4015 1980 a
4050 1950 4271 1987 personne
4304 1938 4552 1987 étrangère.
4591 1936 4703 1987 Cinq
4741 1936 4891 1976 francs

3867 2011 3948 2050 par
3974 1998 4102 2039 mois.

3924 2098 3984 2136 10.
4012 2096 4067 2134 —
4090 2096 4234 2136 Jeune
4259 2093 4356 2134 fille
4383 2092 4519 2142 ayant
4543 2091 4710 2143 emploi
4739 2091 4889 2131 Sténo-

3868 2153 4246 2204 Dactylographe,
4310 2151 4442 2192 ferait
4492 2152 4651 2191 travail
4714 2150 4891 2200 supplé¬

3869 2211 4089 2254 mentaire
4114 2223 4230 2263 pour
4255 2211 4558 2263 particuliers.

3924 2311 3986 2348 11.
4019 2331 4071 2336 —
4103 2306 4331 2348 Véritable
4376 2304 4598 2347 occasion.
4630 2303 4684 2343 —
4715 2303 4892 2343 GRAN¬

3872 2370 3945 2408 DE
3979 2367 4345 2409 CHÂPELIERE
4377 2366 4493 2406 osier
4541 2363 4684 2411 verni,
4718 2364 4743 2403 à
4774 2371 4888 2403 com¬

3918 2428 4154 2475 pliments,
4198 2424 4391 2466 doublée
4417 2423 4538 2471 toile,
4583 2422 4723 2464 belles
4750 2431 4895 2462 serru¬

3870 2498 3939 2530 res
3967 2486 4135 2534 cuivre,
4164 2485 4342 2526 vendue
4370 2483 4523 2525 moitié
4550 2483 4667 2535 prix.
4700 2482 4894 2523 S’adres¬

3871 2556 3941 2587 ser
3967 2546 4140 2587 bureau
4167 2544 4296 2586 Trait
4319 2543 4531 2584 d’Union.

3930 2642 3991 2682 13.
4020 2641 4208 2680 Landes.
4232 2663 4287 2668 —
4310 2640 4452 2680 Dame
4476 2638 4614 2687 seule,
4640 2639 4776 2687 ayant
4802 2646 4896 2675 ren¬

3875 2701 3954 2751 tes,
3987 2699 4164 2741 maison
4196 2698 4240 2740 et
4294 2698 4464 2748 jardin,
4522 2696 4732 2738 habitant
4762 2694 4899 2747 petite

3877 2760 3999 2808 ville,
4036 2759 4192 2800 climat
4226 2758 4340 2806 sain,
4379 2756 4526 2798 désire
4558 2755 4754 2807 prendre
4788 2754 4895 2794 chez

3875 2819 3959 2860 elle
3987 2831 4103 2868 pour
4159 2818 4284 2859 avoir
4314 2828 4402 2858 une
4458 2814 4619 2856 société
4676 2824 4899 2864 personne

3879 2879 4015 2926 seule,
4044 2878 4146 2919 bien
4173 2877 4336 2925 élevée,
4364 2876 4501 2926 ayant
4527 2874 4686 2926 petites
4711 2873 4872 2914 rentes.

3931 2971 3993 3011 14.
4027 2968 4155 3010 Midi.
4184 2991 4238 2996 —
4292 2967 4431 3010 Dame
4486 2967 4574 3006 très
4628 2963 4898 3015 distinguée,

3878 3031 3980 3071 bien
4004 3030 4168 3078 élevée,
4191 3028 4403 3069 habitant
4423 3026 4595 3078 grande
4618 3023 4739 3072 ville,
4766 3024 4903 3074 ayant

3879 3089 4095 3132 intérieur
4124 3087 4419 3134 confortable,
4467 3083 4679 3127 voudrait
4707 3085 4902 3134 prendre

3877 3161 4055 3191 comme
4106 3146 4443 3198 pensionnaire,
4501 3144 4634 3186 dame
4690 3154 4747 3183 ou
4778 3152 4901 3182 mon¬

3879 3210 4000 3251 sieur
4028 3208 4140 3255 seul,
4171 3204 4502 3247 fonctionnaire
4530 3215 4587 3244 ou
4615 3202 4796 3243 rentier.

3937 3303 3985 3339 16
3991 0 3998 3340 .
4008 3295 4490 3338 Bouches-du-Rhône.
4526 3316 4579 3322 —
4614 3290 4898 3339 Célibataire,

3879 3362 3931 3400 70
3959 3370 4054 3407 ans,
4099 3358 4243 3399 comte
4272 3353 4585 3404 authentique,
4628 3350 4906 3392 descendant

3880 3422 4015 3461 d’une
4042 3419 4260 3459 ancienne
4288 3418 4330 3458 et
4357 3414 4532 3455 illustre
4560 3410 4750 3460 famille,
4780 3408 4906 3451 habi¬

3883 3480 3982 3520 tant
4014 3478 4140 3527 villa,
4176 3474 4391 3518 voudrait
4422 3472 4611 3523 adopter
4646 3470 4806 3511 enfant
4838 3480 4895 3510 ou

3882 3540 4018 3589 jeune
4040 3540 4224 3579 homme
4247 3536 4303 3578 de
4327 3533 4503 3575 famille
4524 3531 4663 3581 riche,
4688 3540 4795 3571 avec
4818 3527 4907 3579 pri¬

3883 3611 3968 3640 me.
3988 3597 4195 3640 Céderait
4222 3595 4348 3636 titres
4377 3591 4639 3634 nobiliaires
4667 3590 4709 3630 et
4722 3588 4907 3640 parche¬

3884 3659 4019 3700 mins.
4049 3656 4180 3700 Faire
4206 3656 4355 3696 offres.

3939 3750 4001 3788 17.
4030 3750 4064 3786 A
4088 3747 4256 3788 vendre
4280 3755 4395 3793 pour
4418 3752 4550 3783 cause
4574 3743 4627 3783 de
4652 3739 4811 3790 départ
4834 3735 4907 3778 ob¬

3882 3808 3971 3859 jets
4000 3807 4184 3848 anciens
4219 3819 4227 3846 :
4259 3803 4478 3852 meubles,
4510 3801 4738 3851 tableaux,
4771 3798 4908 3840 livres

3892 3867 4159 3920 argenterie,
4188 3864 4420 3906 dentelles.

3933 3927 4184 3970 S’adresser
4214 3924 4388 3964 bureau
4413 3920 4543 3966 ’/rait
4563 3919 4774 3962 d’Union.

3940 4024 4002 4064 19.
4035 4024 4070 4062 A
4098 4020 4266 4062 vendre
4292 4018 4407 4059 beau
4436 4016 4642 4066 chapelet
4668 4014 4838 4062 cristal,
4867 4014 4910 4054 et

3885 4083 3999 4124 livre
4026 4082 4166 4124 ivoire
4221 4078 4395 4120 ancien.
4429 4078 4680 4119 S’adresser
4735 4076 4906 4117 bureau

3887 4143 4014 4183 Trait
4035 4140 4244 4182 d’Union.

3938 4239 4006 4278 20.
4028 4239 4077 4278 —
4098 4239 4239 4279 Rame
4270 4235 4434 4283 veuve,
4458 4233 4658 4272 habitant
4681 4235 4704 4272 à
4731 4232 4774 4271 la
4794 4240 4911 4270 cam¬

3886 4301 4031 4342 pagne
4075 4302 4182 4331 avec
4234 4300 4306 4330 ses
4354 4287 4467 4326 deux
4511 4287 4640 4335 filles,
4684 4282 4914 4336 prendrait

3886 4344 4056 4391 dames,
4082 4343 4366 4384 demoiselles
4386 4352 4440 4380 ou
4466 4340 4704 4380 messieurs
4726 4339 4832 4388 âgés
4855 4346 4908 4375 en

3887 4399 4039 4448 viager
4060 4409 4114 4436 ou
4134 4410 4185 4438 en
4205 4397 4408 4448 pension,
4434 4396 4501 4433 vie
4518 4394 4572 4432 de
4589 4392 4770 4444 famille,
4795 4391 4910 4431 beau

3887 4464 3996 4504 pays
4017 4451 4071 4491 de
4093 4455 4343 4500 montagne,
4370 4448 4492 4488 soins
4512 4447 4724 4487 dévoués.

3939 4539 4006 4579 22.
4035 4559 4090 4565 —
4118 4538 4272 4579 Bonne
4302 4532 4553 4580 corsetière,
4585 4543 4667 4573 rue
4694 4531 4748 4572 de
4776 4530 4911 4579 Metz,

3886 4599 3953 4646 62,
3980 4596 4340 4638 recommandée.
4394 4592 4572 4635 Corsets
4595 4592 4693 4633 tout
4743 4590 4850 4632 faits
4872 4588 4916 4630 et

3888 4671 3967 4701 sur
3994 4667 4187 4698 mesure.
4218 4655 4326 4696 Prix
4352 4652 4574 4694 modérés.

3941 4743 4004 4784 24.
4027 4743 4152 4784 Tarn
4176 4766 4224 4771 —
4239 4740 4363 4784 Veuf
4377 4740 4431 4778 55
4450 4751 4548 4787 ans,
4570 4737 4667 4778 seul
4687 4735 4920 4788 prendrait

3888 4810 4062 4839 comme
4072 4798 4378 4847 gouvernante
4391 4795 4520 4832 dame
4538 4803 4644 4832 avec
4664 4792 4772 4842 petit
4795 4790 4919 4830 avoir

3888 4852 3943 4892 de
3960 4856 4010 4893 4u
4029 4855 4053 4891 à
4072 4851 4124 4890 50
4147 4849 4515 4900 ans,affectueuse
4546 4850 4587 4886 et
4615 4845 4915 4886 travailleuse.

3948 4944 4014 4984 25.
4050 4944 4194 4983 Jeune
4255 4939 4452 4987 homme,
4487 4939 4539 4978 28
4567 4946 4663 4987 ans,
4724 4936 4918 4984 sérieux,

3895 4997 4030 5050 loyal,
4087 4994 4276 5045 dévoué,
4336 4992 4598 5034 meilleures
4651 4991 4916 5039 références,

3893 5049 4232 5101 sténo-dactylo,
4261 5047 4444 5099 parlant
4497 5047 4542 5087 et
4562 5045 4767 5087 écrivant
4817 5055 4918 5085 cou¬

3894 5106 4123 5146 ramment
4144 5101 4358 5152 français,
4384 5100 4563 5151 anglais
4615 5099 4656 5140 et
4684 5098 4915 5150 espagnol,

3895 5160 4087 5202 cherche
4107 5158 4279 5210 emploi
4305 5154 4548 5207 interprète
4573 5164 4630 5195 ou
4659 5163 4919 5203 correspon¬

3895 5214 4016 5255 dant.
4074 5212 4327 5254 S’adresser
4383 5210 4556 5250 bureau
4589 5226 4608 5244 «
4639 5207 4768 5248 Trait
4818 5206 4920 5247 d’U¬

3893 5267 4002 5307 nion
4031 5283 4066 5307 ».

3946 5359 4012 5399 26.
4042 5359 4196 5396 Bonne
4222 5356 4442 5396 occasion.
4470 5354 4523 5395 —
4546 5352 4748 5395 Colonial
4772 5351 4919 5394 désire

3895 5411 4064 5454 vendre
4088 5410 4319 5454 ensemble
4340 5422 4398 5451 ou
4420 5407 4707 5461 séparément
4726 5406 4920 5458 superbe

3898 5467 3961 5508 lot
3982 5467 4162 5519 plumes
4188 5463 4446 5516 d’aigrettes
4472 5466 4491 5503 1
4496 5467 4526 5485 er
4551 5461 4699 5502 choix.
4727 5460 4922 5501 S’adres¬

3895 5534 3967 5563 ser
3989 5522 4046 5562 de
4069 5523 4095 5560 3
4119 5521 4147 5560 à
4166 5522 4192 5560 5
4214 5520 4392 5568 heures,
4417 5519 4591 5559 bureau
4615 5531 4636 5552 «
4666 5514 4793 5555 Trait
4819 5514 4921 5555 d’U¬

3896 5575 4003 5616 nion
4034 5591 4068 5616 ».

4378 5686 4440 5728 Le
4463 5684 4632 5727 Gérant
4658 5696 4668 5726 :
4692 5682 4864 5727 BACH.

3944 5769 4208 5814 Imprimerie
4236 5766 4419 5812 spéciale
4447 5766 4502 5802 du
4534 5766 4651 5802 Trait
4679 5764 4871 5800 d'Union.

2962 5971 3827 6155 APOLLO-THEATRE

2934 6219 3018 6270 La
3043 6216 3186 6283 plus
3212 6215 3375 6268 belle
3404 6215 3568 6268 Salle

2930 6307 3050 6359 Les
3073 6304 3242 6370 films
3266 6304 3361 6356 les
3387 6303 3530 6370 plus
3555 6304 3919 6370 artistiques

2931 6395 3015 6446 La
3043 6393 3370 6447 meilleure
3396 6391 3638 6444 société

2932 6484 3014 6535 La
3043 6482 3183 6548 plus
3212 6482 3446 6547 grande
3475 6480 3708 6533 variété

2930 6570 3318 6623 L'orchestre
3346 6570 3403 6623 le
3431 6571 3643 6623 mieux
3670 6566 3864 6631 dirigé

3826 6649 3928 6691 Vous
3956 6659 4171 6695 trouverez
4200 6656 4291 6692 tous
4332 6662 4393 6691 ces
4428 6651 4659 6703 agréments
4702 6651 4740 6687 et

3815 6711 3906 6755 bien
3944 6715 4127 6756 d’autres
4171 6715 4198 6755 à
4232 6711 4256 6752 V
4260 6706 4740 6760 Apolio-Thôâtro

3813 6776 3883 6817 des
3910 6775 4162 6819 Boulevards
4210 6791 4347 6808 ---,-
4373 6787 4374 6808 ,
4669 6787 4671 6795 1
