5228 7176
319 374 350 415 8
352 376 370 396 e
406 372 595 416 année.
623 395 686 403 —
707 370 775 416 N°
804 367 861 408 70
890 394 951 405 —
986 368 1076 425 |Q
1112 375 1255 419 cent.

1497 370 1845 483 ŒUVRE
1921 371 2045 483 DE
2113 364 2953 489 PHIL'ARTHROPIE
3025 373 3453 494 SOCIALE

4015 394 4081 439 Du
4103 396 4155 439 15
4179 408 4243 441 au
4271 399 4322 440 31
4346 398 4463 444 Août
4485 401 4595 446 1912

554 599 758 658 Paraissant
782 600 812 658 le
844 602 894 658 >"
920 602 952 660 et
976 600 1008 656 le
1038 600 1080 656 15

2295 617 2508 717 LE
3063 596 3088 716 j

3151 651 3272 717 !»»■
3500 651 3522 657 "
3569 659 3578 709 ;
3635 632 3648 714 !

3883 619 4087 675 Paraissant
4111 620 4140 675 le
4172 620 4223 676 1"
4248 623 4282 676 et
4304 622 4336 676 le
4368 623 4407 676 IS

1422 1493 1680 1570 DES
1772 1478 2460 1571 INTÉRÊTS
2544 1480 3520 1597 RÉCIPROQUES

631 1627 1076 1680 Combinaison
1114 1627 1384 1691 Mariage
1422 1624 1605 1676 créée
1644 1639 1723 1676 en
1760 1620 1930 1678 1905
1999 1639 2035 1674 •
2070 1639 2106 1674 •
2140 1639 2176 1675 •
2247 1627 2537 1679 Bureaux
2575 1627 2636 1679 et
2670 1627 3184 1683 Administration
3219 1648 3236 1684 :
3274 1632 3382 1695 26.
3419 1650 3532 1687 rue
3570 1636 3858 1703 d'Astorg
3894 1667 3958 1675 —
3996 1640 4315 1695 Toulouse

403 1764 468 1800 LA
494 1763 627 1798 PLUS
651 1763 904 1799 HONNETE

403 1811 467 1846 LA
495 1810 630 1846 PLUS
656 1810 918 1847 DISCRETE

403 1858 468 1892 LA
494 1858 628 1891 PLUS
655 1858 854 1892 RAPIDE

403 1903 468 1939 LA
499 1903 634 1938 PLUS
664 1903 926 1939 SERIEUSE

403 1950 468 1986 LA
492 1949 627 1984 PLUS
651 1949 788 1985 SURE

404 1996 467 2031 LA
496 1995 663 2031 MOINS
691 1996 867 2032 CHERE

404 2042 502 2078 PAS
535 2042 1018 2078 D'INTERMEDIAIRE

405 2088 502 2124 PAS
531 2090 596 2124 DE
625 2088 958 2126 COMMISSION

1711 1759 2643 1820 Directeur-Propriétaire
2684 1792 2698 1822 -
2740 1763 2915 1824 Jean
2963 1765 3205 1826 BACH

1510 1866 1719 1902 Annonces
1772 1866 1824 1902 de
1879 1865 2051 1912 Mariage
2098 1867 2184 1908 (six
2226 1866 2355 1913 lignes
2412 1870 2458 1904 et
2504 1867 2771 1907 abonnement
2819 1882 2874 1908 au
2922 1871 3104 1919 journal)

1578 1913 1688 1948 Trois
1726 1912 3104 1960 mois.
3163 1920 3190 1956 f
3203 1920 3231 1958 l
3261 1922 3408 1959 francs.

1508 1964 1654 2008 Lignes
1674 1964 3107 2014 supplémentaires.
3212 1979 3234 2010 1
3302 1996 3346 2002 —

1510 2019 1750 2052 Annnonces
1770 2020 1807 2054 et
1830 2019 2035 2055 Locations
2058 2020 2172 2061 (trois
2194 2019 3105 2066 mois)....
3206 2028 3238 2063 (»
3300 2048 3344 2055 —

1511 2070 1608 2106 Avis
1625 2069 1772 2114 divers,
1794 2072 1920 2107 Offres
1942 2075 1979 2107 et
2000 2073 2219 2109 Demandes
2240 2072 2448 2119 d’emplois
2468 2072 2594 2116 (deux
2615 2076 3108 2120 mois).
3208 2081 3243 2116 3
3304 2100 3348 2108 —

3641 1774 3691 1810 Le
3718 1786 3738 1806 «
3762 1774 3880 1811 Trait
3906 1775 4085 1812 d’Union
4111 1790 4131 1810 »
4158 1781 4218 1814 est
4268 1778 4426 1820 envoyé
4475 1783 4618 1817 contre

3591 1822 3612 1855 0
3634 1821 3686 1855 fr.
3711 1822 3754 1856 10
3776 1819 3803 1856 à
3824 1824 3938 1858 toute
3963 1830 4168 1863 personne
4192 1826 4263 1868 qui
4288 1833 4338 1860 en
4362 1827 4440 1862 fait
4466 1827 4506 1862 la
4552 1827 4616 1863 de¬

3592 1867 3759 1903 mande.

3640 1915 3704 1948 Un
3731 1919 3774 1948 n°
3796 1914 4008 1954 spécimen
4034 1920 4095 1952 est
4120 1918 4242 1954 offert
4267 1919 4616 1962 gracieusement,

3591 1957 3616 1994 à
3641 1962 3731 1995 tout
3758 1961 3947 2004 visiteur,
3972 1963 4080 1998 dans
4106 1971 4180 1999 nos
4206 1964 4408 1999 bureaux.

3639 2006 3692 2042 Le
3739 2006 3918 2043 Journal
3968 2011 4030 2043 est
4055 2010 4226 2046 adressé
4252 2010 4278 2046 à
4328 2018 4404 2046 nos
4431 2012 4617 2048 abonnée

3592 2059 3691 2087 sous
3716 2055 3945 2095 enveloppe
3971 2055 4140 2098 fermée,
4169 2064 4271 2095 sans
4296 2064 4460 2092 aucune
4512 2059 4616 2094 indi¬

3595 2106 3734 2140 cation
3767 2110 4013 2147 apparente.

374 2231 684 2323 Dépositaire
690 2250 714 2308 s
756 2234 820 2308 du
858 2232 920 2308 Tr
926 2234 1000 2308 ait
1038 2230 1244 2310 d’ÜDion

300 2375 410 2408 Paris
440 2383 448 2406 ;
475 2374 639 2414 kiosque
668 2375 738 2413 136,
770 2383 838 2408 rue
864 2374 1026 2412 Royale;
1052 2374 1218 2414 kiosque
1243 2375 1315 2412 224,

380 2416 594 2448 boulevard
628 2416 891 2455 Saint-Denis;
924 2415 1088 2455 kiosque
1122 2415 1191 2455 189,
1226 2416 1318 2448 bou¬

379 2458 515 2490 levard
548 2458 835 2496 Saint-Michel;
866 2459 1031 2499 kiosque
1063 2458 1134 2495 196,
1188 2458 1318 2494 boule¬

381 2499 476 2531 vard
499 2499 743 2540 Sébastopol.

299 2555 404 2592 Lyon
436 2562 444 2584 :
473 2554 649 2594 kiosque,
679 2553 709 2591 8,
741 2553 851 2594 place
880 2554 948 2586 des
976 2555 1188 2592 Terreaux;
1218 2554 1318 2585 kios¬

378 2602 465 2634 que,
486 2594 597 2635 place
613 2595 653 2627 la
670 2596 790 2636 Viste;
809 2595 975 2635 kiosque
991 2595 1011 2627 1
1026 2595 1100 2632 bis,
1119 2594 1231 2636 place
1247 2595 1317 2627 des

379 2636 611 2675 Cordeliers;
635 2635 801 2676 kiosque
824 2638 854 2675 1,
878 2637 971 2676 quai
994 2636 1042 2670 de
1066 2638 1158 2669 Retz

297 2691 493 2723 Marseille
515 2698 522 2720 :
542 2690 706 2729 kiosque
726 2690 775 2727 12,
798 2690 918 2722 allées
938 2690 986 2722 de
1006 2688 1195 2728 Meilhan;
1215 2689 1315 2722 kios¬

376 2739 452 2771 que
470 2731 522 2770 25,
544 2739 614 2764 rue
634 2732 819 2770 Noailles;
839 2731 1004 2771 kiosque
1024 2731 1054 2769 1,
1076 2738 1148 2764 rue
1168 2731 1315 2764 Canne-

376 2774 495 2807 bière.

295 2828 499 2860 Bordeaux
527 2835 534 2859 :
559 2826 723 2867 kiosque
748 2826 888 2866 Turbé,
915 2827 1024 2867 place
1050 2826 1096 2859 de
1120 2826 1160 2859 la
1183 2826 1314 2861 Comé¬

375 2870 450 2902 die.

296 2924 519 2963 Perpignan
545 2931 552 2954 :
576 2923 742 2964 kiosque
763 2923 898 2962 Vergé.

295 2979 491 3010 Toulouse
516 2987 523 3010 :
548 2976 787 3017 principaux
808 2976 994 3015 kiosques

348 3139 722 3239 Abonnés
770 3142 848 3236 et
898 3134 1266 3236 Lecteurs

284 3314 295 3354 *
347 3314 405 3354 Ce
435 3312 624 3366 journal
660 3310 772 3351 n'est
832 3322 912 3362 pas
976 3320 1063 3350 une
1096 3307 1312 3348 création.

288 3375 400 3414 Sous
428 3372 466 3414 le
495 3383 606 3411 nom
632 3370 684 3410 de
712 3367 1102 3422 Rapide-Agence,
1135 3367 1164 3407 il
1190 3369 1318 3420 porte

288 3431 448 3486 depuis
472 3431 576 3484 plus
603 3430 654 3470 de
684 3430 784 3470 huit
810 3442 907 3476 ans,
937 3428 1050 3468 dans
1078 3429 1222 3467 toutes
1250 3427 1310 3467 les

290 3503 472 3546 régions
498 3491 559 3531 du
584 3488 695 3530 Midi
721 3491 762 3530 et
788 3488 840 3528 de
867 3488 910 3528 la
934 3487 1103 3527 France
1128 3484 1296 3526 entière
1304 3516 1314 3534 ,

287 3550 539 3594 l'heureuse
573 3548 898 3590 combinaison
958 3545 1083 3591 créée
1115 3558 1200 3596 par
1232 3557 1319 3587 son

288 3610 523 3651 Directeur
555 3611 595 3648 et
627 3606 891 3659 poursuivie
925 3616 1031 3646 avec
1066 3615 1129 3644 un
1160 3603 1315 3644 succès

286 3670 366 3724 qui
392 3680 446 3708 ne
470 3667 572 3708 s'est
595 3667 763 3720 jamais
791 3664 1008 3707 démenti.

344 3726 636 3781 Transformé
667 3729 708 3767 et
742 3724 947 3778 modifié,
980 3736 1086 3766 sous
1119 3735 1207 3764 une
1238 3723 1315 3765 Di¬

286 3788 460 3829 rection
491 3786 716 3835 nouvelle,
752 3786 790 3827 le
848 3783 972 3826 Trait
1000 3783 1202 3826 d’Union
1259 3795 1316 3823 va

292 3846 539 3890 désormais
570 3846 804 3899 s'occuper
835 3844 1159 3898 spécialement
1192 3843 1316 3884 d'an¬

294 3919 459 3948 nonces
494 3906 546 3946 de
578 3905 796 3959 mariage,
830 3904 928 3959 afin
959 3904 1012 3946 de
1043 3903 1222 3943 donner
1254 3913 1315 3942 un

288 3967 455 4008 nouvel
483 3978 603 4006 essor
628 3963 652 4005 à
679 3968 791 4006 cette
818 3976 972 4006 œuvre
1002 3962 1313 4009 intéressante,

288 4026 615 4075 humanitaire,
661 4023 1074 4079 philanthropique
1140 4023 1182 4061 et
1247 4032 1316 4060 so¬

286 4087 413 4128 ciale.

347 4146 406 4187 Ce
430 4146 543 4200 petit
566 4146 754 4199 journal
783 4142 851 4184 n’a
874 4154 954 4197 pas
980 4142 1021 4183 la
1045 4139 1308 4194 prétention

290 4206 426 4247 d’être
483 4205 712 4246 littéraire.
742 4204 819 4245 Ses
848 4204 1050 4243 bureaux
1076 4211 1130 4240 ne
1155 4203 1307 4240 seront

287 4266 455 4320 jamais
480 4264 748 4306 encombrés
775 4263 828 4303 de
855 4260 1043 4302 curieux
1071 4258 1306 4301 indiscrets

292 4327 339 4367 ni
360 4324 414 4366 de
438 4336 548 4376 gens
572 4323 800 4376 d’affaires
821 4321 926 4374 plus
948 4331 1007 4360 ou
1047 4319 1198 4361 moins
1235 4320 1310 4360 vé¬

291 4398 415 4426 reux.

351 4445 444 4485 Une
480 4441 794 4496 organisation
828 4438 1019 4492 parfaite
1054 4441 1094 4479 et
1131 4451 1218 4480 une
1256 4443 1314 4480 te¬

291 4517 378 4545 nue
408 4499 743 4555 irréprochable
775 4512 786 4539 :
813 4496 935 4539 voilà
959 4510 1008 4539 sa
1034 4497 1198 4540 devise.

343 4560 558 4603 Abonnés
591 4562 631 4599 et
664 4559 855 4599 lecteurs
916 4560 1019 4599 sont
1051 4558 1226 4599 assurés
1259 4558 1312 4598 de

291 4627 472 4663 trouver
495 4632 551 4660 en
577 4619 641 4659 lui
669 4630 730 4659 un
755 4618 990 4658 auxiliaire
1015 4619 1308 4669 scrupuleux,

290 4683 426 4723 d’une
464 4678 711 4722 discrétion
747 4678 950 4726 absolue,
990 4680 1030 4718 et
1067 4678 1204 4718 d’une
1244 4678 1311 4717 in¬

288 4740 539 4782 discutable
570 4738 750 4791 loyauté
758 4771 766 4780 .

342 4798 436 4850 Que
468 4810 582 4839 ceux
614 4798 694 4851 qui
755 4809 810 4839 ne
874 4808 988 4838 nous
1020 4796 1311 4836 connaissent

283 4872 362 4914 /•as
390 4859 610 4899 viennent
640 4857 664 4898 à
694 4870 808 4899 nous
836 4868 941 4898 sans
970 4855 1156 4896 crainte.
1190 4856 1311 4896 Nous

282 4931 438 4960 serons
468 4918 674 4958 heureux
704 4919 757 4959 de
820 4917 881 4958 les
941 4915 1065 4955 aider
1097 4915 1150 4955 de
1183 4917 1310 4956 notre

283 4990 506 5019 concours
567 4975 759 5019 indirect
788 4988 871 5030 par
900 4976 939 5016 le
967 4975 1155 5028 journal
1186 4978 1226 5017 et
1258 4976 1311 5016 de

282 5049 363 5079 nos
427 5035 620 5078 conseils
652 5035 920 5090 personnels
983 5035 1159 5088 chaque
1221 5035 1310 5088 fois

280 5096 415 5150 qu’ils
448 5095 679 5136 voudront
745 5094 850 5138 bien
915 5106 1029 5136 nous
1092 5095 1306 5135 accorder

283 5160 383 5199 leur
418 5156 656 5208 confiance
695 5159 735 5196 et
774 5168 890 5196 nous
927 5156 1179 5197 demander
1215 5167 1297 5196 nos

279 5216 389 5258 avis.

339 5274 434 5327 Que
496 5287 578 5315 nos
639 5274 830 5316 lecteurs
891 5272 1168 5316 deviennent
1230 5274 1306 5316 des

282 5335 411 5378 amis.
444 5334 539 5386 Que
567 5336 751 5387 partout
781 5338 822 5376 et
850 5334 875 5375 à
904 5338 1019 5383 tous,
1054 5334 1106 5375 ils
1133 5335 1305 5387 fassent

284 5395 538 5443 connaître,
576 5407 680 5435 sans
716 5395 888 5436 crainte
926 5398 967 5435 et
1003 5406 1107 5435 sans
1146 5395 1300 5443 honte,

283 5457 320 5496 le
349 5455 439 5495 bon
462 5455 865 5507 fonctionnement
891 5455 944 5495 de
971 5457 1098 5495 notre
1124 5455 1306 5508 organi¬

282 5515 431 5556 sation
469 5528 482 5562 ;
519 5514 653 5567 qu’ils
692 5528 806 5556 nous
840 5516 1088 5568 procurent
1127 5514 1165 5556 le
1199 5515 1303 5567 plus

284 5570 567 5616 d’adhésions
595 5570 815 5628 possibles,
851 5570 974 5614 voilà
1004 5575 1134 5615 notre
1172 5571 1305 5615 désir.

342 5634 371 5674 A
411 5636 510 5675 tous
542 5635 582 5674 et
615 5632 639 5674 à
672 5635 832 5682 toutes,
870 5644 985 5672 nous
1016 5632 1302 5680 souhaitons,

282 5706 339 5734 en
366 5695 532 5746 Retour,
564 5693 715 5733 bonne
770 5692 942 5732 chance
998 5694 1038 5732 et
1092 5694 1304 5745 prompte

284 5752 542 5794 réalisation
567 5752 619 5791 de
646 5751 764 5792 leurs
787 5752 891 5804 plus
916 5751 1072 5792 chères
1098 5751 1306 5805 espéran-

829 5871 900 5914 LA
926 5871 1247 5914 DIRECTION.

336 6029 424 6127 La
460 6027 792 6128 Puissance
838 6030 908 6128 de
948 6030 1262 6129 l'Annonce

348 6240 404 6267 cLii
430 6227 671 6279 acceptant,
695 6238 746 6266 en
776 6228 954 6268 octobre
979 6228 1092 6275 1910,
1119 6228 1158 6268 la
1175 6229 1312 6268 direc¬

291 6291 378 6331 tion
399 6290 456 6330 du
476 6286 802 6329 Trait-d’Umon
831 6302 930 6330 mon
963 6291 1175 6332 intention
1208 6291 1312 6332 était

290 6352 344 6392 de
392 6352 499 6392 faire
535 6351 590 6392 de
637 6350 957 6392 l’intéressante
1003 6353 1311 6395 combinaison

292 6414 488 6464 mariage
519 6426 603 6454 une
642 6424 791 6454 œuvre
831 6414 1028 6455 sérieuse
1071 6419 1111 6455 et
1147 6417 1252 6457 utile
1288 6419 1311 6458 à

290 6480 399 6516 tous.

345 6539 407 6587 En
420 6539 633 6588 quelques
647 6540 775 6588 mois,
794 6539 847 6580 de
868 6536 1162 6580 nombreuses
1179 6542 1314 6580 modi¬

291 6599 488 6640 fications
507 6603 580 6639 ont
602 6602 668 6640 été
705 6603 915 6643 réalisées
952 6602 1066 6640 dans
1087 6601 1125 6640 le
1162 6602 1239 6643 but
1259 6604 1312 6644 de

295 6662 456 6703 rendre
480 6660 583 6714 plus
607 6664 838 6712 profitable
860 6663 1105 6715 l’originale
1139 6663 1235 6706 idée
1254 6666 1310 6706 du

288 6723 484 6772 mariage
507 6735 587 6772 par
608 6722 834 6774 publicité.

1451 2231 1587 2271 Notre
1610 2232 1744 2272 siècle
1772 2232 1808 2272 si
1840 2232 1991 2272 fécond
2022 2244 2072 2272 en
2098 2233 2354 2275 inventions
2390 2239 2435 2275 et

1403 2292 1692 2335 découvertes
1714 2295 1768 2334 de
1811 2299 1952 2334 toutes
1998 2299 2155 2344 sortes,
2207 2308 2231 2336 a
2278 2308 2331 2336 vu
2383 2308 2430 2338 se

1402 2356 1542 2404 créer,
1582 2367 1628 2395 se
1671 2356 1938 2407 développer
1976 2361 2018 2396 et
2055 2368 2103 2397 se
2144 2359 2430 2399 transformer

1402 2428 1485 2456 une
1506 2418 1604 2457 bien
1631 2419 1827 2458 modeste
1851 2420 2098 2459 nouveauté
2131 2433 2139 2460 :
2174 2420 2420 2460 l’annonce.

1453 2480 1484 2518 Il
1519 2491 1546 2530 y
1587 2490 1611 2518 a
1647 2480 1883 2530 cinquante
1920 2491 2014 2530 ans,
2058 2479 2284 2523 l’annonce
2324 2483 2430 2523 était

1401 2551 1514 2589 rare,
1550 2541 1755 2591 discrète,
1794 2540 1972 2583 limitée.
2015 2543 2307 2595 Aujourd’hui
2346 2544 2428 2584 elle

1400 2603 1592 2654 remplit,
1616 2605 1641 2643 à
1662 2604 1746 2644 elle
1766 2606 1903 2654 seule,
1929 2606 2039 2646 deux
2069 2618 2126 2646 ou
2158 2608 2264 2647 trois
2292 2619 2429 2658 pages

1399 2666 1478 2704 des
1492 2666 1658 2715 grands
1674 2667 1941 2716 quotidiens,
1960 2668 2043 2707 elle
2066 2667 2217 2719 frappe
2239 2671 2263 2708 à
2287 2672 2429 2709 loutes

1400 2726 1466 2766 les
1484 2730 1647 2778 portes,
1669 2728 1752 2767 elle
1775 2739 1822 2767 se
1842 2730 1979 2778 glisse
1997 2730 2108 2768 dans
2130 2733 2228 2770 tous
2254 2731 2318 2770 les
2346 2732 2423 2770 mi¬

1398 2788 1532 2838 lieux,
1566 2789 1650 2830 elle
1676 2790 1851 2830 devient
1882 2791 2208 2840 envahissante,
2239 2795 2427 2843 gênante

1402 2851 1582 2904 parfois;
1608 2852 1690 2893 elle
1710 2855 1848 2902 trône,
1868 2854 1951 2894 elle
1972 2854 2215 2906 triomphe;
2236 2867 2284 2896 sa
2307 2856 2426 2907 puis¬

1396 2926 1531 2955 sance
1554 2918 1620 2955 est
1638 2914 1852 2956 illimitée.

1449 2975 1671 3025 Pourquoi
1710 2976 1823 3015 donc
1856 2976 2075 3015 s’étonner
2108 2976 2236 3027 qu’on
2280 2978 2424 3018 utilise

1396 3038 1508 3075 cette
1533 3038 1677 3076 même
1700 3038 1910 3087 publicité
1932 3048 2042 3087 pour
2063 3039 2232 3079 arriver
2263 3052 2316 3079 au
2353 3040 2424 3079 ré¬

1394 3106 1530 3145 sultat
1551 3107 1699 3147 désiré
1719 3119 1799 3158 par
1819 3112 1918 3147 tous
1934 3119 2042 3148 ceux
2077 3111 2150 3160 qui
2195 3114 2347 3151 rêvent
2369 3111 2423 3151 de

1395 3167 1547 3208 fonder
1567 3179 1624 3207 un
1646 3175 1767 3220 loyer
1787 3170 1804 3208 ?

1450 3232 1632 3270 Peut-on
1666 3232 1894 3283 employer
1931 3244 2088 3286 moyen
2129 3235 2231 3285 plus
2268 3239 2346 3275 sûr
2383 3239 2424 3275 et

1396 3294 1539 3332 moins
1562 3294 1815 3343 dangereux
1836 3306 1947 3346 pour
1968 3307 2150 3346 essayer
2172 3296 2224 3336 de
2248 3308 2427 3348 rappro¬

1394 3355 1498 3395 cher
1531 3355 1643 3395 deux
1674 3356 1899 3398 destinées
1919 3360 1939 3398 ?
1966 3359 2288 3399 Certainement
2319 3372 2420 3399 non.

1394 3418 1446 3456 Et
1468 3418 1572 3456 c’est
1595 3429 1707 3467 pour
1728 3423 1840 3460 cette
1862 3420 2009 3460 raison
2031 3432 2117 3472 que
2144 3421 2351 3463 s’affirme
2370 3423 2423 3462 de

1392 3480 1490 3530 jour
1511 3491 1564 3519 en
1587 3482 1683 3531 jour
1707 3480 1744 3522 le
1763 3483 1920 3522 succès
1938 3483 1991 3522 de
2019 3483 2197 3524 l’œuvre
2234 3496 2318 3535 que
2352 3483 2425 3535 j’ai

1393 3552 1639 3602 entreprise
1661 3556 1703 3592 et
1723 3564 1809 3603 que
1827 3555 1869 3603 je
1890 3564 1946 3592 ne
1965 3554 2114 3594 crains
2139 3567 2219 3605 pas
2238 3555 2292 3594 de
2312 3566 2423 3595 con¬

1393 3611 1563 3651 sidérer
1583 3623 1757 3654 comme
1778 3614 2077 3655 humanitaire
2098 3618 2139 3656 et
2159 3616 2339 3658 sociale.

1450 3675 1584 3715 Reste
1606 3676 1882 3716 maintenant
1899 3678 1923 3716 à
1945 3678 2139 3719 détruire
2179 3680 2218 3719 le
2238 3679 2422 3730 préjugé

1394 3738 1468 3788 qui
1489 3738 1623 3780 flétrit
1646 3741 1736 3779 tout
1755 3751 1803 3780 ce
1819 3739 1894 3790 qui
1910 3741 2068 3780 touche
2087 3752 2171 3781 aux
2192 3742 2422 3792 questions

1394 3800 1758 3842 matrimoniales.
1784 3802 1882 3844 Oui.
1907 3802 1935 3840 il
1958 3806 2023 3842 est
2046 3802 2124 3842 des
2158 3814 2347 3852 agences
2382 3806 2423 3843 et

1394 3860 1474 3902 des
1494 3865 1830 3904 entremetteurs
1851 3864 1955 3904 dont
1978 3864 2004 3903 il
2036 3864 2126 3904 faut
2163 3876 2210 3906 se
2250 3866 2419 3914 méfier;

1393 3923 1507 3964 mais
1530 3936 1584 3964 un
1615 3926 1804 3967 honnête
1842 3930 1883 3966 et
1916 3926 2134 3966 inoffensif
2171 3928 2344 3978 journal
2368 3938 2421 3967 ne

1392 3987 1560 4027 saurait
1581 3987 1772 4040 inspirer
1806 3988 1859 4028 de
1896 3988 2094 4029 défiance
2137 3992 2160 4029 à
2203 4000 2420 4040 personne

1391 4048 1572 4102 lorsque
1593 4061 1644 4089 sa
1662 4051 1878 4091 direction
1899 4055 1967 4091 est
1983 4062 2206 4092 reconnue
2220 4052 2420 4091 sérieuse

1392 4111 1434 4148 et
1456 4108 1802 4160 irréprochable.

1446 4171 1582 4211 D’une
1607 4171 1732 4219 façon
1758 4172 1963 4220 générale
1986 4183 2095 4212 ceux
2115 4174 2188 4225 qui
2226 4172 2420 4224 aspirent

1391 4244 1447 4272 au
1470 4233 1667 4282 mariage
1688 4236 1919 4283 acceptent
1954 4237 1995 4274 et
2030 4234 2267 4276 sollicitent
2296 4234 2420 4275 l’avis

1391 4294 1492 4334 d’un
1534 4295 1636 4345 ami,
1680 4295 2002 4335 l’intervention
2054 4295 2111 4335 du
2155 4298 2338 4343 notaire,
2383 4298 2420 4336 le

1390 4358 1555 4396 conseil
1582 4356 1639 4395 du
1664 4359 1823 4408 prêtre,
1848 4362 1930 4398 etc.
1963 4358 2076 4396 C’est
2104 4369 2188 4408 que
2228 4359 2322 4398 rien
2346 4359 2415 4398 ici-

1389 4419 1470 4459 bas
1490 4430 1543 4459 ne
1564 4423 1667 4470 peut
1687 4431 1734 4460 se
1759 4420 1939 4460 réaliser
1979 4431 2084 4460 sans
2131 4421 2170 4462 le
2206 4431 2420 4462 concours

1388 4472 1492 4512 d’un
1512 4474 1613 4514 aide
1635 4476 1897 4525 compétent.

1443 4536 1489 4574 Si
1511 4547 1623 4575 vous
1653 4547 1760 4576 avez
1798 4536 1837 4576 le
1875 4536 2079 4576 bonheur
2111 4537 2167 4578 de
2209 4538 2423 4588 posséder

1391 4598 1506 4636 amis
1533 4601 1574 4636 et
1610 4599 1836 4647 relations,
1870 4599 1907 4638 si
1941 4602 2063 4638 votre
2092 4599 2243 4638 milieu
2280 4599 2418 4639 social

1392 4670 1502 4699 vous
1523 4663 1694 4710 permet
1714 4660 1767 4700 de
1792 4663 1968 4700 trouver
1990 4663 2147 4700 autour
2170 4660 2224 4700 de
2247 4672 2355 4700 vous
2376 4660 2417 4699 la

1391 4732 1610 4772 personne
1643 4723 1718 4775 qui
1767 4723 1859 4763 doit
1907 4727 2114 4774 partager
2160 4727 2284 4764 votre
2334 4723 2415 4771 vie,

1388 4784 1682 4834 gardez-vous
1703 4786 1907 4836 d’égarer
1930 4786 2110 4826 ailleurs
2131 4798 2210 4826 vos
2238 4787 2416 4827 recher¬

1390 4847 1508 4888 ches.

1443 4910 1555 4948 Mais
1608 4910 1646 4948 si
1688 4921 1799 4961 pour
1839 4910 2058 4950 d’infinies
2094 4911 2269 4949 raisons
2310 4920 2420 4948 vous

1387 4972 1479 5011 êtes
1512 4972 1834 5022 ômbarrassés,
1868 4972 2004 5012 isolés
2038 4971 2149 5011 dans
2187 4972 2228 5011 la
2264 4971 2348 5020 vie,
2380 4971 2417 5010 si

1387 5038 1510 5074 votre
1549 5038 1792 5086 entourage
1827 5047 1879 5075 ne
1913 5046 2024 5074 vous
2059 5034 2226 5085 inspire
2256 5035 2417 5084 qu’une

1389 5098 1610 5137 médiocre
1631 5100 1871 5144 confiance,
1895 5108 2076 5148 essayez
2094 5096 2148 5139 de
2171 5096 2412 5138 l’annonce.

1388 5159 1483 5200 Elle
1505 5171 1614 5200 vous
1635 5164 1808 5211 promet
1838 5162 2004 5200 entière
2034 5163 2074 5200 et
2107 5160 2292 5200 absolue
2330 5160 2416 5199 dis¬

1387 5223 1568 5271 crétion,
1607 5226 1648 5263 et
1687 5224 1771 5263 elle
1807 5234 1918 5263 vous
1958 5223 2104 5262 donne
2144 5222 2323 5272 l’espoir
2362 5222 2418 5262 de

1387 5287 1566 5324 trouver
1584 5295 1632 5325 ce
1667 5296 1752 5336 que
1792 5296 1904 5326 nous
1926 5284 2174 5325 cherchons
2207 5287 2307 5324 tous
2344 5284 2418 5324 ici-

1386 5346 1500 5386 bas.:
1531 5346 1570 5386 le
1600 5346 1799 5387 bonheur
1835 5347 1946 5387 dans
1979 5347 2142 5386 l’union
2176 5346 2347 5386 désirée
2376 5348 2418 5386 et

1386 5410 1529 5449 rêvée.
2044 5411 2155 5450 Jean
2179 5408 2343 5448 BACH.

1453 5571 1681 5647 SERVICE
1739 5572 1809 5648 DE
1855 5569 2345 5648 RENSEIGNEMENTS

1447 5692 1588 5732 Toute
1619 5703 1842 5744 personne
1872 5692 2011 5743 ayant
2039 5691 2194 5732 besoin
2227 5690 2412 5731 d’infor¬

1392 5751 1590 5791 mations
1612 5752 1754 5800 sûres,
1779 5760 1837 5791 au
1859 5750 1987 5802 point
2008 5750 2063 5791 de
2083 5762 2171 5792 vue
2191 5748 2411 5790 financier

1388 5810 1679 5856 commercial
1704 5821 1763 5852 ou
1788 5809 1931 5862 privé,
1960 5808 2235 5851 concernant
2287 5807 2412 5850 affai¬

1388 5880 1472 5916 res,
1503 5868 1730 5920 mariages
1756 5881 1813 5911 ou
1842 5870 2008 5918 autres,
2040 5879 2222 5911 recevra
2248 5868 2311 5908 du
2339 5867 2412 5907 Di¬

1388 5927 1564 5968 recteur
1590 5928 1654 5968 les
1681 5928 2068 5979 renseignements
2095 5928 2159 5969 les
2184 5927 2290 5979 plus
2315 5928 2412 5979 pré¬

1387 5988 1466 6039 cis,
1493 5988 1520 6028 à
1543 5988 1622 6028 des
1646 5988 1750 6040 prix
1775 5988 1864 6028 très
1890 5989 2110 6030 modérés.
2141 5988 2223 6029 Ces
2247 5987 2412 6028 rensei¬

1390 6048 1627 6100 gnements
1649 6060 1694 6090 se
1717 6047 1871 6100 paient
1891 6048 2120 6090 d’avance.

1468 6215 1940 6361 Ûonjlnnaigon
2000 6232 2346 6361 Mariage^

1595 6434 1894 6496 NOTRE
1985 6434 2216 6496 ROLE

1449 6547 1506 6590 Le
1532 6566 1551 6587 «
1578 6549 1699 6592 Trait
1723 6550 1923 6592 d’Union
1950 6567 1970 6590 »
1998 6556 2178 6605 accepte
2199 6554 2326 6591 toute
2347 6562 2413 6591 es¬

1388 6608 1494 6662 pèce
1523 6607 1576 6650 de
1604 6610 1844 6662 publicité;
1874 6611 1990 6651 mais
2018 6610 2050 6651 il
2078 6610 2286 6664 s’occupe
2314 6610 2411 6663 spé¬

1388 6667 1631 6711 cialement
1659 6668 1938 6712 d’annonces
1968 6670 2022 6711 de
2052 6671 2292 6724 mariages.

1449 6727 1506 6770 Le
1528 6727 1612 6769 but
1639 6727 1811 6783 unique
1835 6728 1888 6771 de
1914 6730 1954 6770 la
1980 6728 2214 6772 Direction
2240 6739 2304 6771 est
2359 6727 2411 6770 de

2510 2235 2727 2279 favoriser
2755 2238 2818 2280 les
2846 2240 3015 2280 unions
3043 2239 3210 2295 légales
3238 2246 3280 2283 et
3307 2240 3532 2283 chrétien¬

2510 2308 2588 2338 nes
2618 2310 2699 2351 par
2728 2311 2792 2338 un
2822 2298 3016 2351 procédé
3044 2299 3211 2343 discret
3239 2306 3282 2343 et
3312 2300 3528 2351 honnête,

2510 2356 2866 2398 contrairement
2887 2358 2910 2398 à
2934 2359 3128 2400 certains
3148 2361 3386 2412 journaux
3406 2360 3532 2402 simi¬

2510 2413 2639 2456 laires
2664 2416 2743 2468 qui
2767 2420 2871 2456 sont
2895 2415 2971 2457 des
2995 2430 3188 2470 agences
3212 2419 3530 2460 matrimonia¬

2508 2472 2570 2512 les
2591 2473 2842 2527 déguisées.

2567 2531 2624 2575 Le
2656 2534 2888 2575 Directeur
2915 2536 3056 2586 reçoit
3083 2535 3123 2577 le
3151 2538 3355 2578 courrier
3382 2538 3436 2579 de
3464 2551 3531 2579 ses

2506 2590 2726 2642 abonnés,
2754 2594 2867 2638 seul,
2897 2594 2930 2634 il
2954 2594 2995 2636 le
3019 2599 3258 2644 transmet,
3287 2600 3331 2638 et
3355 2598 3467 2647 seul,
3498 2597 3531 2638 il

2506 2650 2682 2704 répond
2706 2664 2794 2692 aux
2816 2651 2968 2696 lettres
2994 2655 3073 2707 qui
3097 2654 3163 2696 lui
3187 2659 3291 2696 sont
3343 2668 3531 2708 person¬

2508 2710 2756 2752 nellement
2778 2711 3019 2754 adressées.

2564 2768 2650 2811 Par
2675 2783 2778 2815 une.
2792 2771 3113 2814 combinaison
3170 2771 3351 2814 d’offres
3378 2778 3420 2814 et
3475 2774 3530 2815 de

2506 2827 2754 2871 demandes
2783 2834 2827 2871 et
2856 2843 2938 2884 par
2967 2831 3010 2872 la
3042 2831 3432 2887 correspondance
3463 2832 3530 2874 di¬

2506 2893 2623 2931 recte
2650 2894 2775 2931 entre
2802 2888 2864 2932 les
2892 2890 3112 2943 abonnés,
3142 2892 3204 2934 les
3232 2893 3456 2947 mariages
3483 2904 3528 2933 se

2504 2946 2607 2990 font
2627 2960 2730 2990 sans
2751 2948 3131 2993 intermédiaires.

2580 3005 2700 3048 Nous
2738 3020 2795 3048 ne
2830 3008 3039 3050 saurions
3076 3023 3195 3051 assez
3230 3011 3406 3066 répéter
3442 3023 3530 3066 que

2507 3079 2623 3108 nous
2646 3066 2836 3108 n’avons
2859 3067 2959 3109 rien
2982 3068 3038 3110 de
3059 3082 3285 3111 commun
3309 3084 3417 3112 avec
3439 3083 3531 3111 une

2506 3138 2675 3179 agence
2710 3127 3069 3169 matrimoniale.
3110 3128 3207 3170 Non
3274 3130 3529 3172 seulement

2510 3198 2625 3227 nous
2658 3199 2712 3227 ne
2743 3186 2915 3228 faisons
2948 3200 3025 3242 pas
3057 3187 3111 3230 de
3142 3190 3383 3244 mariages,
3418 3190 3533 3231 mais

2508 3257 2671 3286 encore
2703 3259 2818 3286 nous
2854 3259 2908 3287 ne
2940 3247 3196 3290 réclamons
3230 3262 3408 3290 aucune
3470 3262 3534 3290 es¬

2507 3304 2615 3357 pèce
2644 3304 2698 3346 de
2726 3306 3027 3347 commission
3056 3311 3100 3348 et
3128 3312 3258 3349 notre
3286 3307 3380 3350 rôle
3410 3307 3532 3348 d’au¬

2507 3362 2683 3406 xiliaire
2711 3364 2876 3406 discret
2904 3378 3024 3406 cesse
3082 3379 3139 3407 au
3196 3371 3407 3407 moment
3435 3371 3533 3422 pré¬

2507 3422 2570 3462 cis
2604 3424 2665 3464 où
2700 3423 2762 3464 les
2798 3424 3035 3464 intéressés
3072 3424 3200 3466 n’ont
3235 3426 3338 3479 plus
3373 3426 3531 3467 besoin

2507 3480 2560 3522 de
2586 3494 2668 3523 nos
2694 3484 2899 3523 services.

2568 3540 2701 3583 Notre
2738 3543 2934 3596 système
2972 3542 3044 3583 n’a
3080 3544 3178 3586 rien
3216 3544 3271 3586 de
3307 3558 3532 3587 commun

2508 3612 2601 3639 non
2631 3600 2734 3654 plus
2764 3614 2870 3642 avec
2900 3602 2962 3642 les
2993 3615 3224 3644 annonces
3255 3604 3330 3644 des
3362 3604 3531 3656 grands

2504 3659 2738 3712 journaux
2767 3660 3003 3714 parisiens.
3037 3661 3151 3703 Leur
3179 3662 3395 3703 méthode
3424 3675 3531 3703 con¬

2506 3719 2610 3759 siste
2636 3720 2659 3760 à
2688 3720 2859 3760 insérer
2887 3719 2963 3761 des
2991 3720 3239 3763 demandes
3298 3727 3340 3763 et
3395 3722 3530 3763 offres

2506 3779 2560 3819 de
2596 3780 2838 3834 mariages,
2878 3779 3222 3834 généralement
3258 3795 3526 3836 anonymes,

2504 3843 2547 3879 et
2576 3844 2759 3892 portant
2788 3839 3075 3882 l’indication
3112 3855 3120 3882 :
3154 3859 3174 3880 «
3204 3846 3331 3896 poste
3360 3846 3530 3883 restan¬

2503 3902 2544 3939 te
2570 3914 2610 3938 ».

2563 3956 2687 4000 Cette
2719 3959 2964 4000 discrétion
2997 3961 3084 4001 très
3117 3961 3322 4015 légitime
3353 3966 3396 4003 et
3426 3974 3530 4002 sans

2504 4015 2700 4071 dangers
2735 4023 2862 4060 entre
2896 4018 3120 4061 honnêtes
3155 4034 3283 4075 gens,
3323 4022 3531 4075 présente

2503 4083 2543 4124 le
2570 4082 2674 4138 plus
2731 4091 2926 4127 souvent
2983 4085 3037 4126 de
3095 4100 3254 4140 graves
3314 4087 3530 4128 inconvé¬

2504 4143 2670 4187 nients.
2720 4144 2791 4186 Un
2819 4146 3180 4199 correspondant
3207 4147 3286 4200 qui
3315 4147 3530 4188 dissimu¬

2503 4204 2543 4245 le
2571 4216 2654 4244 son
2684 4204 2874 4246 identité
2903 4219 2960 4247 ne
2988 4210 3098 4259 peut
3124 4206 3254 4247 offrir
3283 4206 3337 4247 de
3367 4219 3530 4259 garan¬

2503 4264 2584 4306 ties
2611 4265 2843 4306 sérieuses.
2874 4263 2991 4306 Neuf
3018 4264 3104 4307 fois
3132 4279 3210 4307 sur
3236 4266 3327 4315 dix,
3360 4266 3422 4306 les
3450 4267 3528 4306 let¬

2503 4327 2591 4365 tres
2647 4323 2870 4366 adressées
2924 4324 2948 4364 à
3004 4337 3075 4366 ces
3130 4339 3346 4367 coureurs
3372 4324 3426 4366 de
3451 4325 3530 4366 dot

2503 4386 2672 4426 restent
2695 4396 2799 4426 sans
2823 4383 3031 4438 réponse.
3061 4384 3118 4428 Le
3143 4384 3240 4426 naïf
3263 4398 3529 4439 correspon¬

2504 4443 2614 4484 dant
2643 4443 2882 4498 s’aperçoit
2911 4443 3023 4496 qu’il
3055 4458 3078 4484 a
3109 4446 3178 4487 été
3207 4444 3530 4487 l’amusement

2503 4502 2614 4544 d’un
2640 4503 2828 4544 fumiste
2855 4516 2915 4544 ou
2941 4502 3052 4543 d’un
3080 4503 3274 4546 farceur.

2561 4562 2751 4604 Pareille
2786 4563 3104 4606 mésaventure
3139 4563 3253 4606 n’est
3290 4578 3367 4618 pas
3402 4565 3426 4606 à
3462 4578 3527 4606 re¬

2502 4622 2678 4672 douter,
2710 4623 2843 4676 grâce
2869 4623 2892 4663 à
2922 4623 3178 4665 l’heureuse
3206 4624 3527 4666 combinaison

2502 4682 2563 4724 du
2590 4682 2710 4724 Trait
2739 4683 2954 4724 d’Union.
2984 4682 3123 4724 Grâce
3150 4684 3172 4724 à
3200 4684 3280 4732 lui,
3311 4683 3459 4725 riches
3486 4690 3528 4726 et

2503 4755 2695 4796 pauvres
2754 4742 2883 4784 n’ont
2911 4743 3014 4798 plus
3043 4742 3200 4785 besoin
3230 4743 3284 4783 de
3311 4742 3527 4784 relations

2502 4802 2812 4856 personnelles
2847 4816 2964 4856 pour
2999 4801 3144 4844 s’unir
3179 4802 3452 4857 dignement
3486 4807 3529 4844 et

2502 4862 2627 4903 selon
2661 4861 2759 4903 leur
2791 4861 2926 4903 désir.
2991 4860 3372 4912 Journellement,
3411 4875 3528 4905 nous

2504 4934 2720 4963 recevons
2756 4920 2833 4963 des
2869 4920 3020 4962 lettres
3058 4920 3113 4964 de
3148 4923 3522 4966 remerciements

2502 4986 2544 5023 et
2579 4981 2633 5023 de
2667 4982 2960 5023 félicitations
2995 4994 3114 5035 pour
3148 4982 3190 5023 la
3224 4983 3428 5024 manière
3463 4982 3527 5023 sé¬

2501 5042 2647 5083 rieuse
2670 5040 2783 5082 dont
2805 5040 2939 5095 opère
2963 5040 3004 5082 la
3028 5040 3278 5084 Direction.

2560 5099 2627 5142 En
2655 5113 2704 5142 ce
2734 5100 2814 5154 qui
2843 5114 3067 5143 concerne
3096 5102 3138 5143 la
3167 5101 3527 5156 correspondan¬

2502 5174 2566 5210 ce,
2600 5173 2715 5202 nous
2746 5174 2862 5202 nous
2891 5160 3063 5203 faisons
3094 5175 3184 5204 une
3214 5162 3275 5203 loi
3306 5162 3360 5203 de
3388 5166 3527 5203 rester

2503 5223 2684 5263 neutres
2720 5224 2763 5263 et
2796 5219 3030 5275 d’ignorer
3064 5234 3114 5263 ce
3150 5219 3428 5275 qu’écrivent
3464 5219 3526 5262 les

2503 5279 2754 5323 intéressés.

2558 5338 2614 5380 Le
2638 5344 2779 5382 secret
2804 5339 2879 5382 des
2906 5339 3056 5382 lettres
3080 5344 3146 5383 est
3170 5340 3306 5382 chose
3330 5340 3479 5382 sacrée
3517 5339 3526 5381 I

3040 5410 3111 5452 LA
3142 5410 3463 5454 DIRECTION.

2585 5581 3427 5666 CONDITIONS

2666 5716 2720 5754 11
2747 5714 2910 5754 francs
2931 5726 3055 5766 pour
3078 5715 3199 5755 trois
3223 5716 3344 5755 mois

2502 5807 2712 5847 Donnant
2727 5804 2844 5846 droit
2863 5803 2890 5846 à
2910 5815 2996 5846 une
3016 5815 3235 5854 annonce,
3258 5815 3315 5844 au
3335 5803 3516 5851 journal

2555 5883 2660 5915 sous
2679 5875 2942 5923 enveloppe,
2964 5876 3006 5913 et
3026 5882 3083 5912 au
3104 5872 3272 5914 service
3292 5874 3347 5914 de
3368 5872 3410 5912 la
3430 5880 3520 5912 cor¬

2551 5933 2875 5983 respondance.

2492 5991 2823 6030 Abonnement
2848 5990 2907 6041 au
2934 5990 3132 6041 journal
3158 5990 3270 6035 seul,
3306 6000 3418 6030 sous
3447 6000 3526 6030 en¬

2543 6044 2752 6095 veloppe.

2502 6108 2567 6147 Un
2587 6116 2643 6147 an
2663 6108 2687 6146 6
2703 6106 2872 6156 francs,
2894 6108 2960 6147 six
2983 6106 3098 6146 mois
3115 6107 3139 6146 3
3156 6107 3324 6146 francs.

2558 6291 3468 6396 FONCTIONNEMENT

2555 6551 2696 6596 Toute
2728 6567 2956 6607 personne
2988 6556 3067 6609 qui
3100 6554 3245 6595 désire
3277 6552 3520 6594 s’abonner

2496 6611 2520 6652 à
2545 6611 2585 6655 la
2610 6614 2931 6655 combinaison
2955 6614 3179 6667 mariages
3203 6611 3299 6652 doit
3322 6624 3520 6666 envoyer

2498 6684 2552 6711 au
2586 6671 2836 6722 Directeur,
2870 6686 2954 6714 son
2984 6683 3211 6722 annonce,
3244 6684 3327 6714 son
3390 6684 3516 6720 nom,

2498 6743 2579 6771 son
2602 6733 2778 6774 adresse
2827 6731 3061 6780 véritable,
3086 6736 3128 6776 et
3149 6732 3188 6774 le
3214 6732 3311 6788 prix
3332 6731 3387 6775 de
3436 6743 3516 6773 son

3614 2245 3943 2296 abonnement,
3970 2247 4055 2289 soit
4079 2262 4190 2290 onze
4211 2250 4367 2302 francs
4387 2263 4507 2303 pour
4531 2252 4639 2293 trois

3615 2304 3731 2344 mois
3756 2318 3814 2344 en
3840 2306 4044 2355 mandat,
4074 2308 4160 2348 bon
4190 2308 4243 2348 de
4267 2312 4394 2362 poste
4419 2313 4479 2350 ou
4536 2311 4639 2351 tim¬

3614 2363 3728 2404 bres.

3674 2421 3729 2464 Le
3755 2421 4005 2473 Directeur,
4035 2425 4130 2466 seul
4156 2427 4329 2480 occupé
4352 2439 4409 2467 au
4435 2426 4640 2482 dépouil¬

3612 2479 3786 2522 lement
3811 2480 3872 2523 du
3900 2482 4103 2524 courrier
4128 2488 4208 2534 est,
4239 2484 4498 2539 également
4524 2488 4636 2536 seul,

3612 2542 3635 2579 à
3668 2540 3906 2582 connaître
3968 2540 4178 2584 l’adresse
4240 2544 4458 2586 véritable
4491 2546 4544 2586 de
4576 2560 4644 2588 ses

3612 2598 3831 2640 abonnés.
3870 2599 3996 2642 Cette
4059 2601 4238 2644 adresse
4270 2608 4337 2644 est
4370 2605 4639 2658 remplacée,

3612 2656 3726 2699 dans
3755 2656 3797 2699 le
3825 2658 4028 2712 journal,
4063 2673 4144 2714 par
4205 2674 4268 2702 un
4301 2663 4497 2704 numéro
4527 2664 4643 2707 d’or¬

3612 2715 3706 2766 dre,
3746 2718 4087 2772 indispensable
4151 2733 4267 2774 pour
4302 2720 4342 2762 la
4378 2735 4643 2778 correspon¬

3611 2773 3770 2816 dance.

3674 2840 3733 2883 Ce
3787 2844 3984 2886 numéro
4038 2851 4103 2887 est
4158 2848 4492 2902 communiqué
4517 2850 4540 2891 à
4567 2851 4643 2892 l’a¬

3614 2899 3768 2942 bonné
3794 2915 3848 2942 en
3875 2903 4027 2945 même
4052 2909 4199 2959 temps
4226 2907 4367 2960 qu’on
4392 2908 4456 2948 lui
4483 2922 4642 2951 accuse

3612 2958 3844 3012 réception
3872 2960 3933 3003 du
3960 2964 4164 3006 mandat.

3668 3023 3934 3079 Supposons
3992 3031 4164 3082 qu’une
4192 3032 4246 3074 de
4275 3046 4356 3074 nos
4414 3032 4643 3078 abonnées

3612 3084 3780 3127 veuille
3806 3086 3947 3127 écrire
3973 3087 3998 3128 à
4026 3088 4084 3130 M.
4115 3088 4226 3140 X...,
4258 3091 4371 3132 dont
4397 3091 4643 3136 l’annonce

3613 3147 3740 3195 porte
3768 3144 3809 3186 le
3838 3147 3889 3184 n°
3921 3146 3961 3187 6.
3995 3146 4090 3190 Elle
4118 3150 4278 3190 inscrit
4305 3150 4589 3196 lisiblement
4616 3155 4639 3196 à

3613 3202 3654 3242 la
3686 3202 3846 3256 plume
3878 3219 3938 3247 ou
3971 3220 4027 3248 au
4060 3220 4229 3262 crayon
4262 3222 4346 3250 son
4379 3223 4491 3252 nom
4524 3218 4568 3255 et
4600 3214 4640 3255 Je

3612 3263 3663 3301 n°
3694 3262 3716 3302 6
3744 3263 3858 3304 dans
3886 3264 4138 3307 l’intérieur
4163 3266 4217 3308 de
4244 3267 4284 3307 la
4312 3270 4538 3322 première
4564 3287 4639 3314 en¬

3611 3319 3819 3375 veloppe,
3855 3322 3966 3363 celle
3999 3325 4076 3376 qui
4111 3330 4239 3379 porte
4272 3326 4312 3368 le
4345 3342 4454 3370 nom
4488 3335 4531 3371 et
4564 3332 4639 3372 l’a¬

3612 3378 3762 3422 dresse
3796 3380 3858 3422 du
3893 3382 4130 3424 Directeur
4164 3384 4226 3427 du
4262 3387 4384 3428 Trait
4419 3389 4635 3432 d’Union.

3612 3438 3735 3480 Dans
3762 3444 3875 3482 cette
3900 3440 4154 3497 enveloppe
4179 3444 4264 3486 elle
4291 3446 4416 3498 place
4443 3447 4483 3487 la
4512 3448 4640 3491 lettre

3612 3499 3822 3540 cachetée
3857 3501 3936 3554 qui
3972 3500 4068 3544 doit
4103 3504 4195 3546 être
4231 3506 4395 3547 remise
4431 3519 4487 3548 au
4524 3512 4575 3549 n°
4615 3511 4639 3550 6

3611 3571 3694 3610 par
3727 3559 4006 3602 l’entremise
4039 3563 4102 3604 du
4137 3564 4387 3607 Directeur.
4428 3568 4498 3607 Au
4531 3581 4637 3619 reçu

3611 3617 3664 3656 de
3699 3622 3814 3658 cette
3848 3618 3991 3667 lettre,
4031 3619 4071 3660 le
4106 3621 4343 3663 Directeur
4377 3623 4560 3667 déchire
4596 3628 4635 3667 la

3610 3676 3834 3728 première
3870 3678 4138 3732 enveloppe,
4176 3680 4200 3720 à
4236 3692 4319 3722 son
4355 3694 4483 3731 nom,
4523 3683 4636 3728 dans

3611 3735 3863 3776 L’intérieur
3891 3736 3944 3778 de
3972 3736 4168 3791 laquelle
4198 3752 4243 3781 se
4270 3744 4430 3783 trouve
4459 3742 4568 3784 écrit
4598 3744 4636 3786 le

3610 3807 3720 3835 nom
3747 3795 3800 3835 de
3826 3795 4067 3840 l’abonnée
4091 3803 4134 3840 et
4159 3799 4199 3840 le
4224 3800 4419 3842 numéro
4444 3814 4551 3844 avec
4578 3803 4635 3844 le¬

3608 3854 3712 3907 quel
3739 3854 3824 3895 elle
3848 3860 3956 3898 veut
3980 3859 4324 3913 correspondre.

3669 3920 3755 3963 Sur
3783 3922 3823 3963 la
3852 3922 3981 3965 lettre
4008 3925 4218 3968 cachetée
4247 3927 4301 3970 de
4330 3927 4635 3983 l'expéditrice

3611 3981 3637 4020 il
3665 3982 3776 4023 écrit
3801 3982 4011 4025 l’adresse
4032 3985 4254 4028 véritable
4278 3987 4338 4030 du
4367 3991 4416 4030 n°
4444 3990 4468 4030 6
4494 3995 4536 4031 et
4560 4005 4635 4032 en¬

3608 4042 3708 4082 voie
3735 4046 3848 4084 cette
3875 4043 4004 4085 lettre
4031 4057 4135 4087 sans
4162 4046 4353 4088 l’ouvrir
4378 4047 4399 4090 è
4428 4061 4511 4090 son
4539 4050 4635 4092 des¬

3609 4101 3831 4151 tinataire,
3862 4102 3920 4143 M.
3952 4102 4042 4143 X...

3664 4168 3728 4208 De
3763 4172 3878 4210 cette
3911 4168 4062 4220 façon,
4102 4171 4142 4212 le
4178 4172 4406 4214 Directeur
4448 4178 4636 4218 connaît

3603 4227 3699 4267 seul
3736 4227 3946 4268 l’adresse
3983 4230 4060 4271 des
4096 4231 4215 4271 deux
4251 4234 4634 4287 correspondants

3603 4286 3682 4339 qui
3708 4291 3907 4339 peuvent
3931 4288 4175 4330 continuer
4198 4290 4218 4330 à
4246 4303 4266 4331 s
4280 4291 4387 4331 écrit
4447 4306 4527 4346 par
4551 4308 4632 4336 son

3606 4346 3864 4386 entremise.
3939 4346 4136 4400 Lorsque
4172 4348 4235 4389 les
4271 4348 4388 4390 deux
4427 4351 4632 4395 abonnés

3604 4409 3818 4447 trouvent
3850 4406 3911 4447 les
3946 4407 4340 4461 renseignements
4374 4423 4384 4450 ,
4412 4410 4576 4452 nituels
4609 4414 4632 4454 à

3604 4464 3702 4507 leur
3732 4478 4040 4515 convenance,
4076 4467 4131 4508 ils
4163 4474 4362 4522 peuvent
4395 4474 4547 4512 entrer
4576 4485 4632 4513 en

3602 4524 3819 4567 relations
3878 4526 4068 4568 directes
4127 4532 4171 4567 et
4201 4527 4372 4570 arriver
4431 4542 4489 4571 au
4550 4531 4634 4574 but

3602 4586 3840 4639 poursuivi
3867 4586 3922 4627 de
3950 4586 4046 4627 leur
4074 4587 4234 4627 union.

3663 4644 3722 4695 Si,
3763 4658 3820 4686 au
3856 4644 4097 4696 contraire,
4136 4645 4199 4688 les
4236 4647 4632 4702 renseignements

3603 4704 3830 4758 échangés
3859 4718 3915 4747 ne
3944 4704 4006 4746 les
4063 4706 4275 4748 satisfont
4332 4720 4427 4763 pas,
4459 4707 4514 4751 ils
4542 4723 4634 4752 ces¬

3603 4768 3703 4806 sent
3759 4764 3814 4806 de
3844 4766 4173 4819 correspondre
4234 4771 4276 4808 et
4336 4780 4519 4810 comme
4579 4770 4634 4811 ils

3603 4824 3819 4878 ignorent
3873 4823 3970 4866 l’un
4026 4830 4069 4867 et
4124 4825 4299 4876 l’autre,
4330 4827 4428 4869 leur
4454 4840 4566 4871 nom
4592 4839 4635 4871 et

3604 4884 3795 4934 adresse,
3831 4896 3984 4926 aucun
4018 4883 4151 4926 d’eux
4184 4884 4299 4927 n’est
4331 4889 4630 4940 compromis.

3661 4943 3696 4984 Il
3723 4947 3788 4984 est
3813 4943 3920 4986 bien
3948 4944 4151 4986 entendu
4208 4959 4296 4999 que
4353 4959 4470 4987 nous
4498 4946 4633 4988 décli¬

3603 5016 3720 5044 nons
3751 5008 3877 5046 toute
3908 5004 4258 5059 responsabilité
4289 5006 4485 5059 puisque
4517 5019 4634 5048 nous

3602 5076 3718 5106 nous
3742 5063 3914 5106 faisons
3940 5076 4003 5106 un
4028 5063 4185 5106 devoir
4204 5063 4264 5106 de
4288 5068 4427 5106 rester
4452 5074 4634 5108 neutres

3602 5128 3645 5164 et
3678 5122 3911 5178 d’ignorer
3946 5135 3995 5164 ce
4030 5123 4312 5177 qu’écrivent
4347 5136 4430 5166 nos
4464 5136 4634 5167 corres¬

3603 5182 3847 5236 pondants.

3654 5239 3818 5290 Depuis
3860 5239 3955 5279 huit
3994 5250 4075 5279 ans
4112 5250 4198 5291 que
4243 5250 4292 5280 ce
4339 5239 4514 5291 journal
4560 5243 4627 5281 est

3603 5296 3716 5345 créé,
3750 5295 3782 5336 il
3811 5294 3915 5336 s’est
3970 5297 4200 5337 contracté
4259 5296 4315 5338 de
4375 5297 4633 5339 nombreux

3603 5356 3828 5408 mariages
3860 5359 3904 5395 et
3939 5359 4036 5396 tout
4068 5356 4109 5397 le
4141 5351 4312 5398 monde
4346 5356 4431 5398 sait
4463 5356 4504 5397 la
4537 5369 4632 5398 ma¬

3603 5416 3727 5456 nière
3760 5415 3955 5456 sérieuse
3987 5414 4102 5456 dont
4134 5415 4269 5468 opère
4303 5415 4344 5456 la
4379 5415 4629 5458 Direction.

3654 5508 3780 5547 Nota.
3808 5531 3862 5535 —
3891 5508 3953 5547 Ne
3983 5516 4063 5555 pas
4090 5506 4268 5546 oublier
4324 5507 4387 5547 les
4440 5506 4632 5550 timbres

3600 5560 4077 5600 d’affranchissement
4110 5559 4377 5607 obligatoire
4411 5568 4527 5607 pour
4589 5561 4630 5600 la

3600 5612 3822 5664 première
3851 5615 3891 5651 et
3923 5615 3966 5653 la
3995 5612 4231 5654 deuxième
4262 5612 4550 5662 enveloppes.

3633 5778 4233 5857 Recommandations
4279 5783 4595 5862 Générales

3644 5962 3682 5991 1°
3716 5962 3915 5992 Personne
3943 5968 3991 5993 ne
4019 5965 4112 6000 peut
4139 5964 4424 6003 correspondre
4451 5971 4547 5999 avec
4576 5965 4631 5998 les

3602 6012 3778 6046 abonnés
3803 6020 3898 6045 sans
3924 6015 4037 6046 avoir
4062 6015 4175 6048 versé
4203 6016 4258 6048 les
4284 6018 4320 6047 11
4348 6018 4483 6050 francs
4510 6015 4631 6056 régle¬

3603 6066 3814 6099 mentaires
3842 6074 3851 6106 ;

3642 6134 3682 6162 3°
3708 6132 3928 6164 L’annonce
3950 6134 4018 6164 des
4039 6134 4215 6166 abonnés
4236 6135 4319 6167 doit
4342 6135 4524 6174 indiquer
4547 6136 4632 6168 leur

3602 6183 3687 6223 âge,
3718 6184 3802 6216 leur
3827 6184 4032 6223 situation,
4060 6187 4142 6219 s’ils
4168 6185 4344 6219 désirent
4370 6195 4419 6219 ou
4447 6195 4527 6219 non
4555 6195 4632 6220 une

3603 6237 3682 6270 dot.
3711 6238 3792 6268 Elle
3818 6238 3900 6270 doit
3926 6238 4083 6270 fournir
4111 6240 4283 6272 certains
4310 6239 4451 6272 détails
4479 6240 4527 6272 de
4555 6248 4632 6273 ma¬

3604 6291 3712 6323 nière
3731 6290 3756 6323 à
3776 6288 3899 6322 éviter
3920 6290 3988 6322 des
4011 6294 4375 6330 correspondances
4396 6292 4559 6327 inutiles
4580 6301 4591 6331 }

3644 6356 3683 6386 4°
3716 6354 3788 6385 Dès
3817 6354 3937 6392 qu’un
3966 6355 4123 6388 abonné
4151 6363 4174 6390 a
4202 6356 4342 6390 trouvé
4370 6356 4407 6388 la
4436 6363 4632 6395 personne

3603 6408 3648 6438 de
3668 6413 3740 6438 son
3760 6407 3892 6446 choix,
3914 6407 3939 6438 il
3960 6407 4044 6439 doit
4064 6408 4248 6447 prévenir
4268 6410 4303 6442 le
4323 6408 4525 6442 Directeur
4545 6411 4631 6442 afin

3602 6467 3677 6499 que
3699 6467 3772 6494 son
3795 6467 3977 6494 annonce
3999 6460 4077 6492 soit
4099 6462 4272 6494 enlevée.
4301 6462 4329 6494 Il
4353 6460 4503 6494 évitera
4523 6462 4631 6495 ainsi

3603 6515 3743 6546 l’envoi
3777 6515 3824 6546 de
3858 6514 3990 6546 lettres
4022 6515 4088 6552 qui
4123 6514 4345 6547 n’auraient
4378 6514 4466 6552 plus
4498 6519 4630 6548 ausun

3603 6569 3671 6600 but
3698 6570 3734 6599 et
3760 6566 4006 6604 auxquelles,
4035 6574 4107 6606 par
4135 6567 4271 6600 devoir
4298 6567 4346 6600 de
4374 6566 4574 6606 politesse,
4603 6567 4629 6600 Il

3602 6619 3754 6652 devrait
3774 6616 3968 6658 répondre
3990 6626 3999 6656 ;

3642 6686 3680 6716 5°
3708 6686 3776 6716 Les
3798 6690 3999 6716 annonces
4023 6687 4112 6718 sont
4134 6686 4182 6717 de
4202 6684 4262 6716 six
4287 6683 4412 6722 lignes
4435 6691 4486 6717 au
4511 6685 4632 6719 maxi¬

3603 6745 3722 6771 mum.
3779 6739 3848 6770 Les
3903 6736 4031 6775 lignes
4083 6736 4442 6776 supplémentaires
4496 6740 4631 6772 seront
