5228 7184
334 429 392 474 4î*
428 440 616 474 année.
648 454 708 460 —
730 429 798 474 N°
823 423 876 463 63
911 452 974 462 —
1008 429 1027 481 f
1039 427 1098 484 O
1135 435 1267 475 cent,

1521 426 1873 542 ŒUVRE
1945 426 2069 543 DE
2141 423 2977 549 PHILANTHROPIE
3049 433 3477 553 SOCIALE

4058 454 4123 495 Du
4148 454 4208 495 1°'
4231 465 4294 498 au
4322 456 4376 498 15
4396 456 4480 499 Mai
4503 458 4614 499 1912

3688 524 3734 558 U*
3763 519 3819 554 «V

575 657 779 716 Paraissant
802 659 834 715 le
863 659 878 716 1
884 667 916 683 er
939 659 974 715 et
998 659 1028 715 le
1059 659 1100 715 18

2315 678 2528 777 LE

3903 679 4107 734 Paraissant
4130 678 4162 733 le
4191 680 4207 735 1
4213 688 4245 704 er
4268 683 4303 736 et
4325 679 4357 735 le
4387 682 4430 736 15

357 813 1878 1520 Trait
2117 817 4636 1527 düniün

1443 1557 1704 1633 DES
1793 1540 2482 1633 INTÉRÊTS
2565 1543 3540 1660 RÉCIPROQUES

652 1691 1097 1746 Combinaison
1134 1690 1406 1754 Mariage
1443 1688 1626 1739 créée
1667 1703 1743 1739 en
1782 1683 1951 1740 1905
2020 1702 2055 1737 •
2091 1700 2126 1737 •
2162 1702 2198 1736 •
2268 1690 2557 1742 Bureaux
2596 1691 2656 1742 et
2692 1691 3205 1746 Administration
3242 1711 3257 1747 :
3295 1696 3403 1758 26.
3442 1711 3552 1750 rue
3591 1698 3631 1750 d
3650 1699 3879 1768 Astorg
3916 1731 3982 1739 —
4019 1704 4336 1758 Toulouse

424 1827 490 1862 LA
515 1826 648 1863 PLUS
674 1827 926 1863 HONNETE

424 1872 490 1907 LA
517 1873 651 1908 PLUS
678 1874 939 1908 DISCRETE

424 1919 490 1953 LA
515 1919 650 1955 PLUS
676 1920 874 1955 RAPIDE

424 1964 491 2000 LA
522 1966 655 2002 PLUS
686 1966 948 2002 SERIEUSE

423 2011 489 2047 LA
514 2011 648 2047 PLUS
671 2012 810 2047 SURE

424 2058 489 2094 LA
517 2058 683 2094 MOINS
711 2058 887 2095 CHERE

425 2103 523 2139 PAS
555 2103 1038 2140 D'INTERMEDIAIRE

424 2150 523 2186 PAS
551 2151 618 2185 DE
646 2150 978 2187 COMMISSION

1731 1822 2666 1883 Directeur-Propriétaire
2706 1854 2719 1884 ;
2762 1826 2938 1888 Jean
2984 1828 3227 1888 BACH

1531 1930 1742 1964 Annonces
1794 1926 1847 1964 de
1900 1927 2071 1975 Mariage
2118 1928 2206 1971 (six
2247 1928 2377 1975 lignes
2434 1932 2479 1967 et
2526 1929 2793 1970 abonnement
2840 1946 2895 1971 au
2943 1935 3127 1983 journal)

1599 1976 1711 2012 Trois
1747 1976 3126 2022 mois.
3184 1982 3252 2019 11
3284 1987 3431 2023 francs.

1528 2028 1675 2074 Lignes
1695 2028 3127 2075 supplémentaires...
3232 2042 3255 2073 i
3322 2059 3367 2066 —

1531 2083 1770 2118 Annnonces
1790 2084 1829 2118 et
1850 2083 2055 2119 Locations
2078 2082 2192 2124 (trois
2214 2074 3152 2128 mois)..'
3226 2091 3259 2124 tf>
3322 2112 3366 2118 _

1531 2135 1629 2171 Avis
1646 2134 1794 2176 divers,
1815 2135 1942 2170 Offres
1963 2139 2000 2172 et
2022 2135 2240 2171 Demandes
2260 2135 2468 2182 d’emplois
2488 2134 2615 2178 (deux
2635 2138 3129 2182 mois).
3228 2143 3263 2178 8
3324 2163 3368 2172 —

3662 1835 3714 1871 Le
3740 1849 3759 1869 «
3784 1838 3903 1875 Trait
3927 1838 4107 1874 d’Union
4135 1852 4154 1871 »
4179 1844 4240 1877 est
4290 1842 4448 1883 envoyé
4498 1846 4640 1879 contre

3612 1883 3632 1916 0
3655 1883 3707 1917 fr.
3732 1886 3776 1919 10
3799 1883 3824 1919 à
3847 1888 3960 1922 toute
3984 1893 4191 1927 personne
4215 1890 4284 1929 qui
4310 1896 4360 1923 en
4384 1891 4463 1926 fait
4487 1891 4528 1924 la
4574 1890 4639 1925 de-

3614 1930 3780 1965 mande.

3662 1976 3724 2010 Un
3752 1983 3796 2011 n°
3819 1976 4030 2016 spécimen
4056 1982 4118 2014 est
4142 1981 4263 2016 offert
4288 1982 4639 2025 gracieusement,

3611 2019 3638 2055 à
3661 2023 3753 2059 tout
3779 2024 3967 2066 visiteur,
3993 2026 4102 2060 dans
4126 2034 4203 2062 nos
4227 2027 4429 2063 bureaux.

3660 2068 3712 2102 Le
3760 2070 3938 2104 Journal
3988 2074 4051 2106 est
4076 2071 4247 2108 adressé
4273 2072 4299 2107 à
4349 2080 4424 2108 nos
4451 2075 4638 2111 abonnés

3611 2120 3711 2147 sous
3738 2117 3966 2158 enveloppe
3991 2118 4162 2159 fermée,
4190 2126 4292 2158 sans
4318 2127 4482 2155 aucune
4534 2122 4636 2155 ind«-

3614 2166 3755 2201 cation
3787 2171 4034 2210 apparente.

390 2292 702 2384 Dépositaire
710 2311 732 2369 s
776 2297 840 2369 du
878 2293 940 2369 Tr
946 2299 1020 2369 ait
1060 2294 1266 2372 d'Union

323 2434 432 2468 Paris
462 2434 471 2466 :
497 2434 663 2474 kiosque
691 2436 761 2474 136,
791 2443 860 2468 rue
888 2435 1048 2475 Royale;
1076 2435 1240 2474 kiosque
1266 2434 1337 2471 224.

400 2476 618 2510 boulevard
650 2478 913 2515 Saint-Denis;
946 2477 1109 2517 kiosque
1143 2476 1212 2514 189,
1247 2476 1339 2508 bou¬

399 2518 535 2551 levard
570 2517 857 2558 Saint-Michel;
887 2519 1052 2559 kiosque
1083 2518 1154 2556 196,
1208 2518 1339 2550 boule¬

401 2560 498 2592 vard
520 2559 764 2600 Sébastopol.

320 2614 426 2652 Lyon
456 2613 464 2646 ;
493 2612 670 2652 kiosque,
699 2614 730 2651 8,
761 2614 872 2655 place
900 2614 970 2647 des
997 2615 1210 2652 Terreaux;
1238 2612 1339 2646 kios¬

400 2663 487 2695 que,
507 2654 618 2694 place
634 2655 674 2688 la
691 2656 810 2695 Viste;
830 2656 995 2695 kiosque
1014 2655 1031 2686 1
1048 2655 1120 2692 bis,
1140 2655 1251 2695 place
1270 2656 1338 2688 des

399 2696 632 2735 Cordeliers;
657 2696 822 2738 kiosque
845 2699 874 2735 1,
899 2697 992 2736 quai
1015 2697 1062 2728 de
1087 2698 1179 2729 Retz

318 2751 514 2783 Marseille
535 2749 543 2781 :
563 2749 727 2790 kiosque
747 2751 796 2789 12,
819 2750 939 2783 allées
959 2750 1006 2783 de
1027 2749 1216 2788 Meilhan;
1236 2750 1336 2783 kios¬

396 2800 472 2832 que
491 2792 542 2830 25,
564 2797 634 2824 rue
655 2792 839 2831 Noailles;
861 2792 1025 2831 kiosque
1046 2791 1075 2830 1,
1098 2799 1167 2826 rue
1190 2792 1336 2826 Canne-

396 2835 515 2868 bière.

315 2888 520 2920 Bordeaux
547 2887 555 2919 :
579 2886 744 2928 kiosque
770 2888 909 2926 Turbé,
935 2888 1046 2927 place
1071 2888 1118 2920 de
1141 2888 1180 2922 la
1203 2887 1334 2922 Comé¬

394 2931 470 2963 die.

315 2984 538 3023 Perpignan
563 2983 571 3014 :
595 2983 760 3023 kiosque
782 2983 918 3024 Vergé.

312 3039 508 3070 Toulouse
535 3044 542 3078 :
566 3035 806 3078 principaux
826 3036 1012 3076 kiosques

364 3200 738 3300 Abonnés
788 3205 864 3297 et
914 3197 1284 3298 Lecteurs

363 3374 422 3414 Ce
452 3373 642 3427 journal
676 3371 788 3411 n’est
848 3383 929 3422 pas
994 3380 1080 3410 une
1114 3368 1330 3410 création.

303 3432 418 3474 Sous
444 3435 483 3475 le
512 3445 622 3474 nom
648 3431 701 3472 de
727 3428 1118 3483 Rapide-Agence,
1151 3428 1182 3468 il
1207 3431 1334 3480 porte

304 3491 464 3546 depuis
488 3494 594 3544 plus
619 3491 671 3532 de
699 3491 800 3532 huit
826 3503 924 3539 ans.,
954 3490 1066 3530 dans
1095 3491 1239 3531 toutes
1267 3488 1328 3530 les

304 3563 487 3606 régions
514 3551 575 3592 du
599 3551 711 3592 Midi
738 3552 779 3592 et
804 3550 856 3591 de
883 3551 926 3590 la
950 3550 1119 3590 France
1144 3548 1331 3596 entière,

303 3610 554 3655 l'heureuse
591 3610 914 3652 combinaison
976 3606 1100 3650 créée
1134 3620 1216 3662 par
1250 3619 1335 3648 son

303 3672 540 3711 Directeur
571 3674 612 3710 et
643 3670 909 3723 poursuivie
943 3679 1050 3707 avec
1084 3680 1147 3708 un
1178 3667 1332 3707 succès

302 3730 383 3783 qui
408 3742 463 3770 ne
487 3729 590 3770 s'est
612 3727 781 3782 jamais
808 3726 1026 3768 démenti.

359 3788 655 3842 Transformé
683 3791 724 3828 et
758 3786 963 3839 modifié,
997 3798 1103 3827 sous
1135 3799 1224 3827 une
1254 3786 1331 3827 Di¬

300 3848 475 3891 rection
506 3848 734 3896 nouvelle,
767 3848 806 3888 le
865 3844 987 3887 Trait
1016 3845 1218 3888 d’Union
1276 3858 1333 3886 va

306 3907 554 3951 désormais
585 3907 819 3959 s’occuper
850 3906 1175 3959 spécialement
1208 3907 1330 3947 d'an¬

307 3980 476 4010 nonces
508 3967 562 4008 de
594 3967 812 4020 mariage,
846 3967 944 4020 afin
975 3967 1027 4007 de
1060 3967 1238 4008 donner
1271 3976 1332 4004 un

303 4028 470 4070 nouvel
498 4039 619 4068 essor
643 4027 668 4068 à
694 4030 807 4069 cette
834 4039 988 4068 œuvre
1018 4026 1328 4071 intéressante,

304 4087 631 4136 humanitaire,
678 4086 1090 4140 philanthropique
1156 4086 1196 4124 et
1263 4095 1331 4123 so¬

300 4148 428 4190 ciale.

363 4207 422 4248 Ce
446 4207 559 4260 petit
581 4207 770 4260 journal
799 4204 868 4246 n'a
890 4218 970 4259 pas
996 4204 1036 4244 la
1061 4203 1324 4258 prétention

304 4267 441 4308 d'être
499 4267 727 4310 littéraire.
757 4268 834 4306 Ses
863 4266 1065 4304 bureaux
1092 4276 1145 4303 ne
1170 4267 1323 4303 seront

300 4327 470 4380 jamais
495 4326 764 4368 encombrés
790 4324 843 4364 de
870 4323 1059 4363 curieux
1086 4323 1324 4364 indiscrets

306 4387 355 4427 ni
376 4387 428 4428 de
454 4399 563 4440 gens
587 4384 815 4438 d’affaires
836 4383 942 4435 plus
963 4395 1022 4423 ou
1063 4384 1214 4424 moins
1250 4383 1323 4423 vé¬

304 4459 428 4487 reux.

364 4507 459 4547 Une
495 4502 809 4556 organisation
842 4503 1032 4556 parfaite
1068 4506 1108 4543 et
1146 4514 1232 4543 une
1270 4504 1327 4542 te¬

303 4578 392 4608 nue
422 4562 758 4615 irréprochable
790 4576 800 4603 :
827 4562 949 4604 voilà
973 4574 1022 4603 sa
1048 4560 1212 4603 devise.

356 4621 574 4664 Abonnés
606 4624 647 4663 et
679 4622 871 4665 lecteurs
931 4623 1034 4663 sont
1066 4622 1240 4663 assurés
1275 4621 1327 4662 de

303 4687 487 4724 trouver
509 4694 567 4723 en
590 4683 656 4723 lui
682 4695 746 4723 un
769 4683 1005 4724 auxiliaire
1030 4684 1323 4735 scrupuleux,

302 4743 439 4784 d’une
478 4741 724 4784 discrétion
760 4743 963 4791 absolue,
1003 4744 1043 4782 et
1082 4742 1218 4783 d’une
1258 4742 1324 4782 in¬

300 4802 552 4846 discutable
583 4802 778 4857 loyauté.

354 4860 450 4912 Que
482 4874 595 4903 ceux
627 4863 707 4916 qui
768 4874 823 4903 ne
887 4874 1002 4902 nous
1034 4862 1324 4902 connaissent

294 4934 375 4976 pas
403 4922 623 4964 viennent
654 4923 678 4964 à
707 4935 823 4963 nous
851 4934 955 4962 sans
984 4921 1170 4962 crainte.
1204 4922 1324 4962 i\ous

294 4994 451 5023 serons
483 4982 687 5023 heureux
718 4983 771 5023 de
832 4982 895 5020 les
954 4979 1079 5020 aider
1110 4980 1163 5020 de
1196 4983 1323 5020 noire

295 5052 519 5083 concours
580 5040 772 5082 indirect
801 5052 884 5092 par
914 5040 951 5080 le.
979 5040 1168 5093 journal
1199 5043 1240 5081 et
1271 5040 1323 5080 de

295 5112 379 5143 nos
440 5099 635 5141 conseils
664 5100 936 5152 personnels
997 5099 1174 5154 chaque
1234 5099 1324 5152 fois

292 5158 428 5212 qu’ils
462 5158 691 5200 voudront,
758 5156 862 5200 bien
927 5170 1042 5200 nous
1106 5159 1319 5200 accorder

296 5223 395 5262 leur
430 5219 670 5272 confiance
707 5222 747 5260 et
786 5232 902 5260 nous
940 5220 1191 5262 demander
1228 5232 1310 5262 nos

291 5280 402 5320 avis.

351 5338 446 5391 Que
509 5351 590 5379 nos
652 5340 842 5380 lecteurs
903 5339 1179 5382 deviennent
1242 5340 1318 5380 des

292 5399 424 5441 amis.
456 5398 551 5451 Que
579 5402 764 5451 partout
794 5402 834 5440 et
862 5398 887 5440 à
917 5401 1032 5447 tous,
1066 5400 1119 5441 ils
1145 5400 1316 5453 fassent

296 5460 550 5509 connaître,
588 5472 692 5502 sans
728 5459 900 5500 crainte
938 5462 979 5501 et
1015 5472 1119 5501 sans
1157 5460 1312 5508 honte,

293 5520 332 5562 le
360 5520 451 5562 bon
472 5519 877 5574 fonctionnement
902 5519 955 5559 de
983 5521 1110 5560 notre
1135 5519 1318 5572 organi¬

291 5580 442 5621 sation
479 5593 494 5627 ;
530 5579 664 5634 qu’ils
702 5591 818 5620 nous
851 5582 1101 5632 procurent
1138 5580 1175 5622 le
1211 5580 1315 5632 plus

293 5634 578 5681 d’adhésions
604 5635 826 5694 possibles,
859 5634 983 5680 voilà
1017 5641 1144 5680 notre
1183 5636 1315 5680 désir.

350 5700 383 5739 A
420 5700 520 5740 tous
552 5702 592 5739 et
624 5699 650 5740 à
683 5701 843 5748 toutes,
880 5711 995 5739 nous
1027 5699 1311 5747 souhaitons,

291 5772 349 5800 en
375 5762 543 5807 retour,
575 5759 724 5800 bonne
780 5759 952 5800 chance
1008 5761 1048 5799 et
1103 5762 1315 5812 prompte

291 5819 552 5860 réalisation
576 5819 628 5859 de
655 5820 774 5859 leurs
797 5819 900 5871 plus
927 5818 1083 5859 chères
1107 5818 1316 5871 espéran-

839 5936 904 5978 LA
935 5936 1256 5980 DIRECTION.

339 6098 427 6196 La
465 6096 797 6197 Puissance
843 6097 913 6195 de
955 6097 1271 6198 l'Annonce

345 6295 409 6335 En
432 6296 674 6346 acceptant,
700 6305 750 6334 en
780 6295 958 6335 octobre
982 6296 1098 6346 1910,
1124 6297 1163 6338 la
1180 6296 1316 6338 direc¬

294 6358 382 6398 tion
403 6358 460 6396 du
480 6357 807 6398 Trait-d’Union
835 6368 934 6396 mon
968 6359 1181 6400 intention
1214 6362 1316 6400 était

292 6420 347 6460 de
395 6419 502 6460 faire
538 6419 594 6461 de
640 6414 965 6460 l’intéressante
1011 6422 1316 6464 combinaison

291 6482 490 6532 mariage
521 6494 604 6522 une
643 6494 794 6523 œuvre
833 6482 1031 6523 sérieuse
1074 6488 1115 6526 et
1151 6487 1256 6527 utile
1292 6490 1313 6527 à

287 6550 400 6586 tous.

346 6608 411 6647 En
423 6607 636 6659 quelques
651 6609 779 6659 mois,
799 6608 851 6651 de
872 6607 1166 6653 nombreuses
1183 6612 1318 6655 modb

288 6670 490 6711 licaiions
507 6674 582 6710 ont
602 6671 668 6711 été
705 6672 916 6714 réalisées
954 6674 1067 6715 dans
1088 6675 1128 6715 le
1164 6675 1242 6715 but
1262 6678 1315 6718 de

291 6732 454 6774 rendre
479 6731 582 6783 plus
607 6734 838 6784 profitable
861 6735 1107 6787 l’originale
1141 6738 1238 6779 idée
1255 6739 1312 6780 du

288 6801 484 6844 mariage
506 6807 587 6846 par
607 6795 833 6848 publicité.

1478 2294 1615 2334 Notre
1638 2295 1772 2334 siècle
1798 2294 1838 2335 si
1868 2295 2023 2335 fécond
2052 2308 2103 2336 en
2128 2295 2379 2336 inventions
2412 2300 2454 2338 et

1426 2355 1718 2396 découvertes
1739 2356 1794 2396 de
1835 2360 1979 2397 tontes
2023 2362 2181 2406 sortes,'
2232 2370 2258 2398 a
2302 2371 2358 2398 vu
2407 2371 2454 2400 se

1424 2419 1564 2468 créer,
1604 2430 1651 2458 se
1694 2419 1962 2470 développer
2000 2423 2041 2460 et
2079 2431 2127 2460 se
2167 2420 2454 2462 transformer

1424 2491 1507 2519 une
1527 2480 1627 2520 bien
1653 2482 1850 2520 modeste
1873 2483 2121 2522 nouveauté
2154 2496 2162 2522 :
2196 2482 2442 2524 l’annonce.

1474 2543 1506 2581 Il
1541 2555 1567 2592 y
1607 2543 1906 2594 a.cinquante
1943 2555 2035 2592 ans,
2080 2544 2307 2584 l’annonce
2347 2547 2450 2585 était

1424 2615 1535 2654 rare,
1571 2604 1776 2652 discrète,
1816 2604 1995 2647 limitée.
2035 2606 2328 2659 Aujourd’hui
2338 2623 2343 2631 1
2367 2608 2450 2648 elle

1423 2668 1615 2716 remplit,
1638 2668 1663 2706 à
1684 2667 1767 2707 elle
1788 2668 1926 2715 seule,
1950 2669 2062 2708 deux
2091 2682 2147 2709 ou
2179 2670 2286 2708 trois
2312 2681 2448 2720 pages

1419 2727 1498 2767 des
1512 2728 1679 2779 grands
1695 2730 1963 2779 quotidiens,
1982 2731 2066 2771 elle
2087 2731 2238 2783 frappe
2260 2733 2284 2771 à
2306 2735 2448 2772 toutes

1424 2790 1487 2830 les
1506 2795 1668 2841 portes,
1691 2791 1775 2831 elle
1796 2803 1844 2832 se
1863 2792 2000 2843 glisse
2019 2794 2130 2834 dans
2150 2797 2250 2834 tous
2275 2794 2339 2834 les
2367 2795 2443 2835 mi¬

1420 2852 1554 2903 lieux,
1587 2854 1671 2894 elle
1697 2854 1874 2894 devient
1903 2856 2230 2904 envahissante,
2260 2859 2447 2907 gênante

1422 2914 1602 2966 parfois;
1627 2916 1710 2956 elle
1728 2919 1868 2966 trône,
1888 2917 1972 2958 elle
1993 2919 2235 2968 triomphe;
2255 2931 2306 2959 sa
2327 2919 2444 2970 puis¬

1415 2987 1550 3018 sance
1571 2981 1639 3018 est
1656 2979 1871 3020 illimitée.

1468 3038 1691 3089 Pourquoi
1728 3039 1842 3079 donc
1875 3039 2095 3081 s’étonner
2127 3040 2256 3092 qu’on
2298 3040 2442 3082 utilise

1414 3101 1526 3140 celte
1552 3103 1695 3140 même
1719 3100 1928 3151 publicité
1950 3113 2060 3153 pour
2082 3104 2250 3144 arriver
2280 3115 2334 3143 au
2370 3103 2440 3144 ré¬

1414 3170 1550 3211 sultat
1571 3172 1718 3211 désiré
1738 3183 1818 3222 par
1838 3175 1938 3212 tous
1952 3185 2063 3215 ceux
2096 3175 2171 3226 qui
2214 3178 2366 3215 rêvent
2387 3174 2440 3215 de

1416 3231 1568 3275 fonder
1586 3246 1643 3274 un
1665 3234 1787 3284 foyer
1807 3234 1824 3272 ?

1468 3297 1652 3336 Peut-on
1684 3298 1912 3349 employer
1950 3309 2108 3352 moyen
2147 3299 2248 3350 plus
2287 3303 2363 3340 sûr
2401 3304 2442 3340 et

1415 3359 1558 3398 moins
1579 3359 1832 3408 dangereux
1854 3371 1965 3410 pour
1986 3372 2167 3412 essayer
2188 3362 2242 3401 de
2263 3374 2441 3412 rappro¬

1411 3421 1516 3460 cher
1549 3420 1661 3460 deux
1691 3422 1955 3463 destinées?
1983 3424 2306 3464 Certainement
2335 3435 2435 3465 non.

1412 3483 1464 3522 Et
1486 3483 1587 3524 c’est
1612 3495 1724 3534 pour
1746 3488 1858 3525 cette
1880 3485 2026 3527 raison
2048 3498 2134 3539 que
2161 3486 2367 3527 s’affirme
2386 3487 2439 3528 de

1410 3546 1507 3595 jour
1528 3557 1580 3586 en
1603 3548 1699 3596 jour
1723 3547 1762 3587 le
1780 3548 1936 3588 succès
1954 3548 2007 3588 de
2037 3548 2214 3590 l’œuvre
2250 3560 2335 3601 que
2367 3549 2438 3600 j'ai

1411 3618 1656 3669 entreprise
1679 3622 1720 3658 et
1740 3630 1826 3670 que
1844 3621 1885 3670 je
1908 3630 1962 3660 ne
1983 3620 2131 3660 crains
2156 3632 2235 3671 pas
2256 3620 2308 3660 de
2331 3631 2435 3661 con¬

1411 3677 1582 3718 sidérer
1603 3690 1775 3719 comme
1797 3679 2094 3722 humanitaire
2115 3684 2156 3722 et
2177 3682 2356 3723 sociale.

1467 3739 1602 3780 Reste
1624 3742 1899 3783 maintenant
1918 3745 1942 3782 à
1963 3744 2157 3784 détruire
2196 3744 2236 3784 le
2255 3745 2438 3796 préjugé

1411 3803 1484 3851 qui
1506 3803 1640 3843 flétrit
1661 3807 1754 3844 tout
1771 3816 1821 3846 ce
1835 3805 1912 3856 qui
1927 3807 2086 3847 touche
2103 3819 2188 3847 aux
2210 3807 2438 3858 questions

1412 3864 1774 3907 matrimoniales.
1800 3867 1898 3908 Oui.
1923 3868 1951 3907 il
1974 3872 2038 3909 est
2061 3868 2140 3908 des
2174 3880 2363 3918 agences
2396 3873 2438 3910 et

1410 3924 1488 3966 des
1510 3931 1844 3970 entremetteurs
1866 3929 1971 3970 dont
1993 3930 2020 3968 il
2051 3930 2142 3970 faut
2178 3943 2226 3971 se
2264 3931 2434 3982 méfier;

1410 3990 1524 4031 mais
1546 4003 1600 4031 un
1631 3992 1820 4032 honnête
1856 3994 1899 4031 et
1934 3991 2150 4034 inolïensif
2186 3993 2359 4044 journal
2384 4006 2436 4034 ne

1408 4054 1576 4093 saurait
1598 4054 1788 4104 inspirer
1820 4052 1875 4093 de
1911 4054 2110 4096 défiance
2152 4056 2176 4095 à
2218 4066 2435 4106 personne

1409 4114 1588 4167 lorsque
1610 4128 1660 4156 sa
1679 4116 1895 4156 direction
1916 4121 1983 4158 est
2000 4129 2222 4159 reconnue
2236 4118 2436 4159 sérieuse

1410 4177 1451 4214 et
1472 4174 1820 4227 irréprochable.

1462 4236 1599 4278 D’une
1622 4239 1749 4287 façon
1774 4238 1980 4288 générale
2000 4251 2111 4280 ceux
2131 4240 2207 4292 qui
2241 4240 2435 4290 aspirent

1407 4310 1463 4338 au
1487 4300 1684 4350 mariage
1703 4303 1936 4351 acceptent
1970 4306 2011 4342 et
2043 4303 2282 4343 sollicitent
2311 4303 2434 4343 l’avis

1407 4361 1510 4401 d’un
1548 4362 1652 4412 ami,
1695 4360 2017 4403 l’intervention
2068 4364 2126 4403 du
2168 4364 2352 4410 notaire,
2398 4367 2434 4404 le

1406 4424 1571 4463 conseil
1598 4423 1654 4463 du
1676 4424 1839 4475 prêtre,
1863 4427 1944 4466 etc.
1978 4425 2091 4466 C’est,
2119 4436 2203 4476 que
2243 4426 2335 4466 rien
2360 4426 2427 4467 ici-

1407 4484 1486 4523 bas
1506 4496 1558 4526 ne
1582 4490 1683 4536 peut
1702 4498 1750 4526 se
1771 4487 1955 4529 réaliser
1994 4500 2098 4529 sans
2144 4488 2184 4528 le
2220 4499 2434 4530 concours

1404 4538 1507 4579 d’un
1528 4540 1628 4580 aide
1651 4543 1912 4592 compétent.

1459 4602 1504 4641 Si
1527 4615 1636 4643 vous
1668 4615 1775 4643 avez
1813 4603 1852 4643 le
1891 4603 2092 4646 bonheur
2124 4606 2180 4646 de
2223 4606 2434 4656 posséder

1405 4665 1521 4705 amis
1547 4669 1590 4705 et
1626 4666 1851 4715 relations,
1885 4666 1923 4706 si
1955 4671 2079 4707 votre
2107 4668 2258 4707 milieu
2294 4668 2432 4708 social

1407 4738 1516 4767 vous
1538 4732 1708 4778 permet
1728 4728 1782 4768 de
1806 4732 1982 4769 trouver
2003 4732 2162 4770 autour
2183 4728 2236 4768 de
2260 4742 2368 4770 vous
2390 4730 2430 4769 la

1407 4799 1623 4839 personne
1657 4791 1733 4842 qui
1782 4791 1873 4831 doit
1920 4795 2128 4843 partager
2174 4791 2311 4832 votre'
2347 4791 2428 4841 vie,

1404 4851 1696 4901 gardez-vous
1718 4852 1922 4903 d’égarer
1943 4854 2124 4894 ailleurs
2144 4866 2224 4895 vos
2251 4855 2430 4895 recher¬

1404 4914 1523 4956 ches.

1458 4978 1570 5018 Mais
1623 4979 1660 5018 si
1703 4990 1814 5030 pour
1852 4978 2072 5019 d’infinies
2108 4979 2283 5020 raisons
2323 4991 2432 5019 vous

1402 5040 1494 5079 êtes
1527 5042 1849 5091 embarrassés,
1884 5042 2019 5083 isolés
2052 5042 2164 5082 dans
2200 5043 2242 5082 la
2279 5041 2362 5091 vie,
2394 5043 2427 5081 si

1403 5106 1525 5143 votre
1563 5107 1807 5154 entourage
1842 5115 1895 5143 ne
1929 5116 2040 5144 vous
2072 5104 2242 5154 inspire
2271 5106 2431 5155 qu’une

1404 5165 1623 5206 médiocre
1646 5168 1884 5213 confiance,
1910 5178 2090 5217 essayez
2108 5166 2162 5206 de
2184 5166 2424 5207 l’annonce.

1402 5226 1496 5267 Elle
1518 5240 1628 5268 vous
1650 5232 1822 5279 promet
1851 5229 2019 5268 entière
2047 5232 2087 5268 et
2120 5228 2306 5268 absolue
2343 5229 2429 5268 dis¬

1402 5290 1583 5339 crétion,
1620 5294 1662 5330 et
1700 5291 1784 5331 elle
1822 5302 1931 5331 vous
1972 5291 2118 5331 donne
2158 5290 2336 5342 l’espoir
2375 5290 2430 5331 de

1402 5355 1579 5392 trouver
1598 5364 1646 5394 ce
1682 5366 1766 5404 que
1807 5366 1918 5394 nous
1939 5355 2188 5395 cherchons
2222 5358 2320 5394 tous
2358 5354 2431 5395 ici-

1402 5414 1480 5454 bas
1506 5428 1513 5454 :
1544 5415 1583 5455 le
1611 5415 1814 5455 bonheur
1848 5416 1960 5456 dans
1992 5416 2156 5456 l’union
2190 5415 2360 5456 désirée
2390 5420 2430 5457 et

1400 5478 1543 5518 rêvée.
2056 5480 2167 5519 Jean
2192 5478 2356 5518 BACH.

1466 5638 1694 5717 SERVICE
1750 5641 1820 5717 DE
1866 5640 2356 5718 RENSEIGNEMENTS

1458 5759 1599 5802 Toute
1630 5772 1853 5812 personne
1883 5763 2023 5813 ayant
2051 5760 2206 5803 besoin
2239 5760 2423 5802 d’infor¬

1404 5818 1600 5860 mations
1623 5822 1764 5868 sûres,
1791 5832 1848 5860 au
1871 5820 1999 5870 point
2020 5821 2075 5860 de
2095 5832 2183 5862 vue
2204 5820 2422 5861 financier

1399 5878 1690 5920 commercial
1715 5891 1773 5920 ou
1800 5878 1942 5931 privé,
1971 5879 2246 5921 concernant
2298 5880 2424 5920 affai¬

1399 5950 1484 5986 res,
1515 5939 1740 5990 mariages
1767 5951 1824 5979 ou
1852 5942 2019 5988 autres,
2052 5951 2232 5980 recevra
2260 5939 2321 5979 du
2351 5940 2423 5979 Di¬

1399 5998 1575 6039 recteur
1600 5999 1664 6039 les
1691 5998 2080 6050 renseignements
2106 6000 2171 6040 les
2195 5999 2302 6051 plus
2326 6001 2423 6051 pré¬

1398 6059 1475 6107 cis,
1504 6059 1530 6098 à
1554 6059 1632 6098 des
1658 6058 1760 6108 prix
1787 6059 1875 6098 très
1900 6060 2121 6100 modérés.
2151 6060 2234 6099 Ces
2259 6061 2423 6101 rensei¬

1399 6117 1636 6169 gnements
1658 6130 1703 6160 se
1726 6116 1880 6170 paient
1902 6117 2129 6160 d’avance.

1868 6194 1958 6255 â

1475 6284 1951 6433 dombinaigon
2011 6304 2355 6436 Mariage^

1600 6509 1900 6571 NOTRE
1992 6510 2224 6572 ROLE

1456 6625 1512 6668 Le
1539 6643 1559 6666 «
1584 6622 1707 6671 Trait
1730 6624 1931 6672 d’Union
1958 6648 1978 6671 »
2004 6634 2184 6686 accepte
2211 6633 2332 6671 toute
2355 6641 2420 6671 es¬

1396 6683 1502 6736 pèce
1531 6687 1584 6728 de
1611 6688 1852 6742 publicité;
1882 6691 1998 6733 mais
2026 6688 2058 6732 il
2087 6688 2294 6744 s’occupe
2323 6689 2419 6743 spé¬

1395 6744 1638 6790 cialement
1666 6748 1946 6792 d’annonces
1976 6748 2030 6793 de
2059 6750 2302 6804 mariages.

1455 6803 1510 6847 Le
1533 6804 1616 6849 but
1643 6808 1815 6862 unique
1840 6810 1892 6852 de
1920 6811 1960 6852 la
1987 6810 2221 6854 Direction
2247 6822 2311 6852 est
2366 6807 2419 6851 de

2528 2298 2744 2340 favoriser
2771 2299 2834 2341 les
2863 2303 3032 2343 unions
3060 2302 3227 2358 légales
3254 2308 3296 2344 et
3324 2298 3550 2346 chrétien¬

2527 2371 2605 2400 nes
2635 2372 2715 2413 par
2745 2372 2809 2399 un
2838 2362 3033 2414 procédé
3062 2362 3227 2403 discret
3255 2367 3299 2404 et
3328 2363 3546 2412 honnête,

2524 2419 2884 2463 contrairement
2903 2420 2927 2460 à
2950 2421 3146 2463 certains
3165 2423 3402 2476 journaux
3422 2423 3548 2463 simi¬

2523 2475 2655 2519 laires
2679 2478 2759 2531 qui
2782 2483 2887 2520 sont
2910 2479 2987 2522 des
3011 2492 3204 2534 agences
3227 2481 3546 2523 matrimonia¬

2522 2535 2585 2576 les
2606 2536 2857 2590 déguisées.

2582 2595 2639 2638 Le
2669 2596 2903 2638 Directeur
2930 2599 3071 2650 reçoit
3098 2598 3138 2639 le
3167 2600 3370 2645 courrier
3396 2599 3451 2640 de
3479 2612 3546 2640 ses

2522 2654 2740 2704 abonnés,
2769 2657 2883 2701 seul,
2912 2657 2944 2698 il
2970 2658 3010 2699 le
3036 2664 3275 2709 transmet,
3303 2664 3347 2701 et
3370 2660 3483 2708 seul,
3512 2659 3544 2699 il

2520 2714 2696 2768 répond
2720 2728 2808 2755 aux
2831 2715 2983 2760 lettres
3007 2719 3087 2771 qui
3112 2718 3178 2759 lui
3203 2724 3307 2760 sont
3359 2731 3544 2773 person¬

2523 2775 2771 2816 nellement
2792 2774 3034 2818 adressées.

2579 2833 2664 2876 Par
2689 2847 2779 2875 une
2806 2835 3127 2878 combinaison
3183 2836 3366 2879 d’offres
3391 2842 3434 2878 et
3489 2836 3543 2878 de

2518 2892 2767 2935 demandes
2795 2898 2840 2936 et
2868 2908 2951 2948 par
2979 2895 3023 2935 la
3053 2898 3447 2951 correspondance
3475 2896 3544 2938 di¬

2518 2958 2635 2994 recte
2662 2958 2787 2995 entre
2814 2953 2876 2997 les
2903 2955 3123 3006 abonnés,
3153 2956 3216 2998 les
3243 2959 3468 3011 mariages
3494 2970 3540 2996 se

2516 3011 2619 3054 font
2638 3026 2742 3054 sans
2762 3014 3142 3055 intermédiaires.

2590 3070 2711 3114 Nous
2747 3084 2804 3113 ne
2839 3072 3050 3114 saurions
3086 3087 3206 3115 assez
3240 3075 3416 3131 répéter
3451 3088 3539 3130 que

2515 3143 2632 3174 nous
2656 3130 2847 3174 n’avons
2868 3132 2968 3174 rien
2992 3132 3047 3174 de
3070 3146 3296 3176 commun
3319 3148 3427 3178 avec
3450 3148 3540 3176 une

2516 3203 2687 3244 agence
2720 3191 3080 3234 matrimoniale.
3119 3191 3219 3234 Non
3284 3195 3539 3236 seulement

2520 3263 2635 3292 nous
2667 3264 2722 3291 ne
2752 3251 2925 3294 faisons
2957 3266 3035 3306 pas
3067 3251 3120 3294 de
3152 3254 3394 3308 mariages,
3428 3254 3543 3295 mais

2517 3323 2680 3351 encore
2712 3323 2828 3351 nous
2861 3325 2918 3353 ne
2949 3311 3207 3354 réclamons
3239 3327 3419 3356 aucune
3480 3327 3544 3354 es¬

2516 3368 2623 3423 pèce
2652 3370 2706 3411 de
2734 3371 3035 3412 commission
3065 3376 3108 3412 et
3136 3376 3267 3414 notre
3295 3373 3390 3415 rôle
3418 3372 3543 3414 d’au¬

2515 3428 2691 3470 xiliaire
2719 3428 2886 3472 discret
2913 3443 3034 3472 cesse
3090 3444 3147 3471 au
3206 3436 3416 3475 moment
3444 3438 3543 3487 pré¬

2515 3488 2578 3528 cis
2613 3490 2674 3530 où
2707 3487 2770 3531 les
2805 3490 3043 3532 intéressés
3080 3490 3210 3532 n’ont
3244 3490 3347 3546 plus
3382 3491 3542 3534 besoin

2515 3547 2568 3590 de
2595 3562 2676 3590 nos
2702 3550 2910 3592 services.

2576 3607 2710 3650 Notre
2746 3611 2942 3662 système
2979 3609 3053 3651 n’a
3087 3611 3187 3652 rien
3224 3611 3279 3654 de
3315 3624 3540 3654 commun

2518 3680 2610 3708 non
2640 3667 2742 3720 plus
2772 3681 2879 3709 avec
2908 3669 2971 3710 les
3002 3682 3235 3711 annonces
3264 3670 3340 3711 des
3371 3671 3542 3723 grands

2513 3727 2747 3780 journaux
2774 3728 3012 3781 parisiens.
3046 3728 3160 3770 Leur
3188 3729 3407 3771 méthode
3434 3742 3541 3771 con¬

2513 3787 2618 3827 siste
2643 3787 2668 3827 à
2695 3787 2868 3829 insérer
2894 3787 2971 3828 des
2999 3787 3248 3830 demandes
3306 3794 3350 3831 et
3403 3788 3541 3830 offres

2514 3846 2567 3887 de
2603 3847 2846 3900 mariages,
2886 3847 3230 3901 généralement
3266 3862 3535 3903 anonymes,

2512 3911 2554 3947 et
2583 3911 2767 3960 portant
2795 3907 3083 3950 l’indication
3119 3922 3127 3948 :
3162 3925 3182 3946 «
3212 3913 3340 3962 poste
3368 3912 3540 3950 restan¬

2512 3968 2554 4007 te
2580 3982 2619 4006 ».

2571 4024 2695 4067 Cette
2726 4027 2972 4069 discrétion
3004 4028 3092 4070 très
3125 4028 3331 4082 légitime
3362 4032 3404 4068 et
3435 4042 3538 4069 sans

2512 4084 2707 4139 dangers
2742 4091 2870 4130 entre
2904 4087 3128 4130 honnêtes
3164 4100 3292 4143 gens,
3332 4087 3539 4143 présente

2511 4152 2552 4194 le
2579 4152 2682 4207 plus
2740 4162 2935 4196 souvent
2992 4155 3047 4196 de
3105 4168 3264 4210 graves
3324 4155 3539 4196 inconvé¬

2513 4212 2678 4254 nients.
2729 4214 2802 4255 Un
2828 4215 3191 4270 correspondant
3215 4215 3296 4268 qui
3325 4214 3538 4256 dissimu¬

2511 4272 2551 4314 le
2579 4286 2662 4314 son
2691 4274 2882 4316 identité
2911 4288 2968 4318 ne
2997 4280 3106 4328 peut
3133 4274 3263 4315 offrir
3292 4275 3347 4316 de
3376 4287 3538 4327 garan¬

2511 4334 2591 4374 ties
2619 4334 2852 4375 sérieuses.
2882 4334 2999 4376 Neuf
3024 4334 3112 4376 fois
3140 4347 3218 4375 sur
3245 4333 3337 4384 dix,
3368 4334 3431 4375 les
3459 4335 3538 4374 let¬

2510 4397 2598 4434 tres
2654 4392 2878 4436 adressées
2932 4395 2956 4435 à
3011 4406 3083 4435 ces
3138 4406 3355 4435 coureurs
3380 4392 3435 4435 de
3462 4394 3540 4434 dot

2510 4456 2679 4495 restent
2702 4466 2806 4495 sans
2831 4454 3038 4508 réponse.
3068 4452 3126 4496 Le
3151 4452 3248 4494 naïf
3272 4466 3538 4508 correspon¬

2510 4512 2622 4554 dant
2651 4512 2890 4566 s’aperçoit
2919 4512 3032 4568 qu’il
3063 4527 3087 4554 a
3118 4514 3186 4555 été
3215 4513 3539 4556 l’amusement

2510 4572 2620 4614 d’un
2647 4571 2836 4616 fumiste
2862 4588 2922 4616 ou
2948 4574 3060 4615 d’un
3087 4572 3282 4615 farceur.

2568 4631 2759 4675 Pareille
2793 4634 3114 4676 mésaventure
3148 4632 3264 4675 n’est
3299 4648 3377 4689 pas
3412 4634 3436 4675 à
3470 4646 3536 4674 re¬

2507 4692 2683 4742 douter,
2716 4693 2850 4747 grâce
2875 4695 2901 4735 à
2929 4693 3186 4735 l’heureuse
3215 4694 3535 4736 combinaison

2507 4751 2569 4794 du
2595 4752 2716 4795 Trait
2744 4754 2960 4795 d'Union.
2991 4754 3131 4795 Grâce
3158 4754 3181 4794 à
3208 4754 3290 4805 lui,
3320 4754 3468 4796 riches
3494 4756 3538 4795 et

2508 4826 2700 4867 pauvres
2759 4813 2890 4855 n’ont
2916 4812 3019 4867 plus
3050 4814 3210 4855 besoin
3238 4814 3294 4856 de
3320 4815 3535 4856 relations

2508 4871 2818 4927 personnelles
2854 4886 2970 4927 pour
3006 4872 3152 4914 s’unir
3188 4874 3462 4927 dignement
3495 4878 3538 4915 et

2507 4932 2632 4974 selon
2667 4931 2766 4974 leur
2798 4932 2932 4974 désir.
2999 4932 3383 4984 Journellement,
3420 4948 3536 4976 nous

2511 5006 2726 5034 recevons
2763 4992 2839 5035 des
2876 4992 3027 5034 lettres
3066 4992 3122 5035 de
3156 4995 3532 5036 remerciements

2508 5056 2551 5094 et
2584 5052 2639 5092 de
2672 5052 2967 5094 félicitations
3003 5066 3122 5107 pour
3156 5054 3199 5094 la
3233 5054 3438 5095 manière
3472 5054 3537 5095 sé¬

2507 5112 2654 5152 rieuse
2675 5111 2790 5152 dont
2811 5113 2948 5167 opère
2970 5112 3012 5154 la
3035 5112 3286 5154 Direction.

2566 5170 2631 5211 En
2660 5184 2711 5213 ce
2739 5171 2819 5226 qui
2848 5186 3074 5215 concerne
3104 5174 3147 5214 la
3175 5172 3536 5228 correspondan¬

2507 5246 2571 5280 ce,
2606 5244 2721 5272 nous
2751 5244 2867 5274 nous
2897 5232 3071 5275 faisons
3103 5246 3192 5275 une
3222 5231 3283 5273 loi
3314 5234 3370 5275 de
3396 5238 3538 5275 rester

2508 5295 2690 5334 neutres
2726 5296 2768 5334 et
2803 5291 3036 5348 d’ignorer
3072 5306 3122 5335 ce
3158 5289 3439 5347 qu’écrivent
3474 5291 3536 5334 les

2507 5351 2759 5394 intéressés.

2563 5410 2619 5451 Le
2643 5415 2786 5454 secret
2810 5411 2886 5455 des
2912 5412 3063 5455 lettres
3087 5416 3153 5455 est
3178 5411 3314 5455 chose
3339 5414 3488 5455 sacrée
3527 5412 3535 5454 !

3048 5484 3119 5524 LA
3148 5482 3473 5526 DIRECTION.

2590 5653 3436 5737 CONDITIONS

2675 5787 2731 5827 11
2756 5787 2920 5840 francs
2941 5799 3064 5840 pour
3086 5788 3207 5828 trois
3230 5788 3354 5828 mois

2504 5879 2714 5918 Donnant
2730 5874 2847 5919 droit
2866 5879 2891 5918 à
2914 5891 3000 5920 une
3022 5888 3240 5927 annonce,
3264 5889 3322 5919 au
3343 5878 3524 5926 journal

2557 5955 2663 5987 sous
2682 5949 2946 5997 enveloppe,
2969 5952 3011 5988 et
3032 5958 3088 5987 au
3110 5948 3279 5987 service
3300 5948 3352 5988 de
3376 5947 3416 5986 la
3437 5956 3528 5986 cor¬

2555 6007 2879 6054 respondance.

2497 6064 2831 6107 Abonnement
2858 6076 2918 6107 au
2944 6063 3142 6118 journal
3167 6063 3282 6111 seul,
3317 6075 3430 6104 sous
3458 6076 3535 6106 en¬

2551 6119 2761 6170 veloppe.

2506 6183 2571 6222 Un
2592 6192 2648 6222 an
2668 6186 2691 6222 6
2709 6184 2878 6231 francs,
2898 6188 2970 6224 six
2991 6184 3106 6223 mois
3124 6184 3147 6222 3
3167 6180 3334 6223 francs.

2559 6368 3476 6477 FONCTIONNEMENT

2559 6632 2699 6675 Toute
2732 6644 2960 6688 personne
2994 6639 3075 6692 qui
3108 6638 3255 6679 désire
3287 6634 3530 6678 s’abonner

2498 6692 2520 6733 à
2547 6692 2587 6734 la
2611 6695 2936 6736 combinaison
2959 6696 3188 6751 mariages
3212 6695 3308 6736 doit
3331 6702 3530 6748 envoyer

2499 6767 2556 6794 au
2589 6751 2840 6805 Directeur,
2874 6768 2959 6798 son
2991 6768 3204 6799 annonce
3212 6767 3220 6802 ,
3254 6767 3338 6797 son
3400 6766 3527 6803 nom,

2499 6826 2583 6854 son
2603 6814 2780 6855 adresse
2831 6816 3051 6859 véritable
3058 6851 3069 6867 ,
3095 6824 3138 6860 et
3160 6817 3198 6858 le
3220 6816 3321 6870 prix
3343 6816 3396 6858 de
3447 6827 3528 6856 son

3627 2304 3956 2358 abonnement,
3983 2310 4070 2351 soit
4092 2323 4202 2352 onze
4223 2312 4379 2364 francs
4400 2326 4520 2367 pour
4544 2316 4652 2356 trois

3627 2366 3744 2408 mois
3771 2380 3827 2407 en
3853 2370 4058 2418 mandat,
4087 2370 4179 2411 bon
4204 2372 4256 2412 de
4279 2375 4408 2425 poste
4432 2376 4492 2414 ou
4550 2374 4653 2416 tim¬

3628 2426 3744 2468 bres.

3687 2483 3742 2528 Le
3767 2484 4018 2536 Directeur,
4047 2487 4144 2529 seul
4167 2490 4341 2543 occupé
4365 2504 4422 2532 au
4447 2490 4652 2546 dépouil¬

3623 2542 3798 2586 lement
3822 2544 3884 2586 du
3911 2546 4114 2588 courrier
4140 2552 4219 2598 est,
4250 2549 4510 2603 également
4535 2552 4647 2600 seul,

3623 2604 3647 2642 à
3680 2604 3918 2646 connaître
3979 2604 4190 2649 l’adresse
4251 2609 4470 2651 véritable
4502 2610 4557 2652 de
4588 2624 4656 2654 ses

3623 2660 3844 2704 abonnés.
3882 2663 4007 2706 Cette
4071 2665 4250 2708 adresse
4280 2672 4348 2710 est
4382 2670 4651 2723 remplacée,

3623 2719 3736 2763 dans
3767 2721 3808 2764 le
3836 2723 4040 2776 journal,
4075 2738 4156 2779 par
4215 2739 4279 2767 un
4312 2728 4508 2770 numéro
4538 2729 4655 2772 d’or¬

3622 2778 3716 2828 dre,
3755 2782 4098 2836 indispensable
4161 2798 4279 2839 pour
4312 2787 4354 2827 la
4388 2802 4654 2843 correspon¬

3620 2836 3779 2880 dance.

3681 2904 3742 2947 Ce
3796 2910 3994 2951 numéro
4046 2915 4112 2952 est
4166 2915 4503 2970 communiqué
4525 2917 4549 2957 à
4575 2917 4650 2959 l’a¬

3622 2963 3776 3007 bonné
3800 2980 3856 3007 en
3882 2968 4034 3011 même
4059 2975 4207 3024 temps
4233 2972 4374 3026 qu’on
4399 2974 4464 3015 lui
4491 2989 4650 3018 accuse

3620 3022 3852 3078 réception
3879 3027 3940 3068 du
3967 3029 4171 3071 mandat.

3675 3088 3940 3145 Supposons
3998 3095 4170 3148 qu’une
4198 3098 4251 3140 de
4279 3112 4362 3140 nos
4419 3100 4650 3145 abonnées

3620 3150 3786 3192 veuille
3812 3152 3954 3195 écrire
3979 3154 4003 3194 à
4032 3154 4090 3195 M.
4122 3154 4231 3207 X...,
4264 3156 4378 3199 dont
4403 3159 4649 3205 l’annonce

3619 3213 3747 3261 porte
3775 3210 3816 3252 le
3844 3214 3896 3251 n°
3928 3212 3968 3254 6.
4002 3212 4096 3255 Elle
4124 3215 4284 3258 inscrit
4312 3216 4597 3263 lisiblement
4623 3223 4646 3263 à

3619 3267 3660 3308 la
3692 3268 3852 3322 plume
3883 3284 3944 3312 ou
3976 3286 4034 3315 au
4067 3287 4236 3330 crayon
4269 3290 4352 3318 son
4387 3291 4499 3321 nom
4532 3286 4575 3322 et
4607 3281 4647 3323 le

3619 3330 3670 3367 n°
3700 3328 3724 3370 6
3752 3330 3864 3371 dans
3891 3330 4145 3374 Vintérieur
4169 3335 4224 3376 de
4249 3335 4292 3376 la
4318 3339 4544 3391 première
4569 3354 4646 3382 en¬

3617 3386 3824 3443 veloppe,
3860 3388 3971 3432 celle
4003 3392 4083 3447 qui
4116 3399 4246 3447 porte
4277 3395 4318 3437 le
4350 3410 4461 3438 nom
4494 3403 4538 3439 et
4568 3399 4644 3441 l’a¬

3618 3446 3767 3490 dresse
3802 3448 3864 3490 du
3899 3450 4136 3494 Directeur
4171 3454 4232 3495 du
4268 3456 4389 3498 Trait
4424 3458 4642 3500 d'Union.

3618 3505 3742 3549 Dans
3767 3512 3882 3551 cette
3907 3509 4159 3566 enveloppe
4186 3513 4270 3555 elle
4295 3514 4423 3570 place
4448 3516 4491 3558 la
4516 3517 4646 3560 lettre

3618 3566 3827 3610 cachetée
3862 3570 3943 3624 qui
3978 3570 4074 3612 doit
4108 3572 4200 3615 être
4236 3575 4402 3618 remise
4436 3590 4494 3618 au
4529 3580 4582 3618 n°
4620 3579 4645 3620 C

3616 3639 3698 3678 par
3732 3627 4011 3671 l’entremise
4044 3630 4107 3671 du
4143 3630 4394 3675 Directeur.
4434 3635 4503 3677 Au
4536 3650 4644 3689 reçu

3616 3684 3670 3724 de
3705 3691 3819 3727 cette
3854 3687 3998 3735 lettre,
4037 3687 4076 3728 le
4112 3688 4350 3732 Directeur
4383 3692 4567 3735 déchire
4603 3695 4643 3737 la

3615 3744 3840 3795 première
3875 3746 4143 3802 enveloppe,
4183 3748 4206 3789 à
4242 3763 4325 3791 son
4363 3763 4490 3801 nom,
4529 3753 4643 3796 dans

3615 3804 3870 3846 l’intérieur
3895 3806 3950 3847 de
3978 3806 4174 3860 laquelle
4202 3823 4247 3851 se
4275 3814 4435 3852 trouve
4463 3812 4575 3854 écrit
4603 3814 4643 3855 le

3615 3876 3726 3905 nom
3752 3864 3807 3906 de
3832 3864 4072 3909 l’abonnée
4096 3871 4139 3909 et
4163 3868 4204 3910 le
4229 3870 4423 3911 numéro
4450 3884 4557 3912 avec
4583 3872 4641 3914 le¬

3614 3922 3719 3976 quel
3744 3923 3830 3964 elle
3854 3931 3962 3967 veut
3986 3928 4328 3983 correspondre.

3674 3989 3759 4032 Sur
3787 3991 3828 4033 la
3858 3992 3987 4035 lettre
4015 3994 4223 4038 cachetée
4252 3996 4307 4039 de
4336 3996 4642 4052 l’expéditrice

3614 4050 3642 4089 il
3670 4050 3782 4092 écrit
3805 4051 4016 4095 l’adresse
4040 4054 4259 4098 véritable
4283 4056 4344 4099 du
4370 4060 4422 4099 n°
4450 4059 4474 4100 6
4499 4064 4542 4101 et
4566 4073 4642 4101 en¬

3614 4110 3714 4151 voie
3740 4116 3855 4154 cette
3882 4112 4010 4155 lettre
4037 4127 4140 4156 sans
4168 4115 4358 4158 l’ouvrir
4384 4118 4406 4159 à
4435 4132 4518 4160 son
4547 4119 4642 4162 des¬

3615 4169 3840 4221 tinataire,
3871 4172 3929 4214 M.
3959 4171 4050 4214 X...

3669 4236 3735 4280 De
3769 4243 3885 4282 celte
3918 4239 4069 4291 façon,
4107 4240 4149 4283 le
4183 4243 4418 4286 Directeur
4454 4248 4643 4288 connaît

3610 4296 3706 4338 seul
3743 4298 3954 4342 l’adresse
3990 4300 4067 4342 des
4103 4300 4222 4343 deux
4257 4305 4640 4359 correspondants

3610 4356 3688 4410 qui
3714 4364 3915 4412 peuvent
3938 4360 4182 4402 continuer
4204 4362 4227 4403 à
4252 4359 4430 4406 s’écrir.;
4452 4378 4534 4419 par
4558 4379 4639 4408 son

3611 4418 3872 4459 entremise.
3944 4419 4143 4472 Lorsque
4178 4420 4242 4462 les
4278 4422 4396 4463 deux
4434 4423 4639 4467 abonnés

3608 4479 3824 4520 trouvent
3855 4477 3918 4519 les
3951 4478 4347 4533 renseignements
4379 4482 4583 4525 mutuels
4616 4485 4639 4526 à

3608 4534 3708 4576 leur
3738 4551 4046 4588 convenance,
4082 4538 4136 4579 ils
4168 4546 4368 4594 peuvent
4399 4546 4554 4584 entrer
4583 4557 4639 4587 en

3608 4594 3824 4639 relations
3884 4598 4074 4639 directes
4134 4603 4178 4640 et
4208 4600 4379 4642 arriver
4439 4615 4495 4643 au
4558 4602 4642 4646 but

3607 4659 3847 4708 poursuivi
3875 4658 3929 4700 de
3956 4658 4053 4700 leur
4082 4659 4243 4702 union.

3667 4714 3727 4766 Si,
3767 4730 3826 4758 au
3862 4719 4103 4769 contraire,
4146 4719 4206 4761 les
4244 4720 4639 4775 renseignements

3607 4775 3835 4831 échangés
3864 4791 3922 4819 ne
3949 4778 4012 4820 les
4070 4779 4282 4822 satisfont
4338 4794 4433 4836 pas,
4464 4780 4519 4823 ils
4548 4795 4639 4825 ces¬

3607 4839 3707 4876 sent
3764 4836 3819 4879 de
3850 4838 4179 4891 correspondre
4239 4844 4283 4881 et
4342 4854 4524 4883 comme
4584 4842 4639 4883 ils

3608 4895 3824 4950 ignorent
3879 4896 3975 4938 l’un
4032 4903 4075 4940 et
4131 4897 4304 4950 l’autre,
4336 4900 4435 4943 leur
4460 4914 4571 4943 nom
4598 4911 4640 4944 et

3608 4956 3800 5006 adresse,
3837 4970 3989 4998 aucun
4023 4958 4158 4999 d’eux
4191 4958 4304 5000 n’est
4336 4961 4635 5014 compromis.

3667 5015 3702 5057 Il
3728 5020 3794 5059 est
3819 5016 3926 5058 bien
3954 5017 4157 5059 entendu
4214 5031 4302 5071 que
4360 5032 4476 5061 nous
4504 5019 4639 5061 décli¬

3610 5090 3726 5119 nons
3758 5081 3883 5119 toute
3915 5078 4263 5131 responsabilité
4296 5079 4491 5132 puisque
4524 5092 4640 5121 nous

3608 5150 3723 5178 nous
3750 5136 3920 5178 faisons
3945 5151 4008 5179 un
4035 5136 4190 5178 devoir
4215 5136 4270 5178 de
4294 5142 4433 5179 rester
4458 5147 4639 5180 neutres

3608 5202 3651 5239 et
3683 5196 3918 5251 d’ignorer
3951 5211 4000 5238 ce
4035 5195 4319 5251 qu’écrivent
4354 5211 4435 5239 nos
4470 5211 4639 5240 corres¬

3608 5256 3854 5311 pondants.

3664 5314 3826 5364 Depuis
3866 5312 3964 5352 huit
4002 5323 4083 5352 ans
4120 5324 4206 5364 que
4251 5324 4299 5354 ce
4347 5314 4520 5364 journal
4567 5318 4634 5355 est

3608 5370 3722 5419 créé,
3756 5370 3787 5410 il
3818 5368 3920 5410 s’est
3975 5371 4207 5411 contracté
4266 5370 4320 5412 de
4380 5371 4639 5413 nombreux

3608 5429 3834 5484 mariages
3867 5432 3910 5470 et
3943 5434 4043 5470 tout
4076 5429 4115 5471 le
4147 5430 4319 5471 monde
4352 5431 4437 5471 sait
4469 5430 4510 5471 la
4544 5443 4639 5472 ma¬

3609 5490 3733 5531 nière
3766 5488 3961 5531 sérieuse
3995 5488 4108 5530 dont
4140 5490 4275 5544 opère
4308 5488 4350 5530 la
4384 5488 4635 5531 Direction.

3660 5583 3786 5623 Nota.
3814 5607 3868 5611 —
3897 5583 3958 5623 Ne
3988 5591 4068 5631 pas
4096 5581 4272 5622 oublier
4328 5581 4392 5620 les
4446 5580 4636 5623 timbres

3605 5636 4083 5676 d’affranchissement
4115 5634 4382 5683 obligatoire
4416 5643 4532 5682 pour
4594 5634 4635 5675 la

3606 5689 3827 5738 première
3856 5692 3898 5728 et
3929 5690 3971 5728 la
3999 5686 4236 5727 deuxième
4267 5687 4555 5735 enveloppes.

3640 5855 4240 5933 Recommandations
4286 5859 4602 5938 Générales

3650 6035 3687 6067 1°
3722 6039 3919 6071 Personne
3948 6044 3997 6071 ne
4026 6043 4119 6079 peut
4144 6040 4431 6082 correspondre
4457 6047 4553 6074 avec
4582 6040 4638 6075 les

3607 6091 3784 6125 abonnés
3810 6097 3903 6122 sans
3931 6091 4043 6123 avoir
4070 6093 4182 6126 versé
4210 6095 4265 6126 les
4291 6095 4327 6124 11
4355 6094 4490 6124 francs
4518 6092 4638 6132 régle¬

3610 6144 3821 6175 mentaires
3850 6151 3858 6182 ;

3648 6210 3688 6239 3°
3715 6209 3935 6243 L’annonce
3956 6211 4026 6243 des
4046 6211 4222 6243 abonnés
4243 6212 4324 6243 doit
4348 6212 4531 6250 indiquer
4555 6213 4639 6245 leur

3607 6262 3694 6299 âge,
3723 6263 3808 6294 leur
3834 6263 4039 6302 situation,
4067 6264 4148 6295 s’ils
4175 6263 4350 6296 désirent
4376 6271 4426 6296 ou
4455 6271 4534 6296 non
4563 6271 4639 6297 une

3608 6315 3687 6346 dot.
3716 6316 3798 6347 Elle
3824 6316 3907 6350 doit
3934 6317 4090 6348 fournir
4118 6316 4289 6348 certains
4315 6316 4459 6350 détails
4486 6320 4534 6350 de
4563 6325 4638 6350 ma¬

3610 6367 3718 6400 nière
3738 6368 3762 6400 à
3783 6368 3906 6402 éviter
3928 6371 3996 6400 des
4017 6369 4380 6404 correspondances
4404 6370 4564 6406 inutiles
4589 6390 4596 6406 ;

3651 6434 3690 6466 4°
3723 6435 3796 6467 Dès
3824 6435 3944 6474 qu’un
3973 6431 4130 6464 abonné
4156 6439 4179 6465 a
4208 6434 4350 6466 trouvé
4378 6435 4415 6467 ia
4444 6439 4639 6472 personne

3608 6488 3655 6520 de
3675 6494 3747 6520 son
3767 6487 3899 6526 choix,
3920 6487 3945 6518 il
3967 6485 4050 6518 doit
4070 6484 4255 6523 prévenir
4275 6488 4310 6519 le
4331 6488 4531 6519 Directeur
4551 6486 4637 6518 afin

3609 6547 3683 6579 que
3707 6547 3779 6574 son
3802 6546 3983 6572 annonce
4007 6539 4083 6570 soit
4107 6540 4280 6572 enlevée.
4308 6542 4335 6572 Il
4362 6539 4509 6571 évitera
4531 6538 4637 6570 ainsi

3611 6595 3751 6627 l’envoi
3784 6595 3832 6626 de
3866 6594 3997 6626 lettres
4030 6592 4096 6631 qui
4131 6594 4354 6626 n’auraient
4386 6592 4474 6630 plus
4506 6596 4638 6624 aucun

3611 6650 3679 6680 but
3704 6651 3742 6681 et
3768 6646 4014 6684 auxquelles,
4043 6652 4115 6684 par
4143 6646 4279 6679 devoir
4306 6646 4354 6678 de
4382 6643 4583 6684 politesse,
4612 6646 4638 6678 il

3610 6700 3763 6733 devrait
3783 6698 3978 6738 répondre
3998 6706 4008 6735 ;

3652 6767 3690 6798 5°
3716 6767 3786 6799 Les
3807 6771 4010 6798 annonces
4032 6766 4122 6797 sont
4143 6763 4191 6796 de
4211 6763 4271 6796 six
4296 6762 4423 6803 lignes
4444 6770 4495 6796 au
4520 6763 4640 6795 maxi-

3570 6799 3574 6860 j
3612 6827 3732 6851 mum.
3790 6820 3859 6852 Les
3914 6818 4041 6856 lignes
4094 6816 4452 6856 supplémentaires
4507 6818 4641 6848 seront
