5228 7184
322 403 376 447 s*
410 404 600 447 année.
628 426 692 435 —
714 394 779 447 N°
805 394 858 434 ^
895 403 956 456 —
991 403 1082 458 |Q
1118 410 1251 451 cent

3964 419 4032 462 I>u
4052 420 4075 462 1
4100 427 4114 448 '
4136 431 4199 466 an
4226 422 4279 464 15
4299 422 4471 467 Juillet
4491 426 4604 467 ISIS

1502 402 1850 514 ŒUVRE
1926 402 2050 514 DE
2118 398 2958 518 PHILANTHROPIE
3030 406 3458 522 SOCIALE

1430 1522 1690 1598 DES
1778 1506 2470 1598 INTÉRÊTS
2554 1506 3530 1622 RÉCIPROQUES

640 1658 1086 1710 Combinaison
1122 1656 1394 1719 Mariage
1431 1652 1614 1704 créée
1654 1668 1731 1704 en
1770 1648 1939 1706 1905
2008 1667 2184 1703 ses
2256 1655 2546 1707 Bureaux
2586 1656 2645 1706 et
2680 1655 3194 1708 Administration
3231 1674 3246 1708 :
3284 1658 3392 1719 26.
3431 1675 3543 1711 rue
3582 1659 3868 1726 d'Astorg
3905 1690 3970 1696 —
4007 1662 4324 1715 Toulouse

414 1795 479 1830 LA
504 1792 636 1828 PLUS
662 1791 914 1828 HONNETE

414 1842 479 1876 LA
506 1839 639 1875 PLUS
667 1839 927 1875 DISCRETE

414 1888 479 1922 LA
504 1886 639 1920 PLUS
666 1886 863 1920 RAPIDE

414 1934 479 1970 LA
511 1932 644 1967 PLUS
675 1932 936 1967 SERIEUSE

414 1980 479 2015 LA
504 1979 638 2014 PLUS
662 1979 798 2014 SURE

414 2024 479 2060 LA
507 2026 674 2060 MOINS
702 2024 878 2060 CHERE

415 2071 512 2107 PAS
546 2070 1028 2107 D'INTERMEDIAIRE

415 2118 514 2154 PAS
542 2119 607 2154 DE
636 2116 968 2155 COMMISSION

1720 1787 2654 1847 Directeur-Propriétaire
2695 1818 2708 1848 -
2751 1790 2926 1850 Jean
2975 1790 3216 1850 BACH

1519 1895 1730 1930 Annonces
1782 1891 1834 1927 de
1887 1891 2060 1939 Mariage
2107 1892 2194 1935 (six
2235 1891 2366 1938 lignes
2422 1896 2467 1930 et
2514 1894 2783 1932 abonnement
2830 1907 2884 1932 au
2932 1895 3116 1943 journal)

1587 1940 1699 1975 Trois
1735 1938 3116 1983 mois...
3175 1944 3242 1979 11
3272 1946 3422 1982 francs.

1518 1992 1663 2037 Lignes
1683 1991 3119 2037 supplémentaires...
3223 2002 3243 2032 i
3312 2019 3358 2024 —

1519 2048 1759 2082 Annnonces
1779 2048 1818 2082 et
1839 2047 2046 2083 Locations
2067 2046 2183 2087 (trois
2204 2044 3118 2090 mois).
3216 2051 3250 2086 6
3311 2071 3356 2078 —

1520 2098 1618 2134 Avis
1635 2097 1783 2140 divers,
1804 2099 1931 2135 Offres
1952 2103 1990 2135 et
2012 2099 2230 2135 Demandes
2251 2099 2459 2144 d’emplois
2479 2096 2606 2140 (deux
2626 2100 3120 2142 mois).
3220 2103 3255 2139 3
3315 2123 3359 2131 —

3651 1795 3703 1830 Le
3728 1807 3748 1826 «
3774 1795 3892 1832 Trait
3916 1795 4096 1831 d’Unlon
4123 1808 4142 1828 »
4167 1800 4230 1834 est
4278 1798 4436 1839 envoyé
4486 1800 4630 1835 contre

3602 1843 3623 1876 0
3644 1842 3696 1876 fr,
3722 1843 3766 1876 10
3788 1842 3814 1878 à
3835 1844 3950 1879 toute
3972 1850 4180 1884 personne
4204 1846 4274 1886 qui
4299 1852 4350 1880 en
4372 1846 4452 1882 fait
4476 1847 4518 1880 la
4563 1846 4628 1880 de*

3603 1888 3770 1923 mande.

3651 1935 3714 1968 Un
3742 1940 3786 1968 n°
3807 1932 4019 1974 spécimen
4044 1939 4107 1971 est
4131 1938 4252 1972 offert
4278 1938 4628 1979 gracieusement,

3602 1979 3628 2015 à
3652 1983 3744 2016 tout
3768 1982 3958 2023 visiteur,
3983 1983 4092 2018 dans
4116 1990 4192 2018 nos
4216 1983 4420 2018 bureaux.

3651 2027 3703 2062 Le
3751 2027 3928 2062 Journal
3978 2031 4040 2064 cet
4067 2028 4238 2063 adressé
4263 2028 4290 2063 à
4339 2036 4416 2064 nos
4440 2030 4628 2066 abonnés

3603 2079 3703 2107 sous
3728 2074 3956 2114 enveloppe
3982 2074 4152 2116 fermée,
4180 2082 4283 2114 sane
4308 2083 4474 2110 aucune
4523 2076 4627 2111 indi¬

3606 2126 3746 2160 cation
3778 2128 4026 2167 apparente.

383 2259 693 2353 Dépositaire
701 2277 725 2337 s
767 2261 831 2335 du
869 2259 933 2335 Tr
937 2261 1013 2337 ait
1051 2259 1255 2335 (l’Union

312 2404 423 2437 Paris
451 2404 460 2435 :
488 2404 652 2444 kiosque
680 2404 751 2440 136,
782 2411 850 2436 rue
876 2402 1038 2442 Royale;
1064 2400 1230 2440 kiosque
1255 2400 1327 2439 224,

391 2446 607 2478 boulevard
640 2444 903 2482 Saint-Denis;
935 2443 1100 2483 kiosque
1132 2443 1203 2481 189,
1238 2443 1330 2475 bou¬

391 2486 526 2520 levard
562 2487 847 2524 Saint-Micbel;
879 2486 1043 2524 kiosque
1075 2486 1146 2523 196,
1199 2484 1331 2518 boule¬

392 2530 489 2562 vard
512 2528 755 2568 Sébastopol.

311 2584 418 2623 Lyon
448 2584 456 2616 :
486 2584 662 2623 kiosque,
691 2582 722 2619 8,
752 2580 863 2622 place
891 2580 960 2614 des
988 2582 1202 2619 Terreaux;
1230 2579 1331 2612 kios¬

392 2634 479 2664 que,
499 2624 610 2664 place
627 2624 667 2658 la
683 2624 803 2661 Viste;
822 2623 986 2663 kiosque
1004 2623 1023 2655 1
1040 2623 1112 2660 bis,
1132 2623 1243 2663 place
1260 2622 1330 2652 des

392 2667 624 2703 Cordeliers;
650 2666 814 2704 kiosque
836 2664 867 2703 1,
891 2666 984 2704 quai
1007 2664 1055 2696 de
1079 2666 1171 2696 Retz

310 2720 507 2754 Marseille
528 2719 536 2751 :
556 2719 720 2759 kiosque
739 2718 788 2756 12,
811 2718 932 2751 allées
951 2719 999 2751 de
1019 2716 1208 2754 Meilhan;
1228 2715 1329 2748 kios¬

390 2770 466 2802 que
484 2762 535 2799 25,
558 2768 627 2794 rue
648 2760 832 2799 Noailles;
854 2760 1018 2799 kiosque
1039 2760 1068 2797 1,
1090 2767 1160 2792 rue
1182 2759 1330 2791 Canne-

390 2803 508 2838 bière.

308 2859 514 2891 Bordeaux
540 2856 548 2888 :
572 2855 736 2898 kiosque
762 2855 903 2894 Turbé,
928 2855 1039 2895 place
1064 2855 1111 2887 de
1134 2854 1174 2887 la
1196 2851 1327 2887 Comé¬

390 2900 464 2932 die.

310 2954 534 2992 Perpignan
559 2952 567 2984 :
591 2952 755 2992 kiosque
778 2951 914 2991 Vergé.

308 3008 504 3040 Toulouse
531 3015 538 3046 :
563 3006 802 3046 principaux
820 3003 1007 3043 kiosques

363 3167 737 3269 Abonnés
787 3171 863 3265 et
913 3163 1281 3263 Lecteurs

362 3343 421 3383 Ce
451 3343 640 3396 journal
675 3340 787 3382 n’est
847 3351 928 3391 pas
992 3348 1079 3378 une
1112 3334 1328 3376 création.

303 3403 417 3444 Sous
443 3403 482 3443 le
510 3414 622 3442 nom
648 3400 700 3440 de
727 3395 1118 3451 Rapide-Agence,
1150 3395 1180 3435 il
1204 3395 1332 3447 porte

303 3462 464 3515 depuis
488 3462 592 3514 plus
618 3460 671 3500 de
699 3459 800 3499 huit
826 3470 923 3506 ans,
952 3456 1066 3496 dans
1094 3456 1238 3495 toutes
1266 3454 1326 3492 les

304 3534 488 3576 régions
514 3520 575 3562 du
599 3518 711 3560 Midi
736 3519 779 3559 et
804 3516 856 3559 de
883 3516 926 3558 la
950 3516 1118 3556 France
1143 3511 1330 3560 entière,

302 3580 554 3624 l'heureuse
591 3579 912 3619 combinaison
976 3575 1099 3615 créée
1132 3586 1216 3624 par
1248 3584 1335 3612 son

303 3640 540 3682 Directeur
571 3640 612 3679 et
642 3635 908 3690 poursuivie
942 3646 1050 3675 avec
1083 3644 1147 3674 un
1176 3630 1332 3672 succès

302 3699 383 3755 qui
408 3711 463 3740 ne
487 3699 590 3739 s'est
611 3696 782 3751 jamais
808 3694 1026 3736 démenti.

360 3756 655 3812 Transformé
684 3759 726 3798 et
758 3754 966 3807 modifié,
998 3767 1103 3795 sous
1136 3764 1224 3794 une
1255 3751 1332 3791 Di¬

303 3819 478 3862 rection
507 3816 735 3866 nouvelle,
770 3816 808 3856 le
866 3814 989 3855 Trait
1018 3812 1219 3855 d’Union
1278 3823 1335 3851 va

308 3879 556 3923 désormais
587 3878 823 3928 s’occuper
852 3874 1178 3928 spécialement
1210 3871 1332 3911 d’an¬

310 3951 479 3980 nonces
511 3938 563 3979 de
596 3936 815 3990 mariage,
847 3923 946 3988 âfin
976 3932 1029 3975 de
1062 3931 1240 3972 donner
1271 3942 1334 3970 un

306 3999 474 4040 nouvel
500 4010 622 4039 essor
646 3996 671 4036 à
696 3999 810 4036 cette
836 4006 991 4035 œuvre
1020 3990 1331 4038 intéressante,

307 4058 632 4106 humanitaire,
680 4051 1092 4108 philanthropique
1159 4051 1200 4088 et
1264 4060 1334 4088 so¬

303 4119 432 4160 ciale.

366 4178 424 4219 Ce
448 4176 562 4232 petit
586 4175 774 4230 journal
802 4170 871 4212 n'a
892 4183 974 4224 pas
999 4171 1042 4211 la
1064 4168 1328 4223 prétention

308 4238 446 4279 d’être
503 4235 732 4278 littéraire.
760 4232 838 4273 Ses
867 4232 1070 4271 bureaux
1095 4242 1150 4270 ne
1174 4231 1328 4270 seront

304 4298 474 4351 jamais
499 4292 768 4336 encombrés
795 4291 847 4331 de
874 4290 1063 4331 curieux
1090 4288 1328 4330 indiscrets

310 4358 359 4398 ni
380 4358 434 4398 de
458 4367 568 4410 gens
592 4351 820 4406 d’affaires
840 4350 946 4404 plus
968 4362 1027 4390 ou
1067 4348 1218 4390 moins
1255 4347 1328 4388 vé¬

308 4428 434 4458 reux.

370 4476 464 4515 Une
500 4470 814 4526 organisation
847 4470 1039 4523 parfaite
1074 4471 1114 4508 et
1151 4479 1238 4507 une
1275 4468 1334 4506 te¬

308 4546 398 4576 nue
427 4528 763 4586 irréprochable
795 4543 806 4570 :
834 4528 955 4571 voilà
979 4542 1028 4570 sa
1054 4526 1218 4568 devise.

362 4591 580 4634 Abonnés
612 4592 654 4631 et
686 4590 876 4631 lecteurs
938 4590 1040 4630 sont
1072 4584 1247 4628 assurés
1282 4586 1333 4627 de

310 4656 494 4694 trouver
516 4663 573 4691 en
598 4650 663 4690 lui
690 4662 752 4691 un
776 4648 1011 4690 auxiliaire
1036 4648 1315 4700 scrupuleux
1324 4680 1330 4691 ,

310 4712 447 4754 d’une
484 4708 732 4751 discrétion
768 4708 971 4758 absolue,
1011 4710 1051 4748 et
1090 4707 1226 4748 d’une
1266 4706 1331 4746 in¬

307 4771 560 4814 discutable
591 4768 786 4824 loyauté.

362 4830 456 4882 Que
490 4842 603 4872 ceux
634 4830 714 4883 qui
776 4840 831 4870 ne
895 4840 1010 4868 nous
1041 4825 1332 4867 connaissent

302 4903 382 4944 pas
410 4890 631 4932 viennent
660 4890 686 4931 à
715 4902 830 4930 nous
859 4899 963 4927 sans
991 4886 1178 4927 crainte.
1211 4883 1332 4925 Nous

302 4962 458 4991 serons
491 4950 695 4990 heureux
726 4948 779 4987 de
842 4947 903 4988 les
962 4944 1087 4984 aider
1118 4944 1171 4984 de
1204 4946 1331 4984 notre

302 5020 527 5050 concours
588 5007 782 5048 indirect
810 5019 892 5059 par
922 5006 960 5046 le
987 5003 1177 5058 journal
1207 5006 1250 5046 et
1279 5004 1332 5044 de

303 5080 386 5108 nos
448 5067 643 5108 conseils
674 5064 943 5119 personnels
1006 5064 1182 5118 chaque
1243 5063 1332 5116 fois

302 5124 454 5179 qu’ils,
470 5126 701 5167 voudront,
767 5123 872 5167 bien
936 5135 1052 5164 nous
1115 5122 1328 5162 accorder

304 5190 404 5227 leur
439 5187 679 5239 confiance
716 5188 758 5226 et
796 5198 912 5226 nous
950 5184 1202 5224 demander
1238 5195 1320 5223 nos

299 5246 410 5287 avis.

360 5304 455 5356 Que
518 5316 600 5344 nos
662 5304 852 5344 lecteurs
914 5303 1191 5344 deviennent
1252 5302 1327 5343 des

303 5366 434 5407 amis.
467 5364 562 5416 Que
588 5366 774 5416 partout
803 5366 844 5403 et
872 5363 898 5404 à
927 5366 1043 5411 tous,
1076 5363 1130 5403 ils
1155 5363 1327 5416 fassent

306 5426 560 5474 connaître,
599 5436 703 5466 sans
738 5422 910 5463 crainte
947 5425 990 5463 et
1026 5435 1130 5463 sans
1167 5423 1323 5470 honte,

303 5486 342 5526 le
370 5486 462 5526 bon
483 5484 888 5538 fonctionnement
914 5483 966 5524 de
994 5484 1120 5523 notre
1146 5482 1328 5534 organi¬

303 5544 454 5586 sation
491 5558 505 5592 ;
542 5543 676 5598 qu’ils
714 5556 830 5584 nous
863 5544 1112 5596 procurent
1150 5543 1188 5583 le
1222 5542 1327 5595 plus

304 5599 590 5646 d’adhésions
616 5599 839 5658 possibles,
872 5596 996 5644 voilà
1027 5603 1156 5643 notre
1195 5598 1328 5642 désir.

363 5664 395 5704 A
433 5666 532 5705 tous
564 5666 606 5703 et
636 5662 662 5703 à
695 5664 856 5711 toutes,
894 5674 1008 5703 nous
1039 5660 1308 5703 souhaitons
1318 5692 1324 5712 ,

304 5736 362 5764 en
388 5726 555 5771 retour,
587 5722 738 5763 bonne
794 5722 966 5762 chance
1022 5724 1063 5762 et
1115 5723 1328 5774 prompte

304 5783 566 5824 réalisation
590 5782 642 5822 de
668 5782 787 5822 leurs
809 5782 914 5834 plus
939 5779 1096 5820 chères
1120 5778 1310 5832 espéran
1312 5804 1329 5810 -

852 5899 922 5940 LA
948 5898 1271 5940 DIRECTION.

355 6059 445 6157 La
481 6059 813 6157 Puissance
859 6059 931 6155 de
971 6059 1285 6157 l’Annonce

370 6267 428 6295 üii
452 6259 694 6307 acceplant,
719 6266 770 6295 en
800 6254 978 6295 octobre
1002 6255 1118 6302 1910,
1143 6255 1183 6295 la
1199 6255 1336 6296 direc¬

313 6318 403 6358 tion
423 6318 480 6358 du
500 6318 827 6359 Trait-d’Union
855 6328 956 6356 mon
988 6316 1202 6358 intention
1234 6318 1339 6359 était

312 6380 368 6419 de
416 6379 523 6419 faire
559 6380 615 6421 de
662 6380 984 6420 l’intéressante
1031 6379 1338 6421 combinaison

315 6440 512 6491 mariage
544 6454 628 6482 une
667 6454 816 6482 œuvre
856 6442 1055 6482 sérieuse
1096 6445 1138 6480 et
1174 6443 1279 6483 utile
1315 6446 1335 6483 à

310 6510 424 6546 tous.

368 6568 432 6607 En
446 6564 659 6616 quelques
673 6567 802 6616 mois,
820 6567 874 6607 de
895 6564 1188 6608 nombreuses
1206 6568 1340 6608 modi¬

312 6630 512 6672 fications
532 6631 604 6667 ont
626 6628 694 6666 élé
730 6630 940 6670 réalisées
979 6631 1092 6670 dans
1111 6628 1152 6668 le
1188 6627 1266 6668 but.
1286 6631 1339 6670 de

318 6692 482 6734 rendre
507 6690 610 6742 plus
634 6690 864 6740 profitable
889 6691 1131 6742 l’originale
1168 6691 1262 6731 idée
1280 6694 1338 6732 du

311 6756 508 6804 mariage
532 6765 615 6804 par
635 6751 858 6804 publicité.

1463 2258 1600 2299 Notre
1622 2259 1756 2299 siècle
1783 2259 1819 2298 si
1848 2258 2003 2298 fécond
2032 2271 2083 2299 en
2108 2259 2363 2299 inventions
2400 2263 2444 2299 et

1414 2320 1704 2362 découvertes
1726 2320 1780 2360 de
1821 2323 1966 2360 toutes
2010 2324 2168 2370 sortes,
2219 2332 2244 2360 a
2290 2334 2346 2360 vu
2395 2332 2442 2362 se

1412 2384 1554 2430 créer,
1592 2394 1640 2422 se
1682 2383 1950 2434 développer
1987 2386 2030 2423 et
2067 2395 2115 2423 se
2155 2384 2442 2423 transformer

1412 2455 1498 2484 une
1516 2443 1618 2484 bien
1642 2444 1839 2484 modeste
1861 2446 2110 2484 nouveauté
2143 2459 2151 2484 :
2186 2445 2434 2486 l’annonce.

1464 2507 1496 2546 Il
1531 2519 1558 2558 y
1599 2519 1624 2547 a
1659 2508 1896 2558 cinquante
1932 2519 2026 2556 ans,
2071 2507 2298 2548 l’annonce
2338 2508 2442 2547 était

1412 2579 1527 2618 rare,
1562 2570 1768 2618 discrète,
1807 2570 1986 2610 limitée.
2026 2570 2319 2622 Aujourd’hui
2359 2571 2442 2610 elle

1414 2632 1607 2682 remplit,
1630 2634 1655 2671 à
1676 2632 1759 2671 elle
1780 2631 1916 2679 seule,
1942 2632 2055 2671 deux
2082 2644 2139 2672 ou
2171 2632 2278 2671 trois
2305 2643 2442 2683 pages

1412 2694 1491 2734 des
1505 2695 1671 2744 grands
1687 2694 1955 2744 quotidiens,
1974 2695 2056 2735 elle
2079 2695 2231 2746 frappe
2252 2696 2277 2734 à
2297 2698 2443 2735 toutes

1415 2755 1479 2796 les
1498 2760 1660 2807 portes,
1683 2756 1766 2795 elle
1788 2767 1836 2795 se
1854 2756 1992 2806 glisse
2011 2758 2122 2796 dans
2142 2760 2243 2796 tous
2268 2756 2332 2797 les
2359 2758 2438 2796 mi¬

1412 2818 1547 2867 lieux,
1579 2818 1663 2858 elle
1690 2818 1866 2858 devient
1895 2819 2223 2866 envahissante,
2253 2822 2440 2869 gênante

1415 2880 1596 2932 parfois;
1622 2879 1704 2919 elle
1722 2882 1862 2930 trône,
1882 2880 1966 2920 elle
1987 2882 2230 2932 triomphe;
2250 2892 2300 2922 sa
2322 2882 2440 2932 puis¬

1410 2954 1546 2984 sance
1567 2946 1634 2982 est
1651 2942 1867 2983 illimitée.

1464 3002 1686 3052 Pourquoi
1723 3002 1836 3042 donc
1870 3003 2090 3044 s’étonner
2122 3003 2252 3054 qu’on
2294 3003 2439 3043 utilise

1411 3067 1522 3104 cette
1547 3066 1691 3103 même
1714 3064 1924 3114 publicité
1946 3076 2056 3116 pour
2078 3066 2246 3106 arriver
2276 3078 2331 3106 au
2367 3066 2438 3104 ré¬

1410 3135 1546 3175 sultat
1566 3134 1714 3174 désiré
1734 3147 1815 3186 par
1833 3139 1934 3176 tous
1948 3148 2059 3178 ceux
2092 3136 2167 3187 qui
2210 3139 2363 3178 rêvent
2384 3136 2438 3176 de

1410 3196 1563 3236 fonder
1582 3208 1639 3236 un
1660 3196 1783 3248 foyer
1803 3198 1820 3236 ?

1464 3260 1648 3299 Peut-on
1682 3260 1910 3312 employer
1946 3272 2104 3312 moyen
2144 3260 2246 3312 plus
2284 3264 2360 3302 sûr
2398 3264 2440 3302 et

1412 3323 1556 3360 moins
1578 3322 1831 3371 dangereux
1852 3334 1963 3374 pour
1984 3335 2166 3374 essayer
2187 3323 2240 3363 de
2262 3335 2442 3375 rappro¬

1410 3384 1514 3424 cher
1547 3384 1659 3424 deux
1690 3386 1915 3424 destinées
1935 3387 1954 3424 ?
1980 3387 2304 3426 Certainement
2334 3398 2435 3426 non.

1411 3447 1463 3486 Et
1484 3446 1590 3486 c’est
1610 3458 1723 3496 pour
1744 3450 1857 3487 cette
1878 3448 2024 3488 raison
2047 3460 2132 3499 que
2160 3448 2367 3488 s’affirme
2386 3448 2439 3487 de

1408 3510 1507 3560 jour
1527 3520 1582 3548 en
1602 3511 1699 3559 jour
1720 3510 1761 3548 le
1779 3511 1935 3550 succès
1954 3510 2007 3550 de
2035 3510 2212 3550 l’œuvre
2248 3522 2334 3562 que
2367 3510 2439 3560 j’ai

1411 3582 1655 3631 entreprise
1678 3584 1719 3619 et
1739 3591 1824 3632 que
1844 3583 1884 3631 je
1907 3591 1962 3620 ne
1982 3582 2130 3620 crains
2156 3592 2234 3632 pas
2255 3582 2308 3620 de
2331 3592 2438 3620 con¬

1411 3640 1582 3682 sidérer
1602 3654 1775 3683 comme
1798 3643 2094 3683 humanitaire
2115 3647 2156 3683 et
2178 3643 2358 3684 sociale.

1467 3704 1602 3744 Reste
1624 3706 1899 3746 maintenant
1918 3707 1942 3744 à
1963 3706 2158 3746 détruire
2198 3707 2236 3746 le
2256 3707 2439 3756 préjugé

1412 3768 1486 3818 qui
1508 3768 1642 3807 flétrit
1662 3771 1755 3807 tout
1774 3778 1822 3807 ce
1838 3768 1912 3818 qui
1927 3768 2087 3808 touche
2106 3780 2191 3808 aux
2211 3768 2440 3819 questions

1414 3830 1775 3870 matrimoniales.
1802 3830 1899 3871 Oui.
1924 3830 1952 3868 il
1976 3834 2041 3871 est
2063 3830 2142 3870 des
2175 3842 2366 3879 agences
2399 3833 2440 3870 et

1412 3891 1491 3931 des
1512 3895 1847 3932 entremetteurs
1867 3891 1974 3931 dont
1995 3892 2022 3931 il
2054 3892 2144 3932 faut
2180 3904 2227 3932 se
2267 3892 2436 3942 méfier;

1412 3954 1526 3992 mais
1543 3964 1602 4000 pu
1632 3955 1823 3995 honnête
1859 3958 1900 3995 et
1936 3955 2152 3994 inoffensif
2188 3955 2363 4004 journal
2386 3966 2439 3994 ne

1411 4015 1579 4055 saurait
1600 4016 1791 4067 inspirer
1823 4018 1878 4056 de
1914 4016 2112 4056 défiance
2155 4018 2179 4055 à
2219 4027 2438 4067 personne

1412 4077 1591 4130 lorsque
1612 4090 1663 4119 sa
1682 4079 1896 4119 direction
1919 4083 1986 4119 est
2003 4090 2224 4120 reconnue
2240 4079 2438 4119 sérieuse

1412 4140 1454 4178 et
1475 4136 1822 4188 irréprochable.

1466 4200 1602 4241 D’une
1627 4202 1751 4248 façon
1778 4200 1983 4250 générale
2004 4211 2115 4240 ceux
2135 4202 2210 4252 qui
2246 4200 2440 4252 aspirent

1412 4274 1467 4302 au
1490 4264 1688 4313 mariage
1710 4266 1939 4314 acceptent
1974 4266 2015 4302 et
2048 4262 2287 4302 sollicitent
2315 4263 2440 4302 l’avis

1411 4324 1514 4364 d’un
1554 4326 1658 4376 ami,
1700 4326 2023 4367 l’intervention
2074 4324 2131 4364 du
2174 4325 2358 4370 notaire,
2403 4326 2440 4363 le

1411 4388 1578 4426 conseil
1603 4387 1660 4426 du
1682 4390 1844 4438 prêtre,
1868 4392 1950 4428 etc.
1983 4388 2096 4428 C’est
2124 4398 2210 4439 que
2247 4387 2343 4427 rien
2366 4386 2440 4426 ici-

1410 4448 1491 4488 bas
1511 4459 1563 4488 ne
1586 4452 1688 4498 peut
1707 4459 1755 4487 se
1776 4450 1960 4490 réaliser
1999 4462 2104 4490 sans
2151 4451 2191 4490 le
2227 4459 2440 4490 concours

1410 4502 1514 4542 d’un
1534 4503 1635 4543 aide
1656 4504 1918 4554 compétent.

1466 4566 1511 4606 Si
1534 4578 1643 4606 vous
1675 4578 1782 4606 avez
1820 4564 1859 4604 le
1898 4564 2099 4606 bonheur
2132 4565 2187 4604 de
2230 4566 2443 4616 posséder

1414 4630 1528 4668 amis
1555 4632 1598 4668 et
1634 4628 1859 4678 relations,
1892 4628 1930 4668 si
1962 4631 2084 4667 votre
2114 4627 2266 4667 milieu
2302 4627 2440 4668 social

1415 4703 1524 4730 vous
1546 4695 1716 4740 permet
1736 4692 1790 4730 de
1814 4695 1991 4731 trouver
2012 4692 2170 4730 autour
2191 4688 2246 4728 de
2268 4702 2378 4730 vous
2399 4688 2439 4727 la

1412 4763 1631 4802 personne
1666 4752 1740 4803 qui
1790 4754 1882 4794 doit
1930 4756 2136 4804 partager
2183 4755 2306 4791 votre
2354 4752 2438 4800 vie,

1412 4814 1704 4863 gardez-vous
1726 4815 1930 4864 d’égarer
1951 4815 2132 4856 ailleurs
2153 4826 2232 4855 vos
2260 4815 2439 4854 recher¬

1412 4876 1531 4919 ches.

1466 4939 1578 4979 Mais
1631 4940 1668 4979 si
1711 4952 1822 4991 pour
1861 4939 2080 4980 d’infinies
2116 4939 2291 4978 raisons
2331 4948 2442 4977 vous

1410 5003 1502 5042 êtes
1535 5003 1856 5051 embarrassés,
1891 5002 2027 5042 isolés
2060 5002 2172 5041 dans
2208 5000 2251 5040 la
2287 5000 2371 5048 vie,
2403 4999 2439 5039 si

1410 5067 1534 5104 votre
1572 5068 1815 5114 entourage
1851 5076 1903 5104 ne
1938 5076 2048 5103 vous
2082 5063 2250 5114 inspire
2280 5063 2440 5112 qu’une

1411 5126 1632 5167 médiocre
1655 5128 1894 5172 confiance,
1919 5138 2099 5176 essayez
2119 5126 2171 5166 de
2194 5124 2435 5164 l’annonce.

1411 5188 1506 5228 Elle
1527 5200 1638 5230 vous
1659 5192 1831 5240 promet
1862 5190 2028 5230 entière
2056 5192 2098 5228 et
2131 5187 2315 5228 absolue
2352 5187 2440 5226 dis¬

1411 5252 1592 5300 crétion,
1630 5255 1671 5291 et
1710 5252 1794 5291 elle
1831 5262 1942 5291 vous
1982 5251 2127 5290 donne
2168 5248 2347 5300 l’espoir
2386 5248 2440 5288 de

1411 5318 1590 5354 trouver
1608 5326 1656 5354 ce
1691 5326 1776 5364 que
1816 5326 1928 5354 nous
1950 5314 2198 5354 cherchons
2232 5315 2331 5351 tous
2368 5311 2442 5351 ici-

1411 5376 1491 5415 bas
1514 5388 1523 5423 ;
1554 5376 1592 5415 le
1623 5375 1824 5415 bonheur
1858 5376 1970 5415 dans
2002 5375 2166 5414 l’union
2199 5372 2371 5412 désirée
2400 5376 2442 5412 et

1410 5439 1554 5478 rêvée.
2067 5436 2178 5478 Jean
2202 5435 2367 5475 BACH.

1479 5599 1707 5675 SERVICE
1763 5599 1833 5675 DE
1879 5597 2369 5675 RENSEIGNEMENTS

1471 5720 1612 5760 Toute
1643 5731 1867 5771 personne
1898 5720 2036 5771 ayant
2064 5718 2219 5759 besoin
2251 5716 2436 5758 d’infor¬

1418 5779 1614 5819 mations
1636 5782 1778 5827 sûres,
1803 5791 1862 5819 au
1883 5779 2012 5830 point
2034 5778 2088 5818 de
2108 5790 2195 5818 vue
2216 5776 2435 5816 financier

1412 5838 1702 5879 commercial
1728 5848 1786 5878 ou
1812 5836 1955 5888 privé,
1984 5835 2259 5878 concernant
2311 5835 2438 5875 affai¬

1412 5908 1496 5944 res,
1528 5896 1755 5947 mariages
1780 5907 1837 5936 ou
1867 5899 2032 5944 autres,
2064 5906 2246 5936 recevra
2274 5895 2335 5935 du
2364 5895 2436 5934 Di¬

1412 5956 1588 5996 recteur
1615 5956 1679 5996 les
1706 5955 2094 6007 renseignements
2120 5955 2184 5995 les
2210 5954 2316 6006 plus
2339 5955 2438 6004 pré¬

1412 6018 1490 6067 cis,
1519 6016 1544 6056 à
1568 6016 1647 6058 des
1672 6016 1775 6067 prix
1802 6016 1890 6058 très
1915 6016 2135 6058 modérés.
2167 6015 2248 6055 Ces
2274 6014 2438 6055 rensei¬

1415 6076 1652 6127 gnements
1674 6087 1720 6116 se
1742 6074 1895 6127 paient
1918 6075 2146 6115 d’avance.

1886 6150 1975 6208 ***

1495 6243 1971 6389 Conjbinai^on
2031 6259 2377 6389 Mariages

1623 6463 1921 6523 NOTRE
2013 6461 2245 6523 ROLE

1476 6576 1534 6618 Le
1560 6594 1580 6615 «
1606 6576 1727 6619 Trait
1751 6578 1952 6619 d’Union
1978 6595 1998 6617 »
2026 6583 2206 6632 accepte
2228 6582 2354 6618 toute
2376 6588 2442 6618 es¬

1416 6636 1523 6690 pèce
1552 6636 1606 6678 de
1635 6638 1874 6690 publicité;
1904 6639 2019 6679 mais
2047 6638 2079 6679 il
2107 6638 2315 6691 s’occupe
2344 6636 2441 6690 spé¬

1418 6695 1660 6739 cialement
1690 6696 1967 6738 d’annonces
1998 6696 2051 6739 de
2082 6698 2322 6751 mariages.

1475 6755 1534 6798 Le
1558 6756 1639 6796 but
1667 6757 1838 6808 unique
1863 6756 1916 6799 de
1940 6756 1982 6798 la
2008 6756 2242 6799 Direction
2267 6768 2332 6798 est
2386 6755 2440 6796 de

2523 2259 2740 2302 favoriser
2767 2262 2830 2303 les
2859 2263 3028 2304 unions
3055 2263 3223 2318 légales
3250 2268 3292 2304 et
3319 2262 3547 2306 chrétien¬

2522 2332 2600 2362 nes
2630 2332 2711 2374 par
2740 2334 2806 2362 un
2834 2322 3030 2375 procédé
3058 2322 3224 2364 discret
3252 2327 3295 2363 et
3324 2322 3542 2371 honnête,

2522 2380 2879 2422 contrairement
2899 2380 2923 2420 à
2947 2382 3142 2422 certains
3162 2383 3399 2435 journaux
3419 2382 3546 2423 simi¬

2521 2436 2652 2479 laires
2676 2439 2756 2491 qui
2780 2443 2883 2480 sont
2908 2439 2984 2480 des
3010 2452 3202 2494 agences
3226 2442 3543 2482 matrimonia¬

2520 2495 2583 2538 les
2604 2496 2855 2550 déguisées.

2580 2556 2636 2598 Le
2667 2555 2902 2598 Directeur
2928 2559 3070 2610 reçoit
3096 2559 3136 2600 le
3164 2559 3370 2602 courrier
3395 2560 3450 2600 de
3478 2571 3544 2600 ses

2520 2615 2740 2666 abonnés,
2767 2618 2882 2662 seul,
2911 2618 2943 2658 il
2970 2618 3008 2658 le
3034 2623 3274 2667 transmet,
3302 2624 3346 2660 et
3370 2619 3482 2667 seul,
3512 2618 3543 2658 il

2519 2675 2695 2728 répond
2719 2688 2808 2716 aux
2830 2675 2982 2720 lettres
3007 2678 3086 2730 qui
3112 2676 3176 2718 lui
3202 2682 3304 2718 sont
3359 2690 3544 2731 person¬

2523 2735 2771 2775 nellement
2792 2735 3034 2778 adressées.

2579 2794 2663 2834 Par
2690 2807 2779 2835 une
2806 2795 3128 2836 combinaison
3183 2795 3367 2838 d’offres
3391 2802 3435 2838 et
3490 2796 3543 2836 de

2520 2852 2768 2895 demandes
2798 2858 2840 2895 et
2871 2867 2952 2908 par
2982 2855 3024 2895 la
3055 2855 3448 2910 correspondance
3478 2855 3544 2896 di¬

2519 2918 2636 2954 recte
2663 2916 2790 2954 entre
2815 2912 2879 2956 les
2906 2915 3127 2965 abonnés,
3155 2915 3219 2956 les
3246 2916 3471 2970 mariages
3498 2928 3542 2955 se

2519 2971 2621 3014 font
2640 2984 2743 3012 sans
2764 2972 3146 3015 intermédiaires.

2594 3029 2714 3071 Nous
2751 3043 2808 3072 ne
2843 3032 3054 3072 saurions
3090 3046 3208 3074 assez
3244 3034 3419 3088 répéter
3454 3046 3543 3087 que

2520 3103 2636 3132 nous
2660 3088 2851 3132 n’avons
2873 3091 2974 3132 rien
2996 3091 3051 3132 de
3074 3104 3299 3134 commun
3323 3106 3431 3135 avec
3454 3106 3543 3134 une

2521 3162 2691 3204 agence
2726 3150 3084 3192 matrimoniale.
3123 3150 3224 3192 Non
3288 3152 3544 3194 seulement

2524 3222 2639 3251 nous
2672 3223 2727 3250 ne
2758 3210 2930 3251 faisons
2962 3223 3039 3264 pas
3071 3210 3126 3251 de
3156 3212 3398 3266 mariages,
3432 3212 3548 3252 mais

2523 3280 2686 3310 encore
2717 3282 2834 3311 nous
2866 3284 2924 3311 ne
2955 3270 3212 3312 réclamons
3244 3284 3424 3312 aucune
3484 3284 3548 3312 es¬

2523 3328 2630 3382 pèce
2659 3328 2712 3370 de
2740 3330 3043 3370 commission
3071 3334 3115 3370 et
3143 3334 3274 3371 notre
3300 3330 3396 3372 rôle
3426 3330 3548 3372 d’au¬

2522 3387 2698 3428 xiliaire
2727 3387 2892 3430 discret
2919 3402 3040 3430 cesse
3096 3402 3155 3430 au
3211 3394 3424 3431 moment
3451 3396 3548 3444 pré¬

2523 3446 2586 3487 cis
2620 3448 2680 3488 où
2715 3447 2778 3488 les
2812 3448 3050 3488 intéressés
3086 3447 3216 3488 n’ont
3250 3447 3354 3502 plus
3387 3448 3546 3490 besoin

2523 3504 2576 3547 de
2602 3519 2683 3546 nos
2708 3507 2916 3547 services.

2582 3566 2716 3606 Notre
2752 3568 2950 3619 système
2987 3568 3059 3606 n’a
3094 3570 3194 3607 rien
3231 3568 3286 3608 de
3322 3580 3546 3608 commun

2524 3638 2618 3666 non
2648 3624 2750 3679 plus
2780 3638 2887 3667 avec
2916 3624 2979 3667 les
3008 3639 3242 3667 annonces
3271 3626 3347 3667 des
3378 3626 3548 3680 grands

2522 3686 2756 3738 journaux
2783 3686 3020 3739 parisiens.
3054 3685 3170 3727 Leur
3196 3684 3414 3727 méthode
3440 3699 3548 3727 con¬

2522 3744 2627 3786 siste
2652 3746 2678 3786 à
2704 3746 2876 3786 insérer
2903 3744 2980 3786 des
3008 3744 3256 3787 demandes
3314 3750 3358 3787 et
3411 3744 3548 3787 offres

2523 3804 2578 3846 de
2612 3804 2855 3859 mariages,
2895 3804 3240 3858 généralement
3275 3818 3544 3860 anonymes,

2523 3868 2566 3906 et
2594 3870 2776 3918 portant
2806 3864 3092 3907 l’indication
3128 3878 3138 3906 :
3171 3882 3191 3904 «
3222 3870 3349 3919 poste
3378 3870 3548 3907 restan¬

2520 3927 2563 3966 te
2588 3940 2628 3964 ».

2580 3983 2706 4026 Cette
2736 3984 2982 4026 discrétion
3014 3986 3102 4026 très
3134 3984 3340 4039 légitime
3370 3990 3414 4026 et
3444 3999 3547 4027 sans

2523 4043 2718 4096 dangers
2752 4048 2879 4086 entre
2914 4043 3138 4086 honnêtes
3174 4058 3302 4100 gens,
3341 4044 3548 4099 présente

2522 4110 2563 4151 le
2590 4108 2694 4163 plus
2751 4119 2946 4152 souvent
3002 4111 3058 4152 de
3115 4124 3274 4166 graves
3333 4112 3548 4152 inconvé¬

2524 4171 2690 4212 nients.
2739 4170 2812 4212 Un
2839 4171 3200 4224 correspondant
3226 4171 3307 4224 qui
3335 4171 3548 4211 dissimu¬

2523 4231 2564 4271 le
2591 4243 2675 4271 son
2704 4231 2894 4272 identité
2923 4244 2980 4272 ne
3008 4235 3118 4284 peut
3144 4230 3275 4271 offrir
3303 4230 3358 4271 de
3386 4243 3549 4283 garan¬

2523 4291 2604 4331 ties
2631 4291 2864 4331 sérieuses.
2894 4290 3011 4331 Neuf
3036 4290 3124 4331 fois
3151 4303 3228 4331 sur
3255 4290 3347 4339 dix,
3379 4288 3442 4331 les
3469 4290 3548 4330 let¬

2523 4355 2611 4391 tres
2666 4348 2891 4391 adressées
2943 4350 2968 4391 à
3023 4363 3094 4391 ces
3148 4362 3366 4390 coureurs
3391 4348 3446 4391 de
3471 4350 3550 4391 dot

2522 4412 2691 4451 restent
2715 4423 2819 4451 sans
2843 4410 3051 4464 réponse.
3080 4408 3138 4452 Le
3163 4408 3260 4450 naïf
3283 4422 3550 4463 correspon¬

2523 4470 2634 4511 dant
2663 4468 2902 4524 s’aperçoit
2932 4468 3044 4524 qu’il
3075 4483 3099 4511 a
3130 4470 3198 4511 été
3227 4468 3550 4511 l’amusement

2523 4530 2635 4571 d’un
2660 4530 2850 4571 fumiste
2875 4544 2936 4571 ou
2962 4530 3074 4571 d’un
3099 4528 3294 4571 farceur.

2582 4588 2772 4631 Pareille
2807 4590 3126 4631 mésaventure
3160 4587 3276 4630 n’est
3310 4602 3388 4643 pas
3424 4590 3447 4630 à
3483 4602 3550 4630 re¬

2523 4650 2699 4698 douter,
2731 4648 2864 4703 grâce
2891 4650 2915 4690 à
2944 4648 3200 4690 l’heureuse
3227 4648 3548 4690 combinaison

2523 4708 2584 4750 du
2611 4708 2731 4750 Trait
2759 4710 2975 4750 d’Union.
3006 4708 3146 4751 Grâce
3171 4708 3195 4748 à
3220 4708 3302 4758 lui,
3332 4707 3482 4750 riches
3507 4712 3550 4750 et

2524 4782 2715 4824 pauvres
2774 4768 2904 4811 n’ont
2931 4768 3035 4822 plus
3064 4768 3223 4811 besoin
3251 4767 3307 4810 de
3332 4767 3549 4810 relations

2524 4827 2834 4884 personnelles
2870 4840 2986 4883 pour
3020 4827 3166 4870 s’unir
3200 4827 3474 4882 dignement
3507 4832 3551 4867 et

2523 4888 2650 4931 selon
2683 4888 2782 4930 leur
2814 4888 2948 4928 désir.
3014 4886 3395 4938 Journellement,
3434 4900 3550 4928 nous

2526 4962 2742 4991 recevons
2779 4948 2855 4988 des
2891 4947 3043 4988 lettres
3080 4946 3135 4987 de
3170 4947 3544 4988 remerciements

2524 5013 2567 5050 et
2600 5007 2655 5048 de
2688 5007 2982 5048 félicitations
3019 5019 3135 5060 pour
3168 5004 3211 5046 la
3247 5006 3451 5048 manière
3484 5006 3550 5047 sé¬

2524 5068 2670 5108 rieuse
2694 5066 2807 5108 dont
2828 5067 2964 5121 opère
2986 5067 3028 5107 la
3051 5064 3300 5107 Direction.

2583 5124 2650 5167 En
2678 5139 2728 5168 ce
2756 5127 2836 5180 qui
2866 5139 3091 5167 concerne
3119 5126 3162 5167 la
3190 5124 3550 5178 correspondan¬

2526 5200 2588 5236 ce,
2622 5200 2739 5228 nous
2768 5199 2884 5227 nous
2914 5184 3086 5227 faisons
3116 5199 3207 5228 une
3236 5184 3296 5226 loi
3327 5184 3383 5226 de
3411 5190 3551 5226 rester

2526 5250 2707 5288 neutres
2742 5250 2786 5288 et
2820 5244 3052 5300 d’ignorer
3088 5259 3136 5287 ce
3174 5242 3454 5299 qu’écrivent
3488 5243 3550 5285 les

2526 5306 2778 5348 intéressés.

2582 5366 2638 5407 Le
2662 5370 2803 5407 secret
2827 5364 2903 5407 des
2930 5366 3079 5407 lettres
3103 5370 3170 5406 est
3192 5364 3328 5406 chose
3354 5363 3502 5406 sacrée
3540 5363 3548 5404 I

3063 5435 3135 5476 LA
3164 5432 3487 5476 DIRECTION.

2611 5605 3453 5689 CONDITIONS

2695 5742 2752 5780 11
2776 5740 2940 5780 francs
2960 5750 3083 5791 pour
3104 5740 3226 5779 trois
3247 5740 3371 5779 mois

2524 5832 2736 5871 Donnant
2751 5831 2868 5870 droit
2886 5830 2914 5871 à
2934 5839 3021 5872 une
3040 5839 3259 5878 annonce,
3282 5839 3339 5868 au
3359 5827 3540 5876 journal

2579 5908 2684 5939 sous
2703 5900 2966 5948 enveloppe,
2988 5903 3031 5939 et
3050 5908 3107 5938 au
3128 5898 3298 5938 service
3318 5898 3371 5939 de
3394 5898 3435 5936 la
3454 5906 3546 5935 cor¬

2576 5958 2899 6006 respondance.

2518 6018 2851 6056 Abonnement
2878 6028 2936 6055 au
2963 6015 3160 6066 journal
3186 6014 3299 6060 seul,
3334 6024 3447 6052 sous
3475 6024 3552 6052 en¬

2572 6070 2782 6120 veloppe.

2528 6135 2594 6175 Un
2614 6142 2670 6171 an
2690 6135 2714 6172 K
2731 6134 2899 6180 francs,
2919 6134 2988 6172 six
3010 6132 3124 6172 mois
3142 6132 3166 6171 3
3183 6131 3352 6170 francs.

2587 6317 3497 6421 FONCTIONNEMENT

2586 6578 2726 6622 Toute
2757 6592 2984 6634 personne
3016 6582 3096 6634 qui
3130 6579 3275 6620 désire
3307 6576 3550 6618 s’abonner

2526 6640 2550 6680 à
2574 6639 2614 6680 la
2639 6640 2960 6682 combinaison
2984 6639 3208 6692 mariages
3232 6636 3330 6678 doit
3351 6650 3551 6691 envoyer

2526 6712 2582 6740 au
2614 6698 2866 6748 Directeur,
2899 6711 2983 6739 son
3014 6710 3240 6744 annonce,
3274 6708 3359 6738 son
3419 6709 3547 6744 nom,

2526 6771 2608 6799 son
2630 6759 2806 6800 adresse
2856 6759 3091 6804 véritable,
3115 6763 3158 6800 et
3178 6757 3216 6798 le
3240 6758 3340 6810 prix
3362 6756 3415 6798 de
3466 6770 3547 6798 son

3622 2263 3951 2314 abonnement,
3978 2266 4064 2307 soit
4088 2279 4198 2307 onze
4219 2267 4375 2320 francs
4395 2280 4516 2320 pour
4539 2268 4647 2310 trois

3623 2324 3740 2364 mois
3766 2336 3823 2364 en
3848 2324 4052 2374 mandat,
4083 2326 4174 2366 bon
4199 2327 4252 2366 de
4275 2330 4403 2380 poste
4428 2330 4487 2368 ou
4545 2327 4648 2368 tim¬

3624 2383 3739 2424 bres.

3683 2442 3739 2483 Le
3764 2442 4015 2492 Directeur,
4044 2443 4140 2484 seul
4164 2444 4338 2498 occupé
4362 2458 4419 2486 au
4443 2444 4650 2499 dépouil¬

3622 2498 3795 2542 lement
3820 2500 3882 2542 du
3908 2502 4112 2543 courrier
4138 2507 4216 2552 est,
4248 2503 4507 2556 également
4532 2504 4646 2554 seul,

3620 2564 3644 2599 à
3678 2560 3915 2602 connaître
3976 2560 4187 2603 l’adresse
4249 2563 4468 2604 véritable
4499 2563 4555 2606 de
4587 2578 4654 2606 ses

3622 2616 3842 2660 abonnés.
3880 2618 4006 2660 Cette
4070 2620 4248 2663 adresse
4280 2627 4347 2663 est
4380 2623 4650 2676 remplacée,

3620 2676 3735 2718 dans
3766 2678 3807 2719 le
3835 2678 4039 2731 journal,
4072 2692 4155 2734 par
4215 2692 4278 2720 un
4311 2682 4507 2723 numéro
4536 2682 4654 2724 d’or¬

3622 2734 3715 2784 dre,
3755 2738 4097 2792 indispensable
4160 2752 4278 2792 pour
4312 2740 4354 2780 la
4387 2755 4652 2796 correspon¬

3620 2792 3780 2836 dance.

3682 2860 3743 2903 Ce
3798 2864 3995 2906 numéro
4047 2870 4114 2907 est
4167 2868 4503 2922 communiqué
4527 2868 4551 2910 à
4576 2868 4654 2911 l’a¬

3623 2919 3779 2962 bonné
3803 2936 3859 2963 en
3884 2924 4038 2966 même
4062 2930 4210 2979 temps
4235 2926 4376 2979 qu’on
4403 2928 4468 2968 lui
4494 2942 4652 2970 accuse

3623 2979 3856 3034 réception
3882 2982 3944 3023 du
3970 2984 4175 3026 mandat.

3678 3043 3944 3100 Supposons
4002 3050 4175 3104 qu’une
4202 3052 4255 3095 de
4283 3066 4367 3095 nos
4423 3054 4654 3096 abonnées

3623 3104 3790 3147 veuille
3815 3106 3956 3148 écrire
3984 3110 4008 3150 à
4036 3108 4095 3150 M.
4126 3108 4236 3160 X...,
4268 3111 4382 3152 dont
4408 3112 4652 3156 l’annonce

3623 3168 3751 3216 porte
3779 3164 3819 3206 le
3848 3168 3899 3206 n°
3932 3167 3972 3207 6.
4006 3167 4100 3210 Elle
4129 3170 4290 3211 inscrit
4318 3170 4600 3215 lisiblement
4627 3174 4650 3214 à

3623 3223 3664 3263 la
3696 3223 3856 3276 plume
3887 3238 3948 3266 ou
3980 3239 4039 3268 au
4072 3240 4241 3283 crayon
4274 3243 4358 3271 son
4391 3244 4503 3274 nom
4535 3236 4579 3274 et
4611 3231 4650 3274 le

3624 3284 3675 3323 n°
3704 3283 3728 3323 6
3756 3283 3868 3324 dans
3895 3284 4151 3327 l’intérieur
4175 3287 4228 3328 de
4255 3288 4296 3328 la
4323 3291 4548 3343 première
4575 3306 4651 3332 en¬

3624 3342 3830 3396 veloppe,
3866 3342 3976 3384 celle
4010 3346 4090 3398 qui
4122 3351 4251 3400 porte
4282 3347 4323 3388 le
4355 3360 4466 3390 nom
4499 3354 4543 3391 et
4574 3348 4650 3391 l’a¬

3623 3400 3772 3442 dresse
3807 3402 3870 3443 du
3904 3402 4142 3446 Directeur
4176 3406 4238 3447 du
4274 3407 4394 3448 Trait
4430 3408 4647 3451 d’Union.

3623 3459 3746 3502 Dans
3772 3466 3887 3503 cette
3912 3460 4165 3518 enveloppe
4191 3464 4275 3507 elle
4301 3464 4428 3519 place
4454 3466 4495 3511 la
4522 3467 4652 3510 lettre

3624 3520 3834 3566 cachetée
3868 3522 3948 3576 qui
3984 3522 4082 3566 doit
4115 3523 4207 3567 être
4240 3526 4407 3568 remise
4443 3540 4500 3570 au
4535 3530 4587 3570 n°
4627 3528 4652 3570 6

3623 3591 3704 3630 par
3737 3579 4018 3622 l’entremise
4051 3583 4112 3623 du
4148 3583 4401 3624 Directeur.
4440 3586 4508 3627 Au
4543 3600 4651 3638 reçu

3623 3638 3676 3679 de
3711 3643 3826 3679 cette
3859 3638 4004 3688 lettre,
4043 3640 4084 3682 le
4119 3640 4356 3683 Directeur
4390 3643 4574 3686 déchire
4610 3646 4650 3687 la

3623 3699 3848 3751 première
3882 3699 4150 3755 enveloppe,
4190 3700 4214 3742 à
4250 3715 4332 3742 son
4370 3715 4498 3752 nom,
4536 3704 4651 3746 dans

3623 3758 3878 3799 l’intérieur
3903 3759 3958 3800 de
3986 3758 4182 3814 laquelle
4210 3774 4255 3802 se
4283 3766 4443 3803 trouve
4471 3763 4583 3805 écrit
4610 3764 4651 3806 le

3624 3831 3735 3859 nom
3760 3818 3815 3859 de
3840 3818 4080 3862 l’abonnée
4106 3826 4148 3863 et
4171 3820 4212 3862 le
4238 3822 4434 3864 numéro
4459 3836 4566 3864 avec
4591 3823 4650 3864 le¬

3623 3876 3730 3931 quel
3754 3878 3839 3920 elle
3862 3884 3971 3920 veut
3995 3880 4338 3935 correspondre.

3683 3944 3770 3987 Sur
3795 3946 3838 3987 la
3866 3946 3995 3988 lettre
4023 3947 4232 3990 cachetée
4262 3948 4316 3990 de
4343 3948 4651 4004 l’expéditrice

3624 4004 3652 4044 il
3679 4006 3791 4046 écrit
3814 4004 4024 4047 l’adresse
4048 4008 4267 4050 véritable
4291 4008 4354 4051 du
4379 4013 4431 4050 n°
4459 4010 4482 4051 6
4507 4016 4551 4052 et
4574 4024 4651 4052 en¬

3624 4063 3723 4104 voie
3750 4070 3864 4107 cette
3892 4066 4019 4107 lettre
4046 4080 4150 4108 sans
4176 4066 4367 4110 l’ouvrir
4392 4068 4414 4111 à
4443 4083 4527 4111 son
4554 4071 4651 4112 des¬

3623 4123 3848 4174 tinataire,
3879 4124 3936 4166 M.
3968 4124 4058 4167 X...

3678 4188 3743 4231 De
3778 4195 3894 4232 cette
3927 4191 4079 4243 façon,
4118 4193 4158 4235 le
4194 4194 4423 4236 Directem
4464 4198 4652 4239 connaît

3619 4250 3715 4290 seul
3752 4248 3963 4291 l’adresse
3999 4251 4076 4291 des
4112 4253 4231 4294 deux
4268 4256 4651 4310 correspondants

3620 4308 3699 4363 qui
3724 4314 3923 4362 peuvent
3947 4311 4192 4352 continuer
4214 4314 4235 4352 à
4263 4327 4283 4354 s
4298 4315 4406 4355 écrit
4463 4328 4543 4370 par
4567 4330 4651 4358 son

3622 4368 3883 4410 entremise.
3954 4368 4152 4423 Lorsque
4188 4371 4252 4411 les
4288 4372 4408 4415 deux
4444 4375 4650 4416 abonnés

3620 4432 3835 4471 trouvent
3866 4428 3928 4470 les
3962 4430 4358 4483 renseignements
4390 4447 4403 4472 î
4430 4434 4594 4475 mtuels
4627 4435 4650 4474 à

3620 4488 3719 4531 leur
3748 4502 4058 4538 convenance,
4094 4490 4147 4530 ils
4179 4495 4379 4543 peuvent
4420 4495 4563 4534 mirer
4594 4506 4650 4534 en

3620 4548 3836 4592 relations
3895 4548 4084 4590 directes
4144 4554 4188 4588 et
4218 4548 4389 4590 arriver
4448 4564 4506 4591 au
4567 4551 4651 4594 but

3622 4608 3858 4663 poursuivi
3886 4608 3940 4650 de
3966 4607 4064 4648 leur
4091 4607 4253 4648 union.

3680 4668 3742 4718 Si,
3780 4682 3838 4708 au
3874 4667 4115 4716 contraire,
4155 4667 4218 4710 les
4254 4668 4651 4723 renseignements

3621 4728 3848 4782 échangés
3876 4740 3934 4768 ne
3960 4727 4024 4768 les
4080 4724 4294 4771 satisfont
4351 4742 4446 4784 pas,
4476 4730 4532 4771 ils
4559 4744 4651 4774 ces¬

3620 4794 3724 4831 sent
3778 4787 3832 4828 de
3862 4787 4191 4842 correspondre
4251 4794 4295 4830 et
4354 4803 4536 4831 comme
4596 4790 4651 4832 ils

3620 4848 3838 4902 ignorent
3892 4847 3988 4888 l’un
4044 4854 4088 4889 et
4143 4847 4318 4898 l’autre,
4348 4848 4447 4890 leur
4472 4863 4583 4892 nom
4610 4859 4652 4891 et

3622 4908 3814 4956 adresse,
3851 4920 4003 4948 aucun
4036 4907 4170 4948 d’eux
4204 4907 4318 4948 n’est
4350 4908 4647 4962 compromis.

3680 4967 3715 5006 Il
3742 4971 3806 5007 est
3832 4967 3939 5007 bien
3966 4967 4170 5007 entendu
4227 4980 4314 5020 que
4372 4979 4487 5008 nous
4515 4967 4651 5008 décli¬

3622 5039 3739 5067 nons
3772 5030 3895 5066 toute
3928 5026 4275 5080 responsabilité
4307 5026 4504 5079 puisque
4535 5039 4652 5067 nous

3622 5099 3737 5126 nous
3762 5086 3934 5126 faisons
3958 5099 4023 5127 un
4048 5085 4203 5126 devoir
4228 5084 4283 5124 de
4307 5090 4446 5126 rester
4471 5094 4652 5127 neutres

3622 5151 3664 5186 et
3698 5144 3931 5199 d’ignorer
3964 5158 4014 5186 ce
4048 5143 4331 5198 qu’écrivent
4366 5156 4448 5186 nos
4483 5156 4652 5186 corres¬

3623 5203 3867 5259 pondants.

3675 5260 3840 5312 Depuis
3882 5262 3978 5300 huit
4016 5271 4096 5300 ans
4135 5272 4219 5312 que
4266 5271 4314 5300 ce
4360 5259 4535 5311 journal
4580 5266 4647 5302 est

3623 5318 3736 5367 créé,
3770 5316 3802 5358 il
3831 5316 3935 5358 s’est
3990 5319 4221 5359 contracté
4279 5318 4334 5359 de
4394 5318 4654 5360 nombreux

3623 5378 3848 5431 mariages
3882 5382 3924 5418 et
3956 5382 4056 5419 tout
4088 5376 4130 5418 le
4160 5376 4332 5418 monde
4366 5378 4451 5418 sait
4482 5376 4523 5418 la
4556 5391 4652 5419 ma¬

3624 5438 3747 5479 nière
3780 5436 3975 5479 sérieuse
4007 5436 4122 5479 dont
4154 5436 4288 5491 opère
4322 5435 4363 5478 la
4398 5435 4648 5478 Direction.

3675 5531 3802 5570 Nota.
3828 5554 3883 5559 —
3912 5531 3972 5570 Ne
4003 5539 4083 5578 pas
4110 5528 4287 5568 oublier
4343 5528 4407 5567 les
4459 5527 4651 5570 timbres

3619 5584 4097 5624 d’affranchissement
4130 5579 4398 5630 obligatoire
4432 5582 4547 5630 pour
4608 5582 4650 5623 la

3620 5637 3843 5687 première
3871 5639 3914 5676 et
3944 5636 3986 5675 la
4014 5634 4252 5675 deuxième
4282 5634 4570 5683 enveloppes.

3655 5803 4255 5879 Recommandations
4299 5805 4617 5885 Générales

3666 5986 3704 6015 1°
3738 5986 3938 6018 Personne
3966 5992 4012 6018 ne
4042 5988 4134 6024 peut
4160 5987 4447 6027 correspondre
4472 5994 4570 6021 avec
4598 5988 4654 6022 les

3626 6036 3802 6068 abonnés
3827 6043 3920 6070 sans
3947 6039 4060 6071 avoir
4087 6038 4198 6071 versé
4226 6040 4282 6071 les
4308 6040 4343 6071 11
4371 6040 4507 6071 franoe
4534 6039 4655 6080 régle¬

3627 6090 3839 6122 mentaires
3865 6098 3875 6128 ;

3666 6155 3706 6186 3°
3732 6155 3952 6187 L’annonce
3974 6156 4042 6187 des
4062 6155 4238 6187 abonnés
4259 6155 4342 6188 doit
4364 6148 4548 6195 indiquer
4571 6159 4656 6191 leur

3626 6206 3711 6244 âge,
3742 6207 3824 6238 leur
3851 6207 4056 6246 situation,
4084 6207 4166 6239 s’ils
4191 6207 4368 6242 désirent
4392 6216 4443 6242 ou
4471 6218 4550 6242 non
4579 6218 4655 6243 une

3627 6260 3704 6292 dot.
3735 6259 3815 6291 Elle
3842 6260 3924 6292 doit
3950 6259 4107 6292 fournir
4134 6262 4307 6294 certains
4334 6262 4476 6295 détails
4503 6263 4551 6295 de
4579 6270 4655 6295 ma¬

3628 6312 3736 6344 nière
3755 6311 3780 6344 à
3800 6311 3924 6344 éviter
3946 6314 4014 6346 des
4035 6315 4398 6351 correspondances
4420 6315 4583 6350 Inutiles
4605 6323 4615 6352 ;

3668 6379 3708 6408 4°
3740 6378 3812 6408 Dès
3842 6378 3962 6414 qu’un
3990 6376 4147 6408 abonné
4174 6384 4198 6410 a
4226 6379 4366 6411 trouvé
4394 6380 4431 6411 la
4459 6386 4655 6418 personne

3628 6432 3675 6463 de
3694 6438 3766 6463 son
3786 6430 3916 6467 choix,
3938 6430 3963 6462 il
3986 6430 4068 6462 doit
4088 6429 4274 6468 prévenir
4294 6432 4328 6464 le
4348 6432 4551 6464 Directeur
4570 6432 4655 6464 afin

3627 6491 3703 6522 que
3726 6490 3798 6516 son
3820 6488 4003 6514 annonce
4026 6483 4102 6514 soit
4126 6484 4299 6516 enlevée.
4327 6484 4354 6516 Il
4379 6483 4531 6516 évitera
4550 6483 4655 6516 ainsi

3630 6536 3768 6568 l’envoi
3802 6536 3850 6567 de
3883 6535 4015 6568 lettres
4047 6535 4114 6574 qui
4148 6535 4371 6568 n’auraient
4403 6535 4492 6574 plus
4523 6542 4656 6570 aueun

3629 6591 3696 6623 but
3723 6591 3760 6622 et
3786 6590 4032 6627 auxquelles,
4060 6596 4132 6628 par
4160 6590 4296 6622 devoir
4323 6590 4371 6622 de
4399 6588 4600 6631 politesse.
4630 6590 4656 6624 Il

3628 6642 3780 6675 devrait
3802 6639 3996 6679 répondre
4016 6650 4026 6678 ;

3670 6710 3708 6740 5°
3735 6708 3803 6739 Les
3824 6714 4027 6740 annonces
4048 6709 4139 6740 sont
4159 6707 4208 6739 de
4227 6707 4288 6738 six
4312 6706 4440 6746 lignes
4462 6714 4512 6740 au
4536 6708 4659 6742 maxi¬

3631 6768 3750 6794 mum.
3807 6762 3876 6792 Les
3931 6760 4059 6799 lignes
4111 6758 4470 6798 supplémentaires
4524 6763 4659 6795 seront
