5133 7504
2355 494 2427 532 LE
2459 494 2637 534 TRAIT
2672 495 2919 539 D'UNION

464 588 587 628 seau,
616 578 838 620 sérieuses
862 578 1118 620 économies
1143 579 1187 619 et
1210 579 1492 631 espérances,

463 638 721 690 épouserait
747 638 1007 679 célibataire
1035 649 1094 679 ou
1122 637 1245 688 veuf,
1275 649 1494 679 commer¬

464 699 568 747 çant
590 708 647 738 ou
670 696 984 739 sous-officier.

519 771 639 814 5984.
667 771 895 812 Toulouse
919 795 987 811 .—
1012 771 1295 820 Demoiselle,
1320 773 1372 811 34
1396 782 1492 819 ans,

466 831 555 872 très
580 830 792 882 sérieuse,
820 831 993 882 grande
1019 831 1063 871 et
1086 830 1356 882 distinguée,
1384 831 1495 882 phy¬

467 891 726 941 siquement
754 890 874 939 bien,
906 891 1055 931 bonne
1083 890 1340 939 éducation,
1374 900 1495 930 exer¬

468 950 572 1000 çant
598 950 706 991 chez
732 948 819 990 elle
845 948 1099 1000 profession
1127 948 1363 998 lucrative,
1390 947 1492 987 d’an

466 1011 648 1059 rapport
702 1010 901 1047 mensuel
952 1008 1005 1046 de
1064 1012 1137 1047 100
1186 1008 1347 1055 francs,
1394 1012 1494 1058 aple

466 1067 492 1107 à
514 1067 683 1118 diriger
704 1078 971 1115 commerce,
998 1067 1255 1119 épouserait
1275 1067 1495 1108 fonction¬

467 1127 594 1167 naire
616 1138 674 1167 ou
725 1127 975 1174 Monsieur,
1001 1127 1139 1178 ayant
1187 1126 1336 1167 bonne
1359 1126 1496 1167 situa¬

466 1183 575 1226 tion.
602 1186 712 1226 Irait
732 1196 823 1226 aux
845 1184 1058 1227 colonies.

518 1255 636 1293 5994.
668 1254 723 1291 —
780 1252 1172 1294 Haute-Garonne.
1203 1274 1258 1281 —
1314 1252 1496 1294 Institu¬

466 1312 575 1352 trice
604 1311 720 1361 Etat,
777 1314 828 1352 24
858 1323 955 1362 ans,
986 1312 1212 1364 physique
1267 1311 1494 1363 agréable,

466 1371 624 1419 brune,
654 1372 771 1412 belle
798 1371 981 1420 femme,
1011 1372 1124 1423 petit
1148 1371 1319 1420 avenir,
1348 1371 1495 1413 désire

464 1431 667 1483 mariage
690 1440 798 1471 avec
820 1430 958 1480 jeune
1007 1431 1194 1471 homme
1243 1431 1298 1472 de
1320 1432 1374 1470 25
1396 1431 1423 1471 à
1444 1431 1496 1470 35

464 1501 561 1539 ans,
591 1490 799 1543 employé
827 1488 1258 1531 d’administration.

522 1560 627 1598 6003
659 1556 874 1609 (Creuse).
906 1559 960 1595 —
995 1558 1278 1607 Demoiselle,
1311 1559 1364 1599 30
1395 1568 1491 1606 ans,

464 1618 552 1658 très
570 1616 674 1657 bien
694 1616 1063 1668 physiquement,
1086 1616 1190 1657 bien
1210 1616 1374 1665 élevée,
1395 1628 1494 1658 mu¬

463 1676 677 1725 sicienne,
716 1676 886 1716 femme
920 1675 1098 1716 d’ordre
1132 1675 1176 1716 et
1209 1675 1488 1724 d’intérieur,

460 1735 575 1787 gaie,
611 1735 700 1776 bon
735 1735 975 1783 caractère,
1010 1735 1144 1787 goûts
1175 1733 1379 1787 simples,
1415 1735 1492 1775 dot

463 1795 636 1843 100.000
662 1793 815 1834 francs
842 1794 1000 1844 argent
1039 1795 1084 1835 et
1124 1794 1390 1846 espérances
1431 1794 1491 1835 vi¬

460 1854 570 1895 vant
591 1863 698 1894 avec
719 1864 799 1894 son
822 1854 927 1905 père
950 1853 1108 1894 ancien
1131 1852 1320 1903 notaire,
1344 1853 1491 1896 désire

461 1912 663 1963 mariage
695 1923 802 1953 avec
833 1911 1067 1953 Monsieur
1100 1911 1204 1954 bien
1235 1912 1374 1962 élevé,
1410 1914 1492 1963 âge

460 1972 503 2012 et
524 1971 740 2011 situation
763 1982 818 2011 en
843 1970 1043 2023 rapport.

516 2040 635 2079 6005.
663 2039 915 2080 Bordeaux.
936 2040 991 2078 —
1012 2039 1295 2088 Demoiselle,
1318 2040 1370 2079 33
1391 2050 1487 2088 ans,

463 2098 623 2146 brune,
667 2098 767 2149 gaie
808 2098 852 2139 et
878 2098 1167 2146 affectueuse,
1197 2097 1374 2139 famille
1400 2099 1489 2139 très

463 2157 712 2199 honorable
758 2158 799 2198 et
846 2157 978 2206 aisée,
1026 2158 1164 2208 ayant
1192 2156 1352 2199 métier
1382 2158 1490 2199 chez

463 2216 562 2266 elle,
594 2217 702 2257 d’un
731 2218 919 2267 rapport
946 2216 1114 2256 annuel
1143 2216 1204 2258 de.
1224 2218 1302 2257 800
1330 2215 1386 2255 fr.
1416 2216 1491 2256 dé¬

462 2276 550 2316 sire
599 2275 828 2327 mariage,
851 2287 958 2316 avec
1007 2275 1243 2316 Monsieur
1291 2275 1487 2324 sérieux,

463 2336 600 2387 ayant
620 2335 851 2384 situation,
876 2347 922 2376 se
943 2334 1219 2387 déplacerait
1239 2347 1298 2376 au
1319 2335 1487 2376 besoin-

464 2395 556 2446 Age
580 2394 858 2435 indifférent.

515 2462 634 2502 6009.
659 2462 903 2502 Toulouse.
926 2463 980 2500 —
1004 2462 1290 2512 Demoiselle,
1315 2463 1368 2500 38
1390 2472 1486 2508 ans,

463 2520 674 2570 sérieuse,
716 2520 850 2572 goûts
891 2519 1094 2571 simples,
1138 2519 1307 2562 femme
1334 2518 1490 2560 d’inté¬

463 2581 600 2630 rieur,
640 2580 779 2632 ayant
799 2580 948 2620 bonne
971 2579 1202 2628 situation,
1228 2578 1375 2621 désire
1398 2590 1491 2619 ma¬

463 2640 586 2691 riage
612 2651 720 2680 avec
747 2639 982 2679 Monsieur
1009 2638 1271 2680 célibataire
1295 2648 1355 2679 ou
1381 2636 1490 2679 veuf

463 2699 518 2740 de
540 2700 592 2738 40
616 2698 642 2739 à
666 2700 716 2739 50
741 2710 838 2747 ans,
867 2697 1199 2739 fonctionnaire
1224 2696 1406 2739 retraité
1431 2708 1488 2737 ou

463 2758 575 2810 petit
597 2758 779 2798 rentier.

515 2827 632 2866 6010.
660 2826 913 2874 Dordogne.
935 2848 990 2856 —
1011 2823 1295 2874 Demoiselle,
1320 2823 1491 2864 femme

460 2885 515 2927 de
532 2895 658 2925 cœur
676 2886 718 2926 et
738 2884 1015 2931 d’intérieur,
1034 2883 1160 2924 santé
1175 2882 1384 2934 parfaite,
1402 2882 1491 2923 dis¬

462 2943 660 2995 tinguée,
687 2944 836 2984 bonne
862 2942 1052 2992 famille,
1079 2941 1339 2994 épouserait
1363 2940 1490 2982 Mon¬

462 3003 583 3044 sieur
603 3003 707 3044 bien
730 3002 867 3054 élevé,
893 3002 1031 3054 ayant
1050 3000 1266 3043 situation
1287 3002 1406 3042 sûre.

514 3069 632 3111 6011.
660 3070 903 3110 Toulouse.
927 3091 982 3096 —
1004 3069 1150 3110 Jeune
1172 3068 1287 3118 fille,
1312 3070 1366 3108 26
1390 3079 1486 3116 ans,

461 3128 642 3178 blonde,
684 3128 955 3180 distinguée,
999 3128 1148 3169 bonne
1188 3126 1486 3175 musicienne,

461 3187 636 3229 famille
667 3188 931 3236 honorable,
963 3186 1211 3239 possédant
1238 3186 1489 3227 immeuble

462 3248 702 3300 personnel
726 3247 835 3287 d’un
860 3258 1028 3288 revenu
1052 3247 1107 3287 de
1130 3247 1234 3287 2000
1259 3247 1332 3294 fr.,
1358 3246 1487 3296 épou¬

462 3306 599 3347 serait
636 3306 872 3347 Monsieur
896 3305 1034 3356 ayant
1056 3306 1206 3346 bonne
1228 3304 1485 3352 éducation,

462 3364 676 3407 situation
699 3366 818 3407 sûre.
842 3365 937 3414 Age
958 3363 1235 3406 indifférent.

532 3434 651 3472 6014.
675 3434 730 3472 —
750 3434 894 3472 Jeune
916 3432 1028 3481 fille,
1054 3434 1107 3472 29
1128 3443 1226 3480 ans,
1252 3432 1400 3472 bonne
1426 3431 1487 3470 fa¬

463 3492 603 3540 mille,
640 3491 866 3539 instruite,
903 3491 1007 3531 bien
1042 3491 1206 3540 élevée,
1242 3489 1488 3531 excellente

453 3551 750 3599 musicienne,
776 3551 913 3601 petite
935 3550 1026 3599 dot,
1050 3551 1317 3600 espérances
1338 3551 1489 3590 40.000

454 3610 622 3659 francs,
666 3610 814 3651 désire
855 3610 1046 3660 épouser
1090 3608 1324 3650 Monsieur
1352 3607 1488 3659 ayant

454 3670 668 3711 situation
696 3671 814 3710 sûre.

511 3736 630 3777 6022.
662 3735 863 3776 Hérault.
886 3736 942 3774 —
966 3736 1106 3776 Dame
1129 3745 1287 3783 veuve,
1315 3736 1367 3774 40
1390 3744 1486 3783 ans,

458 3795 732 3848 catholique,
762 3796 900 3846 ayant
925 3795 1122 3847 fortune,
1151 3795 1299 3836 désire
1326 3795 1490 3835 maria¬

458 3866 511 3907 ge
543 3866 650 3895 avec
683 3854 916 3895 monsieur
950 3854 1069 3903 bien,
1106 3855 1243 3906 ayant
1274 3852 1490 3894 brillante

458 3914 674 3955 situation
707 3914 821 3955 dans
852 3914 897 3954 la
928 3914 1252 3965 magistrature
1279 3924 1342 3954 ou
1374 3912 1490 3954 dans

458 3973 655 4014 l’armée.
685 3973 795 4014 Très
820 3972 1014 4015 sérieux.

506 4042 624 4080 6023.
654 4040 852 4082 —Dame
880 4043 1037 4089 veuve,
1067 4042 1119 4080 39
1147 4051 1243 4090 ans,
1273 4039 1484 4088 sérieuse,

454 4099 611 4140 réelles
633 4099 828 4151 qualités
849 4100 903 4141 de
925 4111 1050 4141 cœur
1072 4100 1116 4140 et
1135 4099 1484 4150 d’intelligence,

454 4158 600 4200 désire
635 4159 963 4210 correspondre
999 4170 1106 4200 avec
1142 4159 1376 4200 Monsieur
1411 4159 1488 4200 ho¬

454 4218 655 4267 norable,
684 4218 796 4266 seul,
826 4218 930 4266 bon,
959 4218 1095 4270 loyal,
1124 4218 1248 4259 riche
1274 4219 1317 4259 et
1340 4218 1488 4259 désin¬

452 4276 631 4318 téressé.
655 4277 749 4328 Age
768 4276 1051 4319 indifférent.
1073 4278 1139 4318 Ne
1157 4276 1488 4328 correspondra

452 4336 558 4387 qu’à
582 4335 711 4378 lettre
736 4335 891 4387 signée
916 4347 1023 4378 avec
1047 4338 1200 4388 photo.

510 4404 627 4444 6024.
666 4404 922 4444 Rochefort.
952 4427 1007 4431 —
1039 4406 1179 4446 Dame
1210 4416 1316 4447 sans
1347 4404 1487 4446 fortu¬

457 4474 526 4512 ne,
557 4464 609 4503 35
636 4475 733 4512 ans,
763 4464 914 4504 bonne
942 4464 985 4504 et
1011 4463 1225 4514 dévouée,
1257 4466 1347 4506 très
1375 4464 1487 4506 mal¬

456 4522 692 4571 heureuse,
716 4523 908 4563 cherche
929 4524 1114 4564 homme
1134 4523 1188 4564 de
1208 4536 1335 4565 cœur
1371 4535 1488 4576 pour

456 4581 690 4622 retrouver
712 4582 920 4623 bonheur
943 4583 1103 4634 perdu.

503 4648 622 4687 6025.
669 4648 724 4686 —
771 4648 1041 4699 Marseille,,
1066 4650 1343 4700 demoiselle,
1393 4651 1486 4691 fille

451 4706 690 4756 d’officier,
722 4708 774 4747 29
804 4719 900 4757 ans,
934 4708 1095 4759 brune,
1130 4709 1299 4751 femme
1330 4710 1486 4752 d’inté¬

451 4766 588 4814 rieur,
614 4767 838 4808 caractère
862 4768 951 4808 très
975 4768 1111 4818 doux,
1138 4770 1216 4811 dot
1236 4771 1386 4811 50.000
1408 4770 1482 4819 fr.,

449 4823 708 4876 épouserait
767 4826 994 4879 capitaine
1028 4839 1086 4870 ou
1150 4827 1484 4871 fonctionnaire

450 4883 551 4924 Etat
574 4884 688 4926 dans
712 4886 1092 4928 Administration
1118 4900 1175 4929 ou
1198 4889 1407 4930 chemins
1430 4890 1486 4930 de

450 4942 532 4983 fer.

500 5022 619 5060 6027.
651 5023 706 5060 —
737 5023 1123 5074 Lot-et-Garonne,
1159 5024 1291 5067 dame
1324 5035 1480 5075 veuve,

447 5080 499 5119 46
522 5091 616 5127 ans,
643 5080 743 5132 trop
767 5082 904 5131 seule,
931 5082 1094 5134 bonne,
1122 5084 1337 5135 sérieuse,
1360 5086 1482 5127 char¬

448 5139 575 5179 mant
600 5140 839 5190 caractère,
866 5144 1016 5183 55.000
1039 5143 1095 5184 fr.
1123 5155 1177 5184 en
1203 5144 1416 5196 capitaux
1442 5146 1484 5186 et

445 5198 711 5248 propriétés,
752 5200 1010 5252 épouserait
1050 5202 1384 5246 fonctionnaire
1423 5215 1481 5246 ou

446 5256 614 5299 rentier
635 5258 690 5299 de
711 5260 763 5299 48
784 5259 810 5299 à
830 5262 880 5300 55
903 5272 999 5310 ans,
1026 5261 1114 5303 bon
1138 5274 1278 5312 cœur,
1304 5263 1482 5304 famille

444 5315 708 5358 honorable.
742 5318 852 5360 Très
882 5319 1076 5362 sérieux.

498 5395 616 5434 6028.
647 5395 702 5434 —
733 5395 1125 5448 Haute-Garonne,
1159 5408 1302 5442 veuve
1334 5399 1480 5442 d’offi¬

444 5452 548 5500 cier,
570 5455 622 5492 40
640 5465 736 5503 ans,
759 5456 987 5507 physique
1007 5459 1232 5508 agréable,
1255 5462 1480 5501 caractère

443 5510 567 5552 doux
587 5511 628 5553 et
648 5512 926 5564 affectueux,
951 5516 1198 5559 excellente
1220 5519 1477 5568 éducation,

441 5571 574 5621 goûts
596 5571 799 5624 simples,
826 5576 964 5626 ayant
986 5587 1181 5618 revenus
1204 5579 1247 5619 et
1270 5579 1479 5630 espéran¬

442 5639 514 5671 ces
543 5630 634 5671 très
663 5632 806 5682 sûres,
839 5634 1098 5686 épouserait
1127 5635 1322 5687 officier,
1356 5638 1478 5680 fonc¬

442 5687 667 5732 tionnaire
692 5703 752 5732 ou
779 5694 962 5743 rentier,
992 5695 1176 5738 homme
1204 5698 1258 5738 de
1285 5710 1411 5740 cœur
1437 5699 1479 5740 et

440 5748 634 5790 sérieux.
656 5751 749 5802 Age
767 5750 1051 5795 indifférent.

498 5827 616 5866 6031.
644 5828 887 5870 Toulouse.
912 5831 967 5870 —
994 5831 1134 5874 Dame
1160 5835 1399 5885 orpheline
1424 5838 1475 5876 34

440 5895 536 5934 ans,
559 5886 743 5936 grande,
768 5887 925 5937 brune,
952 5891 1243 5941 musicienne,
1267 5895 1475 5944 proprié¬

438 5946 564 5995 taire,
606 5959 796 5990 revenus
828 5951 1018 5992 annuels
1051 5956 1174 5994 2.000
1215 5956 1286 6000 Ir,,
1328 5956 1475 5997 désire

440 6010 638 6060 mariage
660 6023 767 6052 avec
787 6012 1047 6055 célibataire
1070 6027 1125 6055 ou
1146 6018 1246 6057 veuf
1267 6030 1374 6059 sans
1407 6031 1475 6060 en¬

439 6070 571 6120 fants,
595 6072 651 6113 de
670 6077 721 6115 35
742 6075 766 6114 à
787 6078 837 6115 45
860 6087 956 6126 ans,
982 6080 1112 6130 ayant
1135 6079 1363 6122 situation.

491 6138 608 6179 6038.
635 6140 686 6180 —
718 6140 968 6183 Toulouse.
1004 6145 1052 6184 —
1090 6145 1247 6194 Dame,
1288 6150 1339 6187 37
1372 6159 1470 6197 ans,

436 6196 552 6239 belle
574 6199 751 6250 femme,
783 6202 868 6243 bon
892 6207 1135 6255 caractère,
1168 6207 1294 6253 1,200
1330 6208 1475 6251 francs

434 6273 640 6311 revenus,
666 6264 870 6306 voudrait
891 6267 1083 6318 épouser
1101 6271 1331 6311 monsieur
1351 6271 1404 6312 de
1422 6274 1475 6312 40

434 6325 459 6364 à
482 6326 532 6365 50
562 6336 656 6375 ans,
687 6327 879 6377 sérieux,
923 6334 1058 6381 ayant
1094 6332 1320 6383 situation,
1360 6336 1472 6376 Tou¬

432 6386 559 6428 louse
579 6388 632 6428 de
654 6390 920 6440 préférence.

487 6460 606 6499 6039.
630 6463 681 6503 —
702 6463 966 6512 Dordogne.
1000 6487 1051 6494 —
1084 6468 1238 6508 Jeune
1268 6470 1383 6515 Vile,
1421 6474 1471 6511 25

432 6533 530 6571 ans,
570 6523 762 6575 châtain,
802 6526 1022 6578 physique
1059 6530 1286 6580 agréable,
1324 6531 1471 6572 bonne

434 6586 576 6634 santé,
600 6584 1051 6642 famillejhonorable,
1070 6592 1304 6633 éducation
1323 6596 1471 6635 catho¬

432 6643 566 6699 lique.
591 6648 748 6689 métier
768 6650 975 6691 broderie
1000 6656 1044 6694 et
1064 6658 1263 6704 couture,
1288 6656 1363 6696 dot
1391 6662 1411 6697 5
1443 6659 1466 6698 à

431 6711 555 6756 6.000
572 6710 738 6762 francs,
762 6712 1016 6763 épouserait
1038 6716 1168 6766 jeune
1190 6719 1370 6761 homme
1391 6722 1467 6761 sé¬

431 6772 552 6812 rieux
578 6773 631 6814 de
652 6776 702 6814 25
725 6775 750 6814 à
770 6778 820 6815 35
840 6788 923 6818 ans
942 6776 1180 6821 d’honnête
1203 6781 1384 6824 famille.

482 6836 600 6878 6040.
627 6839 674 6878 —
695 6839 839 6880 Tarn.
872 6842 919 6882 —
954 6842 1255 6894 Demoiselle,
1287 6848 1335 6884 22
1367 6858 1462 6896 ans,

1569 583 1658 624 fille
1691 586 1856 637 unique
1890 587 2035 628 bonne
2072 588 2254 636 famille,
2293 587 2392 628 bien
2435 590 2599 636 élevée,

1570 648 1859 699 musicienne,
1880 650 2042 691 femme
2063 651 2333 702 d'intérieur,
2354 651 2431 691 dot
2451 652 2603 701 20,000

1568 709 1715 751 francs
1736 716 1779 752 et
1799 714 2064 764 espérances
2094 714 2243 763 50,000
2264 714 2426 764 francs,
2452 714 2599 755 désire

1568 774 1759 825 épouser
1782 776 2007 816 monsieur
2027 780 2160 827 ayant
2186 778 2394 817 situation
2416 787 2470 816 en
2493 788 2598 827 rap¬

1568 842 1678 888 port.
1703 838 1759 878 Se
1780 839 2063 890 déplacerait.

1622 900 1738 940 6041.
1764 903 1812 942 —
1832 903 1978 943 Tarn.
1999 903 2050 942 —
2070 903 2211 943 Dame
2231 906 2400 950 veuve,
2422 905 2471 940 42
2502 914 2596 951 ans,

1571 962 1670 1003 bien
1694 963 2048 1015 physiquement,
2083 967 2240 1015 active,
2267 963 2597 1016 sympathique,

1567 1026 1807 1077 possédant
1836 1027 2102 1067 immeubles
2134 1031 2175 1067 et
2207 1028 2458 1079 propriétés
2495 1028 2599 1067 d’un

1570 1100 1732 1128 revenu
1752 1090 1914 1128 annuel
1938 1089 1991 1130 de
2011 1090 2131 1139 2,500
2154 1090 2314 1139 francs,
2343 1090 2599 1140 épouserait

1571 1152 1808 1200 monsieur,
1832 1151 2091 1192 célibataire
2112 1163 2165 1191 ou
2191 1152 2303 1200 veuf,
2328 1152 2383 1191 de
2412 1155 2463 1190 48
2491 1155 2514 1191 à
2550 1156 2598 1191 55

1567 1224 1662 1263 ans,
1684 1219 1814 1264 ayant
1833 1214 1976 1255 bonne
1998 1215 2222 1255 situation.

1620 1280 1738 1320 6043.
1765 1304 1806 1308 —
1835 1280 2394 1331 Pyrénées-Orientales.
2429 1302 2468 1306 —
2502 1282 2599 1320 Ins¬

1566 1343 1784 1383 titutrice
1808 1343 1919 1392 Etat,
1952 1346 2000 1382 24
2032 1354 2128 1392 ans,
2164 1340 2342 1391 blonde,
2379 1342 2599 1394 physique

1567 1404 1791 1454 agréable,
1817 1404 1958 1455 esprit
1991 1406 2231 1455 distingué,
2266 1404 2534 1444 affectueuse
2557 1407 2598 1443 et

1567 1470 1681 1517 gaie,
1718 1469 1842 1507 santé
1879 1467 2136 1519 excellente,
2178 1467 2432 1518 épouserait
2474 1478 2595 1506 mon¬

1566 1531 1687 1570 sieur
1718 1530 1966 1579 intelligent
1998 1534 2040 1570 et
2071 1530 2174 1578 bon,
2215 1535 2348 1579 ayant
2386 1530 2597 1569 situation

1566 1596 1684 1633 sûre.
1707 1593 1810 1632 Trait
1831 1595 1854 1631 à
1879 1594 2126 1643 l’étranger.

1619 1655 1739 1696 6045.
1763 1656 1812 1695 —
1843 1656 2094 1696 Toulouse.
2132 1656 2180 1696 —
2214 1656 2511 1702 Demoiselle,
2546 1654 2596 1694 38

1564 1729 1660 1768 ans,
1686 1716 1840 1767 brune,
1862 1717 2028 1756 famille
2049 1716 2309 1767 honorable,
2327 1718 2472 1756 bonne
2494 1716 2597 1756 édu¬

1567 1782 1726 1830 cation,
1750 1780 1894 1820 bonne
1916 1782 2166 1830 ménagère,
2203 1784 2335 1831 ayant
2366 1790 2419 1818 eu
2447 1788 2598 1819 revers

1566 1842 1619 1883 de
1640 1843 1831 1892 fortune,
1868 1843 2015 1883 désire
2055 1843 2185 1883 union
2226 1853 2332 1882 avec
2368 1842 2596 1882 monsieur

1564 1907 1646 1955 âgé
1670 1909 1802 1955 ayant
1838 1904 1975 1955 petite
2013 1904 2185 1944 fortune
2219 1908 2261 1944 et
2298 1907 2497 1955 pouvant
2535 1904 2595 1943 lui

1564 1978 1744 2007 assurer
1764 1968 2028 2007 l’existence.

1616 2034 1735 2083 6046,
1768 2035 1991 2083 Aveyron.
2019 2034 2074 2071 —
2103 2032 2386 2083 Demoiselle,
2416 2035 2467 2072 35
2495 2044 2592 2082 ans,

1559 2092 1811 2144 orpheline,
1832 2091 2102 2143 distinguée,
2123 2104 2205 2144 pas
2221 2094 2440 2144 coquette,
2462 2092 2595 2134 belle-

1563 2163 1686 2194 sœur
1712 2151 1767 2192 de
1794 2151 2034 2203 capitaine,
2062 2152 2152 2193 très
2178 2152 2327 2194 bonne
2354 2152 2592 2194 éducation

1564 2211 1784 2253 excellent
1819 2211 2060 2259 caractère,
2100 2211 2269 2252 femme
2304 2211 2588 2260 d’intérieur,

1563 2271 1844 2322 espérances*
1883 2270 2124 2312 désirerait
2156 2272 2409 2315 contracter
2444 2271 2587 2312 union

1563 2340 1670 2371 avec
1698 2331 1883 2371 homme
1910 2330 1966 2371 de
1994 2342 2118 2371 cœur
2146 2331 2338 2372 surtout.
2370 2331 2484 2382 Apte
2511 2343 2594 2383 par

1563 2400 1643 2431 son
1679 2388 1948 2430 instruction
1984 2390 2011 2430 à
2044 2390 2214 2442 diriger
2248 2402 2502 2432 commerce
2535 2403 2592 2431 ou

1563 2447 1801 2496 industrie,
1826 2450 2096 2504 accepterait
2116 2449 2463 2498 fonctionnaire,
2487 2451 2595 2491 veuf

1562 2518 1619 2548 ou
1647 2507 1728 2558 âge
1755 2519 1810 2548 en
1838 2508 2039 2560 rapport.

1619 2567 1738 2607 6058.
1774 2568 2016 2608 Toulouse.
2050 2592 2100 2597 —
2135 2568 2323 2609 Officier
2355 2568 2594 2618 supérieur

1566 2623 1739 2674 décoré,
1764 2626 1886 2674 veuf,
1911 2627 2124 2668 voudrait
2146 2628 2316 2668 marier
2338 2640 2387 2670 sa
2410 2627 2517 2677 fille,
2542 2631 2594 2668 22

1567 2695 1663 2734 ans,
1690 2687 1839 2728 60.000
1866 2686 1920 2726 fr.
1950 2687 2026 2728 dot
2051 2688 2230 2740 espèces
2255 2687 2360 2738 plus
2386 2688 2594 2739 espéran¬

1567 2752 1652 2793 ces,
1680 2756 1786 2787 avec
1808 2746 1944 2796 jeune
1968 2747 2154 2788 homme
2178 2747 2232 2788 de
2258 2747 2433 2787 famille
2457 2748 2594 2788 hono¬

1567 2804 1692 2846 rable
1722 2806 1860 2856 ayant
1886 2807 2036 2847 bonne
2066 2806 2297 2847 situation.

1620 2866 1737 2905 6059.
1770 2866 2023 2915 Dordogne.
2047 2868 2268 2907 —Jeune
2294 2867 2392 2907 fille
2418 2869 2468 2907 38
2494 2879 2591 2916 ans,

1566 2923 1835 2974 couturière,
1871 2926 2003 2976 goûts
2036 2924 2239 2978 simples,
2277 2925 2452 2967 aimant
2484 2927 2594 2968 inté¬

1566 2983 1703 3032 rieur,
1734 2984 1980 3026 excellente
2008 2984 2179 3027 femme
2206 2987 2260 3027 de
2289 2987 2495 3036 ménage,
2526 2998 2595 3027 ca¬

1565 3043 1783 3094 tholique,
1811 3044 2066 3086 économies
2338 3047 2474 3096 linge,
2500 3058 2594 3087 mo¬

1566 3103 1713 3151 bilier,
1738 3103 1884 3144 désire
1904 3106 2107 3156 mariage
2127 3117 2234 3147 avec
2254 3106 2515 3147 célibataire
2535 3118 2592 3147 ou

1564 3163 1674 3203 veuf
1692 3163 1747 3203 de
1766 3166 1818 3204 38
1837 3164 1863 3204 à
1879 3166 1932 3203 50
1951 3176 2048 3213 ans,
2071 3164 2404 3207 fonctionnaire
2422 3177 2482 3207 ou
2502 3178 2593 3207 em¬

1564 3223 1696 3274 ployé
1722 3223 1904 3264 chemin
1934 3224 1989 3264 de
2018 3224 2099 3273 fer,
2129 3224 2322 3266 sérieux.
2353 3225 2591 3266 Bordeaux

1564 3295 1620 3323 ou
1642 3283 1856 3324 environs
1874 3283 1928 3324 de
1946 3283 2223 3335 préférence.

1617 3352 1734 3392 6060.
1767 3352 2020 3392 Bordeaux.
2046 3375 2100 3380 —
2123 3355 2268 3394 Jeune
2292 3354 2391 3394 fille
2415 3355 2468 3393 24
2492 3364 2589 3402 ans,

1564 3410 1863 3463 brune,goûts
1881 3411 2084 3463 simples,
2106 3414 2387 3463 espérances,
2408 3414 2593 3463 épouse¬

1566 3470 1651 3511 rait
1676 3470 1912 3512 Monsieur
1936 3472 1991 3512 de
2015 3474 2067 3511 25
2092 3471 2118 3512 à
2142 3474 2194 3524 P
2219 3483 2315 3522 ans,
2346 3472 2507 3514 travail
2534 3484 2590 3512 ou

1563 3528 1692 3581 place
1710 3531 1908 3579 assurée;
1929 3531 2123 3573 sérieux.

1617 3591 1735 3631 6062.
1763 3591 2016 3631 Bordeaux.
2039 3593 2094 3631 —
2118 3594 2256 3632 Dame
2279 3603 2422 3632 veuve
2445 3592 2591 3632 désire

1566 3649 1732 3690 marier
1751 3662 1799 3690 sa
1816 3650 1924 3698 fille,
1944 3652 1995 3690 30
2014 3662 2108 3698 ans,
2131 3651 2307 3692 famille
2324 3652 2588 3700 honorable,

1565 3709 1714 3748 bonne
1771 3709 2028 3759 éducation,
2088 3711 2360 3760 distinguée,
2423 3711 2592 3752 femme

1564 3766 1843 3818 d’intérieur,
1873 3769 1976 3819 apte
2002 3782 2059 3810 au
2086 3781 2352 3820 commerce,
2383 3771 2591 3822 espéran¬

1564 3837 1650 3875 ces,
1692 3839 1799 3868 avec
1838 3828 2072 3870 Monsieur
2112 3831 2167 3871 de
2190 3832 2240 3870 35
2264 3842 2346 3871 ans
2370 3831 2395 3870 à
2417 3833 2468 3870 40
2492 3843 2587 3880 ans,

1564 3886 1701 3936 ayant
1720 3886 1952 3928 situation.

1615 3947 1734 3987 6063.
1766 3946 1958 3988 Béziers.
1983 3972 2036 3976 —
2064 3950 2203 3990 Dame
2229 3960 2386 3999 veuve,
2414 3952 2465 3990 50
2490 3963 2586 3999 ans,

1563 4003 1654 4046 très
1678 4006 1951 4049 affectueuse
1978 4008 2020 4048 et
2044 4008 2135 4051 très
2160 4009 2272 4060 gaie,
2303 4010 2440 4059 seule,
2468 4022 2590 4051 reve¬

1563 4076 1651 4104 nus
1672 4067 1795 4106 5.000
1820 4066 1876 4107 fr.
1903 4068 2116 4110 voudrait
2139 4070 2330 4120 épouser
2355 4071 2591 4111 Monsieur

1562 4123 1616 4164 de
1635 4126 1686 4164 50
1705 4124 1730 4164 à
1748 4128 1799 4165 60
1819 4138 1915 4175 ans,
1939 4128 2123 4169 homme
2143 4128 2198 4170 de
2218 4140 2357 4179 cœur,
2380 4130 2483 4171 bien
2505 4131 2590 4171 éle¬

1561 4184 1628 4232 vé,
1659 4186 1796 4235 ayant
1823 4186 2036 4227 situation
2067 4199 2120 4228 en
2151 4189 2351 4240 rapport.
2383 4190 2586 4231 Sérieux.

1615 4242 1733 4284 6065.
1776 4243 2019 4286 Toulouse.
2043 4271 2098 4275 —
2123 4249 2261 4289 Dame
2300 4260 2458 4298 veuve,
2500 4250 2588 4290 ins¬

1562 4301 1712 4352 truite,
1759 4304 1898 4354 riche,
1954 4306 2166 4348 meilleur
2220 4308 2401 4358 monde,
2458 4311 2591 4360 goûts

1562 4361 1764 4412 simples,
1804 4365 2018 4406 voudrait
2055 4368 2267 4418 partager
2306 4380 2355 4408 sa
2394 4368 2588 4410 solitude

1563 4432 1668 4463 avec
1698 4422 1933 4466 Monsieur
1963 4424 2066 4466 bien
2097 4438 2202 4468 sous
2231 4427 2332 4469 tous
2360 4430 2586 4480 rapports,

1562 4483 1699 4532 ayant
1719 4483 1834 4523 belle
1855 4483 2070 4526 situation
2093 4487 2210 4527 dans
2230 4487 2508 4530 l’université
2530 4500 2584 4529 ou

1560 4539 1675 4582 dans
1704 4542 1900 4583 l’armée.

1616 4601 1732 4642 6066.
1767 4602 2004 4644 Charente.
2031 4629 2087 4634 —
2115 4608 2383 4648 Demoiselle
2410 4611 2462 4648 25
2488 4621 2584 4658 ans,

1559 4661 1735 4700 200.000
1762 4662 1817 4702 fr.
1848 4663 1903 4703 de
1930 4663 2008 4704 dot
2032 4664 2074 4706 et
2099 4675 2278 4716 grosses
2304 4671 2584 4719 espérances,

1560 4719 1756 4769 qualités
1795 4722 2046 4775 physiques
2083 4726 2127 4766 et
2164 4727 2374 4776 morales,
2400 4739 2456 4768 ne
2479 4741 2586 4780 pou¬

1560 4779 1670 4819 vant
1688 4791 1734 4820 se
1755 4780 1964 4831 déplacer
1985 4794 2100 4834 pour
2122 4785 2298 4827 raisons
2318 4787 2372 4827 de
2394 4787 2584 4835 famille,

1559 4838 1817 4889 épouserait
1832 4840 1970 4892 jeune
1988 4843 2172 4886 homme
2191 4846 2327 4887 d’une
2346 4847 2587 4888 honorabi¬

1560 4896 1636 4938 lité
1668 4899 1868 4951 absolue,
1903 4902 1992 4943 très
2023 4903 2124 4944 bien
2158 4905 2515 4958 physiquement
2544 4908 2587 4947 et

1559 4955 1688 4996 libre.

1610 5019 1727 5059 6068.
1785 5020 2294 5066 Charente-Inférieure.
2343 5050 2399 5054 —
2448 5030 2583 5068 Bour¬

1559 5078 1740 5125 geoisie.
1779 5080 1922 5122 Dame
1957 5092 2099 5123 veuve
2135 5084 2304 5125 certain
2343 5087 2438 5136 âge,
2477 5088 2578 5138 trop

1558 5136 1695 5186 seule,
1738 5137 1905 5182 femme
1943 5142 1997 5183 de
2019 5154 2158 5192 cœur,
2200 5146 2395 5195 qualités
2432 5147 2584 5198 physi¬

1555 5207 1666 5246 ques
1695 5199 1736 5238 et
1763 5200 1974 5251 morales,
2006 5204 2143 5252 ayant
2171 5205 2303 5255 après
2331 5216 2482 5247 revers
2511 5218 2583 5258 pe¬

1556 5255 1634 5296 tite
1658 5259 1782 5299 rente
1804 5260 1846 5300 et
1870 5262 2150 5312 espérances,
2176 5264 2432 5315 épouserait
2456 5267 2583 5307 Mon¬

1550 5316 1671 5356 sieur
1688 5318 1743 5358 de
1759 5320 1810 5358 58
1827 5319 1852 5359 à
1869 5322 1920 5359 65
1936 5331 2019 5361 ans
2036 5323 2173 5372 ayant
2191 5323 2458 5366 sentiments
2475 5324 2584 5367 déli¬

1554 5376 1662 5424 cats,
1686 5389 1766 5428 pas
1787 5379 1954 5430 égoïste
1976 5382 2023 5420 ni
2046 5380 2275 5425 intéressé.

1607 5438 1724 5477 6071.
1758 5440 2082 5482 Deux-Sèvres.
2108 5467 2163 5472 —
2188 5446 2339 5486 Veuve
2382 5446 2578 5487 d’indus¬

1555 5494 1655 5535 triel
1679 5498 1815 5546 ayant
1836 5499 1977 5547 avoir,
2003 5502 2053 5540 36
2075 5514 2171 5550 ans,
2196 5504 2396 5552 gentille,
2422 5504 2578 5555 douce,

1555 5567 1615 5594 un
1644 5555 1816 5604 enfant,
1847 5558 2105 5608 épouserait
2134 5562 2368 5604 Monsieur
2399 5564 2488 5606 très
2518 5567 2578 5607 sé¬

1554 5613 1696 5662 rieux,
1723 5615 1827 5664 bon,
1853 5620 2055 5668 pouvant
2078 5620 2235 5662 l’aider
2258 5622 2372 5664 dans
2395 5623 2579 5666 l’indus¬

1553 5672 1636 5715 trie
1664 5678 1931 5727 rapportant
1957 5679 2011 5720 de
2035 5682 2060 5719 9
2086 5680 2111 5720 à
2139 5683 2285 5722 10.000
2311 5683 2367 5723 fr.
2396 5695 2479 5735 par
2505 5698 2576 5733 an,

1551 5734 1814 5776 célibataire
1837 5748 1895 5776 ou
1919 5739 2028 5778 veuf
2053 5751 2159 5780 sans
2182 5741 2378 5791 enfants,
2406 5744 2578 5785 officier

1552 5803 1606 5835 ou
1635 5792 1968 5839 fonctionnaire
1994 5799 2174 5842 retraité
2199 5800 2255 5842 de
2279 5803 2331 5842 39
2355 5803 2380 5843 à
2404 5806 2455 5843 43
2480 5816 2575 5854 ans,

1552 5854 1689 5903 ayant
1723 5856 1872 5895 25.000
1908 5857 1962 5897 fr.
2002 5859 2183 5910 capital.
2208 5862 2372 5903 Inutile
2392 5874 2496 5904 sans
2516 5866 2578 5904 sé¬

1552 5912 1723 5954 rieuses
1746 5914 2012 5957 références.

1644 6087 2493 6223 mrimçs

2240 6260 2251 6279 »
2341 6263 2362 6287 »

1602 6302 1724 6344 Dans
1751 6303 1791 6346 le
1818 6308 2010 6348 courant
2034 6308 2095 6350 du
2123 6310 2239 6351 mois
2264 6311 2430 6359 d’août,
2460 6323 2575 6355 nous

1548 6371 1690 6403 avons
1724 6375 1844 6416 reçu,
1884 6378 1990 6408 avec
2026 6369 2152 6410 mille
2188 6371 2571 6423 remerciements,

1547 6424 1934 6467 communication
1955 6427 2016 6469 du
2035 6428 2255 6479 prochain
2276 6431 2478 6482 mariage
2497 6433 2575 6475 des

1547 6491 1574 6520 n
1585 6486 1619 6503 os
1643 6483 1762 6534 6008,
1791 6486 1910 6535 6012,
1938 6489 2057 6536 6018,
2086 6498 2134 6530 ce
2159 6488 2341 6532 dernier
2367 6502 2472 6532 sans
2498 6504 2575 6534 an¬

1546 6551 1702 6582 nonce.

1599 6600 1722 6643 Nous
1752 6604 1925 6647 serions
1956 6607 2163 6650 heureux
2192 6622 2280 6662 que
2311 6610 2376 6651 les
2407 6610 2572 6654 Dames

1545 6659 1812 6706 intéressées
1843 6666 2065 6708 veuillent
2100 6667 2203 6710 bien
2240 6682 2286 6712 se
2322 6670 2435 6712 faire
2470 6683 2571 6713 con¬

1544 6720 1703 6762 naître.

1598 6780 1804 6824 Sincères
1828 6783 2134 6828 félicitations.

2134 6850 2194 6890 La
2218 6848 2459 6891 Direction.

2755 587 3070 664 ABONNÉS
3131 600 3212 666 ET
3271 601 3618 671 LECTEURS

2991 698 3122 740 Lisez
3152 699 3260 742 bien
3290 702 3388 743 ceci

2728 780 2870 821 Toute
2893 794 3117 832 personne
3140 784 3219 834 qui
3243 796 3490 836 procurera
3512 788 3539 827 à
3562 788 3604 829 la
3628 790 3702 828 Di¬

2675 839 2844 879 rection
2870 842 2986 882 deux
3012 843 3213 883 abonnés
3236 856 3492 895 nouveaux,
3519 847 3703 899 n’ayant

2672 897 2838 947 jamais
2858 900 2924 940 été
2947 900 3128 943 inscrits
3148 902 3194 942 ni
3218 903 3243 943 à
3263 904 3307 944 la
3332 906 3502 953 Rapide
3525 907 3700 956 Agence

2674 956 2719 995 ni
2748 959 2806 997 au
2834 959 2960 999 Trait
2989 960 3015 998 d
3041 962 3204 1010 Union,
3235 974 3348 1003 aura
3376 962 3495 1005 droit
3527 978 3534 1003 :
3563 967 3648 1007 soit
3676 967 3701 1007 à

2683 1027 2772 1055 une
2832 1018 3148 1068 prolongation
3211 1020 3565 1064 d’abonnement
3622 1026 3678 1066 de

2694 1076 2810 1118 deux
2839 1078 2970 1127 mois,
2999 1080 3084 1120 soit
3111 1080 3136 1120 à
3163 1093 3224 1121 un
3254 1083 3560 1134 abonnement
3586 1095 3683 1134 gra¬

2706 1136 2792 1176 tuit
2819 1136 2874 1179 de
2900 1139 3048 1180 même
3075 1140 3227 1181 durée.

2667 1222 2674 1232 .
2722 1218 2772 1222 —
2805 1196 2927 1238 Tous
2959 1207 3046 1240 nos
3072 1200 3283 1242 abonnés
3311 1204 3419 1242 sont
3443 1202 3572 1252 priés
3591 1203 3698 1255 S’a¬

2668 1257 2859 1299 dresser
2891 1260 3059 1303 lettres
3088 1264 3135 1302 et
3167 1262 3518 1311 observations,
3550 1275 3642 1307 non
3671 1267 3699 1307 à

2670 1319 2718 1360 la
2738 1332 2766 1355 «6
2789 1320 2966 1371 Rapide
2996 1325 3176 1371 Agence
3196 1339 3243 1368 *•>,
3267 1326 3387 1367 niais
3412 1337 3473 1367 au
3499 1327 3698 1378 journal

2669 1383 2732 1423 du
2753 1396 2781 1419 <t
2803 1384 2938 1424 Trait
2962 1386 3160 1427 d’Union
3183 1400 3230 1435 »,
3259 1388 3330 1435 26,
3349 1399 3437 1430 rue
3464 1390 3696 1439 d’Asiorg,

2668 1443 2914 1487 Toulouse.

2729 1528 2826 1566 8*-
2852 1527 2931 1568 Les
2952 1528 3156 1570 bureaux
3179 1530 3238 1571 du
3259 1532 3441 1572 TRAIT
3464 1534 3698 1574 D’UNION

2671 1599 2726 1627 rte
2747 1592 2850 1627 sont
2871 1594 3054 1631 ouverts
3078 1602 3163 1640 que
3190 1592 3499 1643 l’après-midi,
3527 1595 3581 1636 de
3604 1599 3628 1636 2
3651 1598 3695 1636 h.

2670 1648 2695 1689 à
2716 1652 2739 1689 5
2760 1651 2938 1700 heures,
2962 1654 3026 1701 26,
3051 1664 3131 1694 rue
3152 1654 3376 1704 d’Astorg.

2728 1732 2824 1770 Lê-
2857 1733 2980 1772 Tous
3010 1734 3072 1773 les
3102 1735 3491 1783 renseignements
3521 1747 3698 1778 concer¬

2671 1795 2781 1831 nant
2815 1794 2855 1833 la
2890 1795 3202 1835 combinaison
3236 1798 3452 1847 mariage,
3490 1800 3551 1839 les
3586 1801 3698 1840 loca¬

2670 1854 2802 1902 tions,
2861 1856 3016 1902 offres,
3076 1856 3323 1899 demandes
3352 1861 3394 1898 et
3422 1860 3519 1900 avis
3548 1861 3698 1902 divers

2669 1918 2771 1954 sont
2802 1915 2975 1956 donnés
3004 1919 3331 1967 gratuitement
3362 1920 3475 1963 dans
3506 1931 3589 1962 nos
3619 1923 3698 1963 bu¬

2670 1987 2824 2026 reaux,
2858 1978 3168 2027 l’après-midi,
3202 1981 3254 2021 de
3283 1983 3307 2020 2
3336 1982 3379 2020 h.
3410 1983 3436 2023 à
3464 1986 3487 2023 5
3516 1984 3694 2032 heures,

2671 2040 2734 2084 26,
2763 2050 2842 2079 rue
2870 2040 3091 2091 d’Astorg,
3119 2043 3362 2084 Toulouse.

2700 2209 2955 2262 Lettres
2996 2211 3075 2264 de
3115 2212 3660 2270 Remerciements

2722 2350 2779 2390 Le
2800 2351 2934 2391 cadre
2956 2351 3010 2391 de
3031 2352 3159 2394 notre
3179 2354 3362 2403 journal
3384 2368 3440 2398 ne
3460 2368 3576 2399 nous
3596 2370 3694 2410 per¬

2668 2409 2860 2451 mettant
2883 2422 2964 2460 pas
3014 2411 3232 2454 d’insérer
3283 2414 3347 2455 les
3398 2416 3695 2459 nombreuses

2667 2468 2820 2510 lettres
2854 2470 2907 2511 de
2942 2470 3233 2515 félicitations
3266 2475 3495 2516 adressées
3528 2488 3587 2518 au
3620 2478 3695 2517 Di¬

2668 2528 2843 2568 recteur
2870 2530 3032 2582 depuis
3059 2531 3103 2571 la
3130 2532 3327 2574 création
3355 2534 3410 2576 de
3436 2536 3548 2577 cette
3576 2548 3694 2578 com¬

2671 2587 2896 2637 binaison,
2936 2600 3048 2631 ceux
3085 2591 3139 2631 de
3176 2603 3258 2633 nos
3295 2594 3496 2635 abonnés
3532 2596 3611 2646 qui
3649 2596 3690 2637 le

2667 2647 2964 2690 désireraient
2988 2652 3211 2700 pourront
3235 2664 3289 2692 en
3343 2655 3539 2704 prendre
3591 2667 3694 2696 con¬

2668 2707 2903 2749 naissance
2938 2709 3052 2751 dans
3084 2722 3166 2751 nos
3199 2711 3419 2764 bureaux,
3456 2726 3536 2755 rue
3570 2714 3694 2756 d’As¬

2667 2766 2780 2818 torg,
2808 2768 2874 2816 26,
2904 2768 3144 2811 Toulouse.

2669 2953 2966 3058 OFFICE
3037 2955 3142 3059 DE
3221 2956 3694 3066 LOCATIONS

3830 611 3868 648 6.
3892 611 3947 649 —
3971 612 4111 653 Dame
4135 613 4272 664 ayant
4294 612 4444 655 loisirs
4468 615 4692 658 demande
4716 619 4803 658 tra¬

3777 679 3896 708 vaux
3926 668 4165 712 d’écriture
4195 683 4252 712 ou
4283 672 4446 714 travail
4478 674 4663 715 manuel
4694 676 4802 717 chez

3776 727 3875 767 elle.

3828 814 3868 851 7.
3899 815 3952 851 —
3982 815 4245 856 Professeur
4290 815 4345 857 de
4390 816 4591 868 français
4634 817 4799 860 donne¬

3778 871 3866 911 rait
3895 871 4047 923 leçons
4078 874 4131 915 de
4163 875 4503 917 conversations
4535 878 4576 918 et
4607 875 4802 919 d’ortho¬

3775 930 3948 980 graphe
4007 931 4032 971 à
4091 943 4314 983 personne
4372 936 4622 987 étrangère.
4687 937 4799 988 Cinq

3778 988 3931 1030 francs
3954 1002 4036 1041 par
4060 992 4191 1034 mois.

3828 1068 3867 1106 8.
3889 1068 3943 1106 —
3966 1069 4132 1118 Leçons
4168 1071 4223 1111 de
4262 1071 4460 1123 français
4499 1074 4540 1114 et
4562 1073 4797 1125 d’anglais.

3778 1127 3840 1166 De
3863 1127 3910 1164 15
3931 1126 3955 1166 à
3975 1128 4026 1166 30
4047 1127 4199 1171 francs
4219 1142 4302 1180 par
4324 1131 4453 1172 mois.

3828 1204 3866 1242 9.
3897 1206 3951 1244 —
3978 1206 4122 1245 Jeune
4153 1208 4250 1247 fille
4280 1211 4419 1259 ayant
4447 1209 4615 1260 emploi
4647 1210 4799 1251 Sténo-

3776 1262 4152 1314 Dactylographe,
4178 1266 4309 1307 ferait
4328 1268 4490 1307 travail
4511 1268 4722 1319 supplém
4739 1282 4799 1310 ;n-

3776 1320 3888 1362 taire
3915 1333 4030 1372 pour
4056 1324 4358 1374 particuliers.

3827 1403 3888 1440 10.
3911 1425 3966 1431 —
3987 1403 4215 1445 Véritable
4239 1407 4459 1447 occasion.
4483 1410 4537 1448 —
4562 1410 4798 1450 GRANDE

3774 1460 4139 1504 CHAPELIERE
4174 1464 4290 1504 osier
4323 1467 4466 1515 verni,
4502 1468 4526 1508 à
4559 1470 4799 1520 comparti¬

3772 1521 3934 1569 ments,
3960 1522 4151 1563 doublée
4175 1524 4295 1574 toile,
4320 1526 4459 1567 belles
4483 1538 4686 1570 serrures
4709 1530 4800 1570 cui¬

3771 1591 3862 1628 vre,
3903 1582 4080 1622 vendue
4120 1583 4274 1624 moitié
4296 1586 4414 1636 prix.
4442 1587 4698 1628 S’adresser
4720 1588 4799 1628 bu¬

3772 1650 3878 1679 reau
3907 1640 4034 1682 Trait
4060 1642 4270 1683 d’Union.

3876 1813 4284 1921 L’IBTERÉT
4336 1830 4436 1922 DE
4488 1830 4696 1928 TOUS

3772 1962 3837 1999 est
3871 1960 3924 1999 de
3958 1962 4182 2002 souscrire
4218 1963 4279 2003 les
4314 1964 4427 2004 bons
4460 1965 4707 2015 d’épargne
4741 1979 4798 2008 au

3774 2022 3956 2068 porteur
3980 2020 4034 2062 de

3814 2131 3918 2271 LA
3998 2132 4750 2280 CAPITALISATION

3772 2328 4004 2367 entreprise
4040 2327 4180 2368 privée
4214 2330 4364 2364 fondée
4399 2338 4450 2364 en
4487 2330 4576 2367 1888
4610 2335 4648 2368 et
4683 2341 4798 2370 assu-

3772 2380 3870 2421 jetie
3895 2388 3950 2415 au
3978 2380 4163 2416 contrôle
4190 2383 4239 2418 de
4267 2383 4404 2420 l'Etat.

3821 2443 4087 2479 Versements
4109 2443 4258 2486 depuis
4282 2444 4299 2479 1
4322 2447 4375 2480 fr.
4399 2454 4478 2488 par
4500 2450 4620 2483 mois.

3818 2504 3994 2546 Tirages
4021 2507 4234 2542 mensuels
4259 2510 4470 2548 garantis.

3822 2566 4039 2603 Paiement
4066 2568 4284 2605 immédiat
4310 2571 4364 2605 du
4394 2571 4548 2612 capital
4578 2582 4684 2614 pour
4710 2578 4799 2611 tout

3773 2620 3852 2654 bon
3876 2622 3978 2656 sorti
4003 2628 4057 2655 au
4082 2622 4232 2663 tirage.

3822 2682 4129 2724 Participation
4159 2683 4208 2719 de
4238 2683 4283 2719 75
4308 2684 4371 2728 0/0
4398 2694 4472 2722 sur
4504 2689 4562 2723 les
4591 2688 4799 2726 bénéfices

3771 2736 3820 2770 de
3844 2736 3884 2770 la
3908 2735 4079 2771 Société.
4107 2737 4294 2774 Sécurité
4316 2740 4490 2776 absolue
4515 2739 4523 2776 :
4546 2739 4591 2776 33
4612 2743 4799 2779 millions

3772 2789 3821 2823 de
3846 2790 4080 2830 garanties.

3824 2856 3947 2896 Pour
3967 2858 4223 2904 .souscrire,
4251 2859 4514 2901 s’adresser
4534 2862 4562 2902 à
4583 2864 4631 2903 II.
4655 2864 4700 2904 le
4722 2864 4798 2905 Di¬

3771 2920 3962 2959 recteur
3988 2920 4051 2959 du
4076 2931 4100 2958 «
4126 2920 4522 2965 TRAIT-D’UNION
4547 2939 4588 2972 »,
4618 2927 4688 2974 26,
4711 2938 4798 2968 rue

3771 2982 4000 3029 d’Astorg,
4022 2983 4271 3024 Toulouse.

2723 3135 2756 3171 A
2820 3135 2964 3175 Louer
3026 3136 3220 3186 meublé,
3284 3139 3487 3189 quartier
3550 3140 3696 3182 Saini-

2668 3195 2871 3244 Etienne,
2903 3198 3120 3238 chambre
3177 3200 3220 3240 et
3275 3200 3402 3241 salon
3459 3212 3517 3242 ou
3575 3203 3694 3243 deux

2667 3257 2908 3299 chambres
2971 3259 3330 3311 indépendantes
3366 3263 3480 3304 dans
3516 3264 3692 3306 maison

2667 3319 2878 3368 sérieuse,
2910 3321 3107 3371 prendre
3136 3322 3347 3364 l’adresse
3404 3336 3460 3365 au
3520 3326 3690 3367 bureau

2666 3381 2728 3422 du
2749 3382 2935 3431 journal
2955 3382 2996 3423 le
3018 3384 3147 3424 Trait
3167 3386 3377 3426 d’Union.

2722 3463 2755 3499 A
2788 3462 2944 3511 Louer,
2978 3462 3092 3504 local
3150 3476 3228 3505 sur
3283 3476 3407 3515 cour,
3440 3479 3498 3507 au
3528 3468 3694 3509 rez-de-

2668 3515 2899 3563 chaussée,
2939 3527 3054 3566 pour
3118 3516 3307 3567 bureau,
3346 3520 3688 3569 garde-meuble

2666 3587 2723 3615 au
2752 3577 2888 3627 oépôt
2915 3578 2970 3618 de
2999 3579 3356 3622 marchandises.
3390 3583 3591 3624 Prendre
3621 3583 3692 3623 l’a¬

2666 3638 2818 3678 dresse
2843 3650 2900 3679 au
2926 3639 3108 3688 journal
3135 3641 3175 3682 le
3199 3642 3326 3682 Trait
3352 3643 3560 3683 d'Union.

2723 3717 2912 3758 Famille
2943 3718 2999 3758 de
3045 3720 3206 3768 quatre
3251 3731 3500 3771 personnes
3545 3723 3691 3764 désire

2666 3776 2792 3816 louer
2819 3776 2956 3828 petite
2982 3778 3158 3819 maison
3187 3779 3351 3822 remise
3377 3781 3403 3822 à
3428 3782 3552 3823 neuf.
3582 3785 3607 3824 8
3633 3795 3690 3824 ou

2668 3838 2716 3875 10
2748 3835 2910 3886 pièces,
2946 3848 3026 3878 rue
3058 3837 3320 3888 tranquille,
3356 3840 3559 3890 quartier
3592 3854 3691 3888 cen¬

2667 3893 2768 3934 tral.
2795 3894 2904 3935 Prix
2927 3895 2980 3935 de
3004 3898 3028 3936 8
3051 3896 3076 3936 à
3098 3899 3176 3936 900
3199 3896 3255 3938 fr.

2730 4066 3045 4165 Annonces
3098 4072 3163 4166 et
3212 4069 3359 4167 Avis
3412 4070 3619 4169 divers

2717 4266 2752 4303 1.
2791 4264 2858 4304 On
2893 4266 3116 4320 demande
3150 4268 3264 4320 petit
3295 4268 3462 4321 capital
3497 4270 3690 4323 payable

2662 4335 2715 4363 en
2758 4326 2883 4366 rente
2908 4326 3103 4376 viagère.
3132 4327 3262 4370 Faire
3286 4330 3422 4371 offres
3447 4331 3491 4372 et
3515 4331 3690 4372 donner

2662 4383 2762 4423 tous
2808 4384 3196 4435 renseignements
3240 4399 3299 4428 au
3346 4388 3580 4430 Directeur
3627 4391 3688 4430 du

2662 4440 2789 4483 Trait
2811 4442 3027 4486 d’Union.

2718 4522 2758 4559 2.
2798 4523 2855 4560 —
2895 4522 3158 4563 Professeur
3198 4523 3331 4566 dame
3371 4527 3691 4567 recommandé

2662 4588 2776 4629 pour
2819 4578 2964 4630 leçon;
3015 4580 3069 4622 de
3116 4592 3219 4634 pian
3242 4597 3248 4620 ,
3311 4582 3419 4624 Prix
3467 4598 3492 4624 u
3514 4586 3671 4626 obérés

2662 4636 2841 4679 Bureau
2865 4638 2928 4679 du
2950 4638 3150 4688 journal.

2712 4716 2751 4754 3.
2779 4739 2833 4743 —
2862 4718 3130 4759 Demoiselle
3158 4719 3279 4762 seule
3304 4722 3356 4759 45
3383 4731 3480 4771 ans,
3508 4721 3671 4774 adopte

2660 4774 2746 4814 rait
2767 4774 2903 4823 jeune
2924 4775 3018 4817 fille
3040 4778 3247 4819 fortunée
3268 4791 3327 4819 ou
3348 4780 3507 4821 enfant
3528 4787 3688 4832 orphe¬

2658 4832 2752 4874 line
2770 4844 2827 4874 ou
2850 4835 3162 4878 abandonnée.
3186 4836 3387 4881 Prendre
3407 4839 3587 4883 adresse
3608 4840 3687 4882 bu¬

2659 4903 2767 4932 reau
2789 4893 2851 4934 du
2875 4894 3002 4934 Trait
3022 4895 3232 4938 d’Union.

2712 4972 2751 5010 4.
2771 4971 2825 5011 —
2846 4972 3035 5015 Famille
3056 4974 3146 5015 très
3166 4975 3429 5027 honorable,
3452 4978 3690 5028 prendrait

2659 5030 2979 5080 pensionnaire
3022 5033 3156 5074 dame
3198 5045 3256 5075 ou
3299 5035 3534 5078 Monsieur
3577 5038 3683 5086 aisé,

2658 5088 2900 5131 s’adresser
2920 5090 3094 5132 bureau
3115 5091 3178 5132 du
3199 5093 3398 5144 journal.

2712 5168 2751 5206 5.
2780 5190 2832 5194 —
2858 5168 2924 5207 On
2953 5167 3178 5211 demande
3205 5172 3353 5211 bonne
3381 5174 3636 5214 couturière
3662 5174 3688 5214 à

2656 5224 2699 5266 la
2759 5224 2964 5275 journée.
3029 5227 3136 5268 Voir
3199 5228 3372 5271 bureau
3434 5231 3495 5272 du
3558 5231 3686 5274 Trait

2659 5284 2868 5326 d’Union.

2716 5347 2831 5388 (>.—
2856 5347 2966 5386 Fille
3007 5347 3062 5388 de
3102 5349 3331 5399 militaire,
3359 5350 3609 5402 orpheline,
3637 5354 3684 5392 37

2659 5415 2754 5451 ans,
2794 5404 2896 5446 bien
2932 5407 3095 5456 élevée,
3135 5409 3291 5458 active,
3328 5411 3556 5460 économe,
3595 5414 3682 5453 bon

2660 5465 2899 5514 caractère,
2942 5466 3167 5508 demande
3207 5470 3334 5520 place
3376 5474 3686 5520 gouvernante

2658 5522 2767 5562 chez
2808 5523 3042 5567 Monsieur
3084 5527 3204 5577 veuf,
3249 5540 3364 5579 pour
3407 5531 3586 5580 soigner
3612 5543 3685 5571 en¬

2658 5580 2778 5622 fants
2795 5583 2837 5623 et
2852 5583 3023 5636 diriger
3040 5587 3083 5628 la
3102 5588 3292 5628 maison.
3316 5590 3515 5630 Prendre
3535 5591 3682 5631 adres¬

2659 5652 2705 5682 se
2728 5640 2900 5684 bureau
2924 5644 3130 5686 Journal.

3768 3140 4021 3187 MSKNW8W
4027 3143 4098 3179 XiX
4103 3143 4315 3183 UMWNM
4322 3147 4576 3184 WMWZLMU
4582 3148 4799 3187 MMMLN

3840 3243 4142 3288 Manufacture
4172 3246 4394 3284 d'articles
4424 3247 4576 3286 KATO

4272 3319 4295 3354 à
4319 3316 4488 3364 fenêtre
4510 3320 4724 3366 diaphane

3948 3456 4344 3524 Enveloppes
4368 3459 4392 3479 *
4414 3459 4574 3512 Kato
4596 3462 4620 3480 ”

3947 3547 4120 3609 Papier
4151 3548 4174 3596 à
4211 3548 4356 3599 lettre
4392 3549 4618 3602 ‘KATO’

3851 3690 4087 3727 Demander
4116 3692 4410 3730 Echantillons

3848 3755 4004 3791 LOUIS
4031 3758 4232 3792 CASSAN
4261 3759 4357 3795 aîné

3852 3821 3910 3861 37,
3939 3830 4011 3855 rue
4038 3823 4111 3856 des
4138 3824 4370 3860 Couteliers

3766 3867 3802 3931 f,
3855 3884 4134 3923 TOULOUSE

3765 3934 3802 3970 W
4760 3974 4795 3982 „

3766 3406 3804 3502 1

3771 3579 3797 3605 x

3765 3765 3802 3823 !

4763 3187 4800 3222 H

4763 3225 4798 3258 »

4763 3262 4799 3295 rs

4766 3298 4798 3331 &

4763 3331 4799 3367 M

4768 3372 4795 3399 x

4762 3408 4798 3463 A

4763 3480 4794 3512 x

4763 3516 4796 3548 X

4761 3552 4796 3584 m

4763 3590 4794 3620 x

4762 3624 4795 3656 x

4763 3662 4795 3691 X

4763 3695 4798 3728 AS

3958 4206 4363 4240 EXCELLENTE
4415 4212 4610 4242 PRIME

4218 4283 4265 4307 DE
4292 4283 4340 4309 LA

3830 4351 4738 4471 MICHELINE

3803 4566 3847 4594 La
3876 4566 4008 4596 Maison
4046 4568 4187 4598 Michel
4223 4570 4428 4606 Sabatier,
4467 4570 4508 4599 de
4544 4572 4795 4607 Carcassonne,

3766 4599 3860 4629 vient
3874 4602 3915 4628 de
3931 4604 4028 4632 créer
4044 4612 4111 4634 une
4126 4606 4236 4635 caisse
4252 4612 4435 4642 composée
4455 4606 4496 4635 de
4515 4608 4564 4635 sis
4582 4608 4776 4639 bouteilles.

3878 4667 3908 4691 I'
3938 4668 3982 4694 La
4011 4670 4203 4703 Micheline,
4234 4672 4336 4699 Reine
4363 4674 4419 4699 det
4447 4673 4626 4704 Liqueur*.

3874 4702 3906 4730 2*
3942 4705 4050 4731 Cacao
4084 4707 4375 4736 Puerto-Cabeilo.

3874 4738 3906 4765 3*
3939 4740 4048 4766 Rhum
4079 4743 4267 4770 St-MioheL

3875 4774 3906 4799 4°
3946 4776 4026 4802 Fine
4064 4779 4215 4805 Martoli.

3874 4810 3907 4835 5*
3932 4811 4015 4836 L’Or
4039 4812 4124 4840 Kina
4147 4815 4341 4848 Sabathier,
4366 4815 4427 4843 Vin
4448 4816 4590 4850 apéritf.

3874 4846 3907 4872 G"
3934 4847 4050 4874 Grand
4075 4848 4266 4882 Mousseux,
4288 4851 4393 4879 cuvée
4414 4852 4578 4883 réservée,
4600 4852 4678 4886 plus
4699 4854 4790 4888 quel¬

3874 4887 3959 4914 ques
3977 4882 4106 4914 primes
4125 4890 4170 4912 au
4191 4886 4293 4915 choix
4314 4888 4360 4915 du
4382 4887 4500 4916 client.

3875 4927 3957 4956 Prix
3980 4928 4103 4957 franco
4124 4931 4167 4959 de
4188 4932 4266 4964 port
4287 4934 4320 4961 et
4343 4934 4419 4962 tous
4442 4935 4551 4964 droits
4574 4936 4680 4969 payés
4704 4938 4791 4964 dans

3767 4963 3802 4991 la
3820 4963 3954 4992 France
3974 4964 4114 4993 entière.

4110 5023 4308 5059 Vingt-cinq
4330 5024 4448 5054 francs

4018 5087 4147 5117 Panier
4166 5090 4278 5122 prime
4299 5091 4340 5119 de
4360 5091 4436 5120 vins
4458 5092 4538 5122 fins.

3872 5144 3888 5171 2
3914 5146 4005 5172 bout.
4031 5145 4228 5179 St'Eatèphe
4252 5145 4491 5179 (Haut-Médoc

3872 5180 3889 5206 2
3918 5182 4011 5208 bout.
4043 5180 4175 5215 Volnay
4203 5180 4447 5216 (Bourgogne).

3871 5216 3888 5242 2
3914 5216 4007 5243 bout.
4035 5218 4151 5245 Grand
4181 5218 4358 5252 Mousseux
4387 5218 4437 5252 (1"
4461 5220 4588 5254 choix).

3873 5254 3887 5278 1
3919 5253 4070 5280 Couteau
4103 5254 4203 5282 Louis
4234 5255 4302 5282 XV.

3874 5289 3888 5314 1
3920 5288 4022 5315 Glace
4048 5291 4132 5316 trois
4162 5291 4266 5318 faces.

3875 5326 3886 5350 1
3927 5326 4034 5351 Elixir
4071 5326 4266 5353 dentifrice.

3873 5359 3918 5386 Le
3940 5359 4015 5387 tout
4037 5359 4160 5388 franco
4191 5362 4232 5388 de
4255 5362 4343 5394 port,
4367 5363 4408 5391 de
4430 5363 4539 5392 droits
4573 5364 4607 5392 et
4628 5365 4791 5394 d’embal¬

3873 5395 3951 5428 lage
3975 5396 4063 5423 dans
4087 5395 4122 5424 la
4147 5396 4278 5426 France
4303 5399 4444 5428 entière.

4104 5453 4314 5484 Vingt-deux
4334 5455 4451 5484 francs

4151 5547 4207 5583 Le
4238 5548 4395 5584 ûérant
4425 5559 4434 5584 :
4462 5549 4716 5588 ROUSSEL.

3810 5659 4074 5703 Imprimerie
4104 5659 4287 5704 spéciale
4314 5661 4367 5697 du
4402 5662 4517 5699 Trait
4547 5663 4738 5700 d'Union.

3039 5796 3531 5864 BULLETIN
3621 5799 4421 5869 D’ABONNEMENT

2739 5931 2790 5973 Je
2824 5935 3035 5988 soussigné
3071 5934 3230 5978 déclare
3263 5940 3465 5980 souscrire
3501 5940 3527 5980 à
3565 5954 3622 5980 un
3661 5938 3934 5983 abonnement
3971 5940 4020 5982 de
4068 5939 4174 5983 deux
4209 5943 4312 5984 mois
4367 5956 4422 5986 au
4479 5944 4666 5988 Journal
4715 5947 4748 5988 le

2688 6008 3122 6059 TRAIT-D’UNION,
3146 6019 3254 6059 pour
3274 6007 3314 6048 la
3334 6021 3486 6050 somme
3503 6010 3548 6051 de
3567 6023 3667 6052 onze
3687 6009 3844 6064 francs.

2740 6111 2849 6152 Nom
2871 6116 2914 6152 et
2936 6115 3836 6164 profession.

2741 6200 2931 6243 Adresse
2972 6227 4745 6245 ...-...

3381 6319 3858 6327 ..
3862 6299 3931 6346 ,1e
4192 6325 4510 6333 .
4525 6306 4574 6344 10
4599 6327 4659 6344 ..

2684 6389 2850 6427 Libellé
2882 6392 2935 6428 de
2964 6392 3206 6431 l'Annonce
3235 6396 3259 6431 à
3288 6396 3459 6434 insérer

4210 6396 4467 6448 Signature,

2682 6763 2923 6803 Détacher
2954 6775 3007 6804 ce
3039 6766 3140 6804 Bon
3172 6772 3219 6806 et
3249 6767 3507 6819 l’envoyer
3528 6768 3555 6810 à
3583 6772 3648 6810 M.
3684 6771 3730 6810 J.
3770 6771 3934 6811 BACH
3971 6782 4092 6811 avec
4128 6771 4174 6810 le
4213 6776 4432 6812 montant
4464 6775 4523 6815 de
4560 6775 4740 6818 l’abon¬

3070 6824 3280 6871 nement,
3311 6831 3372 6860 en
3401 6823 3504 6862 Bon
3535 6823 3596 6863 de
3624 6828 3781 6875 poste,
3811 6826 4008 6866 Mandat
4035 6836 4098 6864 ou
4129 6826 4370 6866 Timbres.
