5134 7496
1193 431 1361 474 W.J
1399 431 1433 467 ->>
1485 430 1523 466 y
2195 408 2207 468 .
3007 398 3063 454 >X
3093 397 3157 454 U
3309 422 3529 466 rnmm

329 467 559 517 Sixième
595 464 785 514 année.
815 493 877 499 —
899 467 967 511 N°
991 466 1023 511 3
1937 458 2013 505 Le
2049 458 2279 504 Numéro
2315 471 2329 501 :
2375 457 2395 511 f
2419 456 2475 513 O
2511 456 2771 503 centimes
3095 456 3141 510 .v
3539 456 3617 502 Du
3649 455 3709 501 13
3733 467 3801 501 au
3827 455 3891 501 20
3921 454 4221 502 Novembre
4261 456 4389 503 1910

2154 623 2364 724 LE

506 691 817 727 PARAISSANT

3853 679 4168 712 PARAISSANT

415 739 574 772 Toutes
603 736 664 770 les
692 736 911 770 Semaines

3763 724 3922 758 Toutes
3950 724 4011 758 les
4039 724 4259 759 Semaines

174 840 1695 1559 Trait
1948 837 4495 1549 dUniûiz

1284 1604 1544 1683 DES
1636 1584 2328 1680 INTÉRÊTS
2414 1582 3394 1695 RÉCIPROQUES

491 1746 939 1799 Combinaison
977 1742 1249 1804 Mariage
1288 1738 1471 1789 créée
1512 1748 1589 1786 en
1628 1730 1797 1787 1905
1870 1748 1904 1783 •
1942 1746 1976 1783 •
2012 1746 2047 1781 •
2120 1734 2409 1783 Bureaux
2450 1732 2510 1783 et
2544 1730 3060 1782 Administration
3098 1745 3113 1780 :
3152 1728 3261 1790 26,
3300 1744 3412 1782 rue
3452 1730 3737 1795 d’Astorg
3775 1758 3840 1764 —
3880 1731 4200 1787 Toulouse

261 1886 324 1920 LA
352 1883 484 1918 PLUS
511 1882 764 1917 HONNETE

262 1933 324 1967 LA
354 1931 487 1966 PLUS
516 1928 777 1964 DISCRETE

263 1980 326 2014 LA
354 1979 487 2012 PLUS
515 1977 713 2011 RAPIDE

263 2026 326 2060 LA
359 2024 491 2058 PLUS
524 2022 786 2058 SERIEUSE

263 2073 325 2108 LA
352 2071 484 2106 PLUS
511 2070 647 2107 SURE

263 2120 324 2155 LA
356 2116 522 2152 MOINS
550 2115 727 2151 CHERE

263 2166 359 2200 PAS
394 2162 878 2199 D’INTERMEDIAIRE

264 2212 359 2247 PAS
391 2214 455 2246 DE
484 2210 818 2247 COMMISSION

1516 1878 1851 1935 ABONNEMENT
1873 1893 1926 1933 au
1947 1878 2126 1932 Journal
2148 1876 2333 1931 donnant
2354 1876 2463 1931 droit
2494 1876 2519 1931 à
2540 1890 2619 1931 une
2640 1876 2844 1930 insertion
2867 1876 2916 1930 de
2940 1875 2967 1930 6
2989 1876 3123 1943 lignes
3145 1889 3157 1931 :

1374 1980 1586 2014 Annonces
1639 1977 1692 2012 de
1746 1975 1919 2020 Mariage
1965 1975 2053 2016 (six
2096 1974 2225 2018 lignes
2283 1976 2327 2007 et
2375 1972 2643 2008 abonnement
2691 1982 2746 2007 au
2793 1970 2979 2016 journal)

1447 2026 1552 2060 Deux
1598 2023 1700 2056 mois
1734 2042 2978 2058 ....
3039 2018 3107 2052 11
3137 2017 3287 2054 francs.

1373 2078 1518 2122 Lignes
1539 2074 2983 2122 supplémentaires.
3085 2075 3111 2106 f
3179 2091 3221 2096 —

1374 2135 1616 2168 Annnonces
1638 2134 1675 2167 et
1698 2130 1906 2167 Locations
1928 2127 2044 2172 (trois
2067 2127 2981 2170 mois).
3081 2124 3116 2159 6
3179 2145 3223 2151 —

1375 2187 1473 2223 Avis
1491 2185 1642 2227 divers,
1662 2184 1791 2220 Olïres
1811 2187 1851 2220 et
1871 2182 2093 2219 Demandes
2114 2179 2323 2226 d’emplois
2342 2179 2467 2222 (deux
2490 2180 2985 2221 mois)..
3084 2179 3120 2214 3
3182 2198 3225 2205 —

3520 1866 3571 1900 Le
3597 1878 3615 1896 «
3641 1866 3760 1900 Trait
3784 1867 3964 1900 d’Union
3992 1880 4011 1899 »
4037 1872 4099 1904 est
4149 1871 4308 1911 envoyé
4360 1875 4501 1907 contre

3469 1915 3490 1947 0
3512 1914 3564 1947 fr.
3590 1914 3632 1948 10
3655 1912 3680 1947 à
3703 1917 3817 1950 toute
3843 1923 4048 1956 personne
4073 1919 4143 1960 qui
4169 1927 4219 1952 en
4243 1922 4323 1956 fait
4348 1922 4388 1954 la
4435 1922 4503 1955 de¬

3472 1962 3637 1996 mande.

3520 2010 3582 2042 Un
3609 2014 3653 2041 n°
3676 2011 3888 2048 spécimen
3915 2019 3976 2046 est
4001 2014 4124 2047 offert
4148 2016 4501 2056 gracieusement,

3469 2051 3495 2086 à
3520 2056 3611 2088 tout
3636 2055 3827 2098 visiteur,
3852 2058 3960 2091 dans
3987 2066 4061 2093 nos
4087 2059 4289 2095 bureaux.

3519 2100 3569 2135 Le
3619 2100 3796 2136 Journal
3848 2106 3909 2138 est
3935 2105 4107 2140 adressé
4133 2104 4159 2139 à
4209 2114 4285 2142 nos
4313 2107 4501 2144 abonnés

3469 2155 3568 2181 sous
3596 2148 3823 2190 enveloppe
3851 2151 4020 2194 fermée,
4049 2159 4151 2190 sans
4178 2160 4344 2188 aucune
4396 2155 4499 2190 indi¬

3473 2202 3612 2235 cation
3647 2206 3893 2242 apparente.

223 2354 396 2396 Extrait
430 2355 489 2395 du
524 2352 672 2406 grand
704 2348 887 2402 journal
924 2347 967 2387 la
1006 2344 1193 2394 Rapide-

170 2418 360 2468 Agence,
391 2418 452 2456 du
482 2415 727 2457 dimanche
755 2414 807 2453 30
834 2411 1015 2451 octobre
1043 2422 1098 2448 au
1130 2407 1194 2447 di¬

171 2482 363 2522 manche
386 2482 411 2518 6
432 2476 695 2524 novembre,
720 2480 775 2515 n°
802 2476 880 2514 266
906 2486 914 2512 :

164 2596 214 2672 A
252 2619 378 2672 mes
416 2594 660 2669 anciens

507 2698 787 2775 Abonnés
825 2699 881 2769 et
917 2693 1195 2767 Lecteurs

225 2876 280 2913 Le
311 2872 499 2911 nombre
555 2871 633 2910 des
687 2868 875 2908 affaires
901 2862 1084 2904 traitées
1114 2871 1194 2910 par

171 2946 276 2975 mon
310 2935 484 2982 Agence
542 2931 840 2980 augmentant
870 2930 1044 2975 chaque
1074 2925 1192 2972 jour,

172 3008 242 3038 me
270 3004 458 3046 procure
486 3003 571 3032 une
596 2992 843 3039 surcharge
896 2991 950 3030 de
1003 2988 1195 3035 besogne

172 3060 199 3100 à
225 3058 418 3108 laquelle
444 3056 471 3095 il
500 3064 570 3094 me
596 3054 776 3091 devient
830 3050 1091 3100 impossible
1144 3048 1197 3087 de

170 3123 333 3163 suffire
362 3131 372 3168 ;
425 3119 544 3160 aussi
600 3126 713 3166 pour
739 3123 794 3154 ne
820 3124 901 3162 pas
926 3112 1194 3154 disséminer

175 3195 270 3224 mes
300 3184 474 3230 efforts,
508 3181 615 3229 ai-je
648 3179 741 3228 pris
775 3179 816 3216 la
848 3176 1196 3215 détermination

172 3248 226 3287 de
282 3256 352 3286 me
407 3254 643 3284 consacrer
696 3238 1052 3282 exclusivement
1107 3246 1195 3274 aux

172 3311 360 3351 affaires
390 3303 834 3352 commerciales-qui
867 3312 938 3342 me
967 3301 1067 3340 sont
1098 3307 1196 3338 con¬

177 3372 284 3412 fiées
309 3375 351 3412 et
375 3366 643 3417 auxquelles
667 3364 711 3411 je
738 3364 882 3403 désire
910 3364 1083 3404 donner
1110 3372 1198 3402 une

172 3434 404 3475 extension
432 3434 536 3480 plus
562 3424 883 3469 considérable.

231 3498 352 3535 Dans
375 3502 422 3531 ce
446 3494 540 3538 but,
566 3492 610 3538 je
634 3492 762 3530 viens
784 3490 836 3529 de
860 3486 990 3528 céder
1015 3486 1056 3524 la
1080 3494 1179 3523 com

179 3559 386 3600 lunaison
425 3572 443 3591 «
482 3552 682 3603 Mariage
720 3569 738 3587 »
775 3548 1006 3599 organisée
1042 3558 1123 3597 par
1159 3546 1201 3587 la

179 3640 196 3658 «
230 3620 597 3671 Rapide-Agence
626 3631 644 3649 »
673 3615 700 3654 à
726 3624 815 3655 une
842 3622 1063 3660 personne
1090 3612 1199 3650 dont

180 3687 222 3726 la
240 3683 454 3724 situation
479 3678 762 3727 personnelle
782 3679 823 3718 et
845 3675 886 3715 la
907 3675 1042 3715 haute
1063 3674 1199 3713 hono-

181 3759 224 3774 '•••*
250 3743 356 3777 -*iirê
386 3745 593 3780 •saviM'ani
619 3740 644 3776 4
676 3742 865 3779 i'miivre
896 3736 1081 3794 ^éiicate
1112 3746 1200 3790 que

176 3803 250 3851 j’aî
275 3800 451 3848 fondée,
477 3803 624 3841 toutes
648 3804 710 3839 les
731 3798 959 3846 garanties
983 3797 1198 3837 nécessai¬

180 3875 250 3904 res
281 3866 335 3904 de
366 3867 455 3903 tact
487 3867 528 3902 et
560 3863 614 3899 de
647 3858 836 3908 probité.
871 3862 923 3900 Je
956 3860 1052 3907 prie
1086 3859 1200 3896 donc

177 3938 271 3967 mes
304 3926 555 3965 nombreux
592 3923 781 3964 lecteurs
812 3926 854 3963 et
886 3918 1112 3962 abonnées
1145 3919 1198 3958 de

180 3987 355 4028 vouloir
388 3988 490 4028 bien
526 3990 726 4035 reporter
758 3997 836 4024 sur
871 3986 907 4022 le
940 3990 1201 4023 successeur

179 4062 264 4100 que
291 4051 365 4100 j'ai
394 4047 818 4099 scrupuleusement
844 4040 1001 4095 choisi,
1034 4046 1075 4086 la
1102 4056 1201 4086 con¬

175 4116 323 4155 fiance
348 4115 456 4154 dont
481 4115 535 4153 ils
559 4110 799 4151 m’avaient
825 4108 992 4150 honoré
1015 4107 1199 4156 jusqu’à

176 4191 223 4220 ce
248 4181 366 4228 jour,
395 4179 550 4218 assuré
576 4175 788 4215 d’avance
815 4175 948 4221 qu’ils
974 4172 1072 4211 n’en
1099 4180 1199 4211 sau¬

179 4243 323 4282 raient
351 4240 572 4290 éprouver
599 4246 747 4278 aucun
778 4237 938 4284 regret.

231 4303 501 4348 Désormais,
530 4303 591 4340 les
616 4300 779 4347 lettres,
807 4300 1018 4339 mandats
1042 4301 1082 4338 et
1107 4308 1198 4336 cor¬

176 4365 508 4416 respondances
536 4363 711 4404 relatifs
739 4374 826 4404 aux
858 4361 1096 4410 mariages,
1128 4358 1199 4396 de¬

176 4433 307 4468 vront
331 4427 422 4469 être
446 4427 650 4468 adressés
674 4426 699 4466 à
726 4428 786 4464 M.
816 4426 854 4462 le
882 4423 1112 4462 Directeur
1138 4420 1198 4460 du

176 4492 364 4532 Journal
391 4508 407 4524 «
434 4492 488 4530 Le
510 4489 635 4529 Trait
656 4487 850 4526 d’Union
876 4502 892 4519 »
916 4484 994 4523 des
1016 4482 1200 4524 intérêts

179 4555 483 4602 réciproques,
508 4561 588 4591 rue
611 4550 832 4595 d’Astorg,
858 4548 922 4586 26.

862 4621 912 4659 A.
943 4620 1144 4659 FAVAS.

173 4810 240 4912 A
290 4841 436 4910 nos
489 4806 862 4909 Abonnés

692 4956 768 5046 et
842 4947 1210 5045 Lecteurs

244 5095 320 5138 Du
359 5090 507 5135 Trait
540 5088 764 5134 d’Union

239 5259 298 5300 Ce
328 5256 516 5311 journal
552 5254 662 5295 n'est
723 5265 803 5304 pas
868 5262 954 5291 une
988 5250 1203 5291 création.

182 5332 296 5372 Sous
323 5331 360 5371 le
390 5343 499 5370 nom
526 5328 578 5367 de
605 5322 994 5382 Rapide-Agence,
1028 5321 1056 5362 il
1082 5324 1210 5373 porte

186 5403 346 5456 depuis
374 5403 479 5454 plus
512 5400 563 5440 de
596 5399 664 5439 six
695 5410 794 5447 ans,
828 5396 940 5436 dans
975 5396 1118 5436 toutes
1151 5394 1212 5434 les

186 5475 367 5527 régions
393 5473 451 5512 du
479 5471 590 5511 Midi
615 5473 656 5511 et
683 5471 735 5510 de
763 5472 803 5511 la
828 5470 996 5510 France
1023 5466 1207 5515 entière,

183 5543 433 5586 l’heureuse
469 5542 791 5582 combinaison
854 5539 976 5579 créée
1012 5551 1094 5589 par
1127 5550 1211 5578 son

184 5618 420 5659 Directeur
452 5618 492 5656 et
523 5612 788 5668 poursuivie
822 5623 927 5652 avec
963 5623 1026 5652 un
1057 5608 1211 5651 succès

186 5688 264 5743 qui
291 5699 345 5728 ne
370 5687 471 5728 s’est
494 5684 662 5739 jamais
690 5683 906 5726 démenti.

243 5757 536 5814 Transformé
566 5759 607 5798 et
639 5755 846 5808 modifié,
878 5767 984 5796 sous
1017 5765 1104 5795 une
1135 5752 1214 5792 Di¬

186 5832 359 5872 rection
390 5829 615 5876 nouvelle,
651 5828 688 5867 le
746 5826 870 5867 Trait
899 5825 1099 5866 d’Union
1158 5835 1215 5862 va

189 5902 436 5943 désormais
468 5902 702 5952 s'occuper
731 5896 1055 5950 spécialement
1088 5894 1211 5935 d'an¬

191 5986 359 6014 nonces
391 5973 444 6014 de
477 5971 695 6024 mariage,
727 5968 825 6022 afin
855 5968 907 6008 de
941 5968 1118 6008 donner
1150 5977 1213 6006 un

187 6046 352 6086 nouvel
382 6058 502 6085 essor
527 6044 551 6085 à
578 6046 688 6084 cette
716 6051 870 6082 œuvre
900 6040 1210 6086 intéressante,

188 6115 512 6163 humanitaire,
560 6111 972 6167 philanthropique
1039 6112 1079 6150 et
1146 6122 1214 6150 so¬

185 6191 311 6234 ciale.

251 6263 308 6304 Ce
332 6259 444 6314 petit
469 6259 656 6312 journal
687 6258 758 6299 n’a
781 6268 861 6312 pas
890 6255 931 6295 la
952 6254 1215 6307 prétention

192 6335 329 6376 d'être
359 6330 587 6372 littéraire.
620 6331 655 6370 Il
686 6331 758 6371 n'a
787 6328 834 6370 ni
862 6326 1215 6368 collaborateurs

195 6407 241 6447 ni
269 6402 499 6458 employés
528 6399 751 6441 d’aucune
807 6402 939 6440 sorte.
1000 6397 1076 6439 Ses
1136 6396 1216 6436 bu¬

197 6491 333 6518 reaux
371 6490 424 6518 ne
461 6474 614 6516 seront
646 6471 816 6524 jamais
852 6468 1121 6512 encombrés
1159 6468 1212 6508 de

195 6550 382 6594 curieux
415 6546 651 6588 indiscrets
686 6544 731 6584 ni
764 6544 816 6583 de
851 6555 960 6595 gens
992 6539 1216 6595 d’affaires

193 6621 296 6674 plus
324 6634 383 6660 ou
412 6620 562 6660 moins
587 6615 770 6658 véreux.

256 6692 351 6732 Une
386 6689 700 6743 organisation
731 6686 924 6740 parfaite
958 6689 999 6726 et
1035 6696 1123 6726 une
1159 6687 1218 6724 te¬

199 6776 284 6806 nue
315 6761 650 6815 irréprochable
682 6775 692 6800 :
719 6759 839 6800 voilà
864 6771 914 6799 sa
939 6757 1103 6799 devise.

251 6834 467 6879 Abonnés
499 6836 539 6873 et
572 6834 763 6872 lecteurs
823 6834 926 6871 sont
958 6830 1132 6871 assurés
1167 6830 1219 6870 de

1274 2347 1455 2384 trouver
1479 2354 1535 2383 en
1560 2341 1625 2382 lui
1652 2353 1714 2382 un
1739 2339 1974 2380 auxiliaire
1999 2340 2294 2391 scrupuleux,

1274 2415 1410 2455 d'une
1447 2411 1695 2454 discrétion
1731 2411 1934 2459 absolue,
1973 2412 2014 2450 et
2051 2410 2188 2450 d'une
2227 2409 2294 2448 in¬

1274 2486 1523 2528 discutable
1555 2481 1749 2538 loyauté.

1327 2558 1422 2608 Que
1455 2567 1567 2597 ceux
1599 2555 1678 2607 qui
1740 2564 1794 2594 ne
1859 2564 1972 2594 nous
2006 2551 2296 2592 connaissent

1268 2643 1347 2683 pas
1376 2629 1596 2670 viennent
1626 2626 1650 2666 à
1680 2637 1795 2667 nous
1823 2636 1927 2665 sans
1956 2623 2143 2664 crainte.
2175 2622 2297 2664 Nous

1270 2712 1424 2742 serons
1456 2699 1660 2740 heureux
1692 2697 1744 2738 de
1807 2696 1868 2736 les
1928 2694 2052 2735 aider
2084 2695 2137 2735 de
2171 2696 2297 2735 notre

1270 2784 1493 2813 concours
1555 2768 1747 2810 indirect
1775 2779 1858 2820 par
1887 2767 1926 2807 le
1954 2766 2143 2820 journal
2174 2767 2214 2806 et
2246 2765 2297 2806 de

1272 2855 1352 2883 nos
1415 2840 1608 2883 conseils
1639 2839 1910 2894 personnels
1972 2836 2147 2890 chaque
2208 2835 2298 2887 fois

1271 2915 1405 2967 qu’ils
1470 2914 1700 2955 voudront
1737 2911 1840 2952 bien
1908 2922 2024 2950 nous
2088 2906 2300 2948 accorder

1271 2985 1370 3024 leur
1396 2983 1635 3036 confiance
1694 2985 1734 3024 et
1795 2994 1908 3022 nous
1939 2979 2190 3020 demander
2218 2990 2299 3018 nos

1270 3058 1379 3098 avis.

1330 3127 1425 3180 Que
1489 3138 1571 3168 nos
1631 3126 1823 3167 lecteurs
1883 3122 2161 3164 deviennent
2223 3121 2300 3162 des

1272 3202 1403 3242 amis.
1437 3200 1532 3252 Que
1560 3199 1743 3252 partout
1772 3199 1812 3237 et
1843 3195 1866 3236 à
1898 3199 2014 3244 tous,
2048 3196 2100 3236 ils
2127 3196 2300 3248 fassent

1272 3273 1524 3319 connaître,
1559 3282 1663 3311 sans
1726 3268 1898 3312 crainte
1931 3272 1970 3309 et
2003 3279 2108 3307 sans
2142 3268 2296 3314 honte,

1274 3343 1311 3386 le
1342 3343 1430 3384 bon
1453 3342 1858 3394 fonctionnement
1883 3341 1936 3380 de
1964 3340 2091 3379 notre
2118 3338 2299 3390 organi¬

1274 3416 1422 3458 sation
1458 3428 1471 3464 ;
1503 3411 1638 3467 qu’ils
1671 3423 1787 3453 nous
1847 3411 2094 3464 procurent
2128 3408 2166 3449 le
2196 3408 2300 3462 plus

1275 3485 1563 3527 d’adhésions
1595 3483 1811 3536 possible,
1847 3480 1968 3524 voilà
2002 3483 2128 3522 notre
2163 3479 2295 3520 désir.

1331 3556 1361 3599 A
1398 3555 1498 3597 fous
1527 3558 1566 3595 et
1594 3554 1618 3595 à
1649 3555 1810 3603 toutes,
1871 3566 1986 3594 nous
2014 3551 2298 3602 souhaitons,

1277 3642 1330 3670 en
1360 3631 1527 3678 retour,
1559 3627 1710 3668 bonne
1767 3626 1937 3667 chance
1994 3627 2035 3667 et
2090 3627 2302 3678 prompte

1279 3700 1532 3743 réalisation
1563 3700 1614 3742 de
1643 3701 1760 3740 leurs
1783 3696 1887 3751 plus
1912 3696 2068 3736 chères
2095 3695 2302 3747 espéran-

1821 3825 1887 3867 T.A
1919 3820 2223 3868 DITŒCTÏON

1276 3975 1378 4073 Le
1404 3975 1756 4098 Mariage
1782 3971 2160 4071 moderne

1519 4122 1595 4216 et
1619 4116 1697 4214 la
1723 4112 2303 4239 Dépopulation

1337 4320 1414 4360 S’il
1444 4324 1511 4360 est
1541 4334 1632 4362 une
1689 4319 1899 4372 question
1961 4318 1984 4357 à
2046 4315 2211 4358 l’ordre
2242 4315 2303 4356 du

1278 4392 1400 4447 jour,
1436 4391 1543 4433 c’est
1603 4390 1888 4432 assurément
1947 4387 2058 4431 celle
2119 4388 2179 4430 du
2213 4402 2307 4430 ma¬

1279 4466 1418 4519 riage.

1338 4538 1456 4579 Tous
1487 4537 1547 4578 les
1576 4534 1816 4584 écrivains,
1849 4534 2166 4582 économistes,
2199 4543 2307 4585 pen¬

1280 4622 1420 4658 seurs,
1487 4607 1736 4657 médecins,
1802 4606 2015 4648 hommes
2048 4603 2198 4652 d’état,
2263 4614 2308 4642 se

1281 4683 1384 4721 sont
1416 4679 1692 4734 préoccupés
1727 4678 1780 4719 de
1814 4678 1855 4718 la
1890 4678 2003 4717 crise
2066 4688 2152 4727 que
2187 4672 2310 4715 subit

1282 4764 1338 4792 en
1367 4763 1416 4790 ce
1446 4754 1655 4791 moment
1684 4748 1978 4790 l’institution
2009 4759 2086 4787 sur
2115 4742 2308 4799 laquelle

1283 4835 1439 4878 repose
1469 4820 1660 4862 l’avenir
1691 4821 1744 4861 de
1776 4821 1818 4860 la
1848 4819 2012 4861 société
2043 4823 2086 4859 et
2115 4816 2157 4858 la
2187 4816 2310 4857 force

1284 4895 1360 4937 des
1395 4895 1591 4936 nations.
1660 4891 1739 4932 Les
1772 4891 1999 4944 mariages
2034 4890 2312 4931 deviennent

1283 4967 1338 5007 de
1364 4966 1466 5019 plus
1494 4978 1550 5007 en
1578 4963 1679 5018 plus
1707 4960 1934 5011 difficiles,
1966 4961 2027 5002 les
2055 4962 2310 5002 naissances

1283 5037 1550 5077 diminuent
1576 5035 1631 5076 de
1657 5036 1766 5088 jour
1792 5046 1848 5074 en
1876 5032 2000 5087 jour,
2030 5031 2149 5074 voilà
2179 5032 2220 5072 le
2246 5028 2309 5070 cri

1284 5107 1502 5149 d’alarme
1530 5106 1692 5160 poussé
1722 5118 1801 5159 par
1828 5109 1930 5146 tous
1958 5117 2071 5146 ceux
2099 5104 2175 5156 qui
2207 5101 2312 5143 s’in¬

1284 5180 1502 5222 téressent
1530 5179 1553 5220 à
1585 5178 1625 5219 la
1656 5176 1867 5232 question
1898 5175 2076 5218 sociale.

1342 5252 1506 5294 Toutes
1538 5251 1599 5292 les
1632 5250 1828 5291 théories
1889 5253 1970 5288 ont
2003 5247 2070 5287 été
2102 5243 2311 5298 dévelop¬

1286 5324 1403 5377 pées,
1438 5323 1514 5364 des
1545 5322 1664 5362 idées
1696 5320 1985 5372 ingénieuses
2016 5322 2119 5359 sont
2150 5315 2311 5358 émises

1283 5393 1659 5450 journellement,
1694 5391 1755 5433 les
1785 5391 1958 5446 projets
1988 5388 2051 5430 les
2080 5387 2183 5442 plus
2213 5386 2312 5427 fan¬

1283 5468 1475 5510 taisistes
1528 5471 1631 5508 sont
1688 5463 1944 5507 élaborés...
2006 5461 2102 5514 Que
2159 5458 2311 5502 faut-il

1283 5538 1398 5583 faire
1435 5539 1452 5580 ?

1343 5611 1479 5653 Point
1504 5608 1618 5652 n’est
1640 5606 1815 5658 besoin,
1844 5606 1868 5648 à
1891 5618 2004 5647 mon
2030 5603 2138 5655 avis,
2168 5603 2223 5646 de
2246 5603 2311 5644 ré¬

1284 5683 1457 5738 pandre
1483 5681 1559 5723 des
1586 5680 1688 5722 Ilots
1715 5679 1895 5720 d’encre
1922 5691 2038 5733 pour
2063 5676 2238 5730 répéter
2263 5688 2312 5715 ce

1284 5769 1373 5808 que
1399 5758 1501 5796 tout
1527 5751 1568 5794 le
1596 5751 1768 5792 monde
1795 5751 1895 5791 sait.
1957 5748 2015 5791 Le
2071 5760 2241 5802 moyen
2271 5746 2313 5788 le

1284 5826 1387 5879 plus
1419 5822 1644 5880 pratique,
1711 5819 1818 5862 c’est
1851 5819 1905 5860 de
1939 5818 2217 5874 rapprocher
2250 5817 2312 5859 les

1284 5896 1537 5947 intéressés,
1567 5895 1622 5938 de
1647 5892 1866 5936 favoriser
1891 5891 1952 5932 les
1979 5891 2228 5939 occasions,
2259 5890 2314 5931 de

1284 5968 1443 6010 tendre
1472 5968 1513 6009 la
1541 5967 1671 6008 main
1698 5979 1786 6008 aux
1814 5963 1962 6014 isolés,
1994 5975 2082 6003 aux
2108 5961 2308 6011 timides,

1286 6054 1374 6082 aux
1403 6039 1626 6090 craintifs,
1660 6040 1684 6079 à
1716 6051 1831 6080 ceux
1860 6036 1940 6091 qui
1972 6038 2230 6087 manquent
2259 6032 2314 6075 de

1284 6111 1499 6152 relations
1527 6124 1587 6151 ou
1615 6111 1695 6163 qui
1722 6110 1963 6163 craignent
2018 6119 2108 6147 une
2136 6104 2314 6147 démar¬

1286 6182 1370 6224 che
1404 6180 1720 6223 infructueuse
1754 6193 1814 6219 ou
1880 6180 2308 6231 compromettante.

1345 6254 1411 6295 En
1439 6252 1639 6307 agissant
1664 6264 1744 6305 par
1799 6250 1842 6291 la
1895 6251 1996 6292 voie
2021 6248 2083 6290 du
2108 6247 2310 6302 journal,

1287 6340 1391 6368 sous
1423 6327 1463 6367 le
1494 6330 1680 6367 couvert
1710 6323 1764 6365 de
1796 6322 2075 6376 l’anonyme,
2110 6334 2167 6362 en
2199 6331 2314 6361 nous

1290 6402 1526 6451 acceptant
1562 6409 1746 6438 comme
1810 6391 2171 6442 Trait-d’Union,
2212 6394 2314 6432 tous

1287 6468 1350 6511 les
1377 6467 1718 6523 désagréments
1746 6466 1822 6508 des
1850 6464 2186 6520 préliminaires
2214 6467 2315 6503 sont

1288 6541 1442 6582 évités.

1347 6612 1474 6654 Voilà
1505 6611 1731 6667 pourquoi
1764 6623 1879 6651 nous
1911 6606 2206 6650 considérons
2239 6620 2318 6647 no¬

1288 6690 1355 6726 tre
1415 6683 1735 6726 combinaison
1768 6695 1951 6722 comme
2011 6692 2103 6720 une
2161 6691 2319 6720 œuvre

1291 6756 1431 6806 saine,
1466 6755 1638 6797 morale
1667 6760 1708 6796 et
1740 6752 1932 6796 d’utilité
1962 6751 2199 6807 publique.

1832 6823 1904 6864 LA
1935 6820 2255 6864 DIRECTION.

2368 2347 2901 2451 NOTRE
2976 2344 3397 2453 ROLE

2431 2584 2487 2626 Le
2517 2586 2599 2627 but
2628 2586 2681 2627 de
2710 2584 2752 2626 la
2782 2586 3016 2627 Direction
3047 2586 3100 2627 de
3131 2599 3179 2627 ce
3208 2586 3395 2639 journal

2374 2662 2439 2699 est
2474 2656 2772 2711 simplement
2806 2656 2861 2698 de
2896 2656 3131 2711 s’occuper
3167 2656 3391 2698 d’annon¬

2374 2743 2443 2771 ces
2475 2728 2528 2770 de
2560 2729 2800 2780 mariages.
2836 2727 2921 2769 Par
2952 2740 3043 2770 une
3075 2727 3393 2769 combinaison

2374 2799 2554 2842 d’offres
2587 2804 2629 2840 et
2664 2798 2716 2840 de
2752 2798 3000 2839 demandes
3035 2803 3077 2839 et
3111 2810 3191 2851 par
3224 2797 3265 2838 la
3299 2811 3395 2839 cor¬

2374 2871 2683 2924 respondance
2715 2869 2883 2910 directe
2916 2874 3043 2910 entre
3075 2868 3138 2910 les
3171 2867 3392 2920 abonnés,

2375 2943 2435 2984 les
2471 2943 2693 2995 mariages
2729 2954 2773 2981 se
2809 2940 2909 2981 font
2945 2952 3049 2980 sans
3087 2940 3396 2981 intermédiai¬

2373 3027 2455 3055 res.

2431 3084 2550 3127 Nous
2580 3099 2635 3127 ne
2664 3083 2873 3126 saurions
2901 3096 3019 3124 assez
3077 3083 3251 3138 répéter
3309 3098 3397 3138 que

2376 3170 2490 3199 nous
2515 3156 2704 3199 n’avons
2728 3156 2826 3196 rien
2851 3156 2905 3196 de
2928 3168 3152 3196 commun
3177 3168 3284 3196 avec
3308 3168 3398 3196 une

2376 3241 2544 3282 agence
2580 3227 2936 3268 matrimoniale.
3007 3226 3104 3267 Non
3141 3226 3396 3267 seulement

2376 3313 2491 3341 nous
2523 3312 2577 3340 ne
2608 3298 2779 3339 faisons
2811 3311 2888 3351 pas
2920 3296 2975 3339 de
3005 3297 3245 3351 mariages,
3281 3298 3396 3338 mais

2374 3383 2536 3412 encore
2568 3383 2684 3410 nous
2716 3382 2773 3408 ne
2803 3368 3060 3408 réclamons
3092 3378 3273 3408 aucune
3332 3380 3398 3408 es¬

2376 3444 2487 3499 pèce
2511 3443 2565 3486 de
2593 3440 2892 3483 commission
2923 3443 2965 3479 et
2994 3443 3123 3480 notre
3152 3438 3247 3480 rôle
3276 3438 3399 3479 d’au¬

2375 3515 2550 3555 xiliaire
2579 3514 2744 3556 discret
2771 3524 2891 3554 cesse
2948 3523 3005 3551 au
3061 3514 3273 3552 moment
3300 3514 3397 3563 pré¬

2377 3585 2439 3626 cis
2473 3584 2531 3626 où
2567 3583 2629 3624 les
2665 3583 2903 3626 intéressés
2939 3582 3068 3623 n’ont
3103 3582 3203 3635 plus
3238 3578 3398 3620 besoin

2378 3656 2431 3698 de
2458 3669 2539 3698 nos
2564 3654 2769 3696 services.

2438 3726 2572 3768 Notre
2607 3727 2802 3779 système
2840 3724 2910 3765 n’a
2948 3725 3046 3767 rien
3084 3724 3138 3765 de
3175 3738 3396 3766 commun

2378 3868 2610 3920 journaux
2639 3864 2874 3920 parisiens.
2908 3863 3021 3904 Leur
3051 3861 3267 3903 méthode
3294 3874 3401 3902 con¬

2379 3940 2483 3980 siste
2510 3939 2531 3978 à
2561 3936 2731 3978 insérer
2759 3935 2835 3976 des
2863 3935 3112 3977 demandes
3169 3939 3211 3975 et
3267 3932 3401 3975 offres

2379 4010 2433 4051 de
2470 4008 2710 4061 mariages,
2752 4006 3094 4062 généralement
3129 4019 3397 4060 anonymes,

2379 4084 2422 4123 et
2451 4084 2633 4134 portant
2662 4078 2949 4122 l’indication
2985 4094 2993 4120 :
3027 4095 3048 4116 «
3078 4082 3204 4131 poste
3233 4083 3404 4119 restan¬

2380 4156 2420 4194 te
2448 4168 2486 4192 )>.

2439 4222 2563 4265 Cette
2593 4222 2839 4264 discrétion
2871 4219 2959 4261 très
2991 4219 3196 4274 légitime
3227 4224 3271 4262 et
3300 4231 3404 4260 sans

2381 4296 2575 4347 dangers
2608 4299 2737 4336 entre
2771 4292 2994 4334 honnêtes
3031 4306 3158 4346 gens,
3198 4292 3405 4346 présente

2382 4366 2422 4408 le
2450 4363 2551 4420 plus
2609 4368 2803 4407 souvent
2860 4362 2913 4403 de
2972 4376 3132 4416 graves
3192 4363 3407 4404 inconvé¬

2383 4439 2547 4479 nients.
2598 4435 2668 4477 Un
2699 4435 3059 4489 correspondant
3085 4436 3163 4489 qui
3192 4434 3407 4475 dissimu¬

2383 4508 2423 4551 le
2451 4521 2532 4552 son
2563 4508 2752 4551 identité
2782 4521 2838 4550 ne
2867 4511 2975 4561 peut
3003 4506 3132 4547 offrir
3161 4505 3215 4547 de
3244 4518 3407 4558 garan¬

2386 4583 2465 4623 ties
2492 4578 2724 4621 sérieuses.
2754 4578 2871 4620 Neuf
2897 4579 2984 4620 fois
3012 4591 3089 4618 sur
3116 4578 3206 4625 dix,
3237 4575 3301 4616 les
3329 4578 3408 4618 let¬

2387 4656 2471 4692 tres
2527 4648 2751 4691 adressées
2805 4650 2829 4690 à
2884 4662 2955 4690 ces
3009 4659 3225 4688 coureurs
3252 4646 3305 4687 de
3332 4647 3410 4688 dot

2384 4726 2552 4764 restent
2576 4735 2679 4763 sans
2704 4720 2911 4774 réponse.
2940 4718 2997 4761 Le
3023 4718 3119 4758 naïf
3144 4731 3409 4774 correspon¬

2386 4795 2496 4836 dant
2523 4791 2763 4847 s’aperçoit
2792 4791 2905 4844 qu’il
2936 4804 2960 4831 a
2990 4791 3058 4832 été
3087 4789 3411 4832 l’amusement

2387 4867 2496 4908 d’un
2523 4863 2712 4904 fumiste
2737 4876 2797 4904 ou
2824 4862 2936 4904 d’un
2962 4862 3156 4904 farceur.

2446 4935 2635 4979 Pareille
2669 4935 2988 4978 mésaventure
3023 4934 3137 4976 n’est
3172 4947 3249 4987 pas
3285 4934 3308 4974 à
3344 4946 3411 4972 re¬

2387 5010 2563 5058 douter,
2595 5021 2727 5063 grâce
2753 5008 2777 5048 à
2807 5007 3063 5048 l’heureuse
3091 5004 3410 5047 combinaison

2388 5080 2448 5123 du
2476 5080 2595 5122 Trait
2623 5080 2839 5121 d’Union.
2869 5078 3009 5121 Grâce
3035 5079 3057 5119 à
3084 5078 3164 5126 lui,
3196 5074 3343 5116 riches
3370 5078 3413 5116 et

2388 5166 2579 5208 pauvres
2639 5152 2767 5194 n’ont
2795 5151 2897 5206 plus
2927 5150 3084 5192 besoin
3115 5148 3169 5190 de
3196 5146 3411 5187 relations

2388 5224 2697 5280 personnelles
2733 5236 2849 5278 pour
2884 5221 3029 5263 s’unir
3064 5220 3336 5272 dignement
3370 5223 3412 5260 et

2388 5295 2512 5338 selon
2547 5294 2645 5336 leur
2678 5294 2811 5336 désir.
2877 5290 3257 5340 Journellement,
3296 5303 3413 5332 nous

2391 5380 2605 5411 recevons
2643 5366 2719 5406 des
2755 5363 2907 5406 lettres
2944 5362 2998 5404 de
3033 5362 3408 5405 remerciements

2387 5445 2430 5482 et
2463 5439 2518 5480 de
2552 5436 2845 5479 félicitations
2881 5449 2997 5490 pour
3032 5435 3074 5476 la
3109 5435 3313 5476 manière
3347 5434 3412 5475 sé¬

2388 5512 2534 5552 rieuse
2557 5510 2670 5551 dont
2691 5510 2827 5563 opère
2848 5508 2891 5549 la
2913 5507 3164 5549 Direction.

2446 5581 2512 5620 En
2542 5595 2591 5622 ce
2620 5581 2696 5634 qui
2728 5592 2952 5620 concerne
2981 5579 3024 5619 la
3052 5576 3412 5629 correspondan¬

2387 5667 2451 5703 ce,
2486 5667 2601 5695 nous
2632 5666 2747 5694 nous
2777 5651 2948 5692 faisons
2979 5663 3069 5691 une
3099 5648 3160 5691 loi
3191 5647 3245 5690 de
3273 5651 3412 5690 rester

2389 5727 2569 5766 neutres
2605 5728 2648 5764 et
2684 5722 2915 5776 d’ignorer
2950 5734 2999 5762 ce
3036 5718 3315 5774 qu’écrivent
3349 5718 3412 5759 les

2386 5794 2640 5838 intéressés.

2445 5866 2500 5909 Le
2526 5871 2666 5909 secret
2691 5866 2765 5907 des
2791 5863 2942 5907 lettres
2967 5867 3032 5904 est
3055 5863 3192 5905 chose
3216 5862 3364 5903 sacrée
3405 5859 3412 5902 !

2927 5956 2998 5998 LA
3027 5954 3349 5998 DIRECTION.

2440 6152 3357 6263 FONCTIONNEMENT

2446 6387 2571 6428 Voici
2599 6400 2655 6428 en
2683 6385 2791 6440 quoi
2841 6383 3092 6425 consistent
3148 6381 3419 6423 l’économie

2388 6459 2450 6501 du
2478 6460 2673 6514 système
2699 6462 2742 6498 et
2767 6455 2830 6498 les
2858 6459 3103 6510 avantages
3130 6454 3192 6496 du
3219 6454 3370 6508 projet
3407 6465 3416 6492 :

2448 6530 2548 6573 Une
2578 6542 2803 6586 personne
2863 6527 2940 6582 qui
3001 6527 3147 6568 désire
3177 6524 3419 6566 s’abonner

2390 6603 2487 6646 doit
2516 6614 2715 6658 envoyer
2775 6614 2831 6640 au
2893 6599 3144 6648 Directeur,
3179 6611 3235 6638 en
3268 6595 3419 6636 même

2390 6680 2537 6730 temps
2568 6688 2656 6728 que
2684 6686 2767 6715 son
2798 6683 3008 6712 annonce
3036 6674 3080 6711 et
3108 6682 3190 6711 son
3222 6667 3414 6716 adresse,

2392 6747 2434 6791 le
2465 6747 2569 6803 prix
2598 6746 2655 6790 de
2682 6756 2769 6788 son
2805 6743 3147 6791 abonnement,
3184 6739 3276 6783 soit
3302 6748 3419 6782 onze

2391 6819 2543 6861 francs
2571 6832 2687 6872 pour
2713 6816 2831 6858 deux
2860 6815 2992 6856 mois.

3529 2340 3562 2381 Il
3596 2345 3660 2382 est
3692 2340 3876 2384 évident
3939 2343 4080 2397 qu’on
4115 2351 4224 2398 peut
4256 2346 4500 2388 s’abonner

3468 2426 3525 2454 au
3551 2411 3740 2466 journal
3767 2426 3871 2455 sans
3899 2412 4012 2455 faire
4039 2428 4130 2456 une
4156 2429 4383 2458 annonce.

3529 2483 3585 2525 Le
3609 2482 3861 2535 Directeur,
3892 2484 3987 2526 seul
4013 2487 4185 2540 occupé
4212 2500 4268 2528 au
4293 2487 4500 2542 dépouil¬

3468 2554 3640 2597 lement
3668 2555 3728 2596 du
3756 2556 3960 2598 courrier
3985 2562 4065 2608 est,
4097 2558 4357 2611 également
4383 2560 4495 2611 seul,

3467 2626 3490 2667 à
3523 2627 3760 2668 connaître
3823 2628 4032 2671 l’adresse
4094 2631 4313 2674 véritable
4344 2631 4400 2673 de
4431 2646 4500 2674 ses

3468 2698 3687 2739 abonnés.
3725 2698 3851 2740 Cette
3915 2700 4092 2743 adresse
4125 2707 4192 2743 est
4225 2703 4495 2758 remplacée,

3468 2770 3580 2811 dans
3611 2770 3652 2811 le
3680 2771 3884 2823 journal,
3919 2785 4000 2826 par
4060 2786 4123 2814 un
4156 2775 4352 2816 numéro
4383 2774 4500 2815 d’or¬

3467 2840 3560 2891 dre,
3600 2840 3943 2896 indispensable
4006 2858 4123 2898 pour
4157 2843 4199 2886 la
4233 2859 4499 2900 correspon¬

3467 2911 3626 2955 dance.

3531 2984 3589 3027 Ce
3645 2986 3841 3028 numéro
3895 2991 3960 3028 est
4013 2988 4348 3042 communiqué
4373 2989 4397 3030 à
4423 2988 4500 3030 l’a¬

3472 3058 3627 3099 bonné
3651 3071 3707 3098 en
3731 3059 3884 3100 même
3908 3063 4056 3111 temps
4081 3058 4223 3112 qu’on
4249 3059 4314 3101 lui
4340 3072 4499 3102 accuse

3472 3130 3705 3184 réception
3731 3130 3792 3171 du
3818 3128 4022 3171 mandat.

3528 3199 3792 3255 Supposons
3851 3200 4022 3255 qu’une
4049 3200 4103 3243 de
4132 3214 4215 3243 nos
4272 3202 4500 3244 abonnées

3474 3268 3640 3310 veuille
3667 3268 3807 3310 écrire
3833 3269 3856 3310 à
3885 3267 3943 3308 M.
3975 3267 4084 3319 X...,
4117 3268 4231 3311 dont
4258 3270 4501 3312 l’annonce

3475 3344 3600 3392 porte
3629 3339 3669 3380 le
3698 3342 3751 3379 n°
3782 3340 3821 3380 6.
3855 3339 3949 3380 Elle
3976 3340 4139 3382 inscrit
4165 3340 4450 3384 lisiblement
4476 3343 4501 3384 à

3474 3408 3516 3450 la
3549 3410 3707 3463 plume
3739 3423 3799 3451 ou
3832 3424 3888 3452 au
3921 3423 4090 3466 crayon
4124 3424 4206 3452 son
4241 3423 4352 3452 nom
4384 3416 4428 3453 et
4461 3412 4501 3454 le

3475 3482 3525 3520 n°
3555 3480 3579 3520 6
3607 3480 3719 3521 dans
3746 3479 4000 3522 l’intérieur
4024 3481 4079 3523 de
4105 3481 4144 3521 la
4171 3482 4399 3536 première
4423 3496 4501 3524 en¬

3473 3550 3680 3606 veloppe,
3716 3551 3828 3592 celle
3860 3552 3937 3608 qui
3972 3557 4101 3607 porte
4133 3552 4174 3594 le
4206 3566 4317 3595 nom
4351 3559 4393 3596 et
4424 3554 4500 3596 l’a¬

3475 3622 3625 3664 dresse
3659 3622 3721 3664 du
3755 3623 3994 3668 Directeur
4028 3624 4089 3666 du
4125 3624 4247 3667 Trait
4282 3626 4499 3668 d’Union.

3476 3695 3599 3738 Dans
3625 3700 3739 3738 cette
3765 3695 4017 3751 enveloppe
4044 3696 4128 3739 elle
4153 3696 4280 3751 place
4306 3696 4348 3739 la
4373 3698 4504 3740 lettre

3477 3767 3687 3809 cachetée
3721 3768 3796 3820 qui
3836 3768 3929 3810 doit
3967 3767 4060 3811 être
4093 3767 4260 3811 remise
4295 3782 4351 3812 au
4387 3783 4418 3811 n
4423 3767 4440 3787 6
4479 3769 4503 3808 6

3448 3837 3463 3848 *
3477 3825 3563 3887 par*
3564 3830 3568 3837 -
3592 3832 3868 3874 UêfilFcmise
3903 3833 3968 3877 idu
3990 3837 4252 3877 TirërTeur.
4395 3850 4505 3884 reçu

3477 3904 3532 3944 de
3567 3909 3680 3946 cette
3715 3904 3857 3955 lettre,
3897 3904 3937 3946 le
3973 3907 4209 3948 Directeur
4243 3904 4428 3948 déchire
4463 3907 4505 3948 la

3477 3976 3701 4030 première
3736 3976 4004 4030 enveloppe,
4044 3979 4068 4019 à
4105 3991 4187 4020 son
4224 3990 4349 4027 nom,
4391 3978 4505 4019 dans

3480 4046 3731 4088 Vintérieur
3758 4044 3812 4087 de
3843 4045 4036 4099 laquelle
4064 4059 4110 4090 se
4138 4053 4299 4091 trouve
4327 4047 4438 4089 écrit
4465 4048 4506 4090 le

3481 4134 3592 4160 nom
3617 4119 3672 4160 de
3697 4117 3935 4160 l’abonnée
3960 4122 4001 4158 et
4026 4116 4067 4158 le
4092 4120 4291 4163 numéro
4316 4133 4422 4163 avec
4447 4119 4508 4162 le¬

3480 4191 3585 4243 quel
3611 4190 3695 4231 elle
3720 4195 3828 4232 veut
3851 4187 4193 4243 correspondre.

3540 4261 3625 4303 Sur
3652 4261 3693 4302 la
3724 4262 3852 4304 lettre
3880 4260 4087 4303 cachetée
4115 4259 4169 4300 de
4197 4258 4506 4314 l’expéditrice

3482 4334 3510 4374 il
3536 4335 3647 4375 écrit
3672 4334 3882 4375 l’adresse
3907 4332 4123 4375 véritable
4146 4330 4208 4372 du
4234 4333 4285 4372 n°
4312 4331 4337 4372 6
4362 4335 4405 4371 et
4429 4344 4508 4371 en¬

3483 4407 3582 4448 voie
3608 4411 3721 4448 cette
3749 4406 3876 4447 lettre
3903 4419 4008 4447 sans
4036 4403 4223 4449 l’ouvrir
4249 4403 4272 4444 à
4300 4415 4381 4445 son
4411 4402 4508 4444 des¬

3483 4477 3707 4526 tinataire,
3739 4475 3796 4518 M.
3827 4475 3916 4516 X...

3539 4547 3605 4588 De
3638 4552 3753 4588 cette
3787 4547 3937 4599 façon,
3975 4546 4017 4587 le
4052 4547 4289 4589 Directeur
4322 4544 4510 4587 connaît

3481 4620 3576 4660 seul
3612 4618 3824 4660 l’adresse
3860 4617 3936 4659 des
3972 4618 4091 4660 deux
4127 4617 4509 4674 correspondants

3481 4692 3560 4745 qui
3587 4696 3785 4745 peuvent
3809 4690 4052 4732 continuer
4075 4691 4099 4731 à
4124 4688 4299 4732 s’écrire
4324 4703 4404 4745 par
4428 4703 4511 4731 son

3484 4763 3744 4804 entremise.
3816 4763 4015 4814 Lorsque
4049 4760 4112 4802 les
4149 4760 4270 4803 deux
4305 4761 4510 4804 abonnés

3484 4840 3697 4876 trouvent
3730 4835 3791 4875 les
3824 4834 4220 4886 renseignements
4254 4833 4456 4876 mutuels
4489 4834 4513 4874 à

3483 4905 3581 4948 leur
3612 4917 3919 4954 convenance,
3956 4903 4009 4944 ils
4041 4910 4243 4959 peuvent
4273 4910 4425 4947 entrer
4456 4917 4513 4946 en

3483 4979 3699 5020 relations
3759 4978 3947 5019 directes
4007 4980 4051 5018 et
4081 4976 4252 5018 arriver
4312 4990 4369 5016 au
4431 4975 4514 5016 but

3484 5050 3723 5104 poursuivi
3748 5048 3804 5090 de
3829 5048 3928 5089 leur
3954 5048 4117 5089 union.

3544 5121 3604 5172 Si,
3645 5134 3701 5161 au
3737 5118 3977 5168 contraire,
4019 5119 4080 5160 les
4117 5119 4516 5171 renseignements

3484 5191 3711 5247 échangés
3740 5204 3796 5231 ne
3824 5190 3887 5232 les
3944 5190 4155 5231 satisfont
4213 5203 4307 5244 pas,
4340 5190 4395 5232 ils
4424 5203 4516 5232 ces¬

3484 5270 3585 5306 sent
3640 5263 3696 5304 de
3724 5262 4055 5316 correspondre
4114 5267 4158 5304 et
4216 5275 4401 5304 comme
4460 5262 4519 5303 ils

3486 5338 3700 5391 ignorent
3754 5334 3853 5378 l’un
3909 5341 3952 5378 et
4006 5335 4181 5386 l’autre,
4212 5334 4311 5376 leur
4336 5347 4448 5376 nom
4474 5344 4516 5375 et

3485 5408 3676 5459 adresse,
3713 5421 3867 5450 aucun
3900 5407 4034 5448 d’eux
4067 5407 4181 5449 n’est
4213 5406 4512 5460 compromis.

3544 5480 3579 5523 Il
3605 5486 3671 5523 est
3696 5480 3803 5522 bien
3831 5479 4032 5523 entendu
4089 5492 4179 5534 que
4235 5492 4352 5520 nous
4380 5478 4518 5520 décli¬

3487 5568 3604 5595 nons
3636 5558 3760 5596 toute
3792 5551 4140 5607 responsabilité
4173 5551 4368 5604 puisque
4400 5563 4517 5591 nous

3485 5638 3600 5667 nous
3625 5623 3796 5664 faisons
3821 5636 3885 5666 un
3911 5622 4067 5664 devoir
4092 5621 4147 5664 de
4171 5626 4309 5663 rester
4334 5627 4516 5662 neutres

3485 5702 3527 5739 et
3561 5696 3793 5751 d’ignorer
3828 5708 3877 5736 ce
3912 5694 4195 5749 qu’écrivent
4228 5704 4312 5734 nos
4346 5703 4516 5734 corres¬

3485 5768 3731 5823 pondants.

3544 5839 3716 5894 Depuis
3745 5839 3815 5880 six
3844 5851 3924 5880 ans
3980 5851 4068 5891 que
4127 5847 4176 5876 ce
4232 5835 4423 5890 journal
4452 5840 4517 5876 est

3487 5912 3600 5963 créé,
3633 5912 3665 5954 il
3696 5911 3799 5954 s’est
3854 5908 4084 5952 contracté
4143 5907 4198 5949 de
4258 5907 4517 5951 nombreux

3487 5986 3713 6040 mariages
3746 5988 3789 6025 et
3822 5986 3921 6024 tout
3951 5980 3993 6022 le
4023 5980 4197 6022 monde
4230 5982 4316 6022 sait
4347 5979 4389 6020 la
4421 5992 4517 6019 ma¬

3488 6059 3612 6099 nière
3646 6056 3839 6098 sérieuse
3873 6052 3985 6095 dont
4019 6054 4155 6108 opère
4188 6052 4229 6094 la
4264 6051 4513 6092 Direction.

3541 6130 3666 6167 Nota.
3694 6148 3748 6154 —
3776 6126 3836 6163 Ne
3868 6134 3948 6172 pas
3976 6124 4153 6164 oublier
4209 6123 4272 6162 les
4324 6119 4516 6159 timbres

3487 6190 3963 6234 d’affranchissement
3997 6187 4262 6238 obligatoire
4297 6195 4411 6234 pour
4475 6186 4517 6224 la

3488 6255 3708 6307 première
3738 6256 3780 6295 et
3811 6256 3853 6296 la
3882 6254 4119 6296 deuxième
4148 6251 4436 6300 enveloppes.

3670 6435 4335 6517 CONDITIONS

3611 6576 3661 6620 11
3696 6575 3880 6618 francs
3908 6582 4043 6626 pour
4079 6569 4216 6615 deux
4253 6568 4409 6614 mois.

3498 6685 3717 6725 Donnant
3749 6679 3870 6720 droit
3901 6679 3925 6720 à
3959 6692 4052 6720 une
4083 6688 4294 6719 annonce
4325 6674 4381 6714 de
4412 6671 4437 6711 6
4471 6670 4524 6711 li¬

3556 6754 3668 6795 gnes
3727 6740 3988 6782 maximum
4019 6744 4062 6780 et
4092 6736 4438 6780 l’abonnement
4468 6746 4525 6774 au
