5168 7160
2457 384 2527 422 LE
2560 383 2740 421 TRAIT
2774 380 3018 420 D’UNION

556 504 699 544 payées
723 503 746 536 à
768 503 900 534 raison
924 502 972 532 de
994 502 1008 531 1
1033 501 1146 531 franc
1170 499 1206 530 la
1231 497 1336 535 ligne
1360 502 1458 534 pour
1480 495 1576 526 trois

551 552 664 585 mois.
696 551 746 583 Ce
775 548 878 582 délai
911 546 1059 584 écoulé,
1092 547 1146 577 les
1178 543 1388 578 intéressés
1419 540 1579 572 doivent

550 604 766 638 demander
798 603 831 634 le
863 599 1202 634 renouvellement
1232 604 1242 635 ;

592 663 632 694 6°
670 662 719 692 Le
754 658 932 691 montant
964 656 1032 688 des
1064 654 1352 688 abonnements
1386 648 1468 682 doit
1500 648 1580 679 être

551 712 712 748 adressé
730 719 780 745 au
802 710 1003 743 Directeur
1022 708 1074 740 du
1092 703 1386 739 Trait-d’Union
1407 708 1455 734 en
1476 707 1583 732 man¬

554 768 654 806 dats,
682 767 779 799 bons
805 764 852 796 de
879 764 988 803 poste
1015 768 1063 794 ou
1090 760 1254 792 timbres
1282 765 1290 795 ;

595 825 636 854 7°
665 824 716 855 La
742 820 939 853 Direction
968 818 1164 854 n’accepte
1189 820 1264 852 que
1288 814 1356 844 des
1381 814 1583 843 annonces

555 876 634 911 très
655 875 864 912 sérieuses,
886 872 1003 905 celles
1024 871 1120 902 dont
1143 868 1180 900 la
1202 864 1403 899 rédaction
1427 870 1475 894 ne
1496 867 1586 894 con¬

558 930 722 962 viendra
750 932 819 966 pas
848 926 981 958 seront
1010 920 1184 955 refusées
1214 928 1223 959 ;

598 987 638 1018 9°
664 985 724 1019 On
750 984 843 1022 peut
864 978 1151 1018 correspondre
1174 976 1200 1010 à
1224 977 1260 1007 la
1283 974 1362 1006 fois
1385 978 1480 1004 avec
1505 970 1587 1008 plu¬

558 1039 686 1072 sieurs
714 1034 894 1071 abonnés
922 1039 932 1072 ;

598 1095 659 1126 10°
698 1094 750 1125 La
786 1091 877 1131 plus
911 1086 1167 1120 élémentaire
1203 1083 1389 1124 politesse
1423 1080 1496 1111 fait
1534 1083 1586 1110 un

559 1147 696 1181 devoir
725 1151 804 1179 aux
835 1140 1012 1176 abonnés
1041 1140 1090 1173 de
1121 1136 1316 1178 répondre
1343 1140 1423 1167 aux
1454 1132 1587 1164 lettres

559 1206 707 1239 reçues.
743 1198 818 1230 Pas
850 1196 947 1228 n’est
978 1193 1114 1227 besoin
1147 1192 1194 1223 de
1227 1191 1392 1227 longues
1424 1186 1588 1225 phrases

558 1254 659 1287 dans
680 1250 854 1286 certains
878 1254 958 1282 cas.
983 1247 1090 1280 Deux
1118 1246 1216 1278 mots
1240 1240 1430 1274 suffisent
1455 1246 1464 1276 ;

601 1311 663 1340 11°
692 1308 817 1340 Toute
845 1306 958 1338 lettre
984 1303 1051 1342 qui
1083 1307 1183 1332 nous
1210 1300 1270 1331 est
1295 1294 1480 1330 adressée
1509 1298 1591 1331 per¬

560 1360 851 1396 sonnellement
868 1359 906 1390 et
924 1356 991 1395 qui
1011 1352 1206 1388 demande
1227 1357 1303 1383 une
1323 1348 1490 1388 réponse
1508 1344 1590 1378 doit

560 1416 642 1449 être
662 1410 955 1451 accompagnée
976 1410 1067 1442 d’un
1090 1407 1233 1439 timbre
1254 1404 1302 1436 de
1323 1403 1362 1435 10
1384 1399 1587 1435 centimes.

602 1472 663 1503 12°
695 1471 746 1503 Ne
775 1475 846 1507 pas
874 1464 1028 1500 oublier
1058 1465 1114 1495 les
1141 1461 1305 1495 timbres
1334 1454 1591 1495 obligatoires

562 1532 661 1565 pour
682 1524 719 1556 la
739 1519 932 1560 première
954 1520 991 1550 et
1012 1518 1048 1548 la
1068 1514 1278 1549 deuxième
1298 1510 1547 1547 enveloppes.

606 1580 664 1611 15°
703 1579 826 1611 Toute
860 1573 1118 1614 suppression
1154 1571 1387 1604 d’annonce,
1423 1565 1590 1600 change¬

565 1630 672 1660 ment
713 1632 763 1658 ou
807 1622 1082 1656 modification
1125 1616 1356 1650 d’insertion
1399 1618 1446 1644 en
1474 1615 1589 1643 cours

564 1675 883 1711 d’abonnement,
916 1671 1078 1702 nuisant
1107 1667 1132 1699 à
1163 1667 1199 1698 la
1231 1665 1359 1697 bonne
1391 1659 1591 1699 organisa¬

563 1726 647 1758 tion
670 1724 716 1756 de
739 1728 803 1755 ma
824 1718 1099 1754 combinaison
1123 1713 1332 1751 mariages,
1358 1711 1412 1742 les
1435 1713 1591 1747 person¬

566 1778 634 1803 nes
675 1769 741 1809 qui
782 1775 830 1800 en
870 1767 1001 1799 feront
1027 1765 1063 1796 la
1087 1760 1282 1795 demande
1307 1762 1504 1796 expresse,
1530 1755 1591 1786 de¬

567 1822 682 1853 vront
704 1824 746 1851 se
768 1816 995 1850 conformer
1018 1819 1068 1845 au
1092 1810 1187 1842 tarif
1210 1807 1371 1840 suivant
1395 1813 1405 1836 :

607 1872 871 1912 Suppression
907 1871 1411 1903 d’annonce.
1460 1860 1479 1890 5
1503 1860 1550 1889 fr.

608 1921 880 1962 Changement
914 1916 1410 1955 complet.
1459 1908 1476 1938 3
1502 1907 1550 1937 fr.

610 1967 869 2010 Supplément
895 1966 1013 2000 d’une
1042 1964 1412 2002 ligne.
1461 1956 1476 1986 1
1501 1955 1552 1986 fr.

608 2028 732 2059 Toute
755 2030 951 2063 personne
971 2019 1151 2054 abonnée
1172 2023 1267 2050 sans
1288 2019 1483 2050 annonce,
1506 2015 1595 2043 con¬

567 2082 679 2108 serve
712 2080 784 2106 son
819 2071 923 2104 droit
956 2066 1188 2101 d’insertion
1223 2063 1384 2104 gratuit,
1419 2059 1594 2099 pendant

567 2124 675 2156 toute
694 2123 730 2154 la
748 2119 868 2154 durée
886 2119 933 2151 de
951 2123 1022 2149 son
1042 2112 1321 2148 abonnement.

1186 2179 1242 2211 LE
1266 2172 1554 2208 DIRECTEUR.

570 2376 938 2482 OFFRES
1002 2370 1202 2476 AUX
1270 2368 1598 2470 DAMES

627 2630 748 2671 6077.
812 2626 984 2668 Guinée
1047 2623 1302 2672 Française.
1334 2644 1387 2648 —
1420 2618 1600 2658 Institu¬

575 2692 676 2730 teur
700 2687 910 2735 colonial,
937 2687 988 2724 24
1015 2695 1110 2732 ans,
1138 2680 1298 2733 grand,
1328 2680 1462 2726 brun,
1490 2677 1602 2727 phy¬

577 2750 706 2800 sique
738 2746 948 2798 agréable
1008 2742 1223 2784 situation
1259 2736 1448 2779 actuelle
1480 2735 1602 2775 5.000

577 2810 746 2855 francs,
806 2805 956 2846 rentes
985 2805 1064 2843 500
1109 2802 1276 2847 francs,
1337 2797 1603 2848 espérances

576 2870 726 2910 50.000
756 2866 923 2912 francs,
974 2860 1231 2914 épouserait
1287 2857 1488 2907 collègue
1546 2864 1600 2895 ou

577 2929 714 2979 jeune
746 2926 842 2967 fille
874 2923 1049 2965 aimant
1104 2930 1314 2971 voyager.
1377 2915 1600 2956 Situation

579 2998 632 3028 en
667 2985 867 3038 rapport.

630 3062 747 3103 6089.
774 3060 972 3102 Canada.
994 3059 1047 3098 —
1067 3058 1211 3098 Jeune
1234 3053 1416 3095 homme
1431 3052 1482 3091 33
1503 3060 1599 3096 ans,

577 3120 786 3163 habitant
810 3116 1107 3159 merveilleux
1131 3125 1257 3166 pays,
1282 3110 1439 3153 climat
1463 3107 1603 3149 excel¬

578 3182 686 3230 lent,
720 3181 808 3222 bon
840 3178 1000 3220 métier
1031 3172 1299 3226 rapportant
1327 3174 1379 3212 20
1408 3170 1434 3210 à
1463 3171 1515 3208 22
1545 3168 1600 3207 fr.

578 3253 660 3294 par
683 3240 802 3291 jour,
828 3236 975 3280 désire
999 3234 1199 3286 mariage
1223 3242 1330 3273 avec
1352 3231 1488 3282 jeune
1512 3226 1604 3267 fille

578 3302 635 3343 de
654 3303 706 3340 24
728 3299 755 3340 à
775 3302 828 3339 30
850 3307 947 3346 ans,
973 3306 1080 3336 avec
1102 3306 1159 3334 ou
1183 3303 1289 3334 sans
1312 3291 1403 3331 dot.

631 3398 672 3436 2°
692 3396 750 3436 Le
767 3392 894 3432 Trait
913 3391 1106 3431 d’Union
1127 3390 1192 3428 est
1212 3396 1272 3427 un
1294 3384 1474 3435 journal
1498 3383 1604 3422 hon¬

579 3456 682 3496 nête
708 3458 750 3495 et
780 3454 1006 3501 n’accepte
1037 3460 1123 3499 que
1179 3448 1258 3487 des
1286 3454 1513 3485 annonces
1542 3440 1606 3484 sé¬

580 3516 766 3556 rieuses.

631 3591 749 3631 6143.
763 3591 906 3631 Tarn.
932 3610 971 3614 —
999 3584 1294 3630 Célibataire,
1313 3584 1361 3622 32
1375 3591 1471 3628 ans,
1488 3579 1605 3626 bien,

579 3665 686 3695 sous
703 3657 806 3694 tous
826 3651 892 3691 les
912 3650 1132 3700 rapports,
1158 3644 1466 3697 propriétaire,
1483 3643 1594 3691 négo

578 3718 711 3766 ciant,
751 3712 1000 3760 industriel,
1044 3710 1254 3751 situation
1294 3702 1608 3747 commerciale

581 3779 727 3820 10.000
762 3776 923 3824 francs,
964 3771 1218 3824 épouserait
1258 3769 1418 3810 femme
1455 3765 1608 3805 d’inté¬

582 3846 699 3886 rieur
719 3843 774 3883 de
803 3843 853 3882 20
875 3843 900 3880 à
922 3842 971 3880 30
993 3850 1088 3887 ans,
1122 3840 1251 3888 goûts
1274 3835 1474 3886 simples,
1506 3843 1608 3871 con¬

580 3907 780 3947 naissant
802 3912 1066 3944 commerce.
1092 3899 1311 3939 Situation
1334 3908 1387 3936 en
1410 3895 1606 3946 rapport.

633 3987 752 4027 6146.
769 3987 866 4026 Lot.
878 4006 915 4011 —
924 3982 1055 4030 Yeuf,
1070 3980 1183 4028 seul,
1196 3980 1297 4019 titre
1315 3978 1369 4018 de
1383 3979 1543 4025 comte,
1559 3978 1611 4016 66

582 4061 678 4100 ans,
702 4047 828 4088 santé
851 4044 1051 4098 parfaite,
1088 4042 1312 4094 propriété
1343 4040 1398 4080 de
1429 4039 1611 4090 rapport

582 4116 623 4153 et
643 4111 931 4161 d’agrément,
956 4107 1102 4147 désire
1126 4107 1316 4156 épouser
1351 4099 1610 4142 demoiselle

582 4186 638 4215 ou
659 4174 789 4214 dame
811 4182 968 4219 veuve,
992 4179 1099 4209 avec
1123 4179 1175 4207 ou
1200 4176 1307 4207 sans
1327 4164 1512 4204 enfants.

636 4246 755 4286 6153.
788 4244 976 4283 Vienne.
1004 4242 1052 4280 —
1090 4239 1322 4280 Monsieur
1351 4236 1471 4283 veuf,
1504 4245 1608 4275 sans

583 4303 780 4351 enfants,
804 4302 1079 4351 catholique,
1104 4298 1300 4339 honnête
1322 4296 1362 4336 et
1383 4295 1438 4336 de
1460 4295 1608 4335 bonne

584 4364 775 4413 famille,
802 4364 938 4414 ayant
959 4359 1174 4402 situation
1199 4355 1455 4408 épouserait
1477 4355 1608 4395 dame

583 4434 724 4464 veuve
752 4434 810 4463 ou
836 4420 1099 4463 demoiselle
1127 4419 1248 4468 âgée,
1295 4415 1431 4467 ayant
1474 4414 1607 4454 situa¬

583 4482 690 4524 tion-
718 4480 923 4524 Sérieux.

640 4563 846 4610 Envoyez
878 4559 903 4599 à
938 4559 979 4598 la
1014 4556 1238 4596 Direction
1274 4555 1350 4594 des
1382 4560 1610 4592 annonces

583 4620 817 4670 sérieuses,
842 4619 1002 4668 vraies,
1026 4616 1236 4664 sincères,
1263 4612 1470 4663 précises,
1496 4622 1609 4660 pour

583 4682 723 4722 éviter
750 4680 828 4719 des
853 4678 1080 4727 surprises
1108 4674 1367 4723 imprévues
1392 4676 1435 4712 et
1487 4671 1610 4712 désa¬

583 4740 803 4790 gréables.

637 4827 755 4868 6158.
789 4826 1063 4874 Cambodge.
1092 4847 1146 4851 —
1173 4824 1317 4863 Jeune
1347 4821 1531 4860 homme
1558 4820 1610 4859 27

584 4899 680 4935 ans,
714 4885 875 4939 grand,
924 4884 1059 4932 brun,
1110 4882 1335 4934 physiqne
1383 4878 1607 4930 agréable,

584 4944 919 4988 fonctionnaire
995 4943 1286 4991 Indo-Chine,
1350 4938 1610 4980 traitement

582 5007 706 5046 7.000
736 5003 811 5054 fr.,
844 5003 1035 5044 brillant
1064 5000 1236 5050 avenir,
1270 4997 1515 5040 excellente
1546 4996 1608 5038 fa¬

584 5063 724 5113 mille,
752 5063 995 5104 recherche
1018 5074 1132 5113 pour
1157 5059 1359 5110 mariage
1382 5059 1518 5110 jeune
1544 5055 1610 5096 fil¬

583 5124 623 5164 le
646 5124 701 5166 de
727 5126 775 5164 18
798 5124 823 5163 à
845 5126 897 5164 24
922 5132 1016 5171 ans,
1043 5122 1194 5163 bonne
1215 5119 1470 5166 éducation,
1499 5116 1607 5157 fem¬

584 5196 656 5224 me
679 5183 943 5224 d’intérieur
967 5182 1104 5232 ayant
1127 5178 1320 5231 qualités
1343 5178 1398 5220 de
1420 5188 1546 5218 cœur
1568 5180 1610 5215 et

583 5242 783 5295 d’esprit.
815 5243 903 5283 Dot
932 5239 1182 5282 nécessaire
1211 5250 1326 5290 pour
1355 5236 1524 5278 asseoir
1554 5234 1607 5276 si¬

582 5302 756 5344 tuation
779 5302 897 5343 dans
916 5301 1107 5342 finance.
1134 5298 1343 5340 Timbrer
1366 5298 1391 5337 à
1412 5298 1436 5335 0
1460 5295 1514 5336 fr.
1540 5297 1604 5335 25.

635 5380 754 5418 6163.
802 5380 1024 5427 Aveyron.
1052 5399 1106 5406 —
1134 5376 1263 5423 Veuf,
1308 5376 1360 5414 40
1403 5384 1500 5421 ans,
1544 5372 1608 5412 sé¬

582 5439 726 5488 rieux,
754 5440 780 5478 2
822 5438 1003 5478 enfants
1048 5439 1091 5476 11
1122 5436 1163 5476 et
1188 5438 1212 5475 5
1255 5446 1350 5475 ans.
1382 5431 1606 5474 Situation

582 5500 703 5543 1.200
725 5498 780 5539 fr.
805 5510 889 5548 par
912 5508 970 5537 an
994 5498 1035 5538 et
1058 5496 1157 5544 logé
1179 5496 1205 5535 à
1227 5495 1312 5535 vie.
1339 5491 1604 5534 Economies

580 5559 702 5599 4.000
727 5556 782 5598 fr.
811 5555 981 5608 Depuis
1003 5556 1055 5596 20
1079 5566 1160 5596 ans
1186 5554 1299 5596 dans
1324 5554 1472 5594 même
1524 5551 1604 5591 im¬

581 5616 810 5668 primerie.
840 5614 1108 5668 Epouserait
1134 5612 1395 5655 demoiselle
1420 5623 1475 5652 ou
1504 5623 1606 5651 veu¬

580 5688 634 5719 ve
655 5676 712 5719 de
731 5678 783 5717 30
803 5676 830 5716 à
850 5678 902 5716 40
924 5687 1020 5725 ans,
1046 5686 1151 5716 sans
1172 5671 1368 5720 enfants,
1393 5670 1604 5718 honnête,

580 5735 794 5784 dévouée,
820 5736 862 5776 et
884 5734 1086 5786 pouvant
1110 5746 1156 5774 se
1179 5731 1403 5783 déplacer.

633 5812 752 5852 6167.
792 5811 1235 5851 Lot-et-Garonne.—
1259 5806 1603 5847 Fonctionnaire

584 5872 698 5920 Etat,
732 5870 855 5920 veuf,
888 5871 939 5910 40
971 5880 1067 5918 ans,
1100 5867 1203 5908 bien
1238 5878 1342 5908 sous
1372 5867 1474 5906 tous
1504 5875 1603 5915 rap¬

582 5930 720 5982 ports,
750 5928 1009 5969 traitement
1034 5930 1155 5968 2.000
1183 5927 1255 5974 fr.,
1284 5936 1390 5966 avec
1418 5934 1602 5964 avance¬

583 5990 722 6037 ment,
758 5986 1017 6039 épouserait
1051 5983 1315 6027 demoiselle
1347 5996 1405 6024 ou
1442 5993 1599 6031 veuve,

580 6059 687 6090 sans
710 6047 904 6096 enfants,
931 6047 983 6087 de
1006 6048 1056 6086 34
1080 6046 1104 6085 à
1127 6048 1177 6086 38
1200 6055 1296 6091 ans,
1323 6043 1459 6095 ayant
1508 6043 1598 6083 dot.

582 6107 747 6148 Inutile
767 6106 803 6146 si
824 6118 904 6158 pas
924 6106 1116 6146 sérieux.

631 6184 749 6225 6172.
801 6183 1192 6224 Haute-Garonne.
1212 6204 1266 6211 —
1312 6179 1596 6227 Célibataire,

578 6246 628 6283 60
647 6255 743 6292 ans,
764 6242 956 6283 d’allure
975 6242 1079 6292 plus
1096 6241 1248 6291 jeune,
1270 6240 1380 6287 seul,
1403 6239 1595 6286 sérieux,

579 6303 666 6343 bon
683 6302 922 6347 caractère,
939 6300 1077 6351 ayant
1090 6299 1345 6341 économies
1362 6299 1507 6338 10.000
1523 6296 1595 6342 fr.,

578 6363 726 6403 rentes
756 6363 876 6401 l.OOO
906 6359 960 6400 fr.
994 6360 1098 6408 l’an,
1132 6359 1278 6400 désire
1309 6358 1519 6408 partager
1550 6367 1598 6396 sa

578 6420 771 6462 solitude
794 6431 899 6460 avec
920 6418 1183 6460 demoiselle
1204 6431 1260 6459 ou
1283 6418 1418 6458 dame
1439 6428 1594 6464 veuve,

577 6479 840 6527 honorable,
868 6488 974 6519 avec
998 6490 1055 6519 ou
1083 6488 1187 6518 sans
1214 6476 1409 6525 enfants,
1437 6475 1598 6526 petites

576 6540 738 6580 rentes.
763 6538 818 6579 Se
838 6536 1127 6590 déplacerait.

623 6611 727 6651 6175
768 6611 894 6651 Gers.
916 6634 971 6638 —
995 6610 1123 6658 Veuf,
1150 6611 1199 6648 42
1222 6622 1318 6653 ans.
1369 6608 1594 6659 régisseur

569 6671 732 6723 depuis
755 6672 803 6710 10
823 6682 905 6712 ans
926 6670 1041 6711 dans
1063 6668 1211 6711 même
1232 6667 1475 6720 propriété,
1525 6680 1592 6709 ca¬

570 6725 738 6772 ractère
760 6728 880 6771 doux
904 6730 946 6771 et
966 6729 1055 6780 gai,
1079 6728 1335 6780 épouserait
1358 6728 1591 6770 demoisel¬

1657 492 1695 532 le
1712 504 1778 543 pu
1804 502 1960 540 veuve,
1990 488 2127 540 ayant
2179 488 2266 528 bon
2292 497 2432 534 cœur,
2490 494 2595 524 avec
2620 493 2676 522 ou

1656 563 1761 592 sans
1782 552 1871 600 dot,
1895 551 1978 600 âge
1999 547 2274 588 indifférent.

1710 628 1828 668 6179.
1887 625 2275 666 Lot-et-Garonne.
2303 623 2352 662 —
2382 623 2526 662 Jeune
2555 620 2680 659 hom¬

1659 690 1744 736 me,
1772 689 1823 726 32
1847 697 1943 734 ans,
1971 683 2126 731 blond,
2154 684 2243 723 très
2284 682 2386 722 bien
2439 678 2678 731 physique¬

1660 748 1798 795 ment,
1852 743 2155 787 honorabilité
2204 741 2412 794 parfaite,
2468 739 2682 790 indépen¬

1659 806 1783 854 dant,
1815 803 1939 845 avoir
1965 805 2115 843 80.000
2141 802 2215 850 fr.,
2244 800 2403 841 autant
2430 798 2683 849 d’espéran¬

1660 878 1746 915 ces,
1776 863 2031 915 épouserait
2058 859 2318 903 demoiselle
2346 856 2603 908 catholique
2631 855 2683 895 de

1661 928 1711 967 20
1733 926 1758 965 à
1780 927 1830 964 30
1854 935 1950 971 ans,
2003 922 2227 974 physique
2278 918 2502 966 agréable,
2554 916 2684 957 affec¬

1664 987 1834 1030 tueuse,
1860 983 1936 1024 dot
1959 980 2207 1022 minimum
2229 979 2379 1020 25.000
2401 976 2456 1016 fr.

1718 1062 1858 1100 Toute
1884 1060 2010 1100 lettre
2035 1059 2199 1099 devant
2223 1058 2314 1097 être
2336 1054 2579 1095 transmise
2605 1062 2685 1101 par

1666 1124 1728 1162 les
1745 1120 1868 1161 soins
1887 1119 1940 1159 de
1962 1120 2004 1159 la
2023 1116 2249 1158 Direction
2269 1117 2311 1155 et
2330 1126 2384 1155 ne
2405 1114 2586 1163 portant
2606 1120 2686 1161 pas

1668 1184 1704 1222 le
1730 1190 1835 1219 nom
1860 1180 1912 1219 de
1939 1175 2232 1226 l’expéditeur
2256 1184 2355 1214 sera
2379 1172 2586 1212 détruite.

1718 1257 1835 1297 6181.
1869 1255 2121 1304 Dordogne.
2148 1276 2202 1280 —
2231 1249 2471 1291 Industriel
2527 1246 2687 1288 céliba¬

1668 1316 1778 1358 taire
1795 1319 1847 1355 36
1867 1327 1962 1363 ans,
1984 1312 2240 1364 paraissant
2260 1310 2423 1358 moins,
2443 1308 2534 1348 très
2551 1308 2690 1347 hono¬

1668 1375 1806 1424 rable,
1838 1376 1942 1415 bien
1974 1384 2078 1414 sous
2136 1372 2235 1412 tous
2291 1368 2515 1420 rapports,
2564 1366 2688 1407 avoir

1668 1437 1840 1476 100.000
1866 1434 2018 1475 francs
2044 1431 2086 1472 et
2111 1431 2390 1482 espérances,
2419 1438 2587 1467 revenu
2615 1436 2687 1466 an¬

1668 1496 1772 1536 nuel
1807 1495 1952 1534 10.000
2009 1492 2050 1532 fr
2075 1526 2082 1542 ,
2116 1488 2372 1542 épouserait
2428 1484 2690 1527 demoiselle

1668 1556 1839 1595 femme
1867 1551 2146 1600 d’intérieur,
2182 1547 2404 1596 instruite,
2439 1546 2599 1586 nature
2631 1543 2690 1583 ai¬

1668 1614 1836 1662 mante,
1868 1612 2050 1653 fortune
2106 1608 2232 1659 égale
2262 1619 2319 1648 ou
2352 1604 2595 1647 inférieure
2653 1604 2688 1643 si

1667 1684 1891 1725 personne
1912 1669 2040 1722 plaît.

1722 1740 1839 1782 6182.
1871 1738 2114 1778 Toulouse,
2143 1734 2196 1772 —
2252 1734 2582 1780 Commerçant,
2646 1727 2694 1770 33

1669 1812 1766 1850 ans,
1795 1801 1931 1847 brun,
1960 1799 2051 1839 très
2078 1794 2290 1843 aimable,
2321 1794 2412 1834 fort
2437 1791 2526 1843 gai,
2554 1792 2688 1842 ayant

1670 1860 1884 1902 situation
1906 1859 1959 1899 de
1980 1860 2029 1897 12
2048 1858 2075 1896 à
2096 1858 2242 1895 15.000
2261 1855 2414 1894 francs
2432 1863 2515 1902 par
2535 1862 2607 1896 an,
2630 1860 2691 1890 es¬

1670 1920 1886 1972 pérances
1907 1919 2055 1959 50.000
2078 1915 2151 1966 fr.,
2178 1912 2323 1955 désire
2344 1914 2534 1965 épouser
2556 1910 2692 1960 jeune

1670 1980 1778 2027 fille,
1810 1987 1952 2019 veuve
1981 1988 2038 2016 ou
2070 1965 2320 2026 orpheline,
2379 1972 2516 2023 ayant
2544 1970 2694 2010 30.000

1672 2039 1726 2079 fr.
1750 2038 1827 2079 dot
1846 2036 2107 2078 minimum.
2131 2034 2242 2075 Très
2262 2031 2455 2074 sérieux.

1724 2115 1842 2155 6183.
1876 2113 2087 2154 Gironde.
2118 2135 2171 2139 —
2202 2108 2484 2155 Célibataire,
2515 2108 2566 2146 40
2595 2115 2691 2152 ans,

1672 2175 1746 2215 fils
1766 2174 1951 2224 unique,
1975 2172 2168 2220 sérieux,
2194 2171 2327 2215 brun,
2352 2167 2559 2218 employé
2582 2165 2695 2205 dans

1674 2232 1911 2283 industrie,
1934 2230 2106 2283 grande
2126 2230 2247 2279 ville,
2272 2226 2574 2267 honorabilité
2596 2235 2695 2275 par¬

1672 2294 1796 2341 faite,
1823 2290 2080 2332 économies
2103 2290 2226 2330 3.000
2252 2287 2324 2335 fr.,
2354 2286 2619 2337 espérances
2648 2284 2696 2322 18

1674 2356 1699 2395 à
1723 2354 1872 2394 20.000
1898 2350 1971 2399 fr.,
1999 2347 2255 2402 épouserait
2280 2356 2505 2398 personne
2531 2343 2696 2384 honnê¬

1674 2414 1730 2463 te,
1757 2423 1838 2463 pas
1864 2407 2210 2451 fonctionnaire.

1727 2480 1846 2519 6185.
1878 2475 2311 2516 Tarn-et-Garonne.
2339 2474 2394 2512 —
2420 2472 2551 2522 Veuf,
2582 2469 2695 2518 seul,

1675 2542 1726 2580 56
1751 2550 1846 2587 ans,
1875 2538 1963 2579 très
1988 2535 2167 2577 sérieux
2192 2534 2235 2575 et
2259 2533 2487 2580 économe,
2515 2532 2603 2572 bon
2630 2540 2698 2570 ca¬

1676 2598 1860 2647 ractère,
1887 2597 2071 2637 homme
2099 2591 2378 2642 d’intérieur,
2407 2600 2699 2631 ex-commer¬

1678 2660 1795 2708 çant,
1828 2654 2131 2698 continuerait
2159 2662 2427 2699 commerce,
2457 2650 2582 2691 étant
2610 2648 2699 2690 très

1675 2715 1776 2756 actif
1787 2719 1828 2755 et
1842 2718 1971 2766 ayant
1988 2714 2131 2752 bonne
2147 2710 2286 2759 santé,
2304 2708 2490 2760 possède
2515 2710 2631 2748 1.000
2651 2706 2699 2746 fr.

1675 2771 1728 2811 de
1784 2772 1927 2816 rente,
1978 2770 2019 2806 et
2076 2764 2284 2804 intérieur
2338 2764 2426 2803 très
2480 2762 2703 2802 conforta¬

1680 2834 1765 2873 ble.
1793 2831 2059 2883 Epouserait
2082 2829 2213 2870 dame
2236 2838 2294 2868 ou
2318 2824 2594 2872 demoiselle,
2618 2823 2700 2874 âge

1679 2893 1720 2934 et
1741 2891 1954 2933 situation
1975 2900 2028 2930 en
2052 2888 2251 2938 rapport.
2275 2886 2388 2927 Peut
2408 2896 2454 2927 se
2474 2884 2698 2936 déplacer.

1734 2969 1851 3008 6190.
1891 2964 2317 3015 Alpes-Maritimes.
2350 2986 2405 2990 —
2439 2962 2556 3001 Veuf
2589 2959 2703 3007 seul,

1681 3025 1732 3063 47
1756 3021 2011 3069 ans,retour
2036 3020 2115 3059 des
2137 3015 2348 3064 colonies,
2378 3027 2483 3056 sans
2507 3012 2703 3062 enfants,

1683 3086 1875 3116 revenus
1896 3072 2088 3114 annuels
2111 3071 2258 3111 18.000
2280 3070 2350 3116 fr.,
2375 3067 2520 3109 désire
2543 3066 2706 3108 maria¬

1680 3139 1735 3179 ge
1762 3139 1868 3168 avec
1911 3123 2175 3167 demoiselle
2226 3134 2284 3164 ou
2312 3131 2471 3168 veuve,
2501 3132 2607 3163 sans
2634 3131 2706 3160 en¬

1684 3182 1819 3230 fants,
1844 3180 1898 3221 de
1920 3180 1971 3219 30
1992 3179 2018 3219 à
2039 3179 2090 3219 35
2112 3188 2207 3224 ans,
2234 3175 2402 3218 femme
2426 3174 2703 3220 d’intérieur,

1682 3234 1812 3286 goûts
1839 3231 2040 3283 simples,
2070 3230 2207 3282 ayant
2231 3229 2286 3271 de
2311 3231 2334 3268 4
2359 3228 2384 3269 à
2410 3230 2531 3268 5.000
2558 3227 2612 3268 fr.
2643 3236 2706 3266 re¬

1682 3299 1824 3328 venus
1850 3283 2130 3337 personnels.

1735 3348 1852 3388 6191.
1884 3347 2020 3386 Tarn.
2049 3368 2102 3374 —
2128 3346 2271 3384 Jeune
2300 3344 2498 3388 homme,
2527 3343 2579 3380 24
2607 3352 2703 3388 ans,

1682 3403 1830 3443 bonne
1876 3399 2064 3445 famille,
2114 3395 2382 3446 intelligent,
2415 3395 2607 3443 sérieux,
2639 3404 2707 3434 ca¬

1682 3454 1902 3504 tholique,
1932 3451 2158 3503 physique
2187 3450 2411 3501 agréable,
2458 3450 2606 3488 bonne
2651 3447 2706 3487 si¬

1684 3507 1855 3548 tuation
1890 3506 2060 3553 avenir,
2095 3503 2319 3545 demande
2351 3502 2566 3551 mariage,
2602 3511 2707 3540 avec

1683 3562 1818 3611 jeune
1851 3559 1944 3602 fille
1978 3558 2251 3607 catholique,
2315 3556 2403 3596 bon
2464 3553 2703 3601 caractère,

1682 3616 1831 3656 bonne
1851 3612 2106 3658 éducation,
2131 3609 2426 3659 intelligente,
2448 3607 2580 3658 goûts
2600 3606 2706 3647 sim¬

1683 3668 1794 3719 ples,
1824 3666 2013 3707 voulant
2040 3665 2163 3706 créer
2191 3663 2317 3714 foyer
2345 3660 2573 3703 vraiment
2599 3660 2707 3699 heu¬

1684 3733 1809 3762 reux.
1838 3721 2062 3769 Moyenne
2088 3717 2302 3759 situation
2328 3716 2383 3758 de
2408 3714 2603 3755 fortune.

1735 3781 1854 3823 6192.
1883 3780 2095 3822 Gironde.
2119 3779 2172 3818 —
2195 3778 2311 3818 Veuf
2334 3786 2440 3816 avec
2462 3784 2629 3824 garçon
2653 3774 2708 3812 de

1683 3836 1788 3886 cinq
1808 3846 1903 3882 ans,
1924 3835 1976 3874 32
1995 3844 2091 3880 ans,
2112 3831 2215 3872 bien
2238 3841 2343 3871 sous
2360 3830 2462 3870 tous
2481 3826 2704 3879 rapports.

1683 3887 1915 3929 Excellent
1948 3895 2200 3927 commerce
2251 3883 2366 3923 dans
2398 3879 2534 3931 petite
2582 3879 2704 3926 ville,

1683 3942 1790 3983 d’un
1815 3951 1982 3981 revenu
2006 3938 2172 3980 annuel
2194 3938 2249 3979 de
2270 3938 2294 3975 3
2315 3935 2341 3976 à
2362 3936 2483 3976 4.000
2504 3934 2578 3982 fr.,
2600 3944 2707 3973 vou¬

1683 3995 1803 4035 drait
1827 3995 2019 4044 épouser
2045 3990 2307 4032 demoiselle
2332 4002 2390 4030 ou
2416 3999 2574 4035 veuve,
2603 3998 2708 4026 sans

1684 4047 1879 4096 enfants,
1923 4046 2059 4098 ayant
2100 4044 2154 4085 de
2178 4046 2202 4083 5
2227 4043 2252 4084 à
2279 4043 2424 4082 10.000
2450 4040 2504 4080 fr.
2534 4040 2575 4080 et
2600 4050 2708 4090 pou¬

1684 4102 1793 4143 vant
1821 4100 1862 4142 le
1891 4100 2104 4142 seconder
2133 4098 2247 4139 dans
2276 4096 2320 4136 la
2348 4095 2491 4136 vente-

1739 4172 1855 4211 6193.
1895 4166 2321 4216 Hautes-Pyrénées.
2354 4164 2408 4204 —
2439 4163 2708 4203 Célibataire

1685 4223 1796 4273 seul,
1844 4226 1894 4264 47
1951 4234 2048 4270 ans,
2107 4222 2195 4262 bon
2252 4218 2524 4267 catohlique,
2584 4214 2708 4256 avoir

1683 4280 1832 4319 70.000
1858 4278 1930 4324 fr.,
1958 4274 2214 4326 épouserait
2238 4272 2498 4313 demoiselle
2523 4283 2579 4311 ou
2605 4280 2709 4308 veu¬

1684 4343 1752 4380 ve,
1777 4342 1882 4372 sans
1904 4328 2099 4375 enfants,
2123 4327 2180 4368 de
2199 4327 2251 4367 32
2271 4325 2306 4365 à*
2333 4327 2386 4366 45
2434 4336 2531 4374 ans,
2571 4322 2710 4372 ayant

1684 4384 1759 4424 dot
1778 4383 1924 4423 20.000
1948 4382 1983 4420 fr
2019 4379 2268 4422 minimum.
2292 4378 2472 4418 Sérieux

1739 4458 1794 4496 Le
1818 4454 1943 4494 Trait
1968 4452 2161 4493 d’Union
2187 4451 2293 4499 peut
2316 4448 2407 4489 être
2432 4447 2571 4496 copié,
2600 4446 2627 4484 il
2655 4456 2708 4486 ne

1684 4516 1828 4556 craint
1856 4524 1935 4563 pas
1964 4515 2024 4552 les
2051 4512 2320 4552 imitateurs.

1738 4592 1855 4631 6195.
1888 4590 2080 4630 Flandre
2108 4587 2250 4636 belge.
2275 4587 2331 4626 —
2356 4587 2499 4626 Jeune
2527 4586 2708 4623 homme

1683 4655 1736 4691 32
1792 4662 1888 4698 ans,
1947 4648 2120 4699 grande
2177 4645 2368 4694 famille,
2426 4644 2707 4695 espérances,

1684 4712 1858 4751 400.000
1885 4710 2051 4756 francs,
2082 4707 2227 4747 désire
2252 4703 2578 4755 correspondre
2604 4711 2710 4742 avec

1684 4782 1907 4822 personne
1942 4766 2199 4818 catholique
2234 4763 2538 4816 pratiquante,
2574 4760 2710 4812 ayant

1682 4834 1708 4871 8
1735 4831 1762 4871 à
1791 4831 1936 4870 10.000
1963 4828 2117 4868 francs
2143 4827 2199 4867 de
2254 4824 2401 4864 rentes
2455 4820 2706 4868 annuelles,

1684 4890 1815 4942 goûts
1842 4888 2040 4939 simples.

1736 4968 1853 5008 6196.
1886 4963 2311 5013 Hautes-Pyrénées.
2337 4986 2389 4990 —
2414 4962 2558 5000 Jeune
2585 4959 2708 4996 hom¬

1684 5028 1770 5075 me,
1796 5028 1846 5066 27
1870 5037 1966 5074 ans,
1991 5023 2155 5075 capital
2179 5023 2327 5063 25.000
2367 5020 2532 5067 francs,
2575 5016 2708 5059 situa¬

1684 5087 1775 5128 tion
1798 5087 1944 5126 20-000
1966 5084 2118 5124 francs
2139 5094 2220 5132 par
2244 5092 2316 5128 an,
2342 5079 2486 5120 désire
2508 5075 2708 5126 mariage

1683 5156 1790 5188 avec
1811 5146 1948 5196 jeune
1970 5143 2063 5184 fille
2086 5142 2140 5183 de
2163 5143 2215 5180 20
2235 5141 2261 5181 à
2282 5142 2335 5179 25
2358 5150 2454 5179 ans.

1736 5232 1853 5272 6199.
1880 5230 2080 5270 Hérault.
2084 5230 2138 5268 —
2155 5230 2299 5268 Jeune
2320 5226 2518 5272 homme,
2540 5226 2591 5263 30
2610 5234 2706 5270 ans,

1683 5293 1772 5334 très
1795 5291 1988 5339 sérieux,
2014 5288 2118 5330 bien
2143 5299 2248 5330 sous
2271 5286 2371 5327 tous
2395 5286 2458 5326 les
2483 5283 2704 5334 rapports,

1683 5351 1890 5392 moralité
1920 5348 2130 5400 parfaite,
2163 5344 2419 5398 épouserait
2447 5340 2708 5384 demoiselle

1683 5411 1894 5460 sérieuse,
1920 5410 1974 5452 de
1999 5411 2047 5449 18
2071 5407 2096 5448 à
2118 5410 2168 5448 28
2192 5416 2288 5455 ans,
2315 5404 2451 5456 ayant
2474 5403 2550 5443 dot
2572 5414 2628 5443 ou
2654 5402 2708 5442 si¬

1682 5470 1872 5519 tuation,
1902 5480 1946 5510 se
1972 5466 2246 5519 déplacerait
2273 5476 2328 5505 au
2357 5463 2526 5505 besoin.

1734 5547 1851 5587 6201.
1880 5546 2120 5585 Toulouse.
2147 5567 2200 5571 —
2226 5539 2508 5586 Célibataire,
2535 5542 2582 5579 31
2610 5548 2704 5586 ans,

1683 5607 1795 5647 libre
1818 5607 1859 5646 et
1881 5603 2204 5655 indépendant,
2227 5600 2433 5653 pouvant
2452 5599 2620 5651 diriger
2643 5598 2707 5638 in¬

1681 5666 1855 5707 dustrie
1886 5676 1942 5704 ou
1975 5662 2218 5715 propriété,
2267 5660 2407 5711 ayant
2451 5659 2600 5699 80.000
2648 5656 2704 5696 fr.

1682 5725 1758 5767 dot
1783 5725 1824 5766 et
1852 5724 2131 5775 espérances,
2161 5719 2374 5761 voudrait
2398 5719 2587 5770 épouser
2614 5716 2707 5768 jeu¬

1682 5798 1736 5826 ne
1764 5784 1856 5826 fille
1886 5783 2003 5829 bien,
2035 5783 2088 5823 de
2115 5783 2167 5820 20
2195 5780 2219 5821 à
2245 5782 2296 5820 25
2325 5791 2420 5829 ans,
2451 5779 2599 5819 bonne
2644 5776 2706 5816 fa¬

1682 5843 1822 5892 mille,
1852 5842 1983 5895 goûts
2012 5839 2249 5889 modestes,
2280 5838 2494 5878 situation
2525 5848 2579 5876 en
2608 5847 2707 5887 rap¬

1682 5905 1795 5955 port.

1731 5990 1851 6030 6202.
1881 5987 2268 6028 Lot-et-Garonne.
2293 6009 2347 6014 —
2374 5986 2503 6032 Veuf,
2530 5986 2581 6024 55
2607 5992 2703 6031 ans,

1680 6061 1786 6090 sans
1820 6048 2009 6096 famille,
2047 6047 2184 6098 ayant
2216 6044 2458 6097 propriété,
2512 6041 2702 6091 maison,

1679 6108 1934 6150 économies
1983 6108 2024 6148 et
2059 6106 2144 6147 bon
2198 6104 2356 6147 métier
2406 6104 2520 6144 dans
2570 6100 2704 6155 petite

1677 6169 1799 6216 ville,
1821 6167 1968 6210 désire
1987 6166 2190 6216 mariage
2210 6175 2316 6204 avec
2334 6173 2559 6215 personne
2579 6162 2705 6212 d’âge

1679 6227 1852 6275 assorti,
1882 6227 2018 6276 ayant
2044 6224 2258 6266 situation
2287 6223 2522 6270 analogue.

1730 6313 1846 6352 6206.
1875 6313 2023 6359 Congo
2046 6309 2259 6359 français.
2281 6334 2334 6338 —
2356 6307 2702 6349 Fonctionnaire

1675 6372 1730 6412 de
1756 6372 1888 6412 l’Etat
1914 6382 2003 6411 aux
2029 6369 2239 6417 colonies,
2268 6371 2319 6408 37
2346 6379 2442 6415 ans,
2472 6367 2606 6415 brun,
2635 6376 2700 6406 ro¬

1676 6432 1818 6477 buste,
1841 6426 2102 6472 traitement
2123 6430 2198 6470 net
2220 6430 2365 6468 12.000
2386 6438 2468 6479 par
2489 6438 2560 6474 an,
2585 6425 2696 6475 logé.

1663 6488 1824 6542 ‘Congé
1845 6502 1899 6531 en
1922 6490 2092 6531 France
2113 6487 2395 6535 demi-solde,
2418 6488 2443 6526 6
2463 6484 2580 6526 mois
2600 6485 2701 6526 tous

1675 6550 1736 6592 les
1762 6552 1786 6590 2
1812 6562 1906 6590 ans.
1939 6548 2074 6590 Avoir
2098 6548 2248 6588 20.000
2275 6546 2440 6595 francs,
2468 6543 2699 6597 patrimoi¬

1674 6622 1728 6651 ne
1751 6610 1776 6650 à
1804 6608 1980 6648 revenir
2006 6610 2154 6648 60.000
2181 6607 2346 6648 francs.
2376 6606 2485 6646 Très
2511 6603 2699 6646 brillant

1674 6668 1846 6710 avenir.
1885 6667 2194 6708 Avancement
2228 6664 2399 6716 rapide.
2437 6664 2698 6714 Libre-pen¬

1668 6740 1786 6779 seur,
1803 6727 1949 6768 désire
1976 6724 2176 6775 mariage
2202 6725 2308 6767 civil
2335 6734 2440 6766 avec
2454 6722 2591 6774 jeune
2604 6722 2696 6764 fille

2757 480 3108 532 irréprochable,
3132 483 3183 520 23
3206 481 3231 521 à
3252 482 3303 522 28
3327 492 3422 529 ans,
3448 479 3624 520 famille
3645 479 3783 519 hono¬

2758 542 2896 590 rable,
2919 541 3056 591 ayant
3074 539 3252 581 aisance
3272 539 3467 586 assurée,
3491 539 3567 579 dot
3584 550 3643 579 ou
3662 538 3784 588 équi¬

2759 600 2956 647 valence,
3016 598 3121 640 telle
3150 611 3238 650 que
3268 597 3521 650 profession
3580 596 3782 638 libérale.

2759 659 3058 711 Intelligente,
3087 659 3311 706 instruite,
3340 658 3564 699 caractère
3590 656 3783 703 sérieux,

2759 719 3016 767 conciliant,
3067 719 3215 768 bonté,
3251 718 3467 766 droiture,
3502 716 3632 767 goûts
3682 716 3786 756 sim¬

2759 779 2870 830 ples.
2902 778 3224 830 Physionomie
3250 776 3588 828 sympathique,
3616 776 3698 826 joli
3724 775 3786 815 vi¬

2758 848 2860 888 sage
2878 836 3070 887 importe
3083 847 3187 887 peu,
3218 835 3366 878 moins
3392 847 3480 887 que
3507 834 3643 875 réelle
3653 835 3787 875 beau¬

2759 898 2799 938 té
2823 898 2891 945 de.
2903 907 3048 947 corps.
3076 896 3282 946 Enovyer
3307 896 3444 946 photo
3468 895 3523 935 de
3548 894 3678 935 suite.
3706 894 3787 935 Dé¬

2759 956 2859 1005 lais,
2888 959 2914 997 2
2943 956 3060 996 mois
3114 966 3230 1006 pour
3259 955 3463 1004 réponse.
3520 952 3734 994 Timbrer
3762 951 3788 991 à

2760 1018 2786 1054 0
2807 1015 2862 1056 fr.
2887 1017 2952 1055 25.

2815 1092 2931 1131 6208.
2970 1090 3359 1131 Haute-Garonne.
3407 1111 3462 1119 —
3519 1087 3787 1128 Célibataire

2764 1153 2815 1191 29
2843 1162 2939 1198 ans,
2987 1148 3264 1191 mécanicien
3310 1148 3448 1199 ayant
3474 1147 3688 1188 situation
3735 1147 3789 1188 de

2764 1212 2788 1249 3
2812 1211 2839 1250 à
2860 1212 2982 1250 4.000
3006 1210 3062 1250 fr.
3115 1220 3196 1258 par
3222 1220 3294 1256 an,
3347 1208 3604 1259 épouserait
3654 1208 3790 1258 jeune

2767 1269 2858 1310 fille
2883 1269 2985 1310 bien
3039 1267 3147 1311 faite
3171 1269 3227 1310 de
3274 1270 3326 1307 20
3350 1268 3374 1307 à
3398 1269 3449 1308 25
3473 1279 3570 1318 ans,
3623 1267 3787 1314 bonne,

2767 1328 2922 1376 douce,
2983 1327 3271 1375 affectueuse,
3308 1326 3599 1378 intelligente,
3659 1326 3791 1375 goûts

2767 1387 2968 1438 simples,
3015 1388 3187 1427 aimant
3216 1387 3260 1427 la
3287 1396 3552 1437 campagne,
3600 1395 3706 1426 avec
3732 1396 3790 1426 ou

2767 1456 2872 1487 sans
2895 1445 2986 1486 dot.

2822 1522 2939 1562 6209.
2995 1522 3507 1563 Charente-Inférieure.
3559 1543 3612 1549 —
3664 1520 3791 1562 Com¬

2768 1586 2971 1631 merçant
3002 1582 3195 1630 sérieux,
3228 1583 3279 1620 49
3311 1593 3407 1631 ans,
3441 1582 3590 1620 40.000
3622 1579 3676 1620 fr.
3711 1580 3792 1621 im¬

2769 1642 2987 1690 meubles,
3016 1642 3163 1683 désire
3188 1642 3379 1692 épouser
3404 1651 3627 1692 personne
3652 1640 3791 1687 seule,

2767 1701 2823 1742 de
2850 1704 2902 1742 38
2928 1702 2954 1742 à
2982 1704 3032 1740 45
3060 1713 3156 1751 ans,
3186 1701 3318 1752 goûts
3344 1700 3546 1751 simples,
3578 1699 3791 1742 situation

2769 1772 2823 1801 en
2846 1762 3047 1813 rapport.

2827 1839 2884 1878 La
2912 1838 3222 1878 combinaison
3254 1839 3454 1886 mariage
3482 1838 3652 1886 répond
3680 1836 3706 1876 à
3734 1847 3793 1876 un

2771 1899 2924 1938 besoin
2951 1898 3104 1936 social.

2823 1975 2942 2013 6210.
2979 1973 3088 2015 Près
3121 1972 3406 2012 Marmande.
3440 1995 3494 2000 —
3526 1971 3795 2012 Célibataire

2771 2034 2821 2072 40
2854 2043 2950 2083 ans,
2983 2044 3038 2072 en
3070 2031 3326 2083 paraissant
3356 2031 3515 2080 trente,
3549 2031 3640 2073 très
3671 2030 3792 2078 actif,

2771 2094 2919 2132 60.000
2948 2091 3004 2131 fr.
3037 2103 3091 2132 en
3122 2091 3374 2144 propriétés
3402 2091 3445 2131 et
3472 2093 3622 2131 20.000
3652 2091 3707 2131 fr.
3740 2102 3794 2132 en

2773 2151 3094 2202 négociations,
3126 2152 3334 2203 toujours
3363 2153 3436 2203 gai
3467 2151 3583 2192 mais
3612 2150 3703 2191 très
3735 2151 3797 2191 sé¬

2774 2211 2902 2252 rieux
2928 2212 3250 2263 commerçant,
3280 2210 3404 2251 taille
3432 2212 3451 2249 1
3480 2223 3539 2251 m-
3568 2211 3634 2259 72,
3663 2211 3798 2262 épou¬

2772 2272 2908 2312 serait
2942 2271 3203 2312 demoiselle
3234 2282 3291 2311 ou
3324 2280 3466 2311 veuve
3499 2269 3794 2320 intelligente,

2774 2331 2984 2382 sérieuse,
3015 2332 3096 2383 âge
3124 2330 3400 2380 indifférent,
3430 2330 3508 2371 dot
3550 2330 3796 2371 minimum

2775 2392 2922 2431 15.000
2944 2391 3111 2432 francs.

2827 2472 2946 2511 6215.
2972 2471 3215 2511 Toulouse.
3239 2494 3291 2499 —
3315 2470 3447 2516 Veuf,
3499 2471 3551 2510 53
3574 2480 3671 2518 ans,
3723 2480 3800 2509 ou¬

2775 2530 2894 2570 vrier
2920 2530 2946 2569 à
2970 2530 3014 2570 la
3038 2529 3306 2582 compagnie
3332 2530 3393 2570 du
3447 2528 3575 2578 midi,
3604 2539 3711 2570 avec
3736 2539 3800 2568 re¬

2776 2590 2907 2631 traite
2932 2589 3178 2642 prochaine
3204 2588 3259 2630 de
3287 2591 3407 2631 1.200
3433 2587 3507 2636 fr.,
3535 2587 3682 2630 désire
3708 2599 3800 2628 ma¬

2778 2649 2900 2700 riage
2928 2662 3033 2691 avec
3059 2659 3297 2702 personne,
3327 2649 3464 2700 ayant
3489 2648 3571 2699 âge
3598 2647 3641 2687 et
3666 2646 3801 2688 situa¬

2777 2710 2870 2751 tion
2895 2720 2948 2749 en
2975 2708 3175 2762 rapport.

2830 2797 2948 2835 6220.
2980 2795 3173 2835 Vendée.
3199 2819 3253 2823 —
3280 2794 3564 2840 Célibataire,
3610 2795 3658 2832 51
3702 2803 3799 2840 ans,

2778 2855 2890 2903 seul,
2947 2855 3123 2896 sérieux
3151 2853 3193 2895 et
3247 2852 3426 2903 simple,
3482 2851 3734 2904 propriétés
3759 2852 3803 2892 et

2779 2913 2978 2954 maisons
3018 2915 3152 2954 d’une
3174 2914 3332 2952 valeur
3355 2912 3410 2952 de
3447 2914 3499 2952 50
3520 2912 3547 2952 à
3570 2914 3718 2952 60.000
3743 2912 3798 2951 fr.

2777 2972 3034 3023 épouserait
3084 2982 3309 3023 personne
3362 2972 3417 3013 de
3442 2972 3495 3010 30
3546 2971 3572 3011 à
3597 2972 3649 3010 40
3702 2982 3798 3019 ans,

2779 3032 2915 3083 ayant
2942 3031 3155 3072 situation
3184 3030 3483 3080 équivalente.

2831 3116 2948 3156 6222.
2982 3116 3106 3156 Gers.
3132 3139 3186 3143 —
3211 3116 3354 3156 Jeune
3383 3115 3581 3163 homme,
3626 3115 3676 3154 24
3703 3125 3800 3162 ans,

2780 3176 2914 3226 brun,
2951 3174 3262 3226 propriétaire,
3299 3175 3387 3215 très
3420 3174 3536 3215 belle
3570 3173 3800 3222 situation,

2779 3234 2935 3275 vivant
2964 3235 3060 3275 seul
3092 3244 3200 3274 avec
3229 3244 3308 3274 son
3340 3235 3459 3283 père,
3492 3232 3640 3273 désire
3668 3234 3802 3284 épou¬

2779 3306 2850 3334 ser
2877 3294 3012 3343 jeune
3039 3294 3133 3334 fille
3175 3292 3468 3334 connaissant
3495 3291 3803 3343 l’agriculture

2779 3352 2820 3393 et
2843 3354 2979 3403 ayant
3003 3352 3142 3395 belles
3165 3352 3444 3403 espérances.

2833 3439 2948 3478 6224.
2986 3438 3254 3478 Sud-Ouest.
3288 3462 3344 3466 —
3375 3436 3504 3484 Veuf,
3567 3448 3672 3478 sans
3731 3448 3804 3476 en¬

2782 3497 2916 3546 fants,
2942 3499 2992 3538 42
3016 3509 3112 3544 ans,
3153 3498 3287 3545 brun,
3315 3498 3399 3536 bon
3424 3508 3607 3547 garçon,
3650 3496 3804 3536 indus¬

2780 3556 2896 3603 triel,
2923 3559 3071 3595 40.000
3096 3556 3151 3594 fr.
3180 3555 3326 3595 désire
3350 3554 3552 3606 mariage
3578 3566 3684 3595 avec
3708 3565 3805 3606 per¬

2779 3625 2919 3655 sonne
2972 3614 3198 3665 physique
3238 3615 3450 3665 agréable
3499 3615 3542 3655 et
3565 3614 3739 3655 aimant
3763 3614 3803 3653 le

2780 3684 3047 3714 commerce.

2839 3760 2937 3803 Lire
2967 3771 3020 3800 en
3051 3763 3075 3799 4
3078 3765 3091 3782 e
3122 3770 3232 3808 page
3266 3760 3304 3799 le
3334 3759 3534 3799 courrier
3563 3759 3802 3808 grapholo¬

2782 3822 2933 3870 gique.

2834 3915 2951 3954 6228.
2988 3911 3310 3952 Deux-Sèvres.
3340 3936 3394 3941 —
3424 3911 3542 3951 Veuf
3596 3913 3647 3950 56
3704 3923 3800 3960 ans,

2782 3972 2852 4012 bel
2913 3973 3112 4018 homme,
3174 3983 3280 4015 sans
3313 3971 3484 4020 enfant,
3548 3971 3638 4012 très
3697 3971 3801 4019 bon,

2783 4031 3015 4080 préférant
3039 4030 3279 4071 l’affection
3307 4031 3332 4071 à
3356 4031 3560 4081 l’argent,
3590 4028 3803 4071 situation

2782 4091 2838 4132 de
2860 4092 2982 4131 8.000
3009 4090 3063 4130 fr.
3094 4089 3202 4131 dont
3227 4092 3348 4130 3.000
3374 4089 3427 4129 fr.
3458 4099 3664 4137 revenus,
3693 4088 3806 4129 dési¬

2782 4162 2828 4192 re
2854 4150 3056 4200 mariage
3081 4160 3188 4189 avec
3214 4158 3437 4199 personne
3463 4148 3566 4188 bien
3593 4147 3802 4198 honnête,

2784 4207 3007 4256 instruite,
3067 4208 3244 4250 surtout
3300 4207 3468 4250 femme
3524 4206 3803 4248 d’intérieur.

2783 4267 3025 4318 Répondra
3055 4268 3081 4307 à
3111 4267 3232 4308 toute
3262 4267 3404 4308 lettre.

2836 4354 2954 4392 6230.
2990 4352 3421 4392 Tarn-et-Garonne.
3470 4376 3524 4380 —
3575 4350 3807 4391 Fonction¬

2784 4412 2908 4452 naire
2935 4412 3148 4458 finances,
3175 4414 3226 4451 29
3251 4422 3347 4459 ans,
3375 4411 3446 4452 bel
3472 4410 3643 4460 avenir,
3671 4410 3807 4451 situa¬

2784 4471 2876 4512 tion
2907 4473 3029 4511 4.000
3058 4471 3224 4517 francs,
3283 4470 3387 4510 bien
3418 4482 3523 4511 sous
3578 4469 3680 4511 tous
3708 4482 3806 4520 rap¬

2784 4531 2923 4580 ports,
2955 4530 3042 4570 bon
3088 4530 3326 4579 musicien,
3372 4527 3630 4581 épouserait
3672 4528 3808 4579 jeune

2784 4590 2875 4631 fille
2902 4600 2959 4631 ou
2984 4599 3142 4636 veuve,
3170 4600 3275 4631 sans
3300 4588 3495 4639 enfants,
3524 4588 3662 4640 ayant
3687 4586 3776 4630 dot.

2836 4676 2952 4715 6232.
2981 4676 3118 4715 Tarn.
3143 4699 3198 4704 —
3222 4676 3351 4722 Veuf,
3403 4687 3507 4715 sans
3559 4675 3730 4722 enfant,
3758 4675 3807 4714 67

2783 4747 2878 4782 ans,
2895 4733 3152 4784 paraissant
3164 4734 3270 4784 plus
3302 4735 3451 4784 jeune,
3487 4735 3578 4774 très
3591 4733 3694 4774 bien
3708 4743 3808 4784 por¬

2784 4794 2879 4835 tant
2906 4794 2946 4835 et
2999 4794 3270 4840 affectueux,
3325 4794 3437 4841 seul,
3491 4795 3641 4834 45.000
3667 4792 3722 4835 fr.
3752 4803 3804 4833 en

2787 4852 3056 4894 immeubles
3088 4854 3196 4894 d’un
3231 4862 3399 4892 revenu
3432 4851 3488 4892 de
3519 4853 3642 4892 2.000
3675 4852 3730 4894 fr.
3766 4851 3808 4891 et

2787 4912 2960 4953 maison
2997 4912 3311 4962 d’habitation,
3347 4912 3603 4963 épouserait
3636 4911 3805 4953 demoi¬

2783 4972 2892 5012 selle
2915 4983 2974 5012 ou
2999 4982 3156 5018 veuve,
3210 4982 3316 5012 sans
3340 4972 3500 5012 enfant
3550 4972 3604 5012 de
3629 4974 3680 5011 40
3705 4975 3731 5011 a
3755 4974 3808 5011 60

2784 5042 2880 5076 ans,
2913 5031 3087 5074 famille
3117 5031 3364 5071 honorable
3394 5042 3502 5071 avec
3528 5030 3619 5070 dot.

2835 5108 2954 5146 6234.
2984 5108 3225 5147 Toulouse.
3252 5130 3306 5136 —
3334 5107 3450 5146 Veuf
3477 5116 3582 5146 sans
3610 5104 3803 5152 enfants,

2781 5167 2833 5206 52
2859 5177 2955 5214 ans,
2986 5176 3238 5207 commerce
3262 5166 3319 5206 de
3343 5163 3579 5216 pâtisserie
3631 5166 3674 5206 et
3726 5164 3807 5206 im¬

2784 5226 2966 5267 meuble
2987 5235 3039 5266 en
3064 5226 3184 5275 ville,
3211 5225 3436 5278 propriété
3460 5226 3574 5267 dans
3598 5226 3803 5276 l’Ariège,

2783 5286 2927 5327 désire
2955 5287 3146 5336 épouser
3171 5297 3396 5336 personne
3421 5287 3475 5328 de
3502 5287 3552 5324 40
3579 5286 3604 5325 à
3630 5287 3682 5323 50
3707 5296 3803 5332 ans,

2784 5347 2920 5395 ayant
2940 5345 3154 5386 situation
3178 5356 3231 5385 en
3256 5345 3455 5395 rapport.

2835 5423 2952 5462 6235.
2983 5422 3224 5462 Toulouse.
3251 5446 3305 5451 —
3332 5420 3602 5462 Célibataire
3630 5420 3680 5459 30
3707 5431 3803 5468 ans,

2783 5482 2917 5530 brun,
2954 5482 3058 5522 bien
3093 5482 3461 5532 physiquement,
3497 5481 3807 5531 commerçant

2783 5551 2835 5580 en
2864 5552 2983 5592 gros,
3012 5540 3159 5583 désire
3187 5540 3388 5592 mariage
3416 5551 3523 5582 avec
3550 5542 3684 5592 jeune
3714 5539 3806 5580 fille

2782 5612 2839 5641 ou
2862 5612 3004 5643 veuve
3027 5612 3131 5642 sans
3182 5599 3376 5649 enfants,
3431 5602 3567 5651 ayant
3617 5600 3802 5641 environ

2780 5662 2930 5700 20.000
2950 5659 3116 5702 francs.

2835 5738 2951 5779 6236.
2980 5738 3155 5779 Centre.
3178 5740 3232 5777 —
3258 5736 3511 5787 Ingénieur,
3536 5739 3587 5776 30
3611 5748 3706 5787 ans,
3732 5747 3806 5787 ga¬

2780 5798 2923 5847 gnant
2941 5799 3090 5838 20.000
3111 5797 3166 5836 fr.
3191 5809 3274 5848 par
3294 5808 3366 5844 an,
3390 5797 3467 5839 dot
3490 5798 3662 5836 100.000
3683 5796 3738 5836 fr.
3763 5795 3806 5835 et

2781 5856 3060 5908 espérances,
3088 5855 3345 5907 épouserait
3396 5856 3534 5907 jeune
3559 5855 3666 5904 fille,
3695 5855 3805 5897 fem¬

2780 5926 2851 5956 me
2882 5915 3159 5967 d’intérieur,
3192 5915 3324 5967 goûts
3353 5915 3555 5966 simples,
3588 5914 3803 5957 situation

2779 5987 2831 6016 en
2857 5978 3058 6028 rapport.
3083 5976 3165 6017 Lui
3187 5976 3344 6018 écrire.
3370 5976 3479 6020 Très
3501 5975 3693 6017 sérieux.

2832 6062 2950 6100 6237.
3002 6059 3427 6110 Hautes-Pyrénées.
3460 6083 3512 6087 —
3572 6059 3804 6099 Monsieur

2780 6120 2900 6171 veuf,
2931 6120 3107 6161 abonné
3135 6131 3239 6161 sans
3267 6128 3484 6160 annonce.

2832 6200 2894 6239 Ne
2924 6200 3132 6250 craignez
3164 6210 3243 6248 pas
3277 6199 3330 6239 de
3363 6209 3474 6239 vous
3506 6200 3802 6247 compromet¬

2775 6262 2840 6300 tre
2866 6271 2919 6300 en
2947 6260 3096 6300 disant
3150 6270 3235 6307 que
3262 6268 3372 6300 vous
3398 6259 3488 6300 êtes
3540 6256 3718 6299 abonné
3743 6267 3800 6299 au

2775 6320 2901 6359 Trait
2925 6319 3135 6360 d’Union.

2830 6406 2947 6444 6240.
2983 6403 3248 6453 Architecte,
3282 6405 3332 6443 32
3363 6414 3458 6452 ans,
3492 6403 3608 6443 belle
3666 6400 3800 6443 situa¬

2776 6463 2883 6511 tion,
2913 6463 3002 6507 très
3029 6464 3131 6504 bien
3161 6474 3266 6504 sous
3291 6464 3392 6503 tous
3420 6460 3643 6512 rapports,
3674 6462 3799 6502 santé

2776 6522 2983 6573 parfaite,
3020 6523 3166 6564 désire
3201 6523 3402 6574 mariage
3436 6531 3543 6562 avec
3576 6531 3799 6572 personne

2775 6582 2984 6624 sérieuse.

2823 6660 2942 6701 6243.
2974 6659 3148 6708 Ariège.
3174 6660 3229 6700 —
3255 6658 3539 6706 Célibataire,
3595 6659 3647 6698 50
3699 6666 3796 6703 ans,

2772 6719 3023 6771 profession
3056 6718 3243 6760 libérale
3273 6718 3540 6770 rapportant
3568 6718 3691 6759 2.000
3723 6716 3796 6764 fr.,

3858 479 3983 523 avoir
4011 479 4159 519 20.000
4202 475 4347 518 désire
4390 475 4581 516 épouser
4624 472 4884 512 demoiselle

3858 554 3914 582 ou
3937 540 4070 580 dame
4091 538 4146 579 de
4166 539 4216 578 30
4238 537 4263 578 à
4284 538 4335 575 40
4356 546 4452 583 ans,
4476 534 4614 586 ayant
4633 532 4770 585 petite
4791 532 4880 572 dot.

3910 618 4028 659 6244.
4065 617 4190 656 Gers.
4223 638 4276 644 —
4307 611 4654 654 Fonctionnaire
4682 610 4800 659 Etat,
4833 612 4885 650 45

3859 690 3954 726 ans,
3988 676 4262 723 célibataire,
4297 672 4495 722 instruit,
4528 671 4726 720 robuste,
4756 670 4886 711 avoir

3859 750 3910 778 en
3942 735 4168 787 propriété
4222 736 4371 775 20.000
4400 732 4473 781 fr.,
4528 730 4787 783 épouserait
4812 730 4886 770 de¬

3860 796 4062 838 moiselle
4091 795 4301 840 sérieuse,
4330 791 4564 840 gracieuse
4591 792 4718 831 santé
4743 790 4886 830 excel¬

3859 856 3992 903 lente,
4022 854 4159 905 ayant
4184 854 4262 893 dot
4287 864 4339 894 en
4368 851 4568 903 rapport.

3911 942 4031 981 6245.
4057 939 4300 979 Toulouse.
4324 962 4377 966 —
4402 936 4686 986 Célibataire,
4711 938 4764 976 28
4788 944 4884 982 ans,

3860 1000 4062 1052 gagnant
4086 1001 4111 1039 5
4139 998 4195 1038 fr.
4240 1008 4324 1048 par
4351 996 4470 1047 jour,
4502 1006 4607 1035 sans
4651 996 4884 1043 chômage,

3862 1059 4022 1110 petites
4056 1056 4325 1103 économies,
4363 1054 4511 1096 désire
4543 1054 4744 1106 mariage
4780 1063 4887 1092 avec

3860 1118 4068 1159 ouvrière
4098 1129 4156 1158 ou
4187 1116 4282 1158 fille
4310 1115 4367 1156 de
4395 1114 4580 1164 service,
4612 1112 4887 1163 catholique,

3862 1178 3916 1219 de
3938 1179 3989 1217 20
4012 1178 4036 1216 à
4059 1178 4110 1216 28
4132 1187 4228 1215 ans.

3914 1254 4032 1295 6246.
4066 1253 4180 1292 Veuf
4208 1251 4319 1295 seul,
4376 1251 4522 1292 comte
4574 1247 4887 1299 authentique,

3863 1316 3913 1354 67
3939 1324 4035 1362 ans,
4064 1311 4254 1354 d’allure
4278 1311 4428 1360 jeune,
4457 1309 4684 1360 propriété
4710 1308 4766 1350 de
4792 1320 4891 1359 rap¬

3863 1374 3966 1424 port
3994 1372 4035 1412 et
4063 1371 4358 1418 d’agrément,
4390 1368 4535 1410 désire
4566 1368 4892 1419 correspondre

3864 1442 3970 1472 avec
4000 1428 4262 1472 demoiselle
4291 1440 4350 1471 ou
4378 1439 4521 1469 veuve
4552 1427 4688 1478 ayant
4718 1427 4807 1467 dot.

3892 1507 4030 1556 6,247.
4042 1508 4291 1554 Espagne.-
4302 1503 4587 1547 Célibataire
4599 1502 4731 1552 français,
4743 1503 4896 1551 orphe¬

3866 1562 3928 1600 lin
3938 1593 3945 1608 ,
3963 1560 4066 1599 bien
4080 1571 4187 1600 sous
4199 1559 4301 1600 tous
4335 1557 4559 1608 rapports,
4576 1556 4821 1596 excellente
4838 1567 4892 1595 si¬

3866 1619 4039 1661 tuation
4073 1619 4099 1660 à
4130 1619 4387 1670 l’étranger;
4420 1616 4567 1660 désire
4597 1618 4789 1667 épouser
4821 1616 4894 1655 de¬

3867 1679 4069 1720 moiselle
4123 1679 4310 1719 environ
4338 1679 4390 1716 30
4416 1687 4512 1724 ans,
4543 1686 4650 1717 avec
4702 1687 4760 1715 ou
4788 1684 4894 1714 sans

3867 1739 3958 1787 dot,
3975 1736 4227 1787 orpheline,
4244 1736 4459 1783 modeste,
4478 1734 4689 1783 aimable,
4706 1731 4892 1775 catholi¬

3866 1810 3968 1848 que,
4003 1799 4091 1838 bon
4123 1795 4363 1842 caractère,
4397 1794 4538 1842 santé,
4572 1792 4891 1840 honorabilité,

3867 1856 4075 1898 moralité
4098 1854 4306 1903 parfaite.

3920 1915 4136 1956 Adresser
4163 1914 4300 1963 photo
4327 1915 4404 1963 qui
4432 1923 4531 1954 sera
4558 1914 4743 1955 rendue.
4774 1911 4895 1951 Tim¬

3867 1976 3970 2016 brer
3993 1975 4019 2015 à
4039 1976 4065 2014 0
4087 1972 4143 2014 fr.
4166 1975 4232 2014 25.

3920 2051 4038 2093 6251.
4070 2050 4311 2090 Toulouse.
4339 2074 4393 2079 —
4422 2050 4547 2094 Veuf,
4575 2051 4626 2088 60
4654 2059 4750 2098 ans,
4780 2047 4895 2094 seul,

3867 2111 4060 2158 sérieux,
4107 2108 4371 2158 honorable,
4403 2106 4714 2156 désintéressé,
4760 2111 4899 2158 ayant

3870 2170 4083 2211 situation
4106 2182 4162 2210 en
4186 2168 4292 2208 ville
4316 2168 4358 2208 et
4382 2179 4575 2208 revenus
4598 2166 4652 2207 de
4673 2168 4796 2207 2.500
4820 2166 4895 2213 fr.,

3870 2229 4126 2279 épouserait
4155 2227 4416 2268 demoiselle
4448 2238 4506 2267 ou
4537 2227 4685 2275 dame,
4719 2228 4802 2278 âge
4831 2236 4899 2266 as¬

3870 2288 3993 2336 sorti,
4057 2287 4268 2336 sérieuse,
4331 2286 4599 2327 sentiments
4660 2284 4896 2336 religieux,

3871 2348 4019 2390 bonne
4060 2346 4315 2394 éducation,
4358 2346 4490 2395 goûts
4516 2344 4718 2395 simples,
4763 2344 4900 2396 ayant

3871 2406 4030 2456 petites
4061 2407 4223 2447 rentes.
4272 2406 4540 2446 Références
4587 2403 4772 2453 exigées.

3923 2482 4043 2523 6253.
4108 2480 4618 2522 Charente-Inférieure.
4652 2503 4707 2508 —
4766 2480 4896 2527 Veuf,

3871 2546 3922 2584 45
3946 2555 4042 2590 ans,
4068 2543 4244 2583 abonné
4270 2552 4374 2583 sans
4398 2551 4616 2582 annonce.

3931 2622 3992 2659 Ne
4019 2619 4227 2659 déchirez
4254 2628 4336 2667 pas
4361 2628 4410 2660 ce
4434 2618 4633 2666 journal,
4663 2618 4899 2657 donnez-le

3874 2679 3899 2719 à
3925 2688 4003 2719 vos
4026 2678 4158 2719 amis.

3926 2756 4043 2796 6254.
4072 2755 4314 2795 Toulouse.
4341 2779 4395 2783 —
4422 2754 4551 2798 Veuf,
4596 2755 4647 2793 60
4688 2763 4784 2802 ans,
4829 2751 4899 2792 bel

3874 2816 4072 2863 homme,
4100 2815 4204 2855 bien
4231 2813 4459 2862 conservé,
4488 2814 4614 2854 santé
4639 2812 4899 2860 excellente,

3874 2874 4010 2925 ayant
4034 2873 4214 2915 retraite
4239 2874 4422 2914 assurée
4443 2873 4498 2914 de
4519 2875 4598 2912 700
4622 2872 4676 2912 fr.
4703 2872 4747 2911 et
4768 2871 4903 2922 petits

3875 2944 4082 2983 revenus,
4127 2932 4383 2983 épouserait
4410 2931 4671 2972 demoiselle
4714 2943 4771 2971 ou
4798 2942 4904 2971 veu¬

3875 3005 3942 3042 ve,
3971 2992 4192 3040 ouvrière,
4223 2992 4356 3042 goûts
4383 2990 4584 3042 simples,
4615 2991 4696 3042 âge
4724 2988 4900 3038 assorti,

3875 3054 4012 3103 ayant
4039 3052 4201 3092 travail
4227 3063 4286 3092 ou
4314 3051 4474 3100 petites
4502 3052 4663 3091 rentes.

3928 3128 4048 3168 6257.
4079 3127 4292 3168 Gironde.
4318 3151 4372 3156 —
4398 3128 4724 3174 Sous-officier,
4752 3137 4903 3176 comp¬

3877 3187 4010 3236 table,
4042 3190 4091 3228 35
4120 3199 4216 3236 ans,
4247 3187 4366 3236 bien,
4399 3187 4512 3227 libre
4540 3187 4655 3227 dans
4684 3185 4906 3236 quelques

3876 3246 4006 3296 mois,
4061 3246 4228 3296 emploi
4283 3246 4388 3287 civil
4419 3259 4427 3286 :
4454 3244 4714 3286 traitement
4766 3244 4906 3286 début

3875 3308 3998 3347 2.400
4024 3307 4098 3354 fr.,
4127 3306 4329 3347 arrivera
4355 3307 4478 3345 3.600
4504 3306 4560 3354 fr,
4591 3304 4696 3356 plus
4723 3303 4904 3344 retraite

3877 3365 4092 3408 militaire
4123 3367 4202 3404 800
4236 3365 4310 3412 fr.,
4346 3364 4612 3414 espérances
4647 3364 4793 3403 10.000
4828 3362 4904 3410 fr.;

3876 3424 4034 3464 désire-
4054 3424 4255 3472 mariage
4286 3434 4393 3463 avec
4422 3423 4686 3464 demoiselle
4714 3423 4768 3464 de
4798 3423 4850 3461 22
4879 3422 4905 3460 à

3878 3485 3930 3523 33
3958 3495 4055 3531 ans,
4083 3483 4204 3530 bien,
4235 3483 4324 3523 très
4351 3482 4562 3532 honnête,
4594 3483 4730 3532 ayant
4755 3480 4847 3522 dot.

3932 3560 4036 3599 6258
4062 3559 4275 3599 Gironde.
4298 3560 4353 3596 —
4376 3560 4506 3604 Veuf,
4560 3560 4611 3598 40
4635 3568 4731 3607 ans,
4784 3558 4905 3598 deux

3879 3619 4075 3666 enfants,
4101 3622 4126 3657 7
4150 3620 4193 3659 et
4218 3621 4266 3658 10
4291 3630 4388 3666 ans,
4415 3618 4535 3666 bien,
4563 3618 4901 3668 sympathique,

3880 3677 4072 3723 sérieux,
4106 3675 4319 3718 situation
4378 3676 4580 3716 d’avenir
4637 3676 4906 3727 rapportant

3880 3735 4202 3776 actuellement
4222 3739 4246 3775 8
4267 3735 4294 3775 à
4318 3737 4463 3775 10.000
4487 3735 4542 3774 fr.
4567 3746 4650 3786 par
4672 3747 4744 3783 an,
4770 3735 4904 3784 épou¬

3879 3795 4017 3836 serait
4042 3794 4304 3835 demoiselle
4329 3806 4387 3834 ou
4412 3806 4555 3835 veuve
4581 3804 4688 3834 avec
4714 3804 4772 3834 ou
4798 3804 4904 3834 sans

3880 3855 4075 3903 enfants,
4104 3854 4223 3902 bien,
4251 3854 4382 3903 goûts
4407 3852 4608 3902 simples,
4638 3853 4902 3903 honorable,

3880 3915 4055 3955 aimant
4078 3923 4331 3955 commerce
4356 3912 4399 3952 et
4424 3912 4560 3963 ayant
4584 3911 4675 3954 dot.
4704 3914 4815 3953 Très
4840 3914 4906 3952 sé¬

3881 3974 4024 4013 rieux.

3934 4051 4052 4090 6259.
4088 4050 4230 4091 Paris.
4260 4074 4314 4080 —
4347 4047 4671 4096 Représentant
4703 4047 4756 4087 de
4787 4056 4906 4086 com¬

3882 4118 4043 4155 merce,
4070 4110 4191 4155 veuf,
4219 4111 4270 4148 46
4294 4120 4389 4155 ans,
4416 4108 4506 4148 très
4530 4106 4646 4146 belle
4670 4106 4902 4154 situation,

3883 4169 4029 4207 18.000
4058 4167 4114 4207 fr.
4145 4179 4227 4218 par
4255 4179 4328 4215 an,
4360 4164 4615 4216 épouserait
4642 4164 4904 4206 demoiselle

3880 4239 3938 4268 ou
3964 4226 4099 4269 dame
4123 4238 4279 4274 veuve,
4308 4227 4390 4275 âge
4415 4224 4456 4264 et
4482 4224 4695 4267 situation
4724 4236 4778 4265 en
4806 4236 4906 4275 rap¬

3882 4286 3996 4337 port.

3935 4364 4052 4402 6261.
4088 4361 4476 4402 Haute-Garonne.
4505 4386 4559 4390 —
4588 4362 4822 4410 Capitaine
4850 4371 4903 4400 en

3882 4422 4076 4468 activité,
4110 4423 4162 4459 43
4220 4431 4315 4467 ans,
4376 4420 4522 4464 désire
4580 4420 4905 4471 correspondre

3883 4494 3989 4523 avec
4019 4479 4280 4523 demoiselle
4310 4492 4368 4522 ou
4398 4491 4540 4523 veuve
4570 4492 4678 4523 sans
4707 4479 4903 4528 enfants,

3884 4540 4092 4583 habitant
4123 4539 4348 4581 Toulouse
4379 4552 4436 4583 ou
4468 4541 4532 4583 les
4564 4542 4791 4587 environs,
4826 4539 4906 4588 âge

3883 4603 3925 4643 et
3949 4598 4163 4642 situation
4190 4611 4243 4640 en
4270 4600 4470 4651 rapport.

3936 4679 4052 4718 6262.
4085 4676 4336 4716 Bordeaux.
4361 4676 4416 4716 —
4440 4676 4708 4717 Célibataire
4732 4675 4783 4715 40
4807 4686 4904 4723 ans,

3883 4737 3994 4786 seul,
4024 4737 4131 4783 aisé,
4162 4735 4339 4776 sérieux
4366 4735 4407 4775 et
4434 4735 4631 4786 instruit,
4660 4734 4799 4787 ayant
4825 4734 4906 4775 im¬

3883 4798 4087 4838 meubles
4119 4796 4160 4836 et
4194 4795 4411 4836 intérieur
4442 4795 4738 4844 confortable,
4771 4793 4907 4843 épou¬

3883 4855 4019 4896 serait
4051 4854 4314 4895 demoiselle
4372 4854 4426 4895 de
4459 4854 4672 4896 conduite
4719 4852 4906 4903 irrépro¬

3883 4915 4057 4963 chable,
4084 4915 4222 4963 ayant
4247 4912 4427 4954 fortune
4451 4924 4507 4954 ou
4531 4914 4621 4956 dot.

3935 4973 4053 5012 6263.
4080 4972 4255 5012 Centre.
4275 4995 4330 4999 —
4351 4972 4584 5015 Monsieur
4602 4971 4780 5014 abonné
4799 4981 4907 5012 sans

3884 5042 4101 5073 annonce.

3933 5118 4050 5159 6266.
4112 5117 4300 5158 Vienne.
4354 5119 4396 5159 —
4434 5118 4554 5159 Veuf
4578 5119 4691 5168 seul,
4728 5121 4778 5158 49
4811 5127 4906 5164 ans,

3884 5182 4002 5220 1.400
4024 5179 4072 5220 fr.
4099 5190 4303 5228 revenus,
4346 5180 4599 5231 épouserait
4619 5181 4748 5222 dame
4772 5190 4908 5220 veuve

3880 5255 3935 5284 ou
3958 5243 4215 5284 demoiselle
4246 5244 4368 5294 âgée,
4395 5246 4526 5294 ayant
4548 5244 4774 5285 situation.
4799 5243 4910 5282 Très

3879 5306 4067 5346 sérieux.

3941 5388 4022 5428 Les
4045 5387 4290 5428 messieurs
4335 5385 4535 5428 abonnés
4558 5390 4659 5428 sont
4710 5384 4831 5438 priés
4852 5386 4907 5426 de

3886 5447 4108 5496 répondre
4127 5446 4154 5487 à
4171 5448 4319 5489 toutes
4338 5447 4401 5487 les
4422 5447 4571 5491 lettres
4591 5448 4666 5499 qui
4690 5448 4787 5490 leur
4804 5448 4907 5487 sont

3886 5507 4130 5548 adressées.

3932 5603 4050 5644 6271.
4090 5602 4234 5644 Aude.
4262 5622 4307 5628 —
4337 5600 4572 5643 Monsieur
4599 5601 4772 5643 abonné
4800 5610 4907 5639 sans

3878 5674 4092 5706 annonce.

3932 5747 4048 5786 6272.
4076 5746 4211 5787 Gard.
4238 5766 4286 5772 —
4308 5742 4574 5796 Négociant,
4598 5742 4904 5796 propriétaire,

3878 5804 4152 5856 célibataire,
4175 5811 4222 5847 47
4246 5815 4342 5854 ans,
4363 5806 4487 5844 santé
4508 5806 4766 5854 excellente,
4786 5804 4906 5843 taille

3880 5868 3899 5908 1
3922 5872 3946 5890 1,1
3968 5871 4031 5918 70,
4063 5870 4327 5922 corpulence
4350 5878 4403 5907 en
4424 5871 4620 5919 rapport,
4650 5870 4739 5908 très
4761 5865 4904 5907 bonne

3880 5930 4056 5979 famille,
4086 5930 4339 5983 épouserait
4372 5931 4631 5972 demoiselle
4663 5943 4718 5971 ou
4747 5940 4902 5978 veuve,

3877 6003 3983 6034 sans
4007 5994 4193 6040 enfants,
4216 5995 4503 6046 protestante,
4534 5994 4588 6035 de
4611 5998 4662 6034 33
4683 5995 4708 6032 à
4735 5995 4786 6032 38
4804 6002 4902 6041 ans,

3878 6061 4072 6107 pouvant
4095 6069 4143 6098 se
4164 6056 4387 6108 déplacer,
4420 6054 4566 6098 bonne
4598 6055 4731 6102 taille,
4756 6054 4904 6105 physi¬

3878 6129 3961 6170 que
3983 6119 4204 6168 agréable,
4218 6119 4536 6170 aimante,apte
4559 6131 4612 6159 au
4636 6126 4900 6164 commerce,

3875 6182 3952 6221 dot
3976 6182 4024 6219 10
4046 6183 4070 6220 à
4092 6184 4240 6223 20.000
4262 6181 4312 6220 fr.
4336 6181 4548 6228 garantis.

3930 6263 4048 6303 6273.
4080 6263 4331 6304 Toulouse.
4356 6262 4402 6302 —
4420 6260 4554 6310 Veuf,
4578 6260 4630 6302 30
4651 6271 4746 6308 ans,
4771 6262 4903 6309 ayant

3875 6323 4039 6374 emploi
4062 6327 4153 6374 sûr,
4174 6323 4408 6366 désirerait
4426 6323 4625 6374 mariage
4647 6332 4756 6362 avec
4774 6320 4904 6370 jeune

3875 6386 3963 6427 fille
3995 6398 4050 6427 ou
4087 6399 4226 6428 veuve
4259 6396 4364 6427 sans
4400 6383 4586 6435 enfants,
4611 6383 4811 6424 ouvrière
4846 6395 4899 6423 ou

3875 6450 3927 6488 de
3950 6451 4171 6490 condition
4195 6448 4410 6496 modeste,
4434 6448 4514 6496 âge
4533 6459 4586 6488 en
4610 6447 4806 6496 rapport.

3928 6532 4044 6572 6274.
4071 6528 4608 6583 Pyrénées-Orientales.
4632 6550 4683 6555 —
4714 6526 4899 6568 Céliba¬

3872 6591 4015 6642 taire,
4036 6598 4086 6635 25
4106 6606 4202 6642 ans,
4223 6592 4358 6644 ayant
4371 6590 4447 6642 joli
4467 6588 4726 6636 immeuble,
4747 6588 4902 6630 valeur

3872 6658 4023 6695 80.000
4057 6657 4107 6696 fr.
4135 6660 4177 6696 et
4216 6655 4376 6695 faisant
4405 6663 4655 6693 commerce
4683 6651 4736 6691 de
4782 6651 4894 6703 vins,

3872 6716 4106 6760 désirerait
4145 6719 4320 6770 prompt
4358 6716 4555 6766 mariage
4591 6724 4699 6755 avec
4728 6714 4780 6755 de
4788 6718 4898 6756 moi-
