5228 7160
275 390 331 430 10
335 396 348 412 n
370 387 526 430 Année
548 410 594 414 —
622 387 652 428 N
655 392 670 408 0
684 387 739 428 05
770 410 816 415 —
844 391 911 434 IO
940 389 1044 428 een<

3868 420 3932 460 Ou
3958 422 3976 460 1
3983 427 4016 444 er
4035 430 4096 460 au
4118 420 4170 461 15
4192 419 4390 462 Oetobre
4412 419 4526 460 1915

1260 331 1327 372 /Z
1339 323 1405 375 7°

1329 408 1385 468 -
1565 385 2249 486 ŒUVRE
2377 387 3201 489 SOCIALE

1342 1504 1602 1581 DES
1694 1490 2382 1587 INTÉRÊTS
2466 1491 3442 1613 RÉCIPROQUES

554 1634 999 1688 Combinaison
1036 1635 1307 1698 Mariage
1344 1633 1527 1684 créée
1568 1648 1644 1684 en
1684 1630 1852 1687 1905
1922 1648 1956 1684 #
1992 1648 2028 1683 •
2064 1648 2099 1683 •
2172 1637 2459 1691 Bureaux
2498 1640 2559 1690 et
2594 1639 3107 1696 Administration
3144 1646 3159 1698 :
3198 1644 3287 1698 26
3292 1687 3306 1707 ,
3344 1662 3456 1700 rue
3495 1649 3782 1715 d'Astorg
3819 1680 3883 1688 —
3921 1652 4239 1708 Toulouse

326 1772 391 1807 LA
416 1771 548 1806 PLUS
574 1771 827 1806 HONNETE

326 1819 389 1854 LA
418 1818 551 1852 PLUS
579 1819 839 1852 DISCRETE

326 1866 390 1900 LA
416 1864 550 1900 PLUS
578 1866 774 1899 RAPIDE

327 1912 388 1947 LA
423 1910 555 1946 PLUS
586 1911 847 1946 SERIEUSE

326 1959 388 1994 LA
415 1958 548 1992 PLUS
572 1958 710 1992 SURE

327 2006 388 2039 LA
419 2003 584 2039 MOINS
614 2003 788 2039 CHERE

328 2051 423 2086 PAS
456 2050 939 2085 D’INTERMEDIAIRE

328 2096 423 2131 PAS
452 2097 518 2131 DE
547 2096 879 2132 COMMISSION

1634 1767 2566 1831 Directeur-Propriétaire
2607 1802 2619 1832 :
2663 1775 2838 1835 Jean
2886 1776 3128 1836 BACH

1434 1877 1642 1910 Annonces
1695 1874 1747 1910 de
1801 1874 1972 1920 Mariage
2019 1874 2107 1918 (six
2149 1875 2278 1921 lignes
2335 1878 2379 1914 et
2427 1878 2694 1919 abonnement
2742 1882 2796 1930 au
2843 1882 3028 1931 journal)

1500 1922 1611 1958 Trois
1648 1921 3028 1972 mois.
3087 1932 3112 1968 f
3128 1932 3155 1970 f
3184 1933 3332 1971 francs.

1434 1974 1575 2018 Lignes
1596 1974 3030 2026 supplémentaires....
3133 1990 3156 2022 f
3226 2007 3270 2014 _

1434 2028 1672 2062 Annnonces
1692 2030 1730 2063 et
1752 2028 1958 2064 Locations
1979 2028 2094 2071 (trois
2118 2028 3028 2079 mois).
3127 2039 3162 2075 6
3223 2060 3267 2067 _

1435 2080 1530 2115 Avis
1548 2079 1695 2120 divers,
1717 2080 1842 2116 Offres
1864 2084 1900 2116 et
1924 2082 2142 2118 Demandes
2164 2082 2370 2129 d’emplois
2390 2082 2515 2124 (deux
2536 2086 3031 2131 mois)..
3131 2091 3166 2127 3
3227 2111 3271 2120 _

3565 1786 3616 1820 Le
3642 1798 3662 1818 «
3687 1787 3806 1823 Trait
3830 1788 4010 1824 d’Union
4035 1802 4055 1822 »
4082 1793 4142 1826 est
4191 1791 4350 1832 envoyé
4399 1795 4542 1828 contre

3515 1834 3535 1866 0
3557 1832 3610 1867 fr.
3635 1834 3678 1867 10
3700 1832 3727 1868 à
3748 1836 3863 1872 toute
3887 1843 4093 1877 personne
4116 1838 4186 1879 qui
4212 1846 4262 1874 en
4286 1840 4364 1875 fait
4390 1840 4430 1874 la
4478 1840 4541 1875 de¬

3516 1880 3682 1914 mande.

3564 1926 3627 1960 Un
3654 1931 3698 1960 n°
3720 1926 3931 1966 spécimen
3958 1931 4019 1964 est
4043 1931 4166 1966 offert
4190 1932 4542 1974 gracieusement,

3515 1970 3540 2006 à
3564 1975 3655 2008 tout
3680 1972 3870 2017 visiteur,
3896 1975 4004 2011 dans
4030 1983 4103 2011 nos
4130 1976 4332 2012 bureaux.

3563 2019 3615 2054 Le
3663 2019 3840 2055 Journal
3891 2024 3953 2058 est
3979 2022 4150 2057 adressé
4176 2022 4202 2058 à
4252 2031 4328 2059 nos
4355 2025 4540 2060 abonnée

3515 2072 3614 2098 sous
3641 2067 3868 2107 enveloppe
3895 2067 4064 2110 fermée,
4094 2076 4195 2105 sans
4220 2077 4384 2106 aucune
4437 2071 4540 2105 indi¬

3519 2118 3656 2152 cation
3691 2122 3936 2159 apparente.

311 2239 623 2329 Dépositaire
631 2258 655 2314 s
699 2242 761 2314 du
801 2240 865 2314 Tr
869 2250 945 2316 ait
983 2241 1189 2317 (titan

241 2383 350 2415 Paris
379 2390 388 2412 :
416 2382 580 2422 kiosque
608 2382 678 2420 136,
711 2391 778 2415 rue
804 2383 966 2424 Royale;
994 2383 1158 2422 kiosque
1184 2382 1255 2417 224,

323 2423 534 2456 boulevard
570 2422 832 2463 Saint-Denis;
867 2424 1028 2464 kiosque
1066 2425 1131 2460 189,
1170 2426 1256 2455 bou¬

327 2465 459 2498 levard
495 2466 780 2503 Saint-Michel;
813 2467 976 2506 kiosque
1011 2466 1079 2503 196,
1136 2466 1260 2498 boule¬

332 2507 423 2539 vard
447 2507 692 2548 Sébastopol.

249 2559 393 2599 Lyon':
423 2562 597 2602 kiosque,
627 2562 657 2599 8,
690 2562 800 2603 place
827 2562 897 2594 des
925 2563 1138 2600 Terreaux;
1170 2563 1263 2592 kios¬

329 2611 415 2642 que,
438 2603 546 2642 place
565 2603 602 2635 la
622 2604 738 2641 Viste;
762 2603 922 2642 kiosque
944 2603 958 2634 1
979 2602 1048 2640 bis,
1071 2603 1179 2643 place
1198 2603 1266 2634 des

330 2645 562 2683 Cordeliers;
588 2645 751 2684 kiosque
776 2647 803 2682 1,
829 2644 921 2684 quai
945 2644 991 2676 de
1018 2646 1108 2677 Retz

250 2699 444 2730 Marseille
467 2707 474 2728 :
498 2698 658 2738 kiosque
679 2698 727 2735 12,
750 2699 871 2731 allées
890 2699 937 2731 de
959 2698 1147 2736 Meilhan;
1168 2698 1266 2731 kios¬

330 2748 404 2779 que
424 2740 474 2776 25,
499 2747 566 2771 rue
591 2740 771 2779 Nouilles;
795 2740 956 2780 kiosque
981 2741 1007 2778 1,
1032 2749 1100 2775 rue
1122 2742 1267 2774 Canne-

334 2783 448 2815 biere.

251 2836 454 2867 Bordeaux
518 2835 678 2876 kiosque
704 2835 844 2873 Turbé,
872 2835 980 2875 place
1006 2835 1052 2868 de
1076 2836 1115 2868 la
1138 2835 1268 2868 Comé¬

331 2878 405 2910 die.

255 2931 475 2968 Perpignan
502 2939 509 2961 :
536 2931 698 2971 kiosque
721 2931 843 2971 Vergé

255 2986 447 3016 Toulouse
474 2995 480 3016 :
507 2984 743 3025 principaux
766 2984 950 3024 kiosques

311 3167 683 3265 Abonnés
733 3172 809 3264 et
859 3164 1229 3264 Lecteurs

313 3367 370 3407 Ce
395 3367 507 3419 petit
530 3365 719 3418 journal
747 3362 814 3404 n’a
838 3376 919 3418 pas
945 3364 983 3403 la
1010 3363 1269 3417 prétention

256 3428 391 3474 d'etre;
448 3424 676 3467 littéraire.
708 3424 783 3463 Ses
812 3424 1014 3463 bureaux
1041 3435 1094 3463 ne
1120 3424 1271 3462 seront

254 3486 419 3539 jamais
446 3483 714 3524 encombrés
742 3483 794 3523 de
820 3482 1008 3523 curieux
1036 3481 1271 3523 indiscrets

259 3547 304 3586 ni
327 3546 379 3587 de
404 3556 514 3596 gens
539 3543 766 3596 d’afjaires
787 3542 892 3595 plus
915 3555 972 3583 ou
1012 3540 1163 3583 moins
1207 3539 1274 3582 vé¬

258 3616 382 3645 reux.

320 3668 330 3703 I
360 3676 412 3703 ne
450 3662 760 3715 organisation
796 3660 986 3712 parfaite
1022 3663 1060 3700 cl
1099 3673 1184 3699 une
1222 3663 1280 3698 le-

261 3754 265 3760 ■
296 3737 347 3764 ne
376 3722 712 3774 irréprochable
744 3735 755 3761 :
784 3719 903 3760 voilà
928 3731 975 3759 sa
1003 3718 1166 3759 devise.

314 3780 529 3823 Abonnés
561 3783 602 3821 et
635 3782 826 3822 lecteurs
887 3782 988 3819 sont
1021 3779 1195 3819 assurés
1230 3780 1282 3819 de

263 3846 443 3883 trouver
467 3854 523 3880 en
548 3841 612 3880 lui
640 3852 702 3880 un
727 3839 961 3880 auxiliaire
986 3840 1279 3890 scrupuleux,

263 3903 398 3943 d’une
436 3899 681 3940 discrétion
719 3899 922 3945 absolue,
962 3899 1000 3936 et
1039 3898 1175 3938 d’une
1216 3899 1281 3938 in-

263 3960 511 4002 éiisculable
543 3958 738 4013 loyauté.

315 4019 410 4072 Que
443 4030 556 4059 ceux
587 4019 667 4070 qui
730 4030 783 4059 ne
847 4028 961 4057 nous
994 4016 1284 4057 connaissent

259 4094 336 4135 /■as
367 4079 585 4120 viennent
615 4078 639 4119 à
671 4090 784 4118 nous
812 4090 917 4118 sans
946 4076 1131 4116 crainte.
1167 4076 1286 4118 iSous

259 4151 414 4182 serons
446 4138 651 4178 heureux
680 4138 734 4177 de
795 4138 857 4176 les
915 4135 1042 4176 aider
1074 4135 1126 4175 de
1160 4139 1287 4176 notre

259 4212 267 4240 <
286 4210 482 4240 oncours
544 4196 735 4238 indirect
766 4208 847 4248 par
876 4196 914 4235 le
942 4195 1131 4248 journal
1162 4199 1201 4236 et
1235 4196 1286 4238 de

262 4272 343 4300 nos
406 4255 599 4299 conseils
630 4259 899 4311 personnels
962 4254 1137 4308 chaque
1206 4255 1287 4296 fois

260 4316 395 4372 qu’ils
428 4315 659 4356 voudront
724 4314 828 4356 bien
894 4324 1008 4354 nous
1071 4314 1284 4355 accorder

264 4383 363 4423 leur
399 4376 636 4430 confiance
675 4379 715 4416 et
755 4388 870 4416 nous
907 4375 1158 4418 demander
1195 4387 1276 4415 nos

262 4440 370 4482 avis.

321 4500 415 4551 Que
478 4511 559 4540 nos
620 4499 811 4540 lecteurs
872 4495 1148 4539 deviennent
1211 4495 1286 4536 des

263 4562 392 4601 amis.
426 4559 521 4608 Que
548 4560 732 4610 partout
762 4560 803 4598 et
832 4556 856 4598 à
886 4560 1000 4604 tous,
1035 4556 1088 4598 ils
1115 4556 1285 4610 fassent

267 4620 519 4666 connaître,
559 4629 662 4658 sans
699 4616 870 4658 crainte
908 4619 948 4658 et
984 4629 1088 4658 sans
1127 4616 1281 4663 honte,

264 4682 301 4720 le
330 4680 420 4720 bon
443 4676 846 4732 fonctionnement
871 4677 924 4717 de
952 4680 1079 4718 noire
1104 4675 1286 4728 organi¬

266 4740 412 4780 sation
451 4752 463 4786 ;
500 4737 635 4791 qu’ils
674 4750 788 4778 nous
822 4739 1070 4789 procurent
1108 4736 1146 4778 le
1180 4735 1284 4788 plus

267 4794 553 4839 d’adhésions
580 4792 801 4851 possibles,
836 4790 958 4836 voilà
990 4797 1118 4837 notre
1156 4791 1287 4835 désir.

323 4860 350 4899 A
392 4862 491 4898 tous
523 4859 563 4898 et
596 4856 619 4898 à
655 4858 814 4904 toutes,
852 4867 966 4896 nous
998 4854 1283 4900 souhaitons,

264 4932 320 4960 en
348 4920 514 4964 retour,
547 4918 696 4957 bonne
752 4916 924 4956 chance
980 4918 1020 4956 et
1075 4915 1286 4967 prompte

266 4978 523 5020 réalisation
549 4977 602 5016 de
627 4979 747 5017 leurs
768 4976 873 5030 plus
899 4975 1054 5016 chères
1078 4972 1287 5027 espéran-

265 5051 334 5082 CCS

811 5098 880 5139 LA
907 5094 1228 5138 DIRECTION.

335 5264 562 5342 SERVICE
618 5264 686 5340 DE
733 5262 1222 5340 RENSEIGNEMENTS

323 5388 463 5428 Toute
498 5398 718 5438 personne
751 5386 887 5437 ayant
916 5385 1070 5426 besoin
1104 5383 1288 5425 d’infor¬

274 5447 466 5488 mations
490 5448 631 5496 sûres,
656 5457 714 5487 au
736 5444 864 5496 point
886 5444 940 5486 de
960 5456 1048 5487 vue
1070 5443 1287 5484 financier

266 5506 556 5548 commercial
583 5518 640 5547 ou
666 5504 808 5557 privé,
838 5503 1111 5544 concernant
1164 5502 1290 5542 affai¬

267 5578 351 5615 res,
382 5565 606 5616 mariages
634 5577 691 5606 ou
720 5564 886 5612 autres,
918 5572 1099 5604 recevra
1127 5562 1188 5603 du
1216 5560 1290 5602 Di¬

269 5627 443 5667 recteur
470 5626 532 5666 les
560 5623 947 5677 renseignements
974 5622 1038 5664 les
1064 5622 1167 5675 plus
1193 5620 1290 5674 pré¬

268 5687 346 5736 cis,
374 5680 399 5724 à
423 5684 502 5726 des
527 5685 628 5737 prix
656 5686 744 5726 très
770 5683 990 5726 modérés.
1020 5683 1103 5724 Ges
1127 5680 1292 5723 rensei¬

267 5744 507 5799 gnements
527 5755 573 5786 se
595 5743 749 5796 paient
770 5743 998 5784 d’avance.

740 5820 828 5880 ***

350 5917 824 6066 ÜllllMsiM
882 5928 1228 6059 Mariage^

479 6145 780 6206 NOTRE
869 6142 1102 6204 ROLE

331 6271 388 6312 Le
414 6287 435 6310 «
459 6270 583 6313 Trait
604 6271 806 6314 d’Union
832 6286 852 6310 »
879 6272 1059 6322 accepte
1082 6270 1207 6310 toute
1230 6277 1295 6307 es¬

274 6333 379 6388 pèce
407 6330 461 6371 de
489 6330 730 6384 publicité;
759 6330 874 6372 mais
902 6328 933 6370 il
962 6327 1170 6382 s’occupe
1199 6324 1296 6380 spé¬

275 6391 516 6435 cialement
544 6388 824 6432 d’annonces
854 6389 908 6430 de
936 6387 1179 6439 mariages.

334 6451 390 6492 Le
415 6450 496 6491 but
523 6448 695 6502 unique
719 6450 774 6491 de
798 6450 839 6490 la
866 6447 1098 6490 Direction
1124 6453 1190 6487 est
1243 6444 1296 6486 de

276 6511 492 6554 favoriser
520 6507 583 6550 les
611 6508 780 6550 unions
807 6507 974 6562 légalus
1001 6511 1044 6548 et
1071 6503 1297 6547 chrétien¬

275 6584 352 6614 nes
383 6583 463 6626 par
495 6580 556 6610 un
587 6566 780 6622 procédé
808 6566 976 6610 discret
1003 6571 1047 6609 et
1075 6563 1293 6614 honnête,

274 6630 631 6672 contrairement
652 6627 675 6667 à
698 6624 894 6668 certains
914 6627 1150 6679 journaux
1170 6623 1298 6666 simi¬

278 6691 406 6732 laires
430 6688 507 6744 qui
534 6691 636 6732 sont
662 6684 738 6728 des
763 6696 954 6739 agences
979 6683 1295 6727 matrimonia¬

279 6752 339 6792 les
359 6747 611 6803 déguisées.

1407 2240 1458 2283 I.e
1492 2240 1724 2284 Directeur
1755 2244 1891 2293 reçoit
1919 2243 1959 2284 le
1987 2245 2190 2286 courrier
2218 2246 2271 2287 de
2299 2260 2366 2287 ses

1346 2300 1564 2349 abonnés,
1592 2302 1705 2345 seul,
1736 2302 1766 2342 il
1794 2302 1832 2344 le
1859 2307 2096 2354 transmet,
2125 2308 2168 2346 et
2193 2306 2306 2355 seul,
2336 2304 2364 2344 il

1350 2360 1518 2413 lépoiui
1546 2374 1632 2402 aux
1657 2361 1807 2404 lettres
1832 2364 1910 2415 qui
1939 2363 1999 2403 lui
2027 2367 2128 2403 sont
2184 2376 2368 2419 person¬

1351 2421 1596 2460 nellement.
1619 2420 1859 2462 adressées.

1410 2478 1491 2519 Par
1520 2492 1607 2519 une
1632 2478 1952 2520 combinaison
2010 2479 2192 2522 d’offres
2219 2487 2260 2523 cl
2316 2482 2369 2523 de

1349 2538 1596 2579 demandes
1626 2543 1668 2578 et
1700 2550 1779 2591 par
1811 2538 1849 2579 la
1883 2540 2275 2594 correspondance
2305 2542 2371 2582 di-

1351 2601 1464 2637 reoto
1492 2601 1617 2638 entre
1647 2596 1707 2639 les
1734 2596 1954 2647 abonnés,
1984 2600 2046 2640 les
2074 2600 2299 2654 mariages
2326 2614 2371 2642 se

1351 2656 1448 2698 font
1472 2664 1578 2695 sans
1604 2654 1980 2696 intermédiaires.

1410 2713 1530 2756 Nous
1554 2728 1610 2756 ne
1632 2716 1840 2758 saurions
1894 2730 2011 2758 assez
2064 2718 2239 2770 répéter
2290 2732 2378 2773 que

1355 2785 1467 2814 nous
1495 2773 1683 2814 n’avons
1707 2774 1806 2815 rien
1831 2775 1884 2816 de
1908 2788 2130 2816 commun
2156 2790 2264 2818 avec
2288 2791 2378 2819 une

1352 2844 1520 2884 agence
1580 2832 1937 2875 matrimoniale.
1974 2834 2068 2872 Non
2127 2834 2379 2874 seulement

1351 2899 1464 2930 nous
1498 2899 1552 2928 ne
1584 2891 1756 2934 faisons
1790 2901 1868 2939 pas
1902 2894 1955 2932 de
1988 2891 2228 2942 mariages,
2263 2894 2380 2934 mais

1352 2958 1511 2988 encore
1547 2959 1662 2991 nous
1697 2960 1752 2990 ne
1789 2950 2043 2991 réclamons
2077 2962 2254 2992 aucune
2316 2962 2380 2992 es¬

1354 3007 1458 3055 pèce
1522 3008 1574 3048 de
1638 3008 1929 3050 commission
1992 3014 2033 3050 et
2096 3014 2222 3051 notre
2286 3011 2378 3051 rôle

1355 3067 1639 3108 d’auxiliaire
1676 3067 1839 3108 discret
1876 3079 1995 3110 cesse
2058 3079 2115 3110 au
2179 3074 2382 3111 moment

1356 3126 1500 3175 précis
1523 3127 1579 3167 où
1607 3128 1668 3170 les
1692 3126 1930 3170 intéressés
1954 3132 2074 3170 n’ont
2100 3131 2203 3179 plus
2227 3132 2380 3171 besoin

1355 3187 1407 3224 de
1432 3196 1512 3226 nos
1536 3186 1744 3226 services.

1422 3244 1554 3287 Notre
1590 3247 1784 3300 système
1824 3247 1894 3287 n’a
1934 3250 2028 3288 rien
2068 3248 2122 3289 de
2159 3262 2382 3291 commun

1365 3318 1453 3346 non
1488 3304 1588 3359 plus
1619 3319 1724 3346 avec
1754 3305 1816 3348 les
1847 3320 2079 3350 annonces
2109 3307 2185 3350 des
2216 3310 2384 3363 grands

1360 3364 1591 3415 journaux
1622 3366 1858 3419 parisiens.
1894 3367 2006 3408 Leur
2035 3367 2250 3411 méthode
2279 3382 2385 3411 con¬

1361 3423 1465 3464 siste
1491 3424 1514 3463 à
1546 3424 1715 3464 insérer
1743 3424 1819 3467 des
1847 3427 2095 3467 demandes
2153 3432 2195 3468 et
2251 3428 2386 3470 offres

1363 3482 1416 3523 de
1456 3482 1694 3535 mariages,
1735 3483 2079 3536 généralement
2114 3499 2382 3541 anonymes,

1364 3547 1406 3583 et
1436 3547 1619 3596 portant
1648 3542 1932 3586 l'indication
1970 3559 1978 3585 :
2012 3562 2032 3584 «
2064 3550 2190 3599 poste
2220 3551 2388 3587 restan¬

1366 3604 1404 3640 te
1432 3617 1470 3642 ».

1424 3660 1548 3702 Celle
1580 3660 1825 3703 discrétion
1859 3663 1945 3704 très
1977 3663 2183 3718 légitime
2214 3671 2256 3707 et
2287 3679 2390 3707 sans

1367 3719 1561 3774 dangers
1596 3726 1722 3762 enlie
1760 3722 1981 3764 honnêtes
2018 3736 2144 3778 gens,
2185 3726 2392 3778 présente

1368 3786 1406 3827 le
1435 3786 1537 3840 plus
1595 3795 1789 3828 souvent
1846 3788 1900 3830 de
1959 3803 2118 3843 graves
2178 3790 2391 3832 inconvé¬

1370 3846 1533 3887 nients.
1584 3846 1655 3886 Un
1683 3849 2044 3903 correspondant
2071 3850 2150 3902 qui
2178 3849 2392 3891 dissimu¬

1371 3906 1407 3947 le
1436 3919 1518 3947 son
1550 3904 1739 3947 identité
1768 3920 1824 3951 ne
1853 3912 1962 3962 peut
1988 3907 2118 3949 offrir
2147 3907 2201 3949 de
2231 3922 2391 3963 garan¬

1372 3967 1450 4008 ties
1478 3966 1709 4007 sérieuses.
1740 3966 1856 4008 Neuf
1883 3967 1968 4008 fois
1996 3980 2074 4008 sur
2100 3966 2192 4016 dix,
2226 3968 2287 4010 les
2315 3972 2392 4010 let¬

1369 4030 1456 4067 tres
1512 4024 1735 4066 adressées
1790 4026 1814 4068 à
1870 4039 1940 4068 ces
1994 4039 2211 4069 coureurs
2236 4027 2291 4070 de
2316 4028 2395 4070 dot

1371 4090 1539 4128 restent
1562 4096 1664 4126 sans
1691 4084 1896 4138 réponse.
1928 4087 1984 4130 Le
2009 4087 2106 4128 naïf
2129 4100 2395 4143 correspon¬

1370 4145 1481 4187 dant
1510 4144 1748 4199 s’aperçoit
1777 4147 1890 4199 qu’il
1921 4160 1944 4187 a
1975 4147 2043 4188 été
2073 4146 2396 4190 l’amusement

1371 4204 1479 4248 d’un
1511 4204 1695 4247 fumiste
1722 4218 1781 4246 ou
1808 4204 1920 4247 d’un
1946 4206 2139 4250 farceur.

1434 4264 1620 4306 Pareille
1655 4263 1972 4306 mésaventure
2008 4266 2123 4308 n’est
2157 4279 2235 4320 pas
2270 4267 2294 4307 à
2328 4280 2395 4308 re¬

1372 4323 1547 4372 douter,
1580 4323 1712 4378 grâce
1739 4323 1762 4365 à
1792 4323 2047 4367 l’heureuse
2075 4326 2392 4368 combinaison

1372 4383 1432 4426 du
1462 4384 1582 4424 Trait
1608 4384 1824 4426 d’Union.
1855 4384 1994 4427 Grâce
2019 4386 2043 4426 à
2069 4386 2151 4435 lui,
2182 4386 2328 4427 riches
2355 4391 2394 4428 et

1375 4455 1566 4498 pauvres
1624 4442 1754 4485 n’ont
1783 4444 1884 4498 plus
1914 4443 2071 4486 besoin
2100 4446 2155 4487 de
2183 4446 2396 4488 relations

1375 4503 1684 4558 personnelles
1720 4518 1836 4558 pour
1871 4504 2016 4547 s’unir
2052 4506 2324 4559 dignement
2357 4512 2396 4549 et

1374 4564 1498 4606 selon
1534 4563 1632 4604 leur
1664 4563 1797 4603 désir.
1863 4564 2243 4615 Journellement,
2282 4579 2398 4608 nous

1379 4637 1592 4666 recevons
1630 4623 1706 4664 des
1743 4622 1894 4666 lettres
1931 4624 1986 4666 de
2018 4624 2393 4667 remerciements

1375 4687 1418 4726 et
1451 4683 1506 4725 de
1542 4683 1834 4725 félicitations
1871 4696 1986 4737 pour
2020 4683 2062 4724 la
2097 4684 2300 4727 manière
2334 4686 2399 4726 sé¬

1376 4743 1522 4786 rieuse
1544 4743 1659 4784 dont
1680 4744 1814 4798 opère
1838 4743 1878 4785 la
1902 4743 2150 4786 Direction.

1435 4803 1499 4844 En
1530 4816 1579 4844 ce
1608 4803 1687 4858 qui
1716 4816 1940 4846 concerne
1971 4804 2011 4846 la
2040 4803 2399 4859 correspondan¬

1376 4876 1440 4912 ce,
1475 4876 1590 4905 nous
1620 4876 1736 4905 nous
1767 4862 1938 4905 faisons
1968 4877 2058 4906 une
2088 4863 2147 4904 loi
2179 4864 2234 4907 de
2263 4869 2400 4907 rester

1379 4926 1558 4964 neutres
1595 4927 1636 4964 et
1672 4922 1904 4976 d’ignorer
1939 4936 1987 4964 ce
2023 4922 2303 4978 qu’écrivent
2339 4924 2399 4966 les

1375 4981 1628 5026 intéressés.

1432 5042 1490 5084 Le
1514 5048 1655 5086 secret
1679 5043 1755 5086 des
1781 5043 1931 5087 lettres
1955 5048 2020 5087 est
2043 5043 2179 5086 chose
2204 5044 2352 5087 sacrée
2390 5044 2399 5087 !

1916 5104 1986 5146 LA
2016 5102 2338 5147 DIRECTION.

1464 5283 2304 5367 CONDITIONS

1547 5392 1603 5430 11
1629 5390 1792 5430 francs
1813 5403 1937 5443 pour
1958 5392 2079 5431 trois
2102 5391 2224 5431 mois

1379 5456 1589 5495 sonnant
1606 5455 1722 5494 droit
1742 5454 1766 5494 à
1788 5466 1875 5496 une
1895 5463 2112 5503 annonce,
2136 5463 2192 5494 au
2213 5454 2394 5503 journal

1432 5524 1538 5554 sous
1558 5515 1819 5564 enveloppe,
1842 5519 1883 5555 et
1903 5524 1960 5554 au
1980 5515 2150 5555 service
2171 5516 2224 5558 de
2246 5516 2287 5556 la
2306 5524 2398 5555 cor¬

1431 5574 1754 5622 respondance.

1428 5631 1646 5679 Etranger
1671 5634 1720 5671 15
1746 5631 1915 5673 francs.

1376 5692 1705 5731 Abonnement
1732 5690 1791 5744 au
1816 5691 2014 5744 journal
2039 5692 2152 5738 seul,
2187 5703 2300 5732 sous
2327 5703 2404 5732 en¬

1426 5746 1636 5795 veloppe.

1384 5808 1452 5847 Un
1471 5818 1527 5847 an
1547 5810 1571 5846 6
1588 5808 1755 5855 francs,
1776 5808 1844 5847 six
1866 5807 1981 5847 mois
1998 5810 2023 5847 3
2039 5809 2209 5848 francs.

1439 5981 2351 6087 FONCTIONNEMENT

1422 6180 1544 6215 Toute
1576 6187 1770 6220 personne
1801 6181 1868 6222 qui
1899 6182 2027 6216 désire
2059 6182 2270 6216 s’abonner
2319 6184 2342 6217 à
2370 6182 2410 6216 la

1380 6222 1654 6255 combinaison
1679 6222 1877 6264 mariages
1901 6224 1983 6256 doit
2008 6231 2181 6263 envoyer
2208 6232 2259 6258 au
2286 6226 2410 6258 Direc¬

1381 6262 1478 6300 teur,
1503 6271 1573 6296 son
1597 6270 1788 6303 annonce,
1814 6271 1883 6296 son
1909 6272 2012 6304 nom,
2037 6271 2107 6297 son
2134 6265 2294 6300 adresse
2315 6266 2411 6299 véri¬

1380 6304 1496 6343 table,
1521 6305 1558 6338 et
1578 6304 1615 6338 le
1637 6304 1725 6344 prix
1747 6306 1794 6338 de
1816 6314 1888 6339 son
1911 6307 2188 6344 abonnement,
2212 6308 2289 6342 soit
2315 6315 2410 6342 onze

1382 6346 1515 6378 francs
1548 6354 1646 6384 pour
1678 6347 1775 6382 trois
1810 6349 1908 6382 mois
1940 6355 1987 6380 en
2028 6350 2202 6388 mandat,
2235 6351 2331 6383 bons
2363 6351 2412 6383 de

1383 6390 1491 6425 poste
1512 6391 1562 6420 ou
1584 6388 1760 6420 timbres.

1424 6428 1453 6462 A
1476 6428 1603 6470 partir
1624 6428 1671 6462 de
1695 6438 1739 6464 ce
1761 6431 1935 6464 moment
1958 6431 2139 6464 l’abonné
2163 6434 2255 6473 peut
2287 6435 2411 6471 entrer

1383 6477 1431 6502 en
1455 6471 1624 6503 relation
1648 6471 1795 6504 directe
1820 6480 1913 6506 avec
1959 6472 2016 6507 les
2063 6481 2314 6508 annonceurs
2362 6472 2408 6506 du

1383 6523 1396 6539 -
1423 6512 1531 6544 Trait
1559 6512 1726 6545 d’Union
1752 6524 1778 6544 ».
1806 6513 1837 6546 Il
1861 6514 2003 6547 choisit
2031 6515 2159 6555 parmi
2183 6515 2240 6555 les
2264 6523 2412 6550 annon¬

1382 6559 1446 6586 ces
1470 6551 1567 6586 celle
1590 6554 1659 6594 qui
1683 6554 1869 6588 convient
1893 6555 1917 6588 à
1939 6563 2003 6590 ses
2047 6556 2164 6596 goûts
2187 6559 2224 6591 et
2249 6558 2272 6591 à
2296 6566 2342 6591 sa
2363 6559 2412 6591 si¬

1382 6595 1545 6628 tuation.
1571 6595 1604 6626 Il
1627 6594 1722 6627 écrit
1751 6595 1773 6628 à
1795 6595 1836 6629 la
1859 6604 2054 6636 personne
2077 6595 2239 6638 choisie,
2267 6600 2324 6632 lui
2348 6606 2411 6632 ex¬

1382 6635 1515 6676 plique
1537 6643 1599 6670 ses
1623 6635 1851 6676 intentions,
1875 6638 1932 6671 lui
1956 6639 2087 6672 donne
2110 6639 2166 6673 les
2190 6642 2411 6682 renseigne¬

1381 6678 1509 6711 ments
1532 6678 1786 6716 nécessaires,
1814 6679 1926 6720 signe
1948 6688 1994 6715 sa
2014 6680 2138 6719 lettre,
2164 6688 2242 6714 non
2271 6690 2340 6723 pas
2362 6684 2412 6715 de

1382 6725 1452 6751 son
1474 6726 1564 6751 nom
1586 6719 1684 6751 mais
1707 6720 1755 6754 de
1771 6726 1842 6753 son
1863 6720 2027 6755 numéro
2046 6723 2199 6755 d'ordre
2215 6731 2256 6756 —
2275 6731 2322 6763 ne
2342 6731 2411 6763 pas

1383 6760 1534 6793 oublier
1555 6766 1600 6795 oe
1619 6759 1738 6794 détail
1759 6761 1840 6797 trie
1868 6762 2094 6803 Important.
2116 6762 2150 6798 Il
2171 6761 2347 6800 cachette
2367 6774 2412 6799 aa

2443 2247 2567 2283 lettre,
2599 2246 2638 2280 la
2667 2250 2819 2287 timbre,
2851 2250 2888 2281 la
2918 2250 3039 2290 glisse
3070 2252 3170 2286 dans
3199 2259 3275 2284 une
3306 2252 3474 2285 seconde

2444 2287 2659 2329 enveloppe
2693 2292 2850 2330 portant
2886 2290 3072 2326 l’adresse
3104 2294 3155 2326 du
3191 2294 3393 2326 Directeur
3422 2295 3475 2327 du

2448 2343 2462 2359 «
2486 2330 2594 2363 Trait
2616 2331 2780 2365 d’Union
2812 2344 2826 2360 »
2850 2339 2943 2365 avec
2967 2334 3064 2368 cette
3090 2335 3307 2367 indication
3331 2342 3400 2367 sur
3422 2343 3476 2368 un

2446 2370 2583 2411 papier
2604 2371 2873 2411 indépendant
2899 2383 2906 2406 :
2930 2386 2943 2402 «
2967 2374 3140 2407 Veuillez
3163 2376 3416 2409 transmettre
3438 2376 3478 2411 la

2446 2413 2556 2444 lettre
2584 2414 2758 2453 ci-jointe
2786 2415 2809 2446 à
2836 2415 3056 2448 l’abonné...
3085 2415 3100 2446 »
3131 2415 3315 2454 indiquer
3343 2418 3379 2450 le
3411 2423 3478 2450 nu¬

2450 2454 2554 2486 méro
2579 2455 2624 2490 de
2650 2456 2855 2490 l’annonce
2878 2456 3040 2488 choisie.

2488 2495 2544 2527 En
2564 2495 2811 2536 dépouillant
2832 2504 2903 2530 son
2924 2499 3101 2531 courrier
3120 2499 3157 2532 le
3179 2499 3380 2532 Directeur
3399 2500 3478 2532 met

2448 2536 2504 2570 les
2527 2536 2706 2571 adresses
2732 2539 2969 2576 respectives
2992 2547 3066 2578 que
3089 2540 3172 2572 seul
3195 2540 3224 2572 il
3246 2540 3417 2579 connaît,
3443 2542 3479 2574 et

2447 2579 2638 2612 transmet
2655 2579 2695 2611 la
2716 2579 3056 2618 correspondance
3076 2588 3191 2619 reçue
3210 2587 3288 2612 aux
3307 2580 3478 2614 destina¬

2450 2619 2579 2652 taires.

2492 2660 2543 2695 De
2570 2663 2668 2696 cette
2696 2663 2812 2699 façon
2838 2661 2928 2694 tous
2955 2662 3012 2695 les
3044 2663 3219 2696 abonnés
3247 2663 3299 2695 du
3328 2675 3342 2691 «
3371 2664 3482 2698 Trait

2451 2701 2616 2734 d'Union
2640 2715 2655 2732 »
2688 2704 2858 2743 peuvent
2882 2702 3038 2736 s’écrire
3063 2704 3319 2738 directement
3344 2704 3382 2736 et
3404 2705 3482 2737 dis¬

2450 2742 2662 2776 crètement
2690 2752 2783 2776 sans
2810 2746 2890 2780 être
2916 2751 3068 2783 connus
3095 2746 3279 2785 jusqu’au
3304 2746 3480 2780 moment

2452 2784 2503 2818 où
2535 2783 2583 2815 ils
2614 2784 2754 2825 jugent
2812 2786 3034 2820 nécessaire
3088 2785 3324 2827 d'échanger
3376 2786 3482 2820 leurs

2453 2832 2566 2859 noms
2587 2827 2806 2867 respectifs.

2494 2862 2546 2903 Si,
2572 2874 2623 2900 au
2649 2868 2856 2905 contraire,
2885 2868 2934 2902 ils
2959 2878 3007 2902 ne
3055 2871 3223 2910 peuvent
3248 2869 3479 2907 s’entendre,

2455 2910 2503 2943 ils
2523 2912 2676 2942 cessent
2697 2911 2743 2944 de
2768 2911 3052 2949 correspondre
3074 2916 3110 2944 et
3131 2919 3282 2944 comme
3307 2911 3356 2943 ils
3376 2911 3484 2951 igno¬

2454 2952 2537 2983 rent
2558 2950 2640 2983 l’un
2662 2954 2698 2984 et
2719 2952 2857 2983 l’autre
2876 2950 2963 2982 leur
2985 2959 3079 2984 nom
3099 2954 3136 2985 et
3158 2952 3330 2990 adresse,
3351 2958 3483 2984 aucun

2454 2992 2567 3025 d’eux
2591 2993 2686 3026 n’est
2706 2992 2955 3031 compromis.

2495 3034 2526 3066 Il
2547 3034 2603 3065 est
2626 3034 2715 3066 bien
2737 3034 2908 3067 entendu
2930 3040 3005 3072 que
3027 3041 3127 3068 nous
3150 3034 3355 3066 déclinons
3376 3033 3483 3067 toute

2456 3075 2756 3114 responsabilité
2787 3074 2952 3115 puisque
2982 3082 3083 3111 nous
3113 3083 3212 3110 nous
3247 3075 3399 3107 faisons
3429 3082 3483 3108 un

2454 3115 2590 3150 devoir
2607 3115 2654 3149 de
2675 3118 2799 3150 rester
2817 3118 2976 3150 neutres
2994 3119 3030 3151 et
3047 3118 3246 3158 d’ignorer
3264 3124 3306 3150 ce
3324 3115 3486 3158 qu’écri¬

2460 3158 2547 3190 vent
2572 3163 2643 3189 nos
2667 3158 3010 3198 correspondants.

2499 3198 2643 3238 Depuis
2668 3206 2742 3238 que
2772 3207 2814 3231 ce
2839 3200 2996 3238 journal
3024 3202 3080 3232 est
3106 3200 3203 3238 créé,
3232 3200 3257 3231 il
3283 3200 3372 3232 s’est
3396 3207 3486 3232 con¬

2457 3239 2578 3274 tracté
2598 3239 2644 3272 de
2666 3240 2884 3272 nombreux
2908 3241 3107 3279 mariages
3127 3242 3162 3274 et
3182 3243 3268 3275 tout
3288 3240 3324 3273 le
3343 3240 3489 3275 monde

2456 3282 2531 3314 sait
2559 3281 2596 3312 la
2624 3280 2800 3315 manière
2829 3282 3003 3315 sérieuse
3030 3283 3123 3316 dont
3151 3282 3267 3322 opère
3292 3282 3334 3314 la
3360 3279 3486 3314 Direc¬

2456 3323 2551 3355 tion.

2501 3384 2605 3414 Nota.
2631 3401 2674 3406 —
2697 3384 2747 3415 No
2770 3390 2839 3422 pas
2862 3383 3015 3415 oublier
3039 3384 3092 3414 les
3115 3382 3277 3415 timbres
3301 3380 3486 3412 d’affran¬

2458 3426 2698 3456 chissement
2724 3426 2958 3462 obligatoire
2984 3431 3083 3461 pour
3108 3425 3144 3455 la
3171 3422 3363 3460 première
3388 3423 3423 3454 et
3451 3424 3486 3454 la

2459 3466 2667 3501 deuxième
2691 3467 2938 3503 enveloppes.

2564 3624 3379 3671 ENVELOPPES-ADRESSES

2512 3714 2646 3752 Nous
2676 3715 2844 3752 tenons
2875 3711 2903 3751 à
2932 3711 2976 3750 la
3012 3710 3287 3762 disposition
3322 3710 3376 3749 de
3398 3719 3486 3748 nos

2459 3766 2698 3812 Abonnés,
2740 3767 2821 3804 des
2855 3765 3153 3815 Enveloppes
3187 3775 3246 3804 au
3278 3775 3391 3803 mm
3431 3764 3487 3803 de

2459 3822 2587 3858 Jean
2614 3820 2756 3866 Bach,
2788 3831 2847 3858 au
2866 3818 2974 3869 prix
2999 3819 3054 3859 de
3082 3820 3111 3859 0
3143 3819 3202 3858 fr.
3229 3820 3288 3858 15
3310 3818 3356 3856 lt
3378 3817 3490 3856 dou¬

2460 3872 2608 3912 zaine.

2495 4060 3095 4140 Recommandations
3139 4066 3455 4143 Générales

2508 4284 2546 4312 1°
2580 4283 2778 4315 Personne
2807 4292 2854 4316 ne
2883 4287 2974 4323 peut
3002 4286 3288 4323 correspondre
3315 4294 3411 4319 avec
3439 4288 3494 4319 les

2467 4330 2642 4362 abonnés
2668 4336 2762 4363 sans
2790 4332 2900 4364 avoir
2927 4332 3039 4365 versé
3067 4333 3123 4366 les
3148 4335 3184 4366 11
3212 4335 3347 4366 francs
3375 4333 3494 4372 régle¬

2468 4378 2679 4409 mentaires
2706 4385 2716 4417 ;

2507 4454 2527 4486 2
2532 4454 2548 4484 °
2574 4454 2794 4490 L’annonce
2816 4458 2883 4490 des
2906 4457 3081 4490 abonnés
3103 4458 3184 4490 doit
3208 4455 3390 4494 indiquer
3415 4456 3498 4487 leur

2471 4499 2554 4540 âge,
2584 4502 2667 4534 leur
2695 4503 2899 4542 situation,
2927 4504 3008 4535 s’ils
3035 4504 3211 4538 désirent
3236 4511 3285 4536 ou
3314 4510 3392 4535 non
3420 4510 3496 4536 une

2471 4548 2548 4580 dot.
2577 4550 2658 4581 Elle
2683 4551 2766 4583 doit
2791 4551 2949 4582 fournir
2976 4552 3150 4583 certains
3175 4552 3318 4583 détails
3345 4552 3392 4583 de
3421 4559 3498 4583 ma¬

2471 4595 2578 4627 nière
2598 4595 2622 4628 à
2643 4596 2766 4628 éviter
2787 4596 2854 4628 des
2875 4598 3239 4635 correspondances
3262 4598 3423 4631 inutiles
3447 4605 3455 4635 ;

2510 4659 2544 4687 3°
2566 4658 2634 4689 Les
2655 4663 2855 4690 annonces
2877 4660 2964 4690 sont
2984 4658 3032 4691 de
3052 4660 3114 4691 six
3138 4658 3264 4696 lignes
3284 4665 3335 4689 au
3380 4658 3499 4688 maxi¬

2472 4705 2591 4730 mum.
2648 4700 2716 4731 Les
2772 4699 2899 4736 lignes
2952 4700 3310 4739 supplémentaires
3364 4700 3497 4732 seront

2478 4744 2619 4784 payées
2643 4745 2666 4777 à
2688 4746 2822 4778 raison
2844 4747 2892 4778 de
2914 4748 2930 4778 1
2954 4749 3067 4780 franc
3091 4750 3127 4780 la
3151 4748 3256 4786 ligne
3279 4754 3378 4785 pour
3400 4747 3496 4779 trois

2474 4793 2584 4824 mois.
2616 4792 2666 4824 Ce
2695 4792 2798 4826 délai
2830 4792 2979 4831 écoulé,
3012 4796 3067 4827 les
3098 4793 3308 4827 intéressés
3338 4793 3499 4826 doivent

2472 4840 2686 4872 demander
2718 4842 2751 4872 le
2782 4842 3120 4874 renouvellement
3151 4848 3160 4878 ;

2512 4904 2548 4933 4°
2581 4903 2631 4935 La
2663 4903 2858 4935 Direction
2887 4904 3082 4941 n’accepte
3107 4910 3182 4940 que
3207 4904 3275 4935 des
3300 4911 3501 4935 annonces

2473 4948 2550 4980 très
2571 4948 2779 4987 sérieuses,
2799 4950 2918 4982 celles
2938 4950 3035 4982 dont
3057 4950 3095 4982 la
3115 4948 3319 4982 rédaction
3342 4956 3390 4982 ne
3411 4957 3501 4983 con¬

2475 4995 2635 5028 viendra
2664 5002 2734 5034 pas
2762 4998 2894 5027 seront
2923 4996 3098 5030 refusées
3129 5004 3138 5036 ;

2512 5043 2552 5074 9°
2579 5042 2638 5075 On
2664 5046 2755 5080 peut
2778 5044 3066 5081 correspondre
3088 5046 3113 5079 à
3138 5047 3175 5078 la
3198 5046 3275 5078 fois
3299 5051 3394 5077 avec
3419 5044 3500 5082 plu¬

2472 5090 2599 5122 sieurs
2628 5090 2807 5123 abonnés
2835 5098 2844 5130 ;

2512 5158 2547 5187 5°
2579 5156 2630 5188 La
2660 5156 2748 5194 plus
2779 5155 3034 5190 élémentaire
3102 5158 3286 5195 politesse
3315 5155 3388 5187 fait
3450 5164 3502 5187 un

2474 5203 2608 5235 devoir
2639 5210 2716 5235 aux
2747 5203 2924 5235 abonnés
2955 5203 3003 5235 de
3033 5203 3228 5243 répondre
3256 5210 3335 5235 aux
3368 5203 3500 5236 lettres

2475 5256 2622 5288 reçues.
2656 5251 2731 5282 Pas
2764 5252 2862 5283 n’est
2892 5250 3027 5283 besoin
3060 5252 3107 5283 de
3140 5252 3305 5288 longues
3338 5251 3502 5289 phrases

2474 5299 2574 5331 dans
2596 5298 2768 5332 certains
2791 5306 2871 5331 cas.
2898 5299 3004 5332 Deux
3031 5301 3131 5332 mots
3154 5298 3344 5331 suffisent
3369 5306 3379 5338 ;

2514 5364 2549 5394 6°
2579 5364 2702 5395 Toute
2732 5364 2843 5394 lettre
2871 5364 2939 5400 qui
2972 5371 3072 5400 nous
3102 5366 3159 5395 est
3188 5362 3374 5395 adressée
3423 5371 3506 5400 per¬

2475 5410 2763 5444 sonnellement
2782 5410 2818 5442 et
2838 5410 2903 5448 qui
2923 5410 3119 5443 demande
3139 5418 3215 5443 une
3235 5410 3402 5448 réponse
3420 5410 3504 5442 doit

2476 5458 2556 5490 être
2577 5456 2868 5498 accompagnée
2890 5456 2982 5490 d’un
3003 5457 3147 5491 timbre
3167 5459 3215 5491 de
3238 5459 3275 5490 10
3298 5456 3501 5491 centimes.

2515 5522 2550 5550 7°
2587 5519 2710 5555 Toute
2742 5519 2998 5558 suppression
3054 5520 3284 5556 d’annonce,
3339 5519 3506 5557 change¬

2480 5568 2586 5599 ment
2627 5573 2676 5599 ou
2720 5566 2995 5599 modification
3038 5564 3270 5598 d’insertion
3312 5571 3359 5596 en
3387 5572 3503 5598 cours

2479 5615 2795 5652 d’abonnement,
2828 5615 2991 5646 nuisant
3020 5614 3043 5646 à
3075 5615 3112 5647 la
3143 5615 3272 5647 bonne
3302 5615 3504 5652 organisa¬

2478 5663 2560 5695 tion
2584 5662 2631 5695 de
2652 5669 2716 5695 ma
2736 5662 3012 5695 combinaison
3036 5663 3246 5702 mariages,
3271 5662 3326 5694 les
3348 5668 3506 5700 person¬

2482 5718 2549 5743 nes
2588 5710 2655 5750 qui
2696 5717 2744 5743 en
2784 5711 2915 5743 feront
2940 5711 2976 5742 la
3000 5710 3196 5744 demande
3220 5716 3419 5749 expresse,
3444 5710 3506 5743 de¬

2480 5760 2595 5791 vront
2617 5766 2659 5791 se
2681 5760 2908 5792 conformer
2930 5765 2981 5791 au
3005 5759 3100 5791 tarif
3123 5759 3284 5791 suivant
3309 5766 3319 5790 :

2522 5836 2786 5873 Suppression
2820 5835 3324 5868 d’annonce.
3373 5834 3391 5863 5
3415 5834 3463 5865 fr.

2523 5883 2794 5923 Changement
2827 5883 3242 5922 complet.
3274 5904 3323 5914 ...
3371 5880 3390 5911 3
3414 5882 3463 5913 fr.

2523 5931 2782 5970 Supplément
2810 5931 2926 5964 d’une
2955 5930 3324 5970 ligne.
3374 5928 3388 5959 1
3415 5930 3463 5960 fr.

3098 6024 3152 6057 LE
3178 6020 3466 6055 DIRECTEUR.

2575 6246 2891 6345 Annonces
2925 6243 3035 6341 des
3069 6240 3409 6340 Messieurs

2539 6507 2658 6547 6077.
2723 6504 2894 6547 Guinée
2958 6502 3211 6551 Française.
3244 6522 3298 6527 —
3331 6495 3511 6536 Institu¬

2487 6568 2584 6606 teur
2611 6566 2819 6614 colonial,
2847 6566 2899 6606 24
2923 6574 3019 6611 ans,
3046 6559 3207 6612 grand,
3236 6558 3370 6605 brun,
3399 6555 3512 6607 phy¬

2487 6626 2614 6678 sique
2647 6624 2858 6676 agréable
2917 6620 3132 6663 situation
3168 6615 3358 6660 actuelle
3388 6615 3511 6655 5.000

2487 6686 2654 6735 francs,
2715 6684 2866 6726 rentes
2893 6683 2971 6723 500
3018 6680 3186 6730 francs,
3244 6675 3511 6727 espérances

2486 6747 2634 6787 50.000
2664 6744 2832 6794 francs,
2882 6739 3140 6794 épouserait
3194 6735 3396 6787 collègue
3452 6742 3511 6774 ou

3550 2255 3686 2304 jeune
3718 2257 3814 2298 fille
3846 2259 4022 2300 aimant
4077 2272 4287 2314 voyager.
4350 2263 4575 2305 Situation

3552 2325 3604 2355 en
3640 2317 3839 2367 rapport.

3604 2426 3722 2466 6089.
3748 2426 3947 2468 Canada.
3968 2452 4022 2458 —
4040 2431 4186 2471 Jeune
4208 2431 4392 2474 homme
4406 2435 4456 2474 33
4479 2445 4575 2483 ans,

3554 2482 3760 2525 habitant
3784 2487 4080 2528 merveilleux
4107 2499 4231 2540 pays,
4258 2491 4416 2534 climat
4439 2492 4580 2534 excel¬

3554 2542 3659 2591 lent,
3695 2544 3780 2584 bon
3814 2546 3974 2587 métier
4003 2549 4275 2599 rapportant
4300 2554 4355 2592 20
4382 2551 4409 2591 à
4436 2554 4489 2592 22
4519 2552 4576 2593 fr.

3555 2614 3634 2653 par
3656 2602 3776 2654 jour,
3803 2604 3950 2649 désire
3971 2607 4175 2660 mariage
4198 2621 4306 2652 avec
4327 2611 4466 2663 jeune
4487 2611 4580 2654 fille

3554 2662 3609 2703 de
3630 2663 3679 2702 24
3703 2662 3728 2702 à
3751 2665 3802 2704 30
3826 2677 3921 2715 ans,
3947 2678 4055 2708 avec
4076 2679 4134 2708 ou
4159 2679 4263 2711 sans
4287 2671 4378 2711 dot.

3606 2770 3722 2809 6158.
3758 2770 4031 2823 Cambodge.
4061 2796 4112 2803 —
4139 2776 4284 2818 Jeune
4318 2779 4502 2819 homme
4532 2779 4585 2818 27

3556 2836 3652 2875 ans,
3684 2830 3847 2880 grand,
3898 2832 4032 2883 brun,
4084 2835 4310 2889 physiqne
4356 2842 4563 2891 agréable

3559 2886 3892 2932 fonctionnaire
3968 2892 4261 2948 Indo-Chine,
4326 2900 4579 2945 traitement

3558 2947 3679 2985 7.000
3710 2946 3784 2995 fr.,
3818 2948 4010 2992 brillant
4038 2954 4210 3003 avenir,
4244 2958 4491 3000 excellente
4522 2962 4583 3001 fa¬

3559 3003 3699 3054 mille,
3727 3006 3968 3051 recherche
3992 3022 4107 3062 pour
4131 3015 4334 3067 mariage
4356 3018 4494 3067 jeune
4519 3019 4586 3060 fil¬

3560 3063 3599 3103 le
3622 3064 3676 3106 de
3703 3067 3750 3106 18
3773 3066 3798 3107 à
3820 3070 3872 3108 24
3896 3080 3992 3119 ans,
4019 3071 4170 3115 bonne
4192 3074 4448 3127 éducation,
4476 3079 4586 3122 fem¬

3562 3136 3631 3166 me
3655 3126 3919 3170 d’intérieur
3943 3133 4080 3180 ayant
4102 3134 4298 3183 qualités
4320 3137 4375 3179 de
4398 3150 4523 3180 cœur
4546 3144 4588 3182 et

3562 3184 3588 3223 d
3607 3184 3759 3235 esprit.
3794 3186 3879 3228 Dot
3908 3189 4160 3234 nécessaire
4188 3206 4304 3244 pour
4334 3199 4503 3239 asseoir
4532 3200 4588 3241 si¬

3564 3243 3733 3283 tuation
3758 3245 3874 3288 dans
3894 3247 4085 3291 finance.
4111 3251 4323 3296 Timbrer
4346 3256 4371 3296 à
4392 3259 4416 3298 0
4439 3258 4495 3299 fr.
4521 3262 4574 3300 25

3586 3343 3722 3390 d,247.
3734 3346 4425 3404 Espagne.-Célihatairefraoçais,
4438 3359 4592 3407 orphe¬

3562 3394 3638 3444 lin,
3656 3396 3759 3436 bien
3774 3409 3879 3440 sous
3894 3400 3994 3443 tous
4029 3406 4254 3455 rapports,
4271 3410 4517 3452 excellente
4533 3423 4588 3452 si¬

3564 3455 3733 3496 tuation
3767 3457 3794 3498 à
3826 3458 4082 3512 l’étranger;
4116 3463 4264 3508 désire
4294 3468 4485 3519 épouser
4517 3471 4590 3511 de¬

3566 3514 3764 3558 moiselle
3818 3519 4006 3560 environ
4034 3523 4086 3562 30
4112 3534 4210 3573 ans,
4239 3536 4346 3568 avec
4399 3539 4457 3570 ou
4486 3540 4590 3572 sans

3566 3642 3664 3680 que,
3699 3633 3787 3674 bon
3819 3636 4060 3686 caractère,
4094 3639 4235 3691 santé,
4271 3643 4590 3699 honorabilité,

3568 3691 3771 3734 moralité
3794 3695 4002 3743 parfaite.

3617 3767 3834 3808 Adresser
3859 3771 3999 3819 photo
4023 3775 4103 3823 qui
4130 3785 4230 3816 sera
4255 3779 4442 3822 rendue.
4471 3782 4593 3823 Tim¬

3567 3826 3666 3866 brer
3690 3826 3715 3867 à
3737 3828 3762 3867 0
3783 3827 3839 3870 fr.
3864 3831 3930 3871 25.

3620 3952 3738 3993 6282.
3770 3953 3872 3995 Côte
3900 3955 4106 3998 d’ivoire.
4131 3983 4184 3988 —
4239 3964 4480 4012 Ingénieur
4534 3968 4594 4010 du

3568 4010 3948 4064 Gouvernement,
3975 4016 4027 4056 34
4051 4028 4148 4067 ans,
4175 4020 4420 4064 excellente
4446 4024 4595 4067 famil¬

3571 4067 3608 4108 le
3631 4068 3672 4110 et
3695 4070 3950 4124 éducation,
3976 4075 4203 4130 physique
4227 4083 4452 4134 agréable,
4479 4096 4596 4137 sym¬

3571 4128 3767 4180 patique,
3828 4133 4020 4182 sérieux,
4055 4138 4145 4178 très
4175 4138 4364 4192 aimant,
4424 4144 4594 4194 artiste,

3571 4187 3705 4239 doux,
3738 4190 3825 4231 bon
3857 4194 4096 4243 caractère,
4128 4207 4217 4247 peu
4274 4202 4509 4252 mondain,
4541 4204 4596 4246 si¬

3572 4246 3743 4287 tuation
3771 4251 3894 4290 8.500
3920 4251 3976 4292 fr.
4006 4251 4110 4303 plus
4135 4256 4259 4296 2.000
4286 4259 4342 4300 fr.
4374 4260 4598 4303 indemni¬

3573 4304 3648 4352 tés,
3675 4306 3788 4358 logé,
3816 4309 3886 4350 bel
3911 4311 4082 4360 avenir,
4108 4316 4296 4363 possède
4319 4319 4447 4360 avoir
4470 4322 4512 4362 et
4535 4334 4598 4363 es¬

3572 4364 3800 4414 pérances,
3831 4380 3962 4419 passe
3988 4383 4042 4411 en
4072 4371 4242 4415 France
4270 4375 4295 4415 à
4322 4376 4444 4419 demi
4474 4381 4598 4422 solde

3572 4419 3610 4462 le
3634 4420 3740 4463 tiers
3755 4424 3808 4465 de
3823 4436 3903 4466 son
3920 4428 4080 4480 temps,
4096 4430 4243 4474 désire
4266 4435 4468 4487 mariage
4492 4450 4599 4480 avec

3573 4479 3834 4528 demoiselle
3855 4485 4007 4538 jeune,
4033 4488 4123 4531 très
4144 4490 4267 4543 jolie,
4295 4494 4464 4536 femme
4488 4496 4599 4539 d’in¬

3576 4542 3755 4592 térieur,
3778 4545 3900 4589 toute
3919 4548 4117 4590 dévouée
4136 4551 4179 4591 et
4198 4554 4423 4596 confiante
4443 4568 4497 4598 en
4518 4570 4599 4599 son

3575 4600 3704 4651 mari,
3763 4603 3939 4648 aimant
3966 4606 4035 4647 vie
4093 4610 4350 4656 ensoleillée
4380 4614 4423 4655 et
4476 4627 4600 4668 spor¬

3571 4658 3658 4696 tive
3715 4661 3827 4703 dans
3884 4664 4054 4704 colonie
4111 4670 4259 4719 saine,
4318 4674 4484 4723 proche
4547 4675 4602 4716 de

3575 4718 3754 4768 France,
3828 4724 3903 4762 dot
3974 4732 4182 4767 assurant
4246 4732 4426 4774 aisance
4492 4747 4604 4787 pour

3576 4775 3707 4817 vieux
3735 4779 3863 4828 jours
3891 4782 3932 4823 et
3959 4786 4142 4828 enfants
4167 4788 4192 4827 à
4220 4791 4363 4834 venir.
4394 4794 4602 4846 Réponse

3575 4838 3770 4880 certaine
3800 4852 3882 4892 par
3912 4844 4110 4892 premier
4167 4848 4367 4890 courrier
4396 4851 4422 4891 à
4482 4855 4602 4896 toute

3579 4898 3855 4948 proposition
3883 4903 4116 4946 conforme
4143 4904 4360 4950 émanant
4387 4909 4467 4951 des
4493 4912 4602 4954 inté¬

3579 4958 3758 4999 ressées.
3784 4959 3967 5000 Donner
3988 4963 4088 5003 tous
4102 4963 4267 5008 détails
4278 4979 4332 5008 en
4354 4968 4599 5019 confiance,

3579 5016 3714 5066 photo
3747 5019 3932 5060 rendue.
3970 5020 4220 5068 Discrétion
4255 5028 4456 5072 absolue.
4493 5030 4603 5072 Très

3578 5072 3767 5115 sérieux.

3632 5176 3690 5218 Le
3714 5194 3731 5214 «
3755 5178 3882 5220 Trait
3904 5182 4098 5223 d’Union
4124 5202 4142 5219 »
4166 5191 4231 5227 est
4252 5198 4314 5227 un
4335 5188 4518 5238 journal
4540 5191 4605 5231 sé¬

3579 5236 3706 5277 rieux
3728 5242 3770 5280 et
3792 5243 3902 5280 utile
3920 5240 3946 5280 à
3964 5244 4080 5282 tous.

3629 5334 3748 5374 6375.
3767 5336 4231 5384 Tarn-et-Garonne.
4253 5367 4303 5374 —
4321 5347 4608 5390 Célibataire

3576 5387 3776 5435 rentier,
3815 5390 3927 5442 seul,
3955 5396 4006 5432 56
4034 5406 4130 5444 ans,
4154 5399 4308 5448 grand,
4333 5400 4438 5440 bien
4466 5402 4602 5450 élevé,

3578 5439 3745 5482 famille
3770 5442 4030 5491 honorable,
4054 5450 4308 5499 épouserait
4340 5454 4607 5493 Demoiselle

3576 5505 3632 5534 ou
3653 5495 3803 5536 Veuve
3834 5508 3940 5538 sans
3973 5502 4135 5550 enfant,
4174 5506 4442 5555 catholique,
4472 5513 4608 5559 ayant

3576 5547 3783 5590 situation
3843 5552 4108 5594 institutrice
4163 5566 4218 5595 ou
4263 5558 4604 5614 fonctionnaire,

3578 5602 3796 5654 physique
3831 5604 4054 5655 agréable,
4086 5608 4170 5658 âge
4202 5612 4379 5663 assorti,
4415 5620 4522 5666 peut
4560 5627 4608 5656 se

3578 5655 3803 5707 déplacer.

3632 5748 3751 5788 6384.
3781 5749 3907 5790 Gers.
3931 5774 3987 5780 —
4010 5752 4129 5795 Veuf
4151 5758 4203 5795 42
4227 5768 4322 5806 ans,
4350 5759 4439 5798 bon
4466 5770 4606 5811 cœur,

3580 5800 3806 5842 caractère
3839 5803 3960 5844 doux
3990 5804 4032 5844 et
4058 5807 4147 5855 gai,
4179 5809 4395 5852 situation
4423 5811 4481 5851 de
4507 5824 4611 5855 con¬

3583 5852 3729 5894 fiance
3752 5853 3867 5896 dans
3894 5856 4135 5910 propriété,
4162 5861 4419 5912 épouserait
4442 5863 4613 5907 demoi¬

3583 5907 3691 5948 selle
3722 5919 3779 5948 ou
3811 5910 3947 5952 dame
3976 5911 4112 5964 ayant
4144 5916 4342 5964 qualités
4374 5918 4608 5971 sérieuses,

3583 5971 3690 6002 avec
3707 5972 3766 6003 ou
3784 5973 3891 6005 sans
3908 5964 3999 6015 dot,
4023 5967 4104 6016 âge
4122 5966 4406 6012 indifférent.

3638 6074 3756 6114 6392.
3794 6075 3931 6117 Tarn.
3960 6100 4015 6106 —
4044 6078 4288 6129 Négociant
4348 6082 4612 6135 honorable,

3583 6126 3635 6163 42
3662 6136 3757 6174 ans,
3786 6127 3856 6169 bel
3881 6130 4080 6182 homme,
4108 6134 4199 6176 très
4223 6135 4340 6184 bien,
4373 6136 4612 6188 musicien,

3583 6178 3706 6228 actif,
3741 6179 3863 6222 idées
3888 6182 4051 6234 larges,
4086 6187 4274 6238 possède
4299 6191 4450 6232 30.000
4480 6191 4538 6234 fr.
4573 6195 4616 6233 et

3586 6242 3838 6275 commerce
3883 6236 4042 6278 ancien
4072 6241 4260 6291 rapport
4283 6243 4360 6283 net
4386 6245 4508 6284 5.000
4538 6244 4613 6294 fr.,

3586 6283 3731 6327 désire
3758 6287 3960 6339 mariage
4012 6291 4119 6335 civil
4172 6304 4279 6335 avec
4336 6296 4506 6336 femme
4562 6298 4619 6339 de

3586 6350 3712 6380 cœur
3743 6339 3788 6380 et
3814 6340 4094 6394 d’intérieur,
4131 6346 4351 6396 éduquée,
4383 6348 4486 6399 apte
4520 6350 4547 6391 à
4576 6350 4619 6394 le

3590 6392 3816 6443 seconder,
3860 6395 4060 6446 gentille,
4104 6399 4242 6447 ayant
4276 6400 4367 6443 dot.
4407 6402 4456 6443 Si
4503 6404 4619 6455 plaît

3588 6457 3695 6487 avec
3718 6448 3914 6498 qualités
3933 6460 3991 6490 ne
4011 6460 4111 6491 sera
4130 6462 4215 6503 pas
4232 6454 4458 6506 exigeant.

3641 6567 3759 6608 6397.
3796 6567 4183 6613 Lot-et-Garonne.
4211 6598 4265 6603 —
4293 6575 4471 6616 Notaire
4501 6576 4614 6626 seul,

3587 6620 3639 6659 60
3664 6630 3760 6669 ans,
3784 6619 4043 6672 épouserait
4064 6637 4207 6670 veuve
4234 6628 4290 6669 de
4314 6630 4365 6668 50
4391 6628 4418 6670 à
4439 6631 4490 6670 60
4516 6640 4616 6682 ans,

3589 6683 3695 6716 sans
3751 6674 3927 6726 enfant,
3991 6678 4215 6730 instruite,
4279 6680 4383 6722 bien
4450 6682 4615 6736 élevée,

3590 6735 3814 6779 moyenne
3839 6728 4055 6772 situation
4080 6730 4136 6772 de
4160 6731 4356 6776 fortune.

3567 3575 3654 3622 dot,
3671 3578 3923 3624 orpheline,
3942 3582 4156 3628 modeste,
4174 3583 4386 3634 aimable,
4403 3588 4591 3628 catholi¬
