5176 7160
2403 390 2475 427 LE
2507 390 2680 430 TRAIT
2721 391 2966 435 D'UNION

568 499 687 540 6270.
720 499 847 540 Gers.
873 498 922 538 —
944 498 1086 538 Dame
1107 506 1264 543 veuve,
1291 496 1340 534 25
1372 502 1467 538 ans,
1488 488 1542 527 de

515 563 604 602 très
642 560 787 600 bonne
823 559 1002 607 famille,
1026 558 1100 610 joli
1139 556 1372 608 physique,
1402 552 1543 592 douce

514 628 556 666 et
576 626 862 672 affectueuse,
895 622 1055 662 femme
1080 619 1350 666 d’intérieur,
1374 615 1539 655 éduca¬

516 688 603 728 tion
640 683 843 738 parfaite,
867 687 990 724 4.000
1027 683 1079 722 fr.
1117 684 1264 722 rentes
1297 678 1539 724 annuelles,

515 748 769 802 épouserait
816 747 1046 787 Monsieur
1092 743 1360 795 catholique,
1411 742 1544 791 ayant

516 814 664 853 bonne
686 811 914 852 situation.

572 902 690 943 6275.
724 900 1130 943 Lot-et-Garonne.
1159 897 1207 937 —
1240 898 1410 939 Veuve,
1439 902 1546 931 sans

518 964 706 1014 enfants,
730 964 781 1004 35
807 974 903 1012 ans,
927 962 1044 1010 bien,
1079 962 1178 1010 apte
1203 970 1259 998 au
1280 964 1543 1001 commerce,

519 1028 596 1067 dot
630 1026 752 1067 2.000
789 1026 839 1067 fr.
887 1027 930 1064 et
967 1024 1248 1074 espérances,
1295 1015 1545 1070 épouserait

520 1088 862 1136 fonctionnaire,
908 1086 1084 1127 ouvrier
1132 1095 1187 1123 ou
1230 1080 1543 1127 commerçant,

519 1155 652 1203 ayant
672 1151 898 1191 situation.
922 1151 1018 1198 Age
1044 1146 1308 1186 indifférent.
1334 1142 1489 1182 Inutile
1510 1140 1546 1180 si

520 1226 603 1266 pas
623 1213 815 1255 sérieux.

575 1305 694 1344 6278.
723 1303 976 1343 Bordeaux.
996 1301 1050 1338 —
1072 1296 1342 1338 Demoiselle
1363 1295 1452 1338 très
1472 1294 1550 1334 ho¬

523 1363 724 1411 norable,
756 1363 904 1403 bonne
935 1358 1124 1406 famille,
1158 1356 1260 1397 bien
1290 1366 1395 1396 sous
1450 1354 1551 1392 tous

524 1423 748 1474 rapports,
780 1419 995 1462 situation
1024 1415 1356 1463 commerciale,
1388 1412 1552 1454 désire¬

524 1482 611 1522 rait
637 1481 843 1532 mariage
867 1490 975 1519 avec
1001 1475 1235 1518 monsieur
1262 1475 1317 1515 de
1343 1476 1395 1512 45
1421 1472 1447 1511 à
1501 1472 1552 1510 50

524 1551 621 1590 ans,
646 1540 796 1582 bonne
818 1536 1058 1579 éducation
1082 1534 1126 1574 et
1147 1532 1362 1575 situation
1387 1530 1552 1571 sérieu¬

526 1611 586 1650 se,
612 1599 784 1640 France
806 1611 864 1639 ou
888 1596 1123 1647 Etranger.

579 1683 698 1724 6284.
720 1682 1182 1724 Tarn-et-Garonne.
1202 1679 1248 1718 —
1267 1679 1420 1718 Jeune
1440 1674 1554 1720 fille,

526 1746 578 1784 24
598 1754 695 1792 ans,
719 1740 874 1790 brune,
895 1739 1091 1790 gentille,
1116 1736 1218 1776 bien
1240 1736 1406 1783 élevée,
1423 1735 1555 1784 ayant

528 1803 674 1852 15,000
711 1802 760 1844 fr.
800 1801 890 1850 dot,
934 1797 1190 1850 épouserait
1224 1794 1428 1846 employé
1465 1794 1555 1832 très

525 1863 715 1910 sérieux,
734 1859 992 1903 célibataire
1010 1870 1066 1898 ou
1084 1855 1198 1904 veuf,
1214 1855 1268 1895 de
1287 1858 1333 1895 27
1351 1855 1375 1894 à
1390 1854 1442 1892 40
1457 1863 1552 1903 ans,

526 1926 660 1975 ayant
680 1922 827 1961 bonne
847 1918 1074 1960 situation.

583 2015 640 2055 Le
663 2012 790 2052 Trait
814 2010 1006 2051 d’Union
1033 2010 1139 2056 peut
1162 2005 1252 2046 être
1278 2003 1417 2052 copié,
1444 2002 1472 2040 il
1499 2012 1554 2041 ne

528 2072 675 2112 craint
699 2081 779 2120 pas
805 2071 868 2110 les
892 2068 1162 2110 imitateurs.

583 2165 703 2206 6285.
742 2162 1131 2204 Lot-et-Garonne.
1166 2182 1220 2187 —
1255 2155 1443 2196 Famille
1478 2155 1555 2194 ho¬

528 2224 718 2267 norable
738 2223 884 2265 désire
906 2220 1076 2262 marier
1095 2219 1233 2267 jeune
1252 2216 1360 2264 fille,
1384 2218 1435 2255 20
1458 2226 1552 2262 ans,

529 2284 742 2336 sérieuse,
766 2283 870 2324 bien
892 2280 1055 2326 élevée,
1082 2279 1159 2319 dot
1178 2278 1327 2317 25.000
1350 2275 1423 2323 fr.,
1450 2284 1556 2314 avec

529 2346 667 2396 jeune
691 2343 876 2384 homme
928 2335 1172 2387 distingué,
1228 2334 1464 2386 religieux,
1492 2332 1558 2372 in¬

528 2402 733 2444 dustriel,
764 2401 891 2442 riche
915 2395 1216 2451 propriétaire
1242 2407 1300 2436 ou
1329 2394 1499 2435 avocat.

587 2497 707 2537 6287.
735 2496 864 2536 Midi.
888 2518 943 2523 —
967 2491 1249 2539 Demoiselle,
1303 2492 1354 2531 42
1378 2499 1474 2537 ans,
1502 2486 1557 2527 si¬

530 2555 704 2598 tuation
727 2556 850 2596 4.000
874 2554 930 2594 fr.
956 2564 1039 2604 par
1063 2563 1135 2600 an,
1162 2550 1372 2598 honnête,
1399 2547 1556 2588 distin¬

528 2616 656 2668 guée,
686 2614 832 2656 désire
859 2612 1060 2662 mariage
1087 2622 1140 2651 en
1171 2608 1370 2662 rapport.

583 2701 702 2742 6288.
731 2699 984 2740 Bordeaux.
1008 2698 1062 2735 —
1087 2698 1240 2743 Dame,
1267 2696 1318 2735 46
1340 2706 1435 2736 ans,
1460 2704 1558 2734 seu¬

532 2760 588 2810 le,
626 2759 848 2807 divorcée,
885 2758 1071 2808 grande,
1110 2755 1291 2804 blonde,
1328 2752 1554 2806 physique

532 2818 757 2870 agréable,
795 2819 883 2859 bon
919 2816 1158 2863 caractère,
1195 2815 1332 2864 ayant
1367 2814 1557 2852 immeu¬

530 2879 605 2920 ble
631 2879 839 2920 donnant
892 2887 1061 2918 revenu
1117 2875 1171 2916 de
1203 2875 1323 2915 1.200
1351 2872 1407 2912 fr.
1464 2872 1554 2919 net,

530 2937 788 2990 épouserait
844 2935 1076 2976 monsieur
1133 2934 1188 2975 de
1217 2936 1268 2973 44
1297 2934 1323 2973 à
1378 2934 1428 2971 48
1458 2943 1554 2979 ans,

531 2996 668 3050 ayant
696 2996 864 3048 emploi
911 3007 969 3036 ou
998 3003 1255 3035 ressources
1297 2990 1557 3044 personnel¬

530 3056 608 3098 les.

587 3146 706 3187 6290.
723 3146 965 3187 Toulouse.
979 3170 1035 3175 —
1050 3146 1188 3187 Dame
1220 3144 1422 3184 abonnée
1452 3154 1558 3183 sans

530 3217 748 3248 annonce.

583 3293 703 3334 6294.
735 3292 1111 3332 Haute-Garonne
1135 3311 1190 3318 —
1217 3291 1356 3330 Dame
1399 3299 1555 3336 veuve,

530 3354 581 3392 38
604 3363 700 3398 ans,
727 3351 932 3394 abonnée
952 3363 1062 3392 sans
1082 3360 1301 3391 annonce.

583 3438 702 3479 6295.
760 3439 886 3478 Gers.
909 3460 964 3466 —
1019 3434 1301 3481 Demoiselle,
1355 3436 1406 3474 45
1459 3444 1555 3482 ans,

530 3496 716 3550 grande,
746 3497 907 3545 brune,
935 3495 1059 3546 jolie,
1089 3494 1314 3543 instruite,
1344 3493 1446 3534 bien
1474 3494 1558 3534 éle¬

530 3556 624 3606 vée,
658 3555 931 3606 catholique,
964 3555 1102 3606 ayant
1130 3564 1326 3595 revenus
1354 3554 1410 3595 de
1436 3554 1559 3592 2.500

532 3616 699 3664 francs,
727 3614 872 3656 désire
896 3616 1088 3664 épouser
1112 3613 1346 3655 monsieur
1368 3614 1559 3652 honora¬

532 3674 619 3723 ble,
648 3675 744 3724 âge,
772 3672 1011 3715 éducation
1064 3673 1110 3714 et
1135 3671 1349 3713 situation
1378 3683 1431 3711 en
1460 3683 1559 3722 rap¬

531 3735 647 3784 port.

584 3819 703 3859 6297.
736 3819 978 3859 Toulouse.
1007 3841 1062 3847 —
1091 3819 1255 3867 Veuve,
1287 3819 1338 3858 44
1367 3828 1463 3866 ans,
1495 3827 1557 3856 un

531 3878 703 3924 enfant,
740 3877 858 3919 belle
918 3878 1102 3924 femme,
1165 3876 1460 3927 intelligente,
1496 3875 1560 3915 sé¬

532 3938 694 3986 rieuse,
720 3936 975 3987 profession
996 3948 1054 3978 en
1076 3936 1199 3984 ville,
1226 3936 1372 3978 désire
1396 3935 1560 3976 maria¬

530 4008 584 4047 ge
608 4007 716 4035 avec
736 3996 971 4036 monsieur
994 3996 1131 4043 ayant
1154 3995 1302 4036 bonne
1326 3994 1555 4035 situation.

586 4076 703 4116 6306.
767 4074 1276 4123 Pyrénées-Orientales.
1308 4075 1363 4114 —
1418 4075 1559 4114 Jeune

531 4135 629 4176 fille
655 4137 707 4175 24
734 4147 830 4183 ans,
888 4136 1064 4175 famille
1091 4136 1353 4184 honorable,
1411 4135 1558 4175 bonne

535 4194 804 4236 instruction
834 4195 876 4236 et
930 4194 1186 4242 éducation,
1232 4195 1419 4244 adroite,
1451 4194 1558 4235 fem-

500 4276 511 4289 «
531 4266 605 4295 me
630 4254 897 4295 d’intérieur
923 4255 1040 4295 mais
1066 4267 1171 4297 sans
1199 4254 1394 4303 fortune,
1424 4256 1555 4306 épou¬

532 4312 669 4352 serait
702 4314 838 4362 jeune
872 4315 1058 4355 homme
1090 4314 1283 4363 sérieux,
1322 4315 1472 4355 bonne
1504 4314 1556 4355 si¬

530 4370 720 4414 tuation.

587 4459 723 4498 Aider
743 4468 800 4500 au
823 4459 1099 4499 relèvement
1118 4451 1254 4500 social
1278 4463 1319 4500 et
1339 4461 1482 4500 moral
1506 4460 1559 4500 de

535 4519 576 4558 la
600 4519 755 4559 nation
780 4530 834 4560 en
862 4520 1027 4560 luttant
1051 4522 1202 4560 contre
1230 4522 1267 4560 le
1292 4519 1470 4568 célibat,
1495 4520 1560 4559 fa¬

530 4578 675 4618 ciliter
708 4579 772 4619 les
806 4579 1032 4628 mariages
1064 4588 1147 4627 par
1180 4591 1240 4621 un
1274 4578 1469 4628 système
1503 4579 1556 4618 de

532 4638 646 4678 mise
664 4647 718 4676 en
740 4639 930 4679 relation
952 4636 1130 4679 sérieux
1151 4642 1192 4679 et
1214 4640 1392 4679 discret:
1414 4640 1471 4679 tel
1495 4642 1559 4682 est

532 4698 571 4738 le
591 4696 674 4738 but
695 4697 748 4738 de
771 4699 815 4737 la
837 4698 1080 4738 Direction.

636 4844 1460 4931 MARIAGES

587 5023 713 5064 Deux
744 5024 970 5074 mariages
999 5026 1100 5066 sont
1130 5026 1371 5067 annoncés.
1404 5024 1559 5067 Félici¬

535 5083 712 5123 tations.

615 5234 929 5312 ABONNÉS
991 5246 1073 5312 ET
1133 5245 1481 5315 LECTEURS

852 5344 984 5386 Lisez
1015 5346 1123 5387 bien
1154 5347 1252 5387 ceci

590 5423 731 5465 Toute
755 5436 979 5476 personne
1003 5424 1081 5478 qui
1106 5437 1351 5477 procurera
1374 5427 1399 5467 à
1424 5427 1467 5467 la
1491 5427 1564 5467 Di¬

538 5482 707 5523 rection
732 5484 850 5524 deux
875 5484 1076 5526 abonnés
1099 5496 1355 5535 nouveaux,
1383 5487 1566 5538 n’ayant

535 5540 703 5591 jamais
721 5542 788 5584 été
811 5543 992 5584 inscrits
1012 5543 1059 5583 ni
1081 5543 1106 5584 à
1127 5543 1171 5583 la
1195 5545 1366 5595 Rapide
1388 5547 1563 5596 Agence

537 5599 583 5640 ni
611 5602 670 5642 au
698 5602 825 5642 Trait
852 5603 1068 5651 d’Union,
1099 5614 1212 5644 aura
1239 5604 1359 5646 droit
1390 5618 1398 5644 :
1427 5604 1512 5646 soit
1540 5606 1564 5644 à

547 5670 638 5710 une
696 5659 1014 5712 prolongation
1075 5660 1429 5707 d’abonnement
1486 5663 1541 5704 de

547 5719 666 5760 deux
694 5720 824 5770 mois,
854 5720 939 5763 soit
965 5722 992 5762 à
1018 5734 1079 5763 un
1108 5722 1415 5772 abonnement
1439 5734 1538 5772 gra¬

546 5779 634 5819 tuit
659 5779 715 5820 de
740 5780 890 5822 même
915 5780 1067 5822 durée.

584 5891 636 5897 —
668 5869 791 5912 Tous
824 5880 910 5914 nos
936 5871 1147 5914 abonnés
1176 5875 1284 5915 sont
1308 5872 1438 5924 priés
1463 5872 1562 5915 d’a¬

531 5931 723 5972 dresser
754 5934 923 5975 lettres
952 5935 999 5974 et
1032 5935 1383 5983 observations?
1412 5945 1507 5978 non
1535 5935 1563 5976 à

532 5992 582 6034 la
601 6006 630 6030 m
652 5994 828 6045 Rapide
859 5996 1040 6044 Agence
1130 5999 1251 6040 mais
1275 6008 1336 6040 an
1362 5999 1563 6050 journal

532 6056 596 6098 du
616 6069 646 6093 *4
668 6058 800 6099 Trait
824 6059 1023 6100 d’Union
1047 6074 1094 6107 w,
1123 6062 1194 6107 26,
1213 6072 1300 6103 rne
1328 6062 1561 6110 d’Astorg,

531 6118 779 6162 Toulouse.

590 6210 687 6249 #•“
714 6209 794 6251 Les
814 6211 1018 6252 bureaux
1040 6212 1100 6252 du
1123 6214 1303 6254 TRAIT
1326 6214 1560 6254 D'UNION

534 6280 589 6311 ne
611 6274 712 6311 sont
735 6275 918 6314 ouverts
942 6283 1027 6323 que
1052 6274 1363 6324 l’après-midi,
1391 6278 1444 6318 de
1468 6278 1492 6316 2
1515 6278 1559 6316 K.

534 6330 560 6371 à
579 6334 603 6371 5
624 6332 802 6382 heures,
826 6336 890 6383 26,
914 6346 994 6375 rue
1016 6336 1239 6387 d’Astorg.

592 6422 688 6462 IW“
720 6423 843 6463 Tous
874 6424 935 6464 les
965 6424 1354 6474 renseignements
1384 6436 1562 6467 concer¬

534 6486 645 6523 nant
678 6484 719 6524 la
752 6486 1065 6526 combinaison
1099 6488 1315 6538 mariage,
1352 6490 1415 6530 les
1450 6490 1561 6529 loca¬

531 6543 666 6591 tions,
723 6546 880 6592 offtes,
938 6546 1187 6587 demandes
1214 6552 1256 6589 et
1283 6549 1382 6590 avis
1410 6550 1560 6590 divers

531 6607 634 6646 sont
663 6606 836 6648 donnés
866 6608 1191 6656 gratuitement
1223 6611 1337 6652 dans
1368 6622 1450 6652 nos
1480 6612 1559 6653 bu¬

532 6678 687 6715 reaux,
720 6667 1031 6718 l’après-midi,
1064 6670 1118 6710 de
1147 6673 1170 6710 2
1199 6672 1243 6711 h.
1274 6672 1299 6712 à
1327 6676 1350 6712 5
1379 6674 1556 6723 heures,

532 6730 596 6778 26,
624 6739 704 6770 rue
731 6729 954 6782 d’Astorg,
982 6732 1224 6775 Toulouse.

1675 900 1844 941 Société
1902 899 2126 950 française
2180 901 2492 942 d’assurances
2547 910 2644 939 mu¬

1620 960 1781 1000 tuelles
1803 971 1919 1009 pour
1972 959 2191 1000 favoriser
2216 960 2258 1000 le
2309 960 2512 1010 mariage
2535 958 2577 998 et
2601 959 2644 998 la

1621 1019 1871 1060 naissance.

1675 1078 1827 1119 Prime
1855 1076 2039 1119 limitée.
2068 1101 2123 1106 —
2150 1076 2326 1129 Capital
2355 1078 2455 1117 fixe.

2047 1192 2223 1222 -*-®-*-®-*-

1679 1333 1813 1372 Notre
1841 1344 1952 1383 pays
1979 1344 2024 1372 se
2079 1332 2303 1384 dépeuple
2335 1336 2340 1372 !
2374 1333 2495 1374 Cette
2550 1343 2650 1372 con¬

1626 1392 1852 1443 somption
1883 1392 2002 1432 lente
2030 1392 2083 1432 de
2112 1393 2238 1434 notre
2267 1403 2366 1434 race
2394 1390 2651 1432 coïncidant

1627 1462 1735 1491 avec
1760 1463 1822 1491 un
1852 1451 2008 1500 rapide
2036 1450 2384 1491 accroissement
2411 1451 2472 1492 du
2528 1462 2652 1491 nom¬

1627 1508 1706 1550 bre
1724 1510 1831 1550 chez
1850 1520 1931 1550 nos
1951 1510 2127 1557 rivaux,
2150 1520 2231 1551 nos
2249 1508 2557 1558 concurrents,
2579 1521 2651 1551 en¬

1628 1568 1774 1609 traîne
1795 1580 1884 1609 une
1906 1567 2183 1609 diminution
2208 1568 2390 1610 notable
2412 1568 2466 1608 de
2490 1579 2572 1608 nos
2592 1569 2652 1611 ef¬

1628 1626 1778 1670 fectifs
1810 1627 1852 1667 et
1883 1627 1936 1668 de
1970 1626 2098 1667 notre
2128 1638 2379 1667 commerce
2411 1626 2650 1668 extérieur.

1631 1685 1664 1724 11
1695 1699 1722 1736 y
1752 1697 1776 1726 a
1806 1686 1850 1726 là
1879 1698 1940 1726 un
1971 1686 2137 1727 double
2166 1687 2336 1738 danger
2368 1686 2583 1729 militaire
2614 1687 2655 1727 et

1630 1744 1942 1795 économique;
1970 1743 2227 1796 quiconque
2252 1744 2504 1786 s’intéresse
2530 1745 2555 1784 à
2580 1744 2655 1785 l’a¬

1628 1803 1759 1846 venir
1778 1804 1831 1844 de
1850 1803 1895 1844 la
1915 1802 2084 1852 nation,
2108 1803 2203 1844 doit
2223 1803 2547 1855 entreprendre
2567 1816 2655 1848 une

1631 1863 1839 1904 nouvelle
1864 1862 2068 1906 croisade
2093 1863 2246 1906 contre
2271 1863 2312 1903 le
2336 1863 2501 1903 célibat
2526 1864 2568 1902 et
2592 1864 2656 1903 les

1632 1922 1797 1963 unions
1819 1932 1924 1963 sans
1946 1919 2141 1963 enfants.
2166 1922 2248 1963 Les
2270 1920 2476 1963 remèdes
2495 1931 2656 1974 propo¬

1630 1979 1701 2021 sés
1726 1991 1841 2032 pour
1867 1980 2072 2022 atténuer
2099 1981 2142 2020 la
2168 1981 2421 2022 déchéance
2447 1981 2502 2020 de
2530 1979 2655 2021 notre

1632 2039 1782 2080 Patrie
1811 2039 1912 2080 sont
1941 2039 1995 2079 de
2024 2038 2227 2080 diverses
2254 2040 2454 2088 natures;
2486 2050 2548 2079 un
2579 2039 2656 2080 des

1632 2098 1866 2139 meilleurs
1894 2098 1960 2139 est
1990 2096 2106 2139 celui
2136 2097 2247 2139 dont
2303 2098 2511 2150 s’inspire
2568 2110 2655 2139 une

1632 2158 1721 2198 très
1758 2156 2052 2198 intéressante
2088 2156 2264 2206 société,
2303 2156 2512 2208 désignée
2548 2168 2652 2199 avec

1632 2215 1860 2266 beaucoup
1874 2216 2132 2266 d’à-propos
2143 2218 2172 2256 "
2184 2216 2398 2258 l’Avenir
2409 2216 2659 2256 Familial”

1632 2275 1743 2315 dont
1766 2275 1804 2316 le
1829 2275 1910 2316 but
1934 2275 1999 2315 est
2022 2275 2078 2315 de
2102 2275 2320 2316 favoriser
2344 2275 2409 2318 les
2432 2275 2658 2326 mariages

1632 2334 1676 2375 et
1697 2335 1763 2375 les
1786 2335 2058 2375 naissances.
2086 2335 2206 2375 Pour
2231 2347 2359 2384 nous,
2387 2336 2466 2385 qui
2519 2345 2657 2375 avons

1632 2394 1727 2443 pris
1754 2394 1780 2432 à
1831 2404 1956 2435 cœur
1982 2394 2026 2434 la
2075 2394 2370 2434 constitution
2398 2394 2460 2435 du
2515 2394 2654 2443 foyer,

1632 2462 1744 2496 nous
1775 2452 2067 2494 considérons
2098 2463 2274 2494 comme
2306 2466 2367 2494 un
2399 2452 2569 2501 devoir,
2604 2452 2658 2492 de

1633 2511 1831 2563 signaler
1854 2512 1879 2551 à
1903 2523 1985 2552 nos
2007 2512 2199 2552 lecteurs
2222 2512 2333 2552 cette
2356 2511 2657 2554 bienfaisante

1634 2570 1906 2620 institution,
1968 2570 2188 2612 soutenue
2219 2582 2302 2622 par
2362 2570 2659 2612 d’éminentes

1634 2630 1963 2679 personnalités
1991 2631 2032 2671 et
2060 2630 2139 2680 qui
2168 2632 2262 2671 sort
2287 2631 2342 2670 de
2370 2630 2415 2671 la
2441 2628 2654 2679 banalité,

1632 2690 1764 2739 grâce
1792 2689 1818 2728 à
1846 2689 2266 2732 ses-nombreuses
2322 2687 2658 2730 combinaisons

1633 2748 1832 2796 inédites,
1868 2758 2018 2787 œuvre
2052 2747 2107 2788 de
2139 2750 2192 2788 H.
2223 2747 2462 2799 fcuieysse,
2491 2747 2660 2788 ancien

1631 2807 1868 2854 ministre,
1879 2807 2048 2847 ancien
2063 2804 2195 2848 élève
2208 2807 2264 2846 de
2277 2808 2660 2858 Polytechnique,

1631 2867 1874 2917 président
1911 2868 1970 2907 de
2011 2866 2244 2908 l’Institut
2288 2867 2371 2907 des
2417 2867 2661 2907 Actuaires

1630 2927 1859 2979 Français
1917 2930 1964 2967 et
2019 2927 2082 2966 du
2139 2925 2314 2967 Comité
2379 2926 2665 2967 Consultatif

1631 2988 1712 3028 des
1747 2988 2036 3028 Assurances
2075 2995 2136 3027 au
2175 2986 2414 3027 Ministère
2448 2987 2511 3027 du
2539 2987 2659 3027 Tra¬

1632 3048 1748 3094 vail.
1809 3046 2032 3096 Quelques
2090 3046 2316 3095 exemples
2379 3044 2582 3085 suffiront
2638 3046 2660 3084 à

1634 3105 1794 3146 édifier
1823 3116 1907 3146 nos
1932 3104 2127 3145 lecteurs
2179 3116 2256 3145 sur
2285 3104 2326 3144 le
2380 3104 2659 3144 fonctionne¬

1635 3166 1759 3205 ment
1791 3164 1832 3204 et
1864 3164 1928 3204 les
1986 3165 2232 3215 avantages
2289 3163 2574 3214 pécuniaires
2605 3164 2659 3204 de

1632 3223 1841 3265 l’Avenir
1874 3222 2111 3271 Familial,
2144 3223 2252 3262 dont
2287 3222 2348 3262 les
2371 3222 2594 3272 garanties
2616 3222 2662 3260 fi¬

1635 3283 1883 3332 nancières,
1912 3282 2122 3331 morales,
2151 3282 2424 3331 statutaires,
2452 3282 2495 3322 et
2521 3281 2660 3323 scien¬

1634 3340 1815 3392 tifiques
1838 3342 1938 3382 sont
1962 3340 2323 3382 incontestables.

1690 3455 1727 3495 1°
1757 3452 2031 3503 Nuptialité.
2063 3476 2111 3482 —
2152 3455 2266 3494 Pour
2303 3464 2386 3494 une
2423 3452 2571 3492 fillette
2607 3452 2660 3492 de

1636 3515 1683 3554 12
1698 3525 1782 3554 ans
1794 3525 1850 3554 on
1876 3512 1971 3554 doit
1994 3523 2132 3564 payer
2158 3514 2262 3566 cinq
2287 3512 2459 3566 primes
2472 3514 2658 3555 annuel¬

1634 3572 1699 3614 les
1727 3574 1782 3614 de
1808 3575 1860 3612 83
1888 3572 1943 3612 fr.
1975 3584 2091 3622 pour
2118 3574 2320 3623 garantir
2350 3586 2407 3612 au
2436 3572 2659 3624 souscrip¬

1634 3630 1732 3672 teur
1766 3632 1892 3671 mille
1922 3632 2077 3682 francs
2107 3632 2324 3683 payables
2356 3632 2400 3672 la
2431 3631 2563 3672 veille
2596 3632 2658 3672 du

1635 3691 1835 3742 mariage
1855 3691 1910 3731 de
1928 3690 2128 3740 l’enfant,
2151 3692 2355 3732 serait-ce
2374 3691 2523 3732 même
2540 3691 2566 3731 à
2586 3691 2660 3732 l’â¬

1634 3761 1687 3799 ge
1708 3750 1762 3791 de
1787 3752 1834 3790 15
1855 3762 1912 3791 ou
1936 3752 1984 3790 16
2006 3761 2102 3790 ans.
2127 3751 2194 3791 On
2217 3752 2325 3802 peut
2344 3750 2567 3791 souscrire
2582 3750 2659 3792 des

1633 3808 1832 3850 contrats
1862 3808 2044 3860 jusqu’à
2075 3808 2319 3860 cinquante
2350 3810 2478 3850 mille
2508 3808 2659 3851 francs

1634 3866 1675 3907 et
1700 3879 1838 3920 payer
1863 3868 1927 3908 les
1954 3868 2123 3919 primes
2149 3880 2230 3919 par
2256 3870 2387 3919 mois,
2416 3868 2656 3918 trimestre,

1635 3927 1863 3978 semestre,
1891 3939 1948 3968 an
1974 3927 2018 3968 et
2040 3927 2188 3968 même
2215 3939 2269 3968 en
2294 3939 2385 3968 une
2408 3926 2531 3968 seule
2556 3927 2656 3976 fois,

1635 3996 1688 4024 en
1716 3986 1984 4027 bénéficiant
2008 3986 2115 4026 d’un
2142 3987 2368 4038 escompte
2392 3987 2447 4027 de
2471 3988 2495 4026 5
2520 3986 2576 4036 %.

1756 4096 2011 4148 Nuptialité
2047 4100 2091 4139 et
2131 4097 2335 4139 natalité
2372 4098 2582 4139 réunies.
2611 4122 2660 4128 —

1636 4157 1758 4197 Pour
1779 4170 1867 4198 une
1888 4157 2044 4198 fillette
2066 4158 2120 4198 de
2140 4161 2166 4198 8
2214 4170 2296 4198 ans
2316 4159 2359 4198 et
2379 4160 2403 4196 6
2424 4157 2554 4205 mois,
2604 4170 2658 4199 en

1636 4216 1795 4258 faveur
1818 4219 1871 4259 de
1920 4216 2116 4267 laquelle
2165 4228 2223 4258 on
2247 4228 2359 4258 aura
2406 4217 2532 4258 versé
2556 4216 2660 4266 cinq

1634 4276 1806 4325 primes
1856 4276 2094 4318 annuelles
2118 4275 2171 4319 de
2198 4279 2273 4316 178
2299 4276 2372 4326 fr.,
2427 4276 2470 4316 la
2495 4276 2659 4317 bénéfi¬

1634 4334 1771 4376 ciaire
1794 4347 1906 4375 aura
1927 4335 2046 4375 droit
2067 4335 2094 4374 à
2119 4347 2127 4376 :
2153 4338 2272 4378 1.000
2295 4326 2434 4376 fr.'au
2458 4337 2662 4376 moment

1635 4394 1696 4435 du
1719 4394 1920 4442 mariage
1943 4394 1985 4434 et
2008 4396 2127 4435 1.000
2151 4395 2207 4435 fr.
2232 4396 2258 4435 à
2280 4395 2324 4435 la
2346 4396 2582 4436 naissance
2606 4396 2659 4436 de

1636 4454 1811 4495 chacun
1834 4454 1888 4494 de
1910 4464 1979 4495 ses
1999 4453 2194 4501 enfants,
2219 4467 2326 4496 sans
2346 4466 2494 4495 aucun
2516 4465 2661 4497 verse¬

1638 4514 1763 4552 ment
1792 4512 2207 4564 complémentaire.

1692 4624 1750 4666 Ce
1770 4624 1888 4666 délai
1909 4626 1966 4667 de
1984 4626 2240 4667 versement
2259 4624 2314 4667 de
2335 4627 2439 4676 cinq
2461 4636 2544 4667 ans
2564 4637 2660 4669 seu¬

1640 4686 1819 4735 lement,
1849 4684 1975 4735 porté
2004 4684 2029 4723 à
2056 4684 2134 4724 dix
2161 4696 2242 4727 ans
2268 4696 2384 4736 pour
2411 4686 2475 4726 les
2502 4686 2661 4736 petites

1638 4743 1838 4792 bourses,
1866 4743 2051 4783 n’existe
2103 4743 2227 4786 nulle
2253 4746 2370 4796 part;
2398 4745 2430 4784 il
2455 4746 2521 4788 est
2573 4744 2661 4786 fort

1636 4803 1872 4843 commode
1900 4814 2014 4854 pour
2043 4803 2107 4846 les
2134 4804 2319 4855 parents
2344 4804 2454 4844 dont
2482 4804 2522 4845 le
2551 4805 2661 4845 bud¬

1634 4864 1706 4911 get
1755 4862 1866 4902 n’est
1913 4872 1995 4911 pas
2050 4863 2182 4910 grevé
2236 4872 2318 4913 par
2371 4863 2426 4902 de
2480 4862 2666 4912 longues

1636 4922 1894 4971 échéances,
1930 4932 2107 4962 comme
2140 4923 2171 4962 il
2206 4923 2353 4963 arrive
2386 4935 2439 4963 en
2474 4922 2662 4964 matière

1637 4979 1950 5022 d’assurances
1980 4992 2059 5022 sur
2088 4980 2131 5021 la
2161 4980 2246 5031 vie,
2279 4982 2332 5022 de
2391 4982 2576 5023 sociétés
2607 4983 2662 5023 de

1638 5039 1970 5091 capitalisation
1996 5051 2054 5080 ou
2080 5040 2135 5082 de
2160 5041 2369 5082 tontines.

1690 5151 1720 5191 A
1743 5150 1955 5191 l’Avenir
1979 5150 2218 5198 Familial,
2243 5162 2296 5190 en
2319 5151 2516 5200 échange
2536 5150 2667 5191 d’une

1636 5210 1783 5260 prime
1806 5211 1927 5251 aussi
1950 5210 2124 5251 réduite
2146 5223 2234 5261 que
2256 5211 2453 5260 possible
2475 5212 2518 5252 et
2539 5212 2661 5252 inva¬

1638 5268 1795 5318 riable,
1818 5268 1858 5312 le
1878 5268 2110 5312 sociétaire
2131 5268 2270 5320 reçoit
2288 5282 2349 5311 un
2371 5269 2536 5321 capital
2556 5269 2658 5320 fixe,

1638 5327 1887 5368 déterminé
1922 5327 2284 5369 définitivement
2316 5328 2432 5369 dans
2464 5342 2525 5369 un
2562 5339 2662 5370 con¬

1638 5385 1726 5427 trat
1751 5387 1839 5428 très
1863 5386 2042 5439 simple.

1691 5499 1814 5539 Nous
1839 5511 1979 5540 avons
2006 5510 2085 5539 cru
2139 5500 2302 5542 rendre
2328 5512 2390 5540 un
2444 5500 2662 5542 véritable

1638 5556 1807 5600 service
1834 5559 1859 5599 à
1887 5570 1968 5602 nos
1995 5558 2202 5607 lecteurs,
2259 5570 2312 5600 en
2342 5560 2440 5602 leur
2495 5570 2662 5600 recom¬

1638 5618 1860 5657 mandant
1886 5618 1997 5659 cette
2023 5618 2186 5659 société
2214 5619 2303 5659 très
2330 5619 2541 5667 sérieuse,
2599 5620 2662 5660 di¬

1635 5687 1722 5728 gne
1742 5676 1796 5718 de
1815 5678 1914 5718 leur
1932 5677 2178 5728 confiance,
2202 5678 2227 5717 à
2247 5678 2290 5718 la
2311 5678 2396 5719 tête
2417 5678 2473 5718 de
2491 5676 2661 5729 laquel¬

1637 5735 1678 5779 le
1706 5748 1751 5776 se
1779 5737 1990 5778 trouvent
2017 5736 2098 5777 des
2123 5737 2382 5779 notabilités
2407 5738 2462 5779 de
2517 5738 2662 5779 toutes

1637 5794 1703 5836 les
1725 5795 1938 5847 opinions
1961 5796 2002 5835 et
2026 5795 2138 5836 dont
2159 5796 2224 5836 les
2248 5808 2379 5838 noms
2431 5796 2662 5838 résument

1638 5854 1734 5896 tout
1760 5866 1808 5896 ce
1835 5867 1923 5906 que
1950 5855 1994 5895 la
2020 5855 2154 5896 bonté
2184 5855 2352 5907 inspire
2380 5856 2435 5898 de
2491 5856 2662 5899 bonnes

1639 5915 1824 5955 actions.

1690 6018 1727 6057 A
1752 6017 1854 6058 tous
1878 6028 1990 6058 ceux
2016 6018 2095 6066 qui
2122 6017 2292 6060 aiment
2316 6019 2439 6060 leurs
2464 6019 2659 6068 enfants,

1638 6076 1989 6127 petits-enfants,
2028 6087 2219 6124 neveux,
2257 6078 2408 6119 nièces
2438 6079 2480 6120 et
2514 6079 2660 6130 proté¬

1634 6136 1726 6185 gés,
1755 6147 1870 6176 nous
1895 6135 2052 6177 dirons
2082 6150 2090 6177 :
2118 6137 2455 6179 adressez-vous
2481 6138 2506 6179 à
2532 6138 2661 6178 I’ave-

1634 6205 1710 6236 nir
1731 6196 1935 6235 familial
1955 6196 2065 6236 dont
2084 6196 2125 6237 le
2147 6197 2267 6244 siège
2288 6196 2424 6238 social
2447 6199 2513 6239 est
2533 6198 2559 6237 à
2581 6198 2662 6239 Pa¬

1636 6254 1712 6303 ris,
1747 6254 1866 6294 mais
1895 6254 1974 6303 qui
2007 6256 2193 6304 possède
2226 6256 2304 6296 des
2335 6255 2662 6299 ramifications

1636 6312 1750 6354 dans
1774 6314 1902 6354 notre
1952 6314 2072 6362 ville,
2099 6315 2124 6355 à
2147 6315 2374 6356 Toulouse
2424 6318 2466 6358 et
2488 6316 2566 6356 dès
2590 6316 2662 6357 de¬

1636 6371 1775 6419 main,
1803 6374 1839 6412 si
1864 6383 1976 6412 vous
1999 6373 2171 6423 voulez,
2198 6387 2310 6416 vous
2334 6387 2507 6427 pouvez
2531 6375 2660 6416 béné¬

1636 6430 1760 6472 ficier
1784 6431 1836 6473 de
1887 6442 1955 6475 ses
1978 6431 2223 6484 avantages
2243 6435 2284 6475 et
2306 6435 2361 6476 de
2410 6447 2480 6476 ses
2501 6446 2660 6486 garan¬

1635 6486 1734 6531 ties*

1688 6615 1808 6656 Pour
1866 6616 1966 6656 tous
2025 6616 2415 6670 renseignements
2444 6619 2486 6659 et
2543 6630 2658 6670 pour

1635 6675 1871 6722 souscrire,
1931 6676 2172 6719 s’adresser
2202 6679 2259 6719 au
2320 6676 2551 6719 Directeur
2598 6679 2657 6719 du

1636 6750 1654 6770 «
1682 6735 1807 6776 Trait
1834 6734 2026 6777 d’Union
2056 6751 2090 6778 ».

2771 740 2829 782 Le
2851 740 3085 783 Directeur
3107 743 3172 784 est
3194 744 3398 784 heureux
3420 744 3695 787 d’annoncer
3718 747 3743 787 à

2718 811 2787 840 ses
2811 800 3011 843 abonnés
3035 802 3146 852 qu’il
3162 814 3187 842 a
3203 815 3258 844 eu
3272 803 3315 843 la
3330 804 3479 845 bonne
3494 804 3674 846 fortune
3688 806 3743 847 de

2719 860 2935 902 s’assurer
2976 860 3018 903 le
3059 873 3279 903 concours
3304 863 3359 904 de
3384 863 3619 905 l’éminent
3644 875 3743 915 pro¬

2720 919 2894 962 fesseur
2938 920 2992 960 de
3042 921 3358 974 Graphologie,
3410 923 3458 963 G.
3492 924 3741 972 Lefranck,

2720 979 2799 1030 qui
2824 980 2930 1020 veut
2953 979 3058 1024 bien
3084 980 3243 1022 mettre
3268 994 3318 1023 sa
3342 982 3515 1024 science
3539 983 3565 1023 à
3588 983 3633 1024 la
3658 984 3743 1027 dis¬

2721 1038 2897 1089 postion
2923 1039 3000 1080 des
3026 1039 3217 1083 lecteurs
3241 1042 3302 1083 du
3328 1041 3456 1083 Trait
3479 1043 3688 1084 d’Union.

2775 1107 3003 1148 Personne
3027 1108 3230 1159 n’ignore
3252 1110 3318 1150 les
3331 1110 3524 1151 services
3539 1121 3626 1160 que
3640 1112 3749 1162 peut

2723 1166 2886 1208 rendre
2938 1179 3026 1208 une
3067 1168 3200 1209 étude
3240 1170 3601 1220 graphologique
3643 1171 3746 1212 bien

2724 1224 2846 1266 faite.
2871 1225 3104 1278 L’analyse
3123 1228 3179 1268 de
3199 1228 3423 1270 l’écriture
3445 1229 3591 1271 révèle
3612 1229 3655 1271 la
3675 1242 3748 1271 va¬

2726 1284 2823 1324 leur
2867 1284 3027 1327 intime
3055 1287 3110 1328 de
3138 1287 3395 1338 l’individu,
3426 1298 3495 1329 ses
3523 1288 3750 1340 aptitudes

2727 1343 3070 1387 intellectuelles
3094 1347 3135 1387 et
3160 1347 3368 1388 morales.

2780 1411 2877 1451 Non
2906 1412 3156 1455 seulement
3182 1414 3213 1455 il
3240 1415 3304 1456 est
3331 1415 3601 1458 intéressant
3624 1418 3679 1458 de
3706 1430 3751 1458 se

2727 1470 2830 1511 bien
2854 1472 3087 1515 connaître
3110 1474 3361 1523 soi-même;
3385 1475 3501 1515 mais
3525 1476 3556 1517 il
3579 1476 3647 1516 est
3667 1476 3752 1516 uti¬

2727 1528 2767 1571 le
2810 1531 2852 1571 et
2894 1531 3092 1582 prudent
3134 1533 3354 1575 d’étudier
3398 1545 3510 1575 ceux
3538 1545 3644 1576 avec
3670 1535 3751 1576 les¬

2728 1588 2858 1640 quels
2894 1602 2950 1630 on
2971 1590 3118 1633 désire
3139 1593 3288 1634 entrer
3310 1606 3363 1635 en
3386 1594 3575 1636 relation
3598 1594 3752 1636 d’inté¬

2728 1648 2795 1690 rêt
2815 1660 2872 1690 ou
2894 1651 2947 1691 de
2969 1650 3227 1692 sentiment.

2783 1716 2840 1758 Le
2862 1716 3122 1768 professeur
3142 1719 3366 1760 Lefranck
3388 1719 3498 1762 dont
3518 1734 3632 1763 nous
3652 1732 3754 1763 con¬

2731 1775 2938 1818 naissons
2967 1776 3008 1818 la
3038 1779 3186 1820 sûreté
3231 1779 3285 1820 de
3330 1779 3596 1832 diagnostic,
3628 1780 3752 1822 satis¬

2732 1834 2847 1875 faire.
2871 1836 3210 1887 certainement,
3239 1838 3303 1880 les
3327 1839 3432 1890 plus
3457 1839 3683 1881 difficiles.

2786 1920 3052 1963 Conditions
3109 1923 3241 1964 faites
3298 1936 3386 1965 aux
3444 1925 3636 1967 lecteurs
3693 1926 3754 1967 du

2731 1980 2856 2022 Trait
2881 1982 3075 2023 d’Union
3106 1996 3113 2024 :

2731 2067 2855 2108 Dans
2885 2067 2924 2108 le
2955 2068 3138 2118 journal
3178 2100 3586 2112 .
3650 2075 3674 2112 0
3703 2075 3755 2112 50

2732 2154 2819 2194 Par
2849 2154 2978 2195 lettre
3012 2167 3019 2194 :
3051 2153 3248 2196 Portrait
3284 2187 3586 2199 .
3650 2162 3674 2198 3
3703 2162 3755 2199 00

2733 2239 2820 2278 Par
2847 2239 2975 2280 lettre
3007 2252 3014 2279 :
3043 2240 3238 2292 Analyse
3292 2242 3499 2283 détaillée
3554 2243 3595 2283 et

2786 2298 3007 2347 complète
3046 2311 3054 2339 :
3096 2331 3586 2343 .
3650 2304 3674 2342 5
3703 2304 3754 2342 00

2787 2384 3039 2426 S’adresser
3072 2399 3130 2427 au
3167 2387 3402 2428 Directeur
3434 2399 3487 2427 en
3524 2400 3756 2440 accompa¬

2731 2444 2873 2493 gnant
2895 2456 2944 2484 sa
2967 2444 3190 2487 demande
3213 2447 3320 2488 dVn
3342 2448 3430 2490 bon
3455 2447 3509 2488 de
3531 2449 3670 2500 poste.

2787 2616 2970 2656 Adrien.
2998 2641 3052 2647 —
3079 2619 3368 2670 Intelligence
3423 2632 3646 2672 moyenne
3698 2623 3755 2662 où

2731 2674 2916 2716 domine
2942 2676 2984 2716 la
3011 2676 3206 2727 logique.
3237 2679 3302 2719 Ne
3327 2690 3526 2731 manque
3555 2680 3600 2720 ni
3628 2680 3683 2722 de
3708 2680 3757 2720 fi¬

2732 2746 2862 2775 nesse
2888 2738 2933 2776 ni
2960 2736 3218 2778 d’habileté.
3249 2739 3402 2788 Esprit
3424 2740 3754 2791 organisateur.

2732 2795 2976 2842 Jugement
2999 2795 3130 2838 droit.
3158 2798 3224 2837 On
3249 2799 3433 2839 connaît
3453 2811 3522 2840 ses
3545 2800 3753 2851 qualités,

2731 2864 2787 2894 on
2815 2864 2869 2894 en
2896 2852 2980 2895 tire
3006 2856 3155 2898 même
3181 2856 3379 2908 quelque
3404 2859 3569 2901 vanité.

2786 2948 2934 2988 Cœur.
2948 2974 3003 2978 —
3016 2950 3171 2991 Bonne
3202 2963 3438 3000 moyenne.
3473 2954 3559 2995 Pas
3573 2955 3758 3004 d’égoïs¬

2734 3020 2818 3050 me.
2854 3010 2982 3051 Aime
3014 3010 3039 3050 à
3071 3011 3235 3051 rendre
3265 3012 3447 3054 service.
3483 3014 3579 3055 Une
3611 3015 3757 3064 légère

2732 3067 2952 3107 tendance
2976 3069 3000 3107 à
3024 3069 3198 3119 l’esprit
3218 3071 3272 3111 de
3296 3072 3472 3112 coterie.

2788 3162 2990 3203 Volonté.
3014 3187 3068 3193 —
3091 3165 3257 3215 Réelle;
3283 3167 3423 3218 n’agit
3446 3179 3527 3219 pas
3551 3168 3760 3220 toujours

2732 3232 2841 3262 avec
2862 3222 2904 3262 la
2927 3224 3074 3264 même
3098 3224 3322 3266 intensité.
3348 3227 3537 3268 Volonté
3560 3229 3757 3280 quelque

2732 3292 2819 3331 peu
2852 3282 3055 3332 difficile,
3091 3285 3239 3325 même
3272 3286 3519 3337 anguleuse
3551 3300 3634 3339 par
3666 3300 3757 3329 mo¬

2733 3342 2894 3382 ments.
2930 3343 3105 3391 Malgré
3136 3356 3214 3384 son
3249 3356 3409 3386 amour
3441 3347 3502 3386 du
3535 3348 3757 3388 conforta¬

2732 3400 2804 3442 ble
2830 3399 2869 3440 le
2895 3402 3121 3450 scripteur
3172 3403 3258 3444 sait
3283 3404 3466 3446 s’élever
3520 3407 3759 3448 au-dessus

2732 3460 2792 3499 du
2823 3459 2940 3505 terre
2966 3461 2990 3500 à
3019 3462 3148 3503 terre.

3429 3523 3754 3567 LEFRANCK.

3820 512 3889 543 res
3916 499 4084 548 cuivre,
4115 502 4292 542 vendue
4320 501 4474 543 moitié
4500 503 4616 554 prix.
4650 503 4844 543 S’adres¬

3819 570 3891 599 ser
3916 559 4091 600 bureau
4117 560 4244 600 Trait
4268 560 4479 602 d’Union.

3876 638 3938 675 12.
3967 637 4022 675 —
4050 637 4179 683 Veuf,
4209 639 4531 687 commerçant,
4562 639 4708 680 désire
4736 639 4845 679 s’en¬

3822 695 3978 735 tendre
4003 707 4110 736 avec
4132 708 4356 744 personne
4379 698 4434 738 de
4456 700 4507 738 30
4534 709 4615 739 ans
4638 698 4842 747 environ,

3822 754 4032 803 honnête,
4079 755 4343 804 présentant
4370 756 4490 806 bien,
4538 758 4686 799 bonne
4714 756 4844 798 cuisi¬

3823 812 3960 863 nière,
3992 814 4094 863 apte
4122 814 4148 853 à
4176 814 4343 864 diriger
4375 815 4579 868 ménage.

3878 890 3939 928 13.
3970 890 4158 930 Landes.
4183 914 4236 918 —
4260 891 4402 931 Dame
4426 892 4562 942 seule,
4590 894 4726 943 ayant
4750 903 4846 933 ren¬

3823 948 3902 996 tes,
3937 949 4112 990 maison
4146 948 4188 990 et
4244 950 4413 998 jardin,
4471 952 4680 992 habitant
4711 951 4846 1003 petite

3825 1007 3947 1054 ville,
3983 1008 4142 1050 climat
4174 1007 4288 1055 sain,
4326 1007 4475 1051 désire
4506 1011 4702 1061 prendre
4735 1011 4843 1051 chez

3824 1066 3907 1106 tlie
3936 1078 4051 1114 pour
4107 1067 4232 1108 avoir
4262 1079 4351 1108 une
4406 1068 4567 1110 société
4624 1080 4847 1120 personne

3826 1125 3962 1172 seule,
3991 1127 4094 1166 bien
4120 1126 4283 1174 élevée,
4312 1128 4448 1176 ayant
4472 1128 4631 1179 petites
4656 1130 4819 1170 rentes.

3883 1211 3944 1250 14.
3978 1208 4106 1251 Midi,
4134 1235 4187 1239 —
4243 1212 4382 1255 Dame
4436 1214 4524 1255 très
4579 1214 4848 1267 distinguée,

3831 1270 3933 1310 bien
3958 1271 4120 1320 élevée,
4146 1271 4355 1314 habitant
4375 1274 4547 1324 grande
4570 1274 4691 1324 ville,
4719 1275 4855 1326 ayant

3831 1327 4047 1370 intérieur
4077 1331 4371 1379 confortable,
4419 1334 4631 1374 voudrait
4660 1338 4854 1384 prendre

3830 1398 4006 1428 comme
4059 1390 4394 1439 pensionnaire,
4453 1392 4586 1432 dame
4642 1403 4699 1432 ou
4730 1404 4854 1434 mon¬

3832 1446 3952 1487 sieur
3980 1447 4092 1492 seul,
4124 1447 4455 1491 fonctionnaire
4481 1462 4539 1491 ou
4567 1451 4748 1491 rentier.

3888 1532 3950 1573 15.
3982 1533 4120 1574 Dame
4147 1540 4302 1582 veuve,
4358 1534 4494 1584 ayant
4519 1548 4574 1577 eu
4627 1547 4778 1576 revers
4803 1539 4857 1576 de

3834 1591 4028 1638 fortune,
4061 1594 4112 1631 37
4143 1604 4239 1640 ans,
4272 1606 4378 1636 sans
4409 1595 4604 1645 enfants,
4639 1595 4855 1636 excellen¬

3834 1651 3898 1689 tes
3923 1650 4162 1692 éducation
4188 1653 4231 1692 et
4258 1652 4543 1704 instruction,
4572 1656 4674 1706 apte
4699 1655 4724 1695 à
4750 1655 4856 1696 diri¬

3832 1719 3910 1758 ger
3942 1708 4174 1758 intérieur,
4208 1711 4446 1754 désirerait
4475 1715 4658 1755 trouver
4688 1715 4855 1764 emploi

3834 1767 4040 1810 caissière
4071 1780 4128 1810 ou
4156 1771 4356 1819 gérante,
4390 1771 4510 1812 hôtel
4540 1784 4596 1813 ou
4628 1772 4739 1814 café.
4772 1774 4856 1812 En¬

3834 1826 3990 1867 trerait
4015 1840 4071 1868 au
4098 1828 4267 1868 service
4291 1830 4345 1870 de
4371 1831 4603 1871 monsieur
4629 1832 4740 1881 seul,
4768 1833 4858 1873 mê¬

3835 1896 3906 1924 me
3934 1896 4039 1925 avec
4064 1886 4258 1927 enfants.
4290 1888 4399 1928 Très
4427 1890 4619 1932 sérieux.

3890 0 3951 2010 16.
3962 1970 4443 2014 Bouches-du-Rhône.
4478 1998 4533 2004 —
4567 1976 4851 2026 Célibataire,

3832 2031 3883 2070 70
3910 2041 4006 2077 ans,
4051 2032 4195 2072 comte
4224 2032 4538 2084 authentique,
4582 2035 4858 2078 descendant

3832 2089 3966 2129 d’une
3994 2090 4212 2131 ancienne
4240 2092 4280 2132 et
4307 2091 4484 2134 illustre
4511 2094 4702 2146 famille,
4731 2094 4858 2135 habi¬

3836 2147 3934 2187 tant
3966 2148 4091 2198 villa,
4128 2150 4342 2191 voudrait
4375 2151 4560 2203 adopter
4596 2155 4755 2195 enfant
4788 2166 4846 2195 ou

3832 2206 3968 2254 jeune
3991 2208 4175 2250 homme
4199 2210 4255 2250 de
4277 2208 4454 2252 famille
4476 2211 4613 2263 riche,
4639 2224 4746 2254 avec
4768 2214 4856 2264 pri¬

3835 2276 3920 2304 me.
3939 2266 4146 2308 Céderait
4172 2267 4299 2308 titres
4328 2269 4589 2315 nobiliaires
4618 2273 4659 2312 et
4673 2274 4856 2323 parche¬

3835 2323 3968 2367 mins.
4001 2326 4130 2369 Faire
4156 2327 4306 2368 offres.

3890 2403 3951 2441 17.
3979 2404 4014 2441 A
4039 2404 4206 2446 vendre
4230 2414 4344 2451 pour
4367 2414 4500 2447 cause
4523 2408 4578 2448 de
4602 2407 4760 2456 départ
4783 2410 4856 2451 ob¬

3832 2459 3920 2510 jets
3950 2460 4133 2506 anciens
4168 2476 4175 2503 :
4207 2463 4426 2515 meubles,
4460 2467 4687 2518 tableaux,
4720 2468 4857 2511 livres

3833 2522 4098 2570 argenterie,
4128 2523 4360 2564 dentelles.
4393 2524 4628 2568 Collection
4659 2527 4848 2571 timbres

3882 2579 4132 2623 S’adresser
4163 2583 4336 2624 bureau
4362 2583 4492 2626 7rait
4512 2586 4722 2627 d’Union.

3888 2658 3950 2696 19.
3983 2660 4016 2696 A
4047 2659 4214 2699 vendre
4242 2660 4355 2700 beau
4384 2662 4590 2710 chapelet
4616 2663 4784 2714 cristal,
4815 2667 4856 2706 et

3834 2715 3948 2758 livre
3975 2716 4114 2760 ivoire
4170 2719 4343 2761 ancien.
4376 2720 4627 2764 S’adresser
4684 2723 4854 2767 bureau

3835 2775 3960 2815 Trait
3983 2776 4192 2818 d’Union.

3886 2855 3952 2895 20.
3976 2858 4024 2897 —
4043 2858 4186 2898 Daine
4216 2859 4380 2910 veuve,
4403 2859 4605 2902 habitant
4630 2864 4653 2902 à
4679 2860 4720 2902 la
4740 2872 4858 2902 cam¬

3834 2927 3975 2966 pagne
4021 2931 4127 2960 avec
4180 2931 4254 2959 ses
4302 2921 4415 2961 deux
4460 2924 4589 2974 filles,
4634 2924 4862 2976 prendrait

3832 2978 4002 3028 darnes,
4027 2980 4311 3023 demoiselles
4332 2995 4387 3023 ou
4411 2986 4654 3027 messieurs
4675 2987 4783 3036 âgés
4805 2998 4858 3027 en

3835 3040 3986 3091 viager
4006 3055 4060 3083 ou
4079 3055 4131 3083 en
4151 3046 4352 3096 pension,
4379 3047 4448 3087 vie
4466 3048 4519 3088 de
4536 3048 4718 3099 famille,
4744 3048 4856 3090 beau

3834 3115 3942 3154 pays
3963 3103 4016 3145 de
4040 3110 4288 3156 montagne,
4318 3108 4438 3148 soins
4459 3110 4671 3151 dévoués.

3886 3178 3950 3216 21.
3968 3199 4018 3204 —
4039 3180 4074 3215 A
4094 3179 4232 3219 louer
4253 3190 4330 3219 rue
4346 3178 4399 3219 de
4416 3181 4544 3230 Metz,
4559 3194 4671 3232 pour
4689 3184 4857 3223 bureau

3834 3247 3888 3275 ou
3908 3239 4262 3291 garde-meuble,
4290 3242 4457 3291 grande
4484 3243 4604 3294 pièce
4627 3255 4682 3284 au
4704 3246 4845 3286 rez-de

3832 3299 4048 3340 chaussée
4086 3314 4161 3341 sur
4204 3314 4310 3342 cour
4376 3303 4632 3346 S’adresser
4692 3307 4859 3348 bureau

3837 3362 3950 3402 Trait
3967 3359 4180 3404 d’Union..

3886 3444 3951 3482 22.
3980 3467 4035 3472 —
4063 3444 4218 3486 Bonne
4248 3446 4497 3496 corsetière,
4530 3461 4612 3490 rue
4639 3450 4693 3490 de
4722 3451 4855 3499 Metz,

3834 3504 3898 3549 62,
3926 3504 4285 3546 recommandée.
4340 3506 4516 3548 Corsets
4542 3510 4638 3550 tout
4690 3510 4794 3551 faits
4818 3511 4860 3551 et

3835 3571 3912 3600 sur
3940 3572 4132 3603 mesure.
4164 3564 4271 3603 Prix
4298 3566 4518 3606 modérés.

2764 3700 3019 3752 Lettres
3060 3702 3138 3753 de
3178 3702 3723 3758 Remerciements

2786 3851 2844 3891 Le
2865 3851 2998 3891 cadre
3019 3851 3074 3892 de
3095 3852 3222 3892 notre
3243 3852 3425 3902 journal
3448 3865 3503 3894 ne
3524 3865 3639 3894 nous
3659 3867 3755 3904 per¬

2734 3910 2925 3951 mettant
2947 3922 3028 3960 pas
3078 3911 3295 3951 d’insérer
3346 3911 3410 3952 les
3462 3912 3758 3955 nombreuses

2734 3968 2886 4011 lettres
2919 3969 2974 4011 de
3008 3969 3298 4012 félicitations
3330 3971 3559 4014 adressées
3592 3984 3650 4013 au
3684 3972 3758 4012 Di¬

2735 4028 2908 4070 recteur
2935 4028 3098 4079 depuis
3123 4030 3167 4071 la
3194 4030 3391 4071 création
3419 4030 3474 4071 de
3500 4032 3611 4073 cette
3639 4042 3756 4072 com¬

2736 4088 2962 4138 binaison,
3000 4099 3115 4129 ceux
3150 4090 3204 4131 de
3240 4102 3322 4131 nos
3359 4090 3560 4133 abonnés
3596 4091 3675 4143 qui
3714 4091 3754 4131 le

2734 4148 3030 4189 désireraient
3055 4152 3275 4200 pourront
3300 4163 3354 4191 en
3408 4152 3604 4201 prendre
3656 4163 3758 4192 con¬

2736 4208 2971 4250 naissance
3004 4208 3119 4250 dans
3152 4220 3232 4251 nos
3264 4211 3486 4259 bureaux,
3522 4223 3601 4252 rue
3635 4211 3759 4252 d’As¬

2734 4267 2847 4319 torg,
2874 4270 2939 4316 26,
2970 4268 3210 4309 Toulouse.

2801 4456 3115 4553 Annonces
3169 4459 3233 4553 et
3283 4455 3429 4553 Avis
3483 4457 3689 4556 divers

2936 4600 2979 4656 3
3006 4599 3158 4656 francs
3187 4615 3291 4668 pour
3316 4602 3425 4656 trois
3453 4604 3558 4658 mois

2794 4799 2829 4835 1.
2857 4819 2911 4823 —
2937 4795 3003 4835 On
3033 4795 3256 4846 demande
3282 4795 3395 4846 petit
3420 4794 3585 4846 capital
3628 4807 3759 4847 paya¬

2737 4850 2810 4888 ble
2832 4860 2886 4890 en
2911 4848 3035 4890 rente
3057 4848 3251 4900 viagère.
3278 4850 3410 4891 Faire
3431 4850 3566 4891 offres
3590 4851 3631 4891 et
3653 4851 3760 4891 don¬

2738 4914 2818 4942 ner
2838 4902 2938 4943 tous
2958 4902 3346 4955 renseignements
3366 4914 3423 4943 au
3444 4903 3679 4945 Directeur
3699 4903 3760 4943 du

2739 4954 2864 4995 Trait
2888 4955 3095 4996 d’Union.

2790 5043 2828 5082 2.
2858 5043 2912 5081 —
2956 5043 3219 5083 Professeur
3263 5043 3398 5083 dame
3442 5042 3762 5083 recommandé

2738 5107 2852 5146 pour
2874 5095 3026 5146 leçons
3047 5096 3101 5136 de
3123 5095 3272 5146 piano.
3299 5095 3407 5134 Prix
3430 5094 3650 5138 modérés.
3676 5096 3762 5136 Bu¬

2739 5159 2847 5188 reau
2874 5147 2935 5188 du
2961 5148 3159 5196 journal.

2790 5239 2828 5278 3.
2855 5238 2909 5276 —
2938 5238 3206 5278 Demoiselle
3232 5236 3355 5279 seule
3379 5238 3431 5278 45
3458 5247 3554 5288 ans,
3582 5239 3762 5289 adopte¬

2739 5291 2826 5330 rait
2846 5291 2982 5340 jeune
3002 5290 3095 5332 fille
3117 5290 3326 5334 fortunée
3345 5303 3402 5332 ou
3424 5291 3583 5333 enfant
3602 5294 3762 5343 orphe¬

2739 5343 2829 5384 line
2848 5355 2906 5384 ou
2927 5343 3236 5385 abandonnée..
3260 5344 3462 5385 Prendre
3483 5346 3662 5386 adresse
3683 5347 3758 5386 bu¬

2739 5408 2846 5438 reau
2872 5396 2932 5438 du
2959 5396 3087 5439 Trait
3110 5396 3319 5440 d’Union.

2791 5490 2828 5527 4.
2848 5487 2903 5526 —
2924 5487 3112 5527 Famille
3134 5488 3223 5528 très
3242 5486 3504 5535 honorable,
3527 5487 3762 5539 prendrait

2739 5539 3060 5591 pensionnaire
3092 5540 3226 5581 dame
3259 5551 3316 5580 ou
3367 5541 3602 5583 Monsieur
3652 5539 3759 5588 aisé,

2739 5594 2980 5635 s’adresser
3008 5593 3180 5635 bureau
3211 5592 3271 5634 du
3301 5592 3498 5643 journal.

2790 5676 2828 5712 5.
2855 5695 2910 5700 —
2935 5672 3002 5712 On
3030 5673 3255 5715 demande
3281 5675 3428 5715 bonne
3455 5675 3709 5716 couturière
3735 5676 3761 5716 à

2740 5726 2782 5766 la
2796 5726 2999 5775 journée.
3018 5726 3126 5767 Voir
3139 5728 3312 5768 bureau
3328 5728 3390 5769 du
3406 5727 3534 5768 Trait
3546 5728 3756 5770 d’Union.

2790 5816 2827 5856 7.
2854 5816 2907 5854 —
2931 5816 3070 5856 Dame
3094 5817 3232 5866 ayant
3254 5815 3403 5856 loisirs
3427 5816 3651 5858 demande
3674 5819 3759 5859 tra¬

2737 5886 2857 5915 vaux
2887 5874 3126 5916 d’écriture
3155 5887 3211 5916 ou
3244 5875 3404 5916 travail
3438 5876 3621 5918 manuel
3652 5878 3759 5917 chez

2738 5932 2836 5972 elle.

2790 6020 2827 6059 8.
2854 6044 2908 6048 —
2934 6020 3195 6062 Professeur
3220 6020 3274 6062 de
3299 6020 3496 6071 français
3520 6023 3759 6064 donnerait

2737 6079 2887 6127 leçons
2919 6079 2976 6120 de
3022 6080 3360 6126 conversations
3391 6082 3435 6123 et
3482 6082 3759 6132 d’orthogra¬

2736 6138 2824 6188 phe
2858 6138 2883 6178 à
2915 6150 3139 6187 personne
3172 6140 3420 6191 étrangère.
3458 6140 3572 6193 Cinq
3607 6141 3758 6183 francs

2735 6208 2817 6247 par
2842 6198 2971 6238 mois.

2788 6284 2827 6322 9.
2857 6284 2911 6323 —
2940 6284 3107 6330 Leçons
3135 6284 3190 6327 de
3221 6284 3419 6335 français
3448 6286 3490 6326 et
3519 6286 3754 6337 d’anglais.

2736 6343 2800 6382 De
2824 6344 2872 6382 15
2896 6343 2921 6382 à
2943 6344 2995 6383 30
3020 6343 3172 6384 francs
3195 6356 3278 6395 par
3302 6343 3428 6385 mois-

2792 6430 2852 6468 10.
2879 6430 2933 6468 —
2956 6430 3100 6472 Jeune
3125 6429 3223 6471 fille
3248 6431 3386 6480 ayant
3409 6431 3576 6483 emploi
3606 6431 3758 6472 Sténo-

2736 6486 3112 6539 Dactylographe,
3176 6488 3308 6531 ferait
3358 6490 3519 6531 travail
3580 6491 3759 6542 supplé¬

2735 6544 2955 6586 mentaire
2979 6559 3095 6597 pour
3121 6547 3423 6599 particuliers.

3887 3629 3951 3668 23.
3984 3630 4372 3672 Haute-Garonne.
4399 3657 4454 3663 —
4508 3635 4647 3676 Dame
4700 3647 4856 3685 veuve,

3836 3689 3887 3726 45
3916 3699 4012 3736 ans,
4072 3691 4296 3740 physique
4355 3695 4578 3743 agréable,
4636 3698 4860 3736 caractère

3836 3746 3957 3786 doux
3984 3748 4027 3787 et
4052 3748 4321 3799 affectueux,
4351 3755 4488 3801 ayant
4512 3766 4568 3794 eu
4595 3766 4760 3803 revers,
4789 3756 4858 3798 de¬

3838 3806 4002 3848 mande
4030 3807 4155 3856 place
4184 3808 4239 3848 de
4265 3815 4574 3856 gouvernante
4601 3815 4708 3855 chez
4735 3827 4859 3855 mon¬

3835 3865 3955 3906 sieur
3982 3879 4039 3907 ou
4066 3867 4199 3907 dame
4226 3868 4364 3910 seule.

4008 4048 4702 4140 APOLLO-THÉATRE

3888 4184 3954 4224 En
3977 4187 4142 4228 dehors
4164 4188 4240 4230 des
4264 4188 4646 4240 représentations
4667 4191 4861 4235 cinéma¬

3835 4243 4160 4298 tographiques
4214 4247 4304 4288 très
4331 4249 4500 4291 suivies
4527 4250 4571 4291 et
4623 4250 4703 4292 des
4731 4251 4861 4294 CON¬

3835 4302 4019 4343 CERTS
4063 4306 4524 4357 SYMPHONIQUES
4567 4308 4603 4348 si
4630 4312 4862 4360 appréciés

3835 4360 3914 4401 des
3938 4363 4182 4412 amateurs,
4226 4366 4500 4408 L’APOLLO
4542 4367 4667 4408 vient
4691 4368 4862 4420 d’orga¬

3836 4419 3970 4468 niser,
4000 4422 4119 4464 deux
4147 4424 4235 4466 fois
4259 4436 4342 4474 par
4367 4427 4583 4475 semaine,
4614 4427 4723 4467 DES
4752 4428 4862 4470 SOI¬

3835 4479 3982 4520 REES
4036 4480 4110 4520 DE
4166 4484 4318 4524 GALA
4356 4509 4411 4514 —
4451 4485 4678 4527 CINEMA
4731 4487 4862 4529 CON¬

3838 4539 3988 4579 CERT
4012 4563 4066 4568 —
4091 4552 4197 4582 avec
4223 4544 4263 4584 le
4288 4556 4508 4587 concours
4534 4546 4612 4587 des
4638 4546 4862 4588 éminents

3836 4598 4013 4640 artistes
4038 4599 4099 4640 du
4126 4600 4480 4648 Conservatoire.

3891 4659 4011 4700 Cette
4044 4660 4267 4704 heureuse
4299 4663 4562 4706 innovation
4596 4664 4769 4706 obtient
4800 4679 4860 4707 un

3835 4719 3989 4759 succès
4039 4719 4353 4762 considérable
4374 4722 4418 4762 et
4438 4724 4570 4765 attire
4620 4736 4683 4764 un
4705 4724 4863 4775 public

3835 4778 3891 4818 de
3913 4777 4060 4819 choix.
4089 4779 4203 4819 C’est
4227 4779 4267 4819 le
4291 4782 4587 4826 rendez-vous
4610 4784 4664 4824 de
4687 4783 4731 4824 la
4755 4786 4862 4826 bon¬

3835 4848 3890 4876 ne
3911 4836 4088 4879 société.

3944 5007 4404 5074 Mesdames,

4074 5104 4536 5149 Demandez
4587 5110 4859 5151 toutes

3841 5192 3924 5272 LE
3957 5183 4326 5275 BRÉVIAIRE
4361 5195 4553 5278 DELA
4587 5186 4862 5278 BEAUTÉ

3876 5390 3966 5418 Dans
3990 5398 4035 5418 un
4060 5392 4120 5418 but
4144 5392 4183 5418 de
4207 5392 4460 5423 vulgarisation
4483 5395 4714 5426 scientifique,
4740 5394 4862 5422 renvoi

3838 5436 3878 5458 en
3900 5434 3950 5459 est
3971 5435 4035 5460 fait
4056 5434 4178 5459 franco
4199 5438 4276 5459 sous
4300 5435 4346 5464 pli
4368 5435 4487 5469 fermé,
4508 5438 4627 5463 contre
4646 5435 4663 5462 0
4683 5436 4727 5462 fr.
4750 5435 4783 5461 40
4803 5433 4863 5468 (re¬

3838 5475 4040 5500 commandé
4062 5480 4070 5500 :
4088 5474 4106 5500 0
4124 5475 4167 5500 fr.
4187 5471 4232 5504 50)
4254 5482 4294 5500 en
4315 5478 4456 5505 timbres
4478 5479 4518 5504 de
4538 5480 4614 5504 tous
4634 5482 4730 5508 pays,
4751 5478 4863 5503 adres¬

3836 5512 3887 5539 sés
3911 5514 3931 5539 à
3955 5514 4127 5546 CLARKS,
4151 5514 4212 5544 130,
4238 5514 4372 5544 Galerie
4395 5519 4435 5546 de
4460 5518 4572 5544 Valois
4596 5515 4862 5550 (Palais-Royal)

3837 5553 3943 5579 Paris.

3908 5786 4207 5832 Manufacture
4238 5788 4457 5826 d’articles
4487 5788 4639 5826 KATO

4335 5858 4358 5905 à
4382 5858 4551 5905 fenêtre
4572 5858 4786 5904 diaphane

4014 5996 4406 6063 Enveloppes
4432 6000 4456 6019 *
4477 5998 4635 6051 Kato
4656 5998 4680 6016 "

4013 6084 4184 6147 Papier
4215 6086 4239 6135 à
4275 6087 4419 6138 lettre
4454 6089 4471 6106 *
4491 6084 4642 6136 KATO
4663 6086 4679 6103 '

3922 6227 4154 6265 Demander
4184 6231 4474 6267 Echantillons

3918 6292 4071 6328 LOUIS
4100 6295 4298 6331 GASSAN
4327 6297 4422 6331 aîné

3922 6358 3979 6398 37,
4008 6367 4079 6392 rue
4106 6362 4178 6395 des
4204 6362 4435 6396 Couteliers

3923 6421 4199 6460 TOULOUSE

2790 6624 2851 6662 11.
2884 6646 2939 6651 —
2968 6623 3196 6666 Véritable
3242 6624 3462 6666 occasion.
3495 6626 3549 6666 —
3581 6626 3756 6666 GRAN¬

2738 6683 2809 6722 DE
2844 6682 3210 6724 CHAPELIERE
3242 6684 3358 6725 osier
3406 6684 3547 6735 verni,
3583 6686 3608 6726 à
3639 6696 3758 6727 com¬

2755 6740 3019 6791 partiments,
3064 6742 3256 6786 doublée
3283 6743 3403 6792 toile,
3448 6743 3588 6787 belles
3614 6755 3760 6786 serru-

4322 6639 4379 6679 Le
4407 6637 4573 6679 Gérant
4600 6652 4610 6680 :
4635 6642 4803 6683 RACH.

3886 6752 4148 6798 Imprimerie
4178 6750 4360 6799 spéciale
4388 6750 4441 6788 du
4475 6752 4590 6791 Trait
4619 6755 4810 6794 d'Union.
