5184 7176
2567 344 2639 383 LE
2671 346 2854 385 TRAIT
2887 347 3135 388 D’UNION

727 444 786 495 Si,
827 458 883 486 au
919 444 1160 495 contraire,
1200 443 1263 486 les
1299 445 1695 498 renseignements

666 506 894 559 échangés
922 519 979 546 ne
1007 504 1070 546 les
1126 503 1338 546 satisfont
1395 518 1490 559 pas,
1522 506 1576 546 ils
1604 519 1695 546 ces¬

666 571 767 608 sent
823 566 878 607 de
907 564 1236 619 correspondre
1296 570 1339 606 et
1399 578 1580 606 comme
1642 564 1695 606 ils

666 627 883 680 ignorent
936 623 1033 666 l’un
1090 630 1132 666 et
1186 622 1362 672 l’autre,
1392 623 1491 664 leur
1518 638 1628 665 nom
1654 635 1696 666 et

666 687 858 735 adresse,
895 698 1048 726 aucun
1080 683 1215 726 d’eux
1247 683 1362 724 n’est
1394 684 1690 737 compromis.

724 746 760 787 Il
786 750 851 787 est
877 746 983 786 bien
1011 744 1214 786 entendu
1271 756 1359 796 que
1416 755 1532 784 nous
1560 743 1695 784 décli¬

666 820 783 848 nons
815 810 940 847 toute
972 803 1319 860 responsabilité
1352 803 1550 857 puisque
1579 816 1695 846 nous

666 880 782 908 nous
806 866 978 907 faisons
1002 877 1066 906 un
1092 864 1248 906 devoir
1274 863 1327 904 de
1351 867 1490 903 rester
1515 871 1696 905 neutres

666 932 708 968 et
742 924 974 980 d’ignorer
1008 937 1058 966 ce
1092 923 1376 978 qu’écrivent
1410 934 1491 964 nos
1527 935 1695 963 corres¬

667 986 911 1041 pondants.

724 1045 896 1099 Depuis
924 1044 993 1086 six
1023 1057 1103 1084 ans
1160 1055 1248 1098 que
1307 1055 1356 1083 ce
1412 1040 1599 1095 journal
1631 1046 1696 1082 est

666 1106 780 1155 créé,
813 1106 846 1147 il
875 1103 979 1147 s’est
1033 1102 1264 1145 contracté
1323 1100 1377 1143 de
1439 1101 1695 1143 nombreux

666 1167 891 1220 mariages
924 1168 967 1206 et
999 1167 1099 1206 tout
1131 1163 1171 1204 le
1202 1162 1375 1203 monde
1407 1162 1493 1203 sait
1526 1161 1566 1202 la
1598 1174 1694 1202 ma¬

664 1227 789 1269 nière
823 1224 1016 1267 sérieuse
1051 1223 1163 1265 dont
1195 1222 1331 1276 opère
1366 1219 1407 1263 la
1440 1219 1691 1263 Direction.

716 1320 843 1359 Nota.
872 1342 926 1347 —
953 1319 1015 1358 Ne
1046 1326 1126 1366 pas
1154 1315 1330 1356 oublier
1386 1313 1450 1354 les
1503 1312 1692 1352 timbres

662 1371 1140 1415 d’affranchissement
1172 1367 1439 1418 obligatoire
1472 1375 1588 1416 pour
1651 1366 1692 1406 la

662 1426 884 1477 première
914 1428 956 1466 et
986 1425 1027 1464 la
1056 1422 1295 1464 deuxième
1323 1420 1611 1472 enveloppes.

697 1592 1297 1671 Recommandations
1343 1592 1657 1669 Générales

703 1768 742 1799 1°
775 1767 975 1799 Personne
1003 1773 1051 1799 ne
1079 1769 1171 1805 peut
1198 1766 1484 1804 correspondre
1511 1773 1607 1798 avec
1632 1766 1690 1796 tes

662 1819 838 1856 abonnés
864 1826 958 1851 sans
984 1819 1098 1852 avoir
1124 1818 1235 1852 versé
1263 1820 1319 1851 les
1344 1819 1380 1850 11
1408 1819 1542 1851 francs
1571 1816 1691 1856 régle¬

662 1872 875 1911 mentaires
900 1879 912 1911 ;

702 1939 742 1968 3°
768 1938 988 1970 L’annonce
1010 1938 1078 1970 des
1099 1936 1275 1969 abonnés
1296 1937 1378 1969 doit
1402 1936 1584 1975 indiquer
1607 1936 1691 1967 leur

660 1990 746 2030 âge,
776 1991 861 2022 leur
884 1990 1091 2029 situation,
1119 1990 1200 2022 s’ils
1227 1988 1403 2022 désirent
1428 1995 1478 2022 ou
1506 1995 1584 2021 non
1614 1994 1689 2019 une

659 2044 739 2076 dot.
769 2044 850 2076 Elle
875 2043 958 2075 doit
983 2043 1141 2076 fournir
1169 2043 1341 2076 certains
1367 2040 1509 2075 détails
1535 2042 1583 2074 de
1613 2047 1689 2072 ma¬

659 2096 770 2130 nière
787 2096 814 2129 à
834 2095 958 2130 éviter
977 2096 1047 2128 des
1067 2096 1431 2132 correspondances
1453 2094 1615 2131 inutiles
1635 2100 1647 2131 ;

701 2163 742 2192 4°
774 2160 846 2192 Dès
875 2160 995 2199 qu’un
1023 2159 1180 2192 abonné
1207 2167 1232 2192 a
1258 2159 1398 2192 trouvé
1425 2160 1464 2191 la
1494 2164 1688 2197 personne

659 2215 707 2247 de
725 2221 799 2246 son
816 2214 950 2251 choix,
969 2214 996 2244 il
1019 2214 1102 2246 doit
1121 2212 1306 2252 prévenir
1326 2214 1360 2244 le
1382 2212 1583 2245 Directeur
1602 2212 1688 2243 afin

659 2274 734 2304 que
758 2274 830 2299 son
854 2273 1035 2299 annonce
1058 2267 1135 2298 soit
1159 2264 1330 2298 enlevée.
1359 2266 1386 2296 Il
1411 2263 1560 2297 évitera
1583 2262 1687 2295 ainsi

661 2320 802 2351 l’envoi
833 2319 883 2351 de
915 2319 1048 2351 lettres
1079 2320 1146 2358 qui
1182 2318 1403 2350 n’auraient
1436 2318 1524 2355 plus
1556 2323 1687 2350 ausun

659 2374 728 2404 but
755 2375 792 2406 et
818 2372 1064 2411 auxquelles,
1092 2379 1166 2410 par
1192 2371 1330 2403 devoir
1356 2371 1403 2403 de
1430 2370 1631 2408 politesse,
1661 2368 1686 2400 il

655 2424 812 2458 devrait
831 2423 1028 2463 répondre
1047 2431 1058 2462 ;

698 2491 738 2522 5®
762 2491 834 2522 Les
855 2495 1058 2522 annonces
1079 2492 1170 2522 sont
1190 2490 1238 2522 de
1259 2488 1319 2520 six
1343 2488 1470 2526 lignes
1491 2495 1543 2520 au
1567 2486 1687 2518 maxi¬

658 2550 779 2577 mum.
834 2543 906 2576 Les
960 2542 1089 2581 lignes
1139 2540 1499 2580 supplémentaires
1553 2540 1687 2571 seront

664 2595 808 2635 payées
829 2595 855 2628 à
876 2595 1010 2628 raison
1031 2595 1081 2627 de
1103 2596 1118 2626 1
1140 2596 1255 2626 franc
1279 2595 1315 2626 la
1339 2594 1444 2631 ligne
1466 2599 1567 2631 pour
1588 2591 1684 2627 trois

659 2643 771 2675 mois.
804 2642 854 2674 Ce
883 2640 986 2674 délai
1018 2640 1166 2680 écoulé,
1199 2643 1254 2672 les
1286 2639 1496 2674 intéressés
1525 2640 1687 2672 doivent

655 2695 873 2728 demander
904 2695 939 2726 le
970 2694 1308 2727 renouvellement
1339 2700 1350 2731 ;

698 2754 739 2784 6°
775 2752 823 2783 Le
856 2752 1039 2783 montant
1070 2751 1138 2784 des
1171 2750 1459 2782 abonnements
1491 2748 1574 2780 doit
1606 2747 1686 2779 être

655 2803 816 2837 adressé
834 2811 884 2836 au
906 2802 1107 2835 Directeur
1126 2802 1178 2835 du
1198 2800 1491 2835 Trait-d’Union
1511 2807 1559 2833 en
1580 2806 1686 2832 man¬

655 2859 758 2896 dats,
783 2859 882 2890 bons
906 2858 956 2890 de
980 2859 1091 2895 poste
1116 2864 1167 2889 ou
1190 2851 1356 2888 timbres
1383 2863 1392 2894 ;

695 2924 714 2954 7
720 2927 735 2944 °
762 2923 816 2954 La
840 2922 1040 2954 Direction
1068 2922 1265 2959 n’accepte
1289 2926 1365 2959 que
1387 2919 1456 2951 des
1481 2924 1683 2951 annonces

653 2976 733 3010 très
751 2975 963 3013 sérieuses,
983 2975 1102 3007 celles
1123 2975 1220 3006 dont
1242 2974 1279 3006 la
1300 2972 1502 3005 rédaction
1526 2979 1573 3004 ne
1595 2977 1684 3004 con¬

656 3030 820 3062 viendra
848 3035 918 3067 pas
946 3030 1079 3060 seront
1107 3026 1283 3059 refusées
1311 3034 1322 3064 ;

693 3095 734 3126 8°
758 3095 862 3126 Nous
882 3092 1227 3130 recommandons,
1245 3098 1343 3123 avec
1364 3091 1402 3122 fa
1423 3090 1511 3128 plus
1531 3090 1682 3130 grande

654 3148 884 3184 insistance,
902 3146 927 3179 à
943 3147 1032 3179 tous
1052 3152 1123 3178 nos
1140 3143 1331 3182 abonnés,
1350 3143 1515 3175 anciens
1534 3144 1571 3175 et
1590 3150 1684 3174 nou¬

652 3206 794 3238 veaux,
826 3200 875 3231 de
908 3206 950 3230 se
982 3200 1208 3231 conformer
1240 3204 1318 3228 aux
1354 3195 1594 3228 indications
1628 3196 1680 3227 du

654 3254 799 3286 TRAIT
824 3251 1016 3286 D’UNION
1040 3259 1091 3286 en
1115 3259 1159 3284 es
1182 3251 1250 3290 qui
1273 3255 1469 3283 concerne
1494 3250 1532 3282 la
1554 3251 1682 3282 trans¬

653 3307 818 3339 mission
842 3306 911 3338 des
935 3306 1080 3337 lettres.
1106 3306 1207 3336 Nous
1232 3302 1415 3342 répétons
1437 3308 1579 3335 encore
1604 3308 1681 3333 une

650 3360 727 3391 fois
762 3360 809 3391 de
844 3366 891 3390 ne
923 3359 1064 3390 mettre
1095 3364 1252 3391 aucune
1287 3354 1507 3388 indication
1539 3360 1608 3387 sur
1642 3354 1680 3384 la

651 3414 763 3444 lettre
787 3412 843 3443 du
868 3411 1143 3448 destinataire,
1171 3416 1290 3443 noms
1317 3411 1355 3442 et
1384 3406 1571 3439 numéros
1599 3406 1679 3439 doi¬

650 3467 742 3496 vent
762 3464 843 3496 être
867 3463 1039 3502 inscrits,
1062 3463 1086 3497 à
1110 3464 1251 3495 l’encre
1273 3463 1350 3498 soit
1373 3468 1442 3494 sur
1464 3468 1517 3494 un
1543 3460 1679 3499 papier

650 3516 934 3555 indépendant,
965 3515 1043 3548 soit
1074 3516 1175 3548 dans
1208 3514 1427 3548 l’intérieur
1458 3514 1506 3546 de
1540 3512 1679 3544 l’enve¬

648 3570 776 3609 loppe,
806 3567 988 3603 adressée
1016 3575 1067 3602 au
1099 3568 1314 3602 Directeur.

687 3643 728 3675 9°
755 3643 816 3676 On
839 3644 933 3680 peut
955 3643 1242 3680 correspondre
1263 3642 1290 3675 à
1314 3642 1351 3674 ia
1374 3640 1452 3674 fois
1475 3646 1571 3672 avec
1594 3639 1676 3678 plu¬

647 3696 775 3728 sieurs
804 3694 983 3727 abonnés
1008 3701 1021 3734 ;

688 3770 747 3800 10®
785 3769 839 3800 La
874 3768 965 3807 plus
995 3766 1256 3800 élémentaire
1291 3767 1478 3806 politesse
1512 3766 1584 3798 fait
1622 3772 1674 3795 un

645 3822 782 3855 devoir
811 3828 890 3854 aux
920 3820 1098 3854 abonnés
1128 3822 1176 3852 dè
1207 3820 1402 3859 répondre
1428 3826 1508 3851 aux
1540 3819 1674 3851 lettres

644 3880 792 3914 reçues.
828 3875 903 3907 Pas
935 3874 1034 3906 n’est
1063 3874 1199 3907 besoin
1231 3874 1279 3906 de
1311 3874 1478 3911 longues
1509 3872 1672 3910 phrases

643 3930 744 3962 dans
767 3928 939 3962 certains
962 3934 1042 3962 cas.
1068 3928 1176 3960 Deux
1201 3928 1302 3962 mots
1323 3925 1515 3959 suffisent
1539 3932 1550 3964 ;

684 3992 744 4023 11®
776 3992 898 4024 Toute
928 3992 1039 4024 lettre
1067 3992 1134 4031 qui
1166 3998 1266 4023 nous
1294 3992 1352 4022 est
1378 3990 1562 4022 adressée
1591 3995 1672 4027 per¬

643 4046 934 4079 sonnellement
951 4046 988 4078 et
1004 4045 1072 4083 qui
1088 4044 1288 4078 demande
1306 4050 1386 4075 une
1404 4041 1571 4083 réponse
1586 4042 1674 4076 doit

643 4099 723 4132 être
744 4097 1036 4138 accompagnée
1058 4099 1150 4131 d’un
1172 4099 1315 4131 timbre
1336 4098 1384 4128 de
1406 4097 1444 4127 10
1466 4095 1670 4129 centimes.

683 4164 742 4195 12°
775 4164 826 4196 Ne
856 4170 925 4202 pas
955 4162 1107 4195 oublier
1139 4164 1194 4195 les
1222 4163 1386 4195 timbres
1415 4160 1671 4200 obligatoires

641 4224 741 4256 pour
762 4218 799 4248 la
818 4215 1012 4255 première
1033 4219 1072 4249 et
1087 4217 1128 4248 ia
1147 4215 1357 4248 deuxième
1378 4214 1628 4254 enveloppes.

681 4282 740 4312 13®
774 4283 842 4314 Les
871 4287 1087 4319 personnes
1117 4280 1183 4320 qui
1213 4283 1280 4312 ont
1309 4279 1507 4319 plusieurs
1538 4280 1668 4312 lettres

638 4335 663 4368 à
688 4340 790 4367 nous
813 4335 995 4367 adresser
1016 4342 1067 4367 en
1095 4334 1221 4368 même
1244 4335 1385 4372 temps,
1410 4335 1502 4366 sont
1523 4331 1670 4371 parfai¬

639 4390 786 4422 tement
806 4387 1025 4420 autorisées
1046 4388 1071 4420 à
1092 4388 1147 4419 les
1170 4387 1306 4419 réunir
1327 4392 1419 4419 sous
1441 4392 1519 4419 une
1543 4384 1668 4418 même

638 4442 855 4480 enveloppe
880 4436 1176 4474 suffisamment
1200 4439 1436 4472 affranchie.

680 4508 740 4538 14°
766 4507 814 4538 Le
836 4506 1052 4544 Directeur,
1072 4506 1262 4538 soucieux
1283 4504 1331 4536 de
1352 4510 1562 4536 conserver
1583 4503 1607 4536 à
1627 4504 1666 4535 la

639 4554 914 4586 combinaison
946 4554 997 4586 du
1029 4554 1136 4587 Trait
1163 4554 1334 4585 d’Union
1364 4559 1436 4584 son
1467 4552 1666 4585 caractère

639 4602 972 4640 d'irréprochable
994 4600 1240 4640 délicatesse,
1264 4600 1347 4638 prie
1371 4602 1426 4633 les
1448 4606 1664 4638 personnes

639 4651 704 4688 qui
743 4650 1056 4687 correspondent
1095 4651 1143 4681 de
1168 4650 1323 4680 vouloir
1347 4648 1436 4681 bien
1462 4648 1618 4686 joindre
1642 4648 1666 4680 à

639 4700 722 4731 leur
742 4698 907 4730 numéro
927 4699 1136 4736 personnel
1160 4699 1243 4730 leur
1259 4703 1354 4730 nom
1371 4703 1424 4729 ou
1443 4697 1665 4728 seulement

638 4747 743 4780 leurs
768 4747 956 4779 initiales.
982 4746 1070 4779 Ceci
1096 4747 1182 4778 afin
1209 4744 1371 4778 d’éviter
1396 4746 1435 4777 la
1460 4744 1664 4776 transmis¬

635 4796 722 4827 sion
743 4796 790 4827 de
811 4795 942 4827 lettres
955 4794 1166 4828 adressées
1184 4794 1209 4827 à
1228 4795 1264 4826 la
1286 4793 1483 4826 Direction
1504 4800 1575 4832 par
1594 4794 1662 4824 des

635 4848 731 4881 gens
762 4842 1036 4874 malhonnêtes
1064 4844 1102 4876 et
1130 4850 1207 4875 non
1235 4840 1424 4874 abonnés.

676 4908 799 4942 Toute
830 4910 940 4942 lettre
970 4915 1018 4940 ne
1044 4910 1206 4947 portant
1235 4915 1305 4947 pas
1334 4915 1411 4940 une
1440 4907 1659 4940 Indication

635 4955 784 4994 précise
804 4956 851 4987 de
872 4955 1128 4994 l’expéditeur
1148 4963 1236 4988 sera
1256 4955 1438 4987 détruite.

675 5023 735 5054 15®
772 5023 895 5054 Toute
930 5023 1188 5060 suppression
1223 5023 1456 5060 d’annonce,
1492 5023 1659 5061 change¬

635 5072 740 5103 ment
782 5075 831 5100 ou
873 5070 1150 5103 modification
1194 5070 1426 5102 d'insertion
1468 5075 1515 5100 en
1542 5076 1659 5102 cours

630 5119 947 5156 d'abonnement,
981 5119 1144 5151 nuisant
1173 5118 1197 5150 à
1229 5119 1267 5150 ia
1295 5119 1425 5150 bonne
1454 5119 1658 5156 organisa¬

630 5167 712 5199 tion
735 5167 782 5199 de
805 5174 867 5199 ma
888 5167 1164 5199 combinaison
1188 5166 1398 5204 mariages,
1423 5166 1478 5198 les
1500 5172 1658 5204 person¬

631 5222 699 5246 nes
739 5214 806 5251 qui
846 5222 894 5246 en
935 5215 1067 5247 feront
1091 5216 1128 5247 la
1152 5215 1347 5247 demande
1371 5220 1570 5251 expresse,
1595 5215 1657 5244 de¬

629 5264 743 5295 vront
767 5268 808 5294 se
828 5263 1058 5294 conformer
1077 5261 1131 5294 bu
1156 5263 1250 5293 tarif
1274 5262 1435 5294 suivant
1453 5268 1470 5294 s

667 5328 932 5364 Suppression
968 5327 1474 5362 d'annonce...
1522 5329 1540 5359 5
1564 5328 1611 5359 fr.

670 5375 940 5414 Changement
975 5376 1472 5415 complet.
1520 5376 1539 5407 3
1563 5376 1611 5407 fr.

670 5423 928 5462 Supplément
954 5424 1073 5456 d’une
1102 5424 1430 5463 ligne.
1522 5424 1536 5455 1
1563 5426 1611 5455 fr.

667 5491 788 5522 Toute
811 5495 1008 5527 personne
1027 5490 1208 5522 abonnée
1230 5496 1324 5520 sans
1346 5496 1540 5527 annonce,
1563 5496 1652 5522 con¬

624 5543 735 5569 serve
769 5543 840 5568 son
875 5538 980 5570 droit
1012 5537 1244 5570 d’insertion
1279 5538 1440 5576 gratuit,
1475 5538 1651 5576 pendant

622 5588 729 5619 toute
747 5587 785 5618 la
799 5584 922 5618 durée
937 5586 987 5618 de
1006 5592 1077 5618 son
1096 5587 1375 5619 abonnement.

664 5651 714 5682 Le
758 5650 963 5682 Directeur
1012 5652 1196 5684 recevant
1243 5650 1533 5689 fréquemment
1581 5652 1649 5682 des

623 5698 792 5736 plaintes
820 5699 868 5730 de
896 5699 1068 5733 certains
1095 5700 1443 5738 correspondants,
1474 5701 1558 5739 prie
1587 5707 1648 5731 ses

620 5746 810 5784 abonnés,
839 5747 979 5778 Dames
1004 5749 1042 5780 et
1068 5748 1279 5780 Messieurs
1303 5748 1351 5779 de
1378 5748 1531 5780 vouloir
1558 5748 1646 5780 bien

620 5793 815 5831 répondre
850 5794 875 5826 à
911 5795 1039 5826 toutes
1079 5795 1134 5826 les
1174 5795 1304 5828 lettres
1344 5796 1410 5835 qui
1450 5795 1535 5829 leur
1558 5796 1647 5828 sont

619 5842 836 5875 adressées.

663 5899 711 5931 Le
731 5898 994 5931 dévouement
1016 5901 1226 5938 personnel
1245 5900 1295 5931 de
1318 5900 1354 5931 la
1376 5901 1573 5933 Direction
1598 5908 1645 5932 ne

620 5948 711 5983 peut
751 5952 799 5978 en
839 5952 995 5979 aucune
1035 5947 1151 5985 façon
1194 5947 1375 5980 atténuer
1399 5950 1499 5980 cette
1524 5948 1646 5987 négli¬

616 6000 752 6032 gence,
775 6002 875 6032 pour
896 6002 944 6026 ne
966 6002 1036 6034 pas
1058 5996 1143 6028 dire
1162 5999 1263 6030 cette
1283 5996 1540 6035 impolitesse.

1228 6063 1286 6094 LE
1312 6063 1599 6094 DIRECTEUR.

612 6220 980 6324 OFFRES
1040 6221 1244 6325 AUX
1308 6225 1640 6330 DAMES

659 6411 779 6462 5970,
807 6411 1059 6453 Bordeaux.
1082 6436 1134 6442 —
1156 6412 1440 6463 Célibataire,
1466 6416 1516 6456 40
1536 6427 1634 6464 ans,

606 6463 707 6512 rferi
737 6470 995 6522 paraissant
1023 6483 1110 6524 que
1139 6475 1206 6523 35,
1237 6472 1351 6522 seul,
1383 6473 1563 6516 sérieux
1592 6476 1635 6516 et

606 6528 804 6579 instruit,
842 6528 1016 6571 famille
1050 6532 1314 6582 honorable,
1350 6532 1458 6583 aisé,
1494 6536 1518 6575 4
1551 6535 1630 6576 im¬

604 6588 808 6630 meubles
842 6588 955 6630 dans
990 6590 1243 6640 Bordeaux,
1279 6592 1360 6643 joli
1396 6591 1628 6643 intérieur,

602 6647 858 6698 épouserait
886 6647 1159 6691 Demoiselle
1190 6650 1244 6691 de
1275 6651 1423 6693 bonne
1455 6652 1630 6694 famille

600 6707 639 6748 et
663 6707 716 6748 de
739 6706 951 6749 conduite
971 6706 1327 6760 irréprochable,
1351 6711 1490 6762 ayant
1510 6711 1599 6755 dot.

1821 446 1903 486 Les
1923 447 2166 487 messieurs
2185 450 2287 487 sont
2308 447 2427 496 priés
2450 447 2504 487 de
2526 446 2747 496 répondre
2767 446 2794 487 à

1767 507 1912 545 toutes
1938 507 1999 547 les
2024 504 2174 546 lettres
2199 508 2274 555 qui
2302 508 2398 547 leur
2420 510 2522 547 sont
2547 507 2790 547 adressées.

1820 593 1939 632 5985.
1968 591 2222 640 Ingénieur.
2242 615 2296 619 —
2316 591 2602 642 Célibataire,
2624 594 2676 632 33
2696 603 2792 640 ans,

1769 650 2024 700 industriel,
2048 651 2163 691 belle
2184 650 2398 691 situation
2421 652 2638 700 d’avenir,
2661 651 2791 702 épou¬

1767 709 1904 750 serait
1923 709 2186 751 demoiselle
2206 710 2262 751 de
2279 711 2331 750 20
2350 710 2376 750 à
2395 712 2446 751 28
2467 723 2563 759 ans,
2586 711 2642 751 de
2662 711 2794 762 goûts

1767 767 1955 819 simples
1975 770 2111 820 ayant
2131 771 2263 810 25000
2283 768 2435 812 francs
2456 770 2511 812 de
2531 770 2622 811 dot.

1819 855 1938 894 5986.
1964 855 2088 894 Gers.
2108 878 2163 883 —
2182 856 2326 895 Jeune
2374 855 2572 904 homme,
2595 858 2647 896 34
2692 867 2791 904 ans,

1767 911 1920 961 établi,
1950 913 2143 962 sérieux,
2174 914 2299 954 avoir
2324 916 2350 954 5
2376 914 2402 955 à
2428 916 2532 955 6000
2559 915 2616 955 fr.
2647 914 2794 955 désire

1769 971 1907 1011 union
1931 983 2038 1015 avec
2059 971 2322 1014 demoiselle
2343 984 2402 1015 ou
2424 985 2582 1022 veuve,
2607 984 2714 1014 avec
2735 979 2812 1014 ou'

1767 1042 1872 1071 sans
1892 1031 2064 1079 enfant,
2088 1032 2226 1082 ayant
2244 1031 2322 1072 dot
2342 1043 2456 1083 pour
2477 1032 2591 1074 faire
2612 1034 2794 1084 prospé¬

1768 1099 1838 1130 rer
1860 1100 2127 1131 commerce.

1819 1168 1937 1207 5989.
1968 1167 2213 1218 Amérique
2265 1167 2326 1208 du
2382 1169 2518 1209 Nord.
2647 1170 2791 1210 Jeune

1766 1224 1964 1276 homme,
1988 1227 2041 1267 32
2064 1238 2161 1275 ans,
2187 1227 2396 1270 habitant
2417 1227 2698 1279 l’Amérique
2721 1228 2794 1269 de¬

1766 1285 1870 1336 puis
1888 1287 1912 1324 6
1932 1296 2027 1334 ans,
2051 1287 2188 1336 ayant
2207 1285 2439 1336 situation,
2462 1288 2608 1329 désire
2628 1288 2792 1328 maria¬

1766 1355 1818 1395 ge
1836 1355 1943 1384 avec
1962 1344 2096 1395 jeune
2116 1344 2214 1390 fille
2231 1344 2286 1387 de
2303 1347 2355 1386 24
2375 1345 2400 1388 à
2419 1348 2470 1387 30
2488 1358 2586 1396 ans,
2607 1358 2714 1387 avec
2732 1358 2790 1388 ou

1766 1415 1871 1443 sans
1890 1403 1980 1444 dot.

1816 1488 1935 1538 5998,
1974 1488 2184 1531 Gironde.
2218 1490 2272 1531 —
2305 1490 2574 1532 Célibataire
2606 1494 2657 1532 38
2690 1503 2786 1539 ans,

1763 1548 2001 1599 négociant
2024 1551 2067 1590 et
2090 1549 2403 1600 propriétaire,
2431 1550 2534 1592 bien
2560 1562 2664 1592 sous
2687 1552 2789 1592 tous

1762 1607 1986 1658 rapports,
2012 1608 2270 1659 épouserait
2295 1607 2566 1651 Demoiselle
2590 1622 2647 1651 ou
2674 1610 2788 1650 Veu¬

1762 1679 1814 1708 ve
1838 1678 1942 1709 sans
1966 1668 2162 1716 enfants,
2188 1680 2294 1710 avec
2318 1669 2408 1719 dot,
2435 1671 2638 1720 pouvant
2659 1669 2702 1710 le
2723 1681 2788 1712 se¬

1762 1725 1927 1766 conder
1954 1727 2068 1768 dans
2095 1739 2175 1770 son
2203 1738 2471 1769 commerce.
2500 1729 2558 1770 Se
2584 1728 2786 1779 déplace¬

1762 1783 1850 1824 rait
1875 1795 1932 1826 au
1959 1784 2130 1826 besoin.

1816 1882 1863 1919 2°
1894 1882 1950 1921 Le
1990 1882 2116 1920 Trait
2158 1882 2350 1922 d’Union
2394 1884 2458 1923 est
2500 1894 2559 1924 un
2600 1883 2783 1934 journal

1764 1940 1958 1982 honnête
1982 1944 2024 1980 et
2048 1943 2272 1990 n’accepte
2315 1951 2399 1992 que
2442 1943 2519 1983 des
2559 1954 2786 1983 annonces

1759 1999 1995 2040 sérieuses.

1812 2082 1930 2129 6001,
1961 2080 2201 2123 Toulouse.
2228 2082 2282 2122 —
2308 2080 2579 2124 Célibataire
2606 2084 2656 2122 43
2684 2094 2780 2135 ans,

1759 2138 1974 2180 situation
1999 2142 2103 2180 sûre
2126 2140 2180 2180 de
2202 2142 2326 2190 3,000
2350 2140 2423 2191 fr.,
2448 2140 2614 2192 capital
2637 2143 2786 2191 20,000

1765 2200 1935 2248 francs,
1971 2200 2116 2241 désire
2150 2200 2352 2251 mariage
2387 2212 2494 2242 avec
2526 2200 2787 2242 demoiselle

1766 2270 1823 2299 ou
1848 2270 1990 2300 veuve
2016 2271 2120 2300 sans
2146 2259 2318 2308 enfant,
2344 2260 2482 2312 ayant
2503 2260 2583 2302 dot
2606 2260 2787 2311 équiva¬

1766 2317 1899 2360 lente^

1815 2414 1933 2453 6007.
1962 2412 2164 2454 Hérault.
2188 2414 2243 2455 —
2266 2413 2550 2464 Célibataire,
2592 2416 2644 2456 30
2681 2426 2780 2466 ans,

1763 2474 1782 2511 1
1810 2483 1870 2511 m.
1897 2474 1963 2521 75,
1992 2472 2330 2524 sympathique,
2358 2473 2573 2516 situation
2601 2472 2655 2514 de
2682 2476 2785 2514 1000

1759 2531 1914 2571 francs
1950 2544 2034 2583 par
2071 2543 2143 2582 an,
2182 2531 2330 2574 désire
2351 2532 2552 2584 mariage
2574 2543 2680 2575 avec
2702 2534 2782 2574 De¬

1763 2590 1964 2632 moiselle
1995 2603 2052 2632 ou
2083 2591 2236 2632 Veuve
2266 2593 2469 2642 pouvant
2497 2592 2539 2634 le
2568 2592 2782 2634 seconder

1760 2651 1875 2691 dans
1892 2660 1970 2691 son
1988 2660 2256 2691 commerce.

1813 2727 1931 2767 6013.
1958 2726 2348 2768 Haute-Garonne.
2368 2730 2423 2768 —
2443 2730 2574 2778 Veuf,
2596 2730 2708 2778 seul,
2731 2731 2783 2768 45

1760 2796 1856 2834 ans,
1880 2785 1968 2836 gai,
1995 2787 2082 2827 bon
2106 2787 2344 2835 caractère,
2370 2787 2615 2828 excellente
2638 2787 2778 2837 santé,

1763 2846 1908 2884 16.000
1947 2844 2003 2886 fr.
2044 2856 2236 2886 revenus
2259 2846 2452 2887 annuels
2474 2859 2527 2887 en
2552 2847 2702 2888 rentes
2723 2858 2776 2887 ou

1759 2903 2046 2953 immeubles,
2071 2904 2219 2947 désire
2243 2905 2448 2956 mariage
2471 2918 2579 2947 avec
2602 2906 2779 2947 Demoi¬

1759 2962 1866 3004 selle
1903 2974 1960 3004 ou
2000 2964 2142 3004 Dame
2179 2975 2285 3004 sans
2323 2964 2518 3015 enfants,
2544 2966 2692 3006 bonne
2716 2964 2772 3006 fa¬

1759 3022 1899 3071 mille,
1922 3023 2059 3076 ayant
2076 3023 2132 3065 de
2150 3026 2175 3064 5
2194 3023 2219 3064 à
2238 3025 2342 3063 6000
2362 3023 2416 3064 fr.
2440 3024 2496 3066 de
2513 3024 2663 3067 rentes
2680 3035 2776 3076 per¬

1758 3080 1996 3125 sonnelles.

1807 3170 1927 3209 6020.
1962 3170 2204 3209 Marseille.
2234 3193 2290 3199 —
2320 3170 2567 3219 Monsieur,
2600 3171 2650 3210 45
2679 3180 2775 3221 ans,

1756 3228 1904 3270 bonne
1932 3228 2124 3278 famille,
2156 3228 2247 3270 très
2276 3229 2391 3271 belle
2418 3229 2635 3271 situation
2667 3230 2780 3270 dans

1755 3288 1926 3339 grande
1953 3288 2075 3338 ville,
2132 3287 2344 3330 voudrait
2395 3290 2585 3341 épouser
2612 3288 2779 3330 demoi¬

1754 3347 1863 3388 selle
1895 3358 1955 3388 ou
1989 3348 2123 3388 dame
2156 3347 2418 3398 honorable,
2455 3348 2578 3399 jolie,
2614 3347 2774 3398 brune,

1752 3407 1891 3458 ayant
1915 3407 2110 3448 fortune.

1802 3498 1919 3538 6026.
1946 3496 2002 3536 —
2027 3496 2296 3545 Sud-Ouest,
2323 3496 2483 3536 ancien
2508 3496 2702 3546 officier,
2729 3496 2775 3537 ti¬

1750 3555 1828 3604 tré,
1851 3555 1931 3607 âge
1950 3568 2068 3604 mur,
2090 3555 2206 3596 mais
2224 3556 2314 3598 très
2331 3555 2467 3608 jeune
2486 3556 2690 3606 d’allure,
2711 3556 2776 3596 di¬

1748 3614 1924 3666 rigeant
1948 3615 2111 3656 affaire
2136 3615 2403 3667 rapportant
2427 3618 2452 3656 8
2476 3616 2502 3657 à
2528 3618 2674 3657 10.000
2699 3615 2771 3664 fr.,

1748 3674 1893 3715 désire
1912 3675 2114 3726 mariage
2132 3686 2239 3715 avec
2259 3675 2520 3715 demoiselle
2539 3687 2596 3715 ou
2615 3686 2772 3723 veuve,

1747 3733 1800 3774 de
1822 3735 1872 3774 30
1892 3733 1919 3773 à
1938 3735 1989 3774 35
2010 3744 2106 3782 ans,
2129 3733 2432 3775 honorabilité
2452 3732 2652 3783 absolue,
2675 3734 2774 3784 gaie

1746 3794 1835 3834 bon
1858 3793 2096 3843 caractère,
2123 3792 2350 3837 vraiment
2371 3792 2480 3844 jolie
2500 3794 2545 3836 et
2563 3794 2620 3836 de
2639 3806 2771 3846 gran¬

1744 3852 1799 3891 de
1818 3852 2051 3896 tc-arnura,
2073 3863 2178 3892 avec
2196 3863 2254 3892 ou
2271 3863 2379 3893 sans
2399 3853 2592 3894 fortune.

1800 3924 1918 3966 6032.
1962 3925 2184 3974 Aveyron.
2208 3925 2262 3963 —
2302 3924 2503 3966 Licencié
2541 3935 2595 3964 en
2635 3926 2766 3974 droit,

1746 3986 1794 4024 29
1816 3994 1910 4031 ans,
1936 3984 2091 4032 grand,
2115 3984 2243 4031 brun,
2262 3983 2479 4032 orphelin,
2508 3984 2587 4023 200
2602 3983 2768 4031 000fr.,

1744 4043 1930 4095 fortune,
1947 4044 2094 4085 désire
2115 4047 2304 4095 épouser
2324 4044 2586 4086 demoiselle
2607 4056 2663 4086 ou
2682 4046 2770 4095 jeu¬

1743 4118 1799 4148 ne
1820 4118 1961 4148 veuve
1979 4111 2114 4158 ayant
2132 4108 2343 4147 situation
2367 4108 2600 4157 analogue.

1797 4190 1845 4228 3°
1875 4189 2080 4239 Envoyez
2116 4187 2143 4228 à
2164 4190 2207 4228 la
2248 4188 2472 4228 Direction
2498 4190 2576 4228 des
2595 4199 2767 4229 annon¬

1743 4259 1814 4290 ces
1843 4247 2079 4296 sérieuses,
2115 4250 2275 4296 vraies,
2309 4248 2519 4298 sincères,
2554 4248 2761 4299 précises,

1742 4319 1857 4358 pour
1896 4307 2035 4348 éviter
2077 4307 2154 4350 des
2192 4308 2417 4358 surprises
2443 4307 2700 4359 imprévues
2723 4311 2764 4349 et

1744 4367 2071 4419 désagréables.

1794 4457 1844 4496 60
1858 4460 1895 4496 55
1935 4458 1984 4498 —
2019 4458 2128 4498 Var.
2163 4458 2212 4498 —
2243 4456 2542 4504 Célibataire,
2579 4459 2628 4496 33
2668 4467 2763 4507 ans,

1740 4518 1908 4563 blond,•
1916 4518 2228 4570 physionomie
2258 4519 2479 4568 agréable,
2514 4519 2766 4559 économies

1740 4582 1862 4636 6/100
1883 4580 2043 4632 francs,
2067 4580 2275 4624 situation
2294 4584 2415 4624 2.300
2434 4582 2444 4620 f
2452 4593 2578 4624 rancs
2593 4594 2674 4635 par
2686 4593 2763 4634 an,

1739 4638 1883 4685 désire
1903 4644 2094 4695 épouser
2112 4643 2371 4685 demoiselle
2394 4657 2450 4684 ou
2474 4656 2613 4684 veuve
2637 4644 2694 4683 de
2714 4647 2764 4684 23

1738 4708 1761 4746 à
1780 4706 1828 4746 31
1860 4717 1954 4756 ans,
1987 4708 2135 4747 même
2168 4718 2275 4746 avec
2316 4708 2478 4756 enfant,
2519 4710 2651 4759 ayant
2689 4706 2763 4746 dot

1737 4770 2028 4820 équivalente,
2051 4772 2246 4819 pouvant
2267 4780 2314 4809 se
2331 4769 2543 4821 déplacer
2567 4774 2608 4810 et
2635 4770 2763 4819 gérer

1736 4842 1986 4880 commerce
2007 4843 2064 4871 au
2086 4831 2258 4872 besoin.

1787 4903 1904 4954 6048,
1943 4904 2332 4945 Haute-Garonne.
2364 4927 2418 4935 —
2476 4903 2758 4953 Célibataire,

1734 4963 1842 5008 seul,
1876 4966 1928 5009 60
1984 4975 2083 5012 ans,
2099 4999 2103 5006 .
2118 4974 2344 5016 voyageur
2376 4964 2431 5006 de
2490 4974 2756 5013 commerce,

1735 5023 1858 5066 avoir
1880 5025 2026 5066 10.000
2046 5022 2120 5072 fr.,
2143 5023 2291 5064 rentes
2308 5024 2387 5063 850
2407 5023 2479 5072 fr.,
2503 5023 2648 5067 désire
2668 5035 2759 5067 ma¬

1732 5082 1854 5135 riage
1882 5094 1990 5124 avec
2041 5082 2316 5131 demoiselle,
2374 5083 2507 5128 dame
2532 5092 2672 5125 veuve
2700 5094 2757 5125 ou

1731 5142 1936 5184 divorcée
1967 5142 1994 5184 à
2022 5152 2104 5184 son
2133 5140 2289 5198 profit,
2321 5142 2532 5192 honnête,
2566 5142 2619 5184 de
2650 5143 2701 5184 40
2730 5142 2756 5185 à

1729 5203 1779 5242 55
1808 5212 1904 5250 ans,
1936 5203 2074 5252 ayant
2102 5200 2316 5242 situation
2347 5202 2647 5253 personnelle.

1775 5282 1899 5331 6049,
1963 5279 2442 5322 Bouches-du-Rhône.
2474 5303 2518 5311 —
2518 5280 2528 5320 -
2586 5280 2755 5322 Céliba¬

1727 5342 1854 5388 taire,
1878 5342 1928 5380 70
1950 5352 2047 5388 ans,
2071 5340 2216 5382 comte
2236 5340 2550 5392 authentique,
2570 5341 2754 5382 descen¬

1727 5399 1836 5442 dant
1866 5399 2000 5441 d'une
2032 5399 2250 5441 ancienne
2282 5400 2323 5442 et
2354 5399 2530 5442 illustre
2560 5400 2750 5449 famille,

1727 5459 1935 5500 habitant
1968 5459 2092 5507 villa,
2129 5459 2340 5500 voudrait
2375 5461 2563 5511 adopter
2595 5462 2752 5500 enfant

1724 5528 1782 5558 ou
1810 5516 1947 5567 jeune
1976 5519 2160 5559 homme
2187 5519 2242 5558 de
2272 5519 2447 5560 famille
2476 5520 2612 5567 riche,
2645 5531 2751 5560 avec

1723 5578 1884 5627 prime.
1915 5577 2122 5620 Céderait
2146 5578 2272 5619 titres
2297 5578 2559 5620 nobiliaires
2583 5580 2627 5620 et
2651 5592 2749 5632 par¬

1722 5635 1942 5677 chemins.
1969 5636 2100 5678 Faire
2126 5638 2280 5678 offres.

1774 5713 1891 5753 6053.
1935 5714 2072 5753 Gard.
2096 5738 2151 5742 —
2174 5714 2516 5758 Contributions
2556 5714 2744 5757 indirec¬

1727 5775 1807 5811 tes.
1847 5771 2115 5814 Célibataire
2151 5774 2206 5814 de
2240 5774 2330 5814 très
2364 5775 2512 5816 bonne
2548 5775 2738 5825 famille,

1723 5832 1844 5871 4.000
1867 5832 1922 5872 fr.
1949 5843 2155 5882 revenus,
2182 5834 2422 5876 recherche
2443 5847 2560 5888 pour
2582 5835 2744 5876 maria¬

1720 5903 1775 5942 ge
1832 5902 2054 5942 personne
2098 5894 2284 5943 grande,
2334 5893 2528 5944 élancée,
2578 5895 2740 5944 mince,

1724 5954 1741 5990 1
1763 5954 1827 5990 M.
1850 5952 1901 5990 70
1939 5952 2202 6002 minimum,
2240 5954 2293 5994 27
2325 5952 2354 5993 à
2386 5956 2440 5994 35
2479 5966 2575 6003 ans,
2615 5954 2743 5995 intel¬

1717 6010 1896 6060 ligente,
1947 6012 2170 6062 instruite,
2219 6012 2307 6054 très
2354 6011 2501 6055 bonne
2547 6014 2736 6062 famille,

1715 6071 1852 6120 ayant
1867 6072 1994 6111 avoir
2010 6083 2066 6112 ou
2086 6072 2175 6112 dot.
2198 6072 2350 6113 Prière
2369 6074 2542 6115 donner
2560 6074 2738 6116 adresse

1714 6131 1758 6171 et
1795 6130 1932 6180 photo
1971 6131 2051 6182 qui
2091 6143 2190 6172 sera
2211 6131 2399 6174 rendue.
2427 6132 2490 6175 Ne
2511 6134 2736 6185 répondra

1714 6190 1818 6240 qu’à
1849 6188 1976 6232 lettre
2008 6192 2161 6243 signée
2193 6191 2452 6234 réunissant
2483 6192 2738 6235 conditions

1712 6248 1951 6291 énoncées/

1771 6336 1888 6376 6056.
1926 6338 2176 6378 Bordeaux.
2208 6362 2263 6367 —
2298 6339 2490 6389 Retraité
2524 6339 2651 6389 ,seul,
2684 6342 2736 6379 55

1716 6407 1812 6445 ans,
1843 6394 1945 6436 bien
1974 6399 2200 6447 conservé,
2230 6398 2319 6442 bon
2347 6400 2586 6447 caractère,
2615 6411 2735 6441 reve¬

1715 6467 1801 6498 nus
1831 6457 1955 6496 2.000
1986 6456 2059 6507 fr.,
2092 6457 2304 6501 voudrait
2334 6458 2525 6510 épouser
2556 6459 2732 6501 Demoi¬

1714 6514 1820 6558 selle
1840 6526 1897 6556 ou
1918 6515 2059 6558 Dame
2078 6528 2219 6559 veuve
2239 6518 2294 6558 de
2311 6519 2362 6558 40
2382 6519 2407 6559 à
2426 6521 2476 6560 50
2495 6530 2577 6560 ans
2596 6519 2732 6571 ayant

1714 6575 1927 6616 situation
1960 6587 2012 6616 en
2048 6576 2248 6626 rapport.

1762 6654 1882 6694 6057.
1931 6655 2320 6696 Haute-Garonne.
2348 6678 2402 6685 —
2444 6656 2726 6704 Célibataire,

1711 6715 1876 6763 46,ans,
1899 6714 1971 6757 fils
1991 6713 2178 6766 unique,
2200 6714 2443 6767 distingué,
2463 6716 2729 6768 propriétai¬

2876 459 2935 498 re,
2984 460 3176 491 revenus
3218 453 3340 493 2.500
3384 452 3459 502 fr.,
3503 451 3668 498 désire,
3694 454 3895 506 mariage

2875 519 2980 549 avec
3002 510 3273 552 Demoiselle
3294 523 3351 552 ou
3375 512 3526 554 Veuve
3546 512 3602 554 de
3621 515 3679 554 35.
3694 514 3720 555 à
3739 516 3792 554 45
3812 526 3894 555 ans

2875 571 3010 618 ayant
3039 568 3254 610 situation
3284 572 3522 619 analogue.

2920 656 2968 693 4°
2996 656 3056 695 Ne
3078 655 3285 696 déchirez
3307 668 3387 707 pas
3407 668 3455 699 ce
3475 661 3674 707 journal.
3694 662 3892 700 Donnez-

2869 716 2907 755 le
2929 714 2955 755 à
2978 726 3055 755 vos
3078 716 3208 755 amis.

2922 803 3039 843 6064.
3072 803 3284 846 Gironde.
3311 808 3366 846 —
3394 808 3584 848 Docteur
3610 809 3823 860 exerçant
3849 808 3892 848 la

2870 862 3102 904 médecine
3145 875 3235 905 aux
3279 864 3494 910 environs
3535 867 3591 907 de
3635 867 3890 918 Bordeaux,

2870 922 2990 970 veuf,
3034 924 3084 962 53
3126 935 3220 972 ans,
3264 925 3354 966 très
3379 926 3482 968 bien
3506 926 3703 979 portant,
3730 928 3891 970 nature

2867 980 2967 1032 gaie
2991 983 3034 1024 et
3059 982 3390 1034 sentimentale,
3418 984 3632 1028 situation
3660 988 3808 1028 10.000
3834 988 3888 1038 fr,

2868 1039 3124 1091 épouserait
3164 1054 3307 1084 veuve
3347 1044 3402 1086 de
3442 1047 3492 1086 38
3532 1046 3559 1086 à
3582 1047 3634 1087 45
3658 1058 3754 1096 ans,
3783 1047 3890 1088 d’un

2868 1100 3093 1154 physique
3134 1102 3344 1152 agréable
3384 1104 3427 1144 et
3474 1106 3700 1149 caractère
3752 1107 3889 1156 doux,

2867 1160 3005 1207 ayant
3024 1162 3049 1200 8
3070 1160 3097 1200 à
3122 1162 3267 1202 10.000
3291 1163 3345 1203 fr.
3372 1164 3534 1206 rentes.

2914 1247 3031 1287 6069.
3325 1251 3379 1292 —
3396 1251 3724 1301 Sous-officier,
3742 1263 3891 1304 comp¬

2866 1304 3000 1355 table,
3042 1308 3095 1347 34
3140 1318 3236 1356 ans,
3284 1308 3403 1359 bien,
3432 1310 3548 1351 libre
3576 1310 3644 1354 s’il
3672 1311 3715 1352 le
3744 1312 3888 1355 désire

2865 1364 2979 1407 dans
3002 1368 3028 1406 7
3050 1367 3180 1415 mois,
3208 1367 3388 1410 retraite
3411 1372 3436 1410 7
3460 1370 3486 1411 à
3508 1371 3587 1412 800
3611 1371 3780 1422 francs;
3804 1384 3890 1415 em¬

2866 1423 2956 1475 ploi
2980 1426 3086 1466 civil
3110 1426 3250 1467 début
3272 1430 3409 1478 2.000,
3435 1430 3700 1480 espérances
3727 1434 3888 1479 10.000;

2866 1483 3011 1526 désire
3040 1486 3243 1539 mariage
3272 1499 3378 1529 avec
3408 1488 3669 1535 demoiselle
3700 1490 3754 1534 de
3783 1494 3834 1532 22
3864 1492 3888 1532 à

2864 1544 2915 1584 32
2939 1555 3035 1592 ans,
3060 1546 3180 1595 bien,
3206 1546 3296 1589 très
3319 1548 3528 1598 honnête,
3555 1551 3693 1602 ayant
3715 1551 3805 1593 dot.

2916 1626 3034 1666 6070.
3069 1626 3320 1669 Bordeaux.
3350 1652 3404 1658 —
3433 1630 3578 1672 Gentil
3626 1635 3791 1683 garçon
3835 1635 3886 1674 25

2863 1695 2959 1733 ans,
2978 1686 3178 1734 châtain,
3200 1687 3324 1728 taille
3344 1691 3363 1728 1
3384 1700 3444 1729 m.
3464 1691 3531 1739 70,
3554 1690 3730 1732 famille
3747 1692 3886 1732 hono¬

2863 1743 3003 1791 rable,
3054 1746 3327 1795 catholique,
3379 1747 3571 1796 sérieux,
3624 1749 3746 1798 actif,
3798 1752 3886 1791 très

2860 1802 2998 1853 doux,
3030 1804 3119 1846 très
3146 1804 3416 1857 affectueux,
3447 1808 3536 1850 état
3563 1808 3762 1859 lucratif,
3792 1811 3886 1852 éco¬

2863 1862 3051 1912 nomies,
3087 1866 3343 1916 épouserait
3372 1867 3508 1918 jeune
3539 1868 3632 1910 fille
3663 1871 3798 1924 ayant
3831 1871 3883 1911 si¬

2863 1922 3035 1963 tuation
3063 1934 3116 1963 en
3143 1927 3343 1975 rapport.
3375 1927 3586 1968 Bonheur
3611 1931 3781 1971 assuré.
3812 1930 3884 1973 Sé¬

2863 1980 3004 2020 rieux.

2910 2068 3027 2108 6072.
3052 2070 3374 2113 Deux-Sèvres.
3391 2096 3446 2101 —
3463 2074 3554 2115 Fils
3572 2076 3625 2116 de
3643 2075 3766 2118 riche
3785 2088 3882 2127 pro¬

2858 2127 3083 2179 priétaire,
3101 2131 3154 2170 24
3174 2141 3268 2181 ans,
3290 2131 3393 2172 bien
3414 2144 3520 2175 sous
3536 2135 3636 2175 tous
3656 2137 3879 2187 rapports,

2855 2187 3071 2228 situation
3112 2188 3447 2242 indépendante
3487 2194 3512 2234 à
3535 2194 3678 2243 Paris,
3703 2195 3759 2236 de
3780 2196 3883 2236 cent

2856 2246 2983 2287 mille
3025 2247 3178 2290 francs
3219 2261 3302 2302 par
3327 2262 3402 2300 an,
3432 2252 3688 2303 épouserait
3715 2255 3882 2297 demoi¬

2856 2306 2964 2347 selle
2987 2307 3042 2348 de
3068 2310 3116 2350 18
3139 2308 3167 2350 à
3190 2311 3240 2354 25
3266 2323 3362 2360 ans,
3388 2312 3526 2363 ayant
3550 2324 3607 2355 au
3631 2313 3880 2357 minimum

2855 2368 3004 2406 30.000
3031 2366 3184 2409 francs
3210 2368 3300 2409 dot.

2910 2426 3126 2470 Annonce
3152 2427 3242 2470 très
3267 2428 3463 2472 sérieuse
3490 2430 3532 2471 et
3556 2433 3748 2483 pressée.

2907 2512 3025 2554 6073.
3079 2512 3586 2558 Charente-Inférieure.
3635 2542 3690 2548 —
3735 2521 3878 2560 Jeune

2854 2572 3039 2614 homme
3065 2575 3121 2614 28
3152 2586 3250 2624 ans,
3286 2576 3598 2630 propriétaire,
3634 2579 3747 2620 beau
3781 2592 3879 2631 gar¬

2854 2643 2951 2682 çon,
2978 2632 3222 2684 distingué,
3247 2637 3472 2677 caractère
3496 2638 3688 2687 sérieux,
3716 2640 3879 2680 désire¬

2855 2692 2940 2734 rait
2967 2692 3156 2743 épouser
3183 2693 3448 2744 demoiselle
3472 2696 3528 2739 de
3554 2698 3702 2740 bonne
3725 2699 3878 2740 famil¬

2854 2751 2908 2800 le,
2940 2751 3153 2802 aimante,
3184 2754 3256 2795 bel
3284 2755 3424 2804 avoir,
3455 2756 3549 2796 fille
3577 2758 3633 2799 de
3660 2770 3878 2800 commer¬

2854 2810 2970 2860 çant,
2996 2811 3034 2854 si
3054 2810 3268 2863 possible.

2911 2899 3029 2939 6075.
3098 2899 3351 2940 Bordeaux.
3386 2902 3442 2942 —
3476 2896 3759 2955 Célibataire,
3824 2907 3876 2946 36

2856 2967 2952 3006 ans,
3032 2958 3135 2999 bien
3214 2960 3581 3012 physiquement,
3660 2962 3875 3006 situation

2856 3018 3186 3067 commerciale,
3218 3020 3343 3060 avoir
3368 3023 3519 3062 30.000
3564 3023 3715 3065 francs
3743 3027 3787 3065 et
3812 3036 3878 3066 es¬

2856 3076 3085 3126 pérances,
3118 3078 3375 3128 épouserait
3431 3079 3565 3131 jeune
3595 3082 3766 3123 femme
3822 3084 3876 3124 de

2855 3136 2906 3175 26
2932 3135 2956 3175 à
2982 3138 3032 3176 34
3059 3147 3155 3186 ans,
3211 3139 3411 3180 modeste
3438 3141 3480 3181 et
3506 3142 3560 3182 de
3587 3142 3716 3191 goûts
3771 3144 3875 3184 sim¬

2856 3195 2966 3245 ples,
3049 3198 3186 3247 ayant
3263 3199 3476 3239 situation
3558 3203 3872 3243 commerciale

2856 3254 3137 3306 quelconque
3161 3267 3220 3298 ou
3243 3256 3335 3299 dot.

2909 3340 3026 3379 6076.
3096 3341 3348 3391 Dordogne.
3382 3364 3438 3375 —
3471 3343 3756 3396 Célibataire,
3821 3347 3873 3387 32

2854 3412 2950 3450 ans,
2981 3400 3085 3442 bien
3114 3402 3482 3455 physiquement,
3512 3406 3603 3447 très
3633 3407 3783 3449 bonne
3810 3408 3871 3448 fa¬

2851 3460 2992 3510 mille,
3056 3462 3263 3514 employé
3326 3464 3738 3508 d’administration
3817 3468 3871 3508 de

2851 3512 2998 3568 l’Etat,
3034 3520 3079 3561 et
3112 3519 3423 3571 propriétaire,
3463 3523 3607 3566 désire
3670 3527 3870 3578 mariage

2851 3590 2956 3620 avec
2976 3579 3116 3630 jeune
3138 3579 3234 3623 fille
3259 3582 3340 3632 âge
3363 3583 3540 3633 assorti,
3568 3583 3778 3636 sérieuse,
3807 3586 3870 3626 af¬

2850 3638 3093 3687 fectueuse,
3154 3642 3291 3691 ayant
3319 3642 3412 3691 dot,
3446 3644 3594 3683 même
3651 3646 3866 3696 modeste,

2850 3709 3026 3748 pourvu
3052 3710 3139 3750 que
3164 3699 3207 3739 la
3231 3711 3455 3751 personne
3479 3702 3635 3752 plaise.

2896 3785 3018 3825 6077.
3083 3784 3255 3826 Guinée
3314 3787 3569 3836 française.
3602 3811 3657 3816 —
3690 3790 3868 3831 Institu¬

2847 3844 2946 3882 teur
2971 3843 3178 3892 colonial,
3206 3847 3256 3885 24
3282 3856 3377 3894 ans,
3404 3847 3563 3896 grand,
3595 3848 3727 3898 brun,
3755 3851 3866 3902 phy¬

2847 3902 2975 3955 sique
3007 3903 3215 3954 agréable
3275 3904 3490 3948 situation
3524 3907 3714 3951 actuelle
3742 3906 3866 3950 5.000

2846 3962 3012 4011 francs,
3074 3964 3222 4006 rentes
3250 3967 3328 4005 500
3375 3966 3540 4015 francs,
3599 3969 3864 4018 espérance^

2843 4023 2991 4063 50.000
3023 4022 3210 4070 francs,,
3236 4023 3494 4075 épouserait
3550 4027 3750 4078 collègue
3807 4040 3863 4068 ou

2841 4080 2980 4135 jeune
3011 4082 3107 4126 fille
3138 4082 3313 4126 aimant
3368 4096 3575 4136 voyager.
3638 4087 3860 4130 Situation

2844 4151 2898 4184 en
2931 4142 3130 4194 rapport.

2895 4230 3014 4268 6078.
3080 4230 3406 4272 Hte-Garonne.
3439 4258 3494 4262 —
3529 4235 3862 4282 Entrepreneur

2840 4288 2962 4337 veuf,
2995 4290 3047 4327 35
3079 4299 3173 4338 ans,
3207 4291 3295 4331 bon
3327 4292 3370 4332 et
3415 4291 3754 4344 compatissant,
3791 4294 3860 4335 fil¬

2842 4347 2946 4388 lette
2971 4350 3020 4388 10
3045 4359 3126 4388 ans
3150 4349 3296 4392 élevée
3322 4363 3403 4407 par
3429 4363 3498 4392 ses
3523 4354 3719 4405 parents,
3747 4353 3860 4395 dési¬

2842 4419 2887 4447 re
2912 4407 3114 4459 mariage
3136 4415 3246 4448 avec
3271 4410 3530 4452 demoiselle
3554 4423 3612 4452 ou
3639 4425 3780 4455 veuve
3806 4414 3860 4454 de

2838 4468 2891 4506 30
2916 4467 2942 4507 à
2967 4468 3016 4507 40
3042 4479 3138 4516 ans,
3164 4469 3391 4513 caractère
3419 4471 3554 4520 doux,
3584 4472 3731 4515 bonne
3758 4486 3859 4516 con¬

2839 4525 2978 4575 duite,
3014 4538 3235 4580 moyenne
3295 4529 3532 4572 éducation
3567 4543 3683 4584 pour
3743 4534 3859 4575 tenir

2840 4586 2974 4639 petite
3008 4587 3331 4639 comptabilité.
3369 4588 3564 4632 Fortune
3599 4590 3859 4634 indifférent

2839 4644 2895 4688 te.
2926 4646 3139 4691 Bonheur
3166 4647 3335 4688 assuré.

2891 4724 3007 4763 6079.
3072 4725 3322 4766 Bordeaux.
3353 4751 3406 4755 —
3464 4727 3745 4780 Célibataire,
3806 4732 3856 4771 40

2838 4793 2932 4831 ans,
2967 4784 3099 4834 brun,
3134 4785 3339 4836 employé
3386 4788 3499 4827 dans
3529 4790 3700 4843 grande
3730 4790 3851 4840 ville,

2837 4842 2946 4892 petit
2979 4843 3116 4891 avoir,
3151 4844 3415 4895 espérances
3475 4848 3600 4888 sûres
3634 4848 3687 4889 de
3748 4852 3796 4890 16
3830 4850 3855 4890 à

2838 4904 2982 4942 18.600
3012 4902 3178 4951 francs,
3210 4905 3466 4955 épouserait
3509 4918 3732 4956 personne
3779 4907 3855 4948 ho¬

2836 4960 3036 5008 norable,
3102 4962 3306 5004 tailleu.se
3340 4965 3396 5006 de
3432 4964 3707 5016 préférence,
3771 4967 3851 5019 âge

2835 5021 2876 5061 et
2902 5020 3118 5062 situation
3144 5032 3198 5062 en
3228 5026 3428 5075 rapport.

2881 5132 2930 5171 5°
2962 5131 3020 5174 Ne
3047 5131 3254 5183 craignez
3279 5143 3359 5182 pas
3400 5135 3454 5175 de
3496 5144 3607 5178 vous
3647 5146 3848 5186 compro¬

2830 5194 2987 5232 mettre
3019 5202 3072 5232 en
3107 5192 3256 5236 disant
3288 5203 3376 5244 que
3407 5204 3518 5235 vous
3548 5195 3639 5237 êtes
3670 5199 3846 5239 abonné

2827 5259 2883 5291 au
2909 5250 3034 5292 Trait
3056 5251 3267 5292 d’Union.

2898 5347 3018 5387 6081.
3072 5348 3343 5390 Sud-Ouest.
3395 5374 3448 5379 —
3497 5352 3844 5395 Fonctionnaire

2830 5408 2940 5456 Etat,
2978 5407 3090 5458 seul,
3126 5410 3177 5449 44
3211 5421 3308 5460 ans,
3346 5410 3463 5463 bien,
3502 5412 3688 5454 environ
3724 5416 3846 5455 6.000

2827 5467 2978 5507 francs
3019 5479 3212 5510 revenus
3258 5470 3533 5520 (traitement
3576 5473 3619 5514 et
3662 5473 3842 5523 rentes),

2824 5527 3079 5579 épouserait
3110 5530 3379 5572 Demoiselle
3408 5531 3528 5583 bien,
3561 5532 3697 5575 d’une
3728 5535 3844 5575 tren¬

2823 5586 2943 5630 taine
2968 5588 3195 5639 d’années,
3227 5593 3363 5642 ayant
3390 5592 3478 5635 dot.
3510 5592 3622 5634 Très
3647 5594 3838 5636 sérieux.

2874 5685 2991 5724 6082.
3030 5684 3538 5735 Pyrénées-Orientales.
3570 5687 3624 5727 —
3671 5687 3841 5730 Céliba¬

2820 5746 2946 5792 taire,
2970 5746 3019 5784 37
3040 5756 3135 5794 ans,
3159 5745 3260 5787 bien
3283 5759 3388 5788 sous
3409 5747 3510 5788 tous
3530 5749 3752 5799 rapports,
3778 5760 3839 5788 re¬

2819 5815 2962 5846 venus
3003 5804 3058 5847 de
3097 5807 3122 5846 3
3147 5806 3174 5847 à
3198 5808 3319 5848 4.000
3346 5807 3511 5857 francs,
3540 5808 3627 5849 bon
3655 5820 3836 5860 garçon,

2819 5860 2964 5904 désire
2999 5866 3200 5916 mariage
3234 5878 3339 5908 avec
3372 5867 3508 5918 jeune
3540 5868 3647 5918 fille,
3684 5870 3764 5920 âge
3799 5868 3839 5908 et

2818 5923 2895 5964 dot
2915 5936 2975 5965 en
3003 5926 3204 5976 rapport.

2868 6005 2985 6051 6085.
3018 6011 3072 6050 —
3103 6011 3438 6063 Ex-négociant,
3487 6018 3539 6055 56
3584 6027 3680 6065 ans,
3731 6016 3831 6056 bien

2814 6072 3041 6120 conservé,
3085 6071 3264 6113 divorcé
3306 6086 3358 6114 en
3403 6086 3451 6115 sa
3493 6075 3666 6123 faveur,
3710 6075 3835 6116 avoir
3855 6099 3863 6104 -

2816 6132 2962 6171 10.000
2982 6131 3054 6180 fr.,
3078 6132 3382 6175 émoluments
3403 6135 3594 6175 annuels
3618 6137 3736 6176 1.500
3759 6135 3831 6183 fr.,

2812 6189 2958 6231 désire
2998 6192 3198 6242 mariage
3238 6203 3344 6234 avec
3384 6204 3607 6244 personne
3647 6194 3833 6235 assortie

2812 6250 2947 6300 ayant
2974 6250 3187 6291 situation
3216 6263 3273 6293 ou
3302 6264 3567 6294 commerce.
3600 6252 3802 6295 Sérieux.

2863 6335 2980 6376 6089.
3006 6335 3203 6375 Canada.
3224 6338 3278 6376 —
3296 6338 3440 6376 Jeune
3463 6338 3644 6378 homme
3659 6339 3710 6377 33
3732 6348 3827 6386 ans,

2810 6391 3017 6434 habitant
3040 6394 3336 6436 merveilleux
3359 6406 3484 6448 pays,
3511 6395 3667 6437 climat
3690 6395 3830 6438 excel¬

2807 6451 2914 6500 lent,
2948 6452 3036 6494 bon
3067 6454 3227 6494 métier
3255 6455 3524 6508 rapportant
3550 6458 3604 6498 20
3632 6455 3658 6495 à
3685 6457 3738 6496 22
3768 6455 3823 6497 fr.

2807 6523 2887 6562 par
2908 6511 3028 6562 jour,
3054 6512 3200 6556 désire
3222 6514 3424 6566 mariage
3447 6526 3553 6556 avec
3575 6515 3711 6566 jeune
3732 6515 3826 6556 fille

2807 6571 2860 6612 de
2882 6572 2932 6611 24
2955 6571 2980 6611 à
3002 6574 3052 6612 30
3075 6584 3170 6623 ans,
3196 6585 3303 6616 avec
3324 6587 3382 6615 ou
3406 6586 3511 6615 sans
3535 6575 3623 6616 dot.

2851 6659 2970 6699 6091.
3008 6659 3394 6699 Lot-et-Garonne.
3427 6683 3482 6688 —
3516 6659 3827 6700 Fonctionnai¬

2797 6719 2846 6759 re
2871 6719 2983 6769 Etat,
3010 6719 3131 6767 veuf,
3156 6722 3206 6759 40
3230 6731 3326 6768 ans,
3351 6720 3453 6760 bien
3479 6732 3583 6762 sous
3607 6719 3706 6763 tous
3728 6734 3826 6774 rap¬

3967 456 4104 506 ports,
4139 456 4399 498 traitement
4428 459 4550 498 2.000
4582 458 4636 500 fr.
4671 471 4778 502 avec
4808 471 4995 500 avance¬

3966 515 4103 563 ment,
4138 516 4392 567 épouserait
4451 518 4712 560 demoiselle
4744 532 4803 562 ou
4833 531 4991 570 veuve,

3966 586 4070 615 sans
4098 576 4292 626 enfants,
4322 578 4378 618 de
4403 580 4454 618 28
4481 578 4507 620 à
4531 580 4583 618 38
4610 592 4706 630 ans,
4736 581 4872 632 ayant
4900 580 4990 622 dot.

3966 633 4131 676 Inutile
4163 636 4199 676 si
4231 648 4311 686 pas
4342 636 4535 678 sérieux.

4017 741 4134 780 6092.
4168 742 4390 791 Aveyron.
4417 742 4474 784 —
4500 742 4783 795 Célibataire,
4813 747 4865 786 40
4892 756 4989 794 ans,

3965 798 4179 840 militaire
4215 800 4489 851 retraitable,
4552 803 4631 844 768
4667 804 4722 847 fr.
4761 804 4991 846 annuelle¬

3964 859 4103 908 ment,
4136 862 4272 911 ayant
4302 862 4420 903 droit
4448 863 4475 903 à
4504 874 4566 902 un
4599 864 4766 916 emploi
4798 866 4990 915 réservé,

3964 918 4108 960 désire
4139 920 4340 973 mariage
4371 932 4481 966 avec
4508 922 4770 966 demoiselle
4799 938 4858 966 ou
4887 936 4992 966 veu¬

3963 990 4015 1019 ve
4044 989 4150 1022 sans
4178 980 4356 1023 enfants
4384 982 4439 1023 de
4466 984 4518 1024 35
4547 982 4572 1022 à
4600 986 4650 1027 40
4678 996 4774 1034 ans,
4806 986 4894 1026 bon
4922 998 4991 1026 ca¬

3964 1036 4148 1087 ractère,
4176 1037 4252 1082 dot
4279 1043 4327 1081 10
4351 1043 4377 1082 à
4400 1044 4550 1084 20.000
4576 1042 4631 1085 fr.
4658 1056 4716 1086 ou
4743 1046 4910 1096 emploi
4936 1046 4992 1086 de

3963 1096 4108 1143 l’Etat.
4144 1098 4254 1143 Très
4283 1103 4451 1150 pressé.

4018 1194 4134 1237 0095.
4168 1195 4420 1244 Dordogne,
4450 1220 4500 1227 —
4528 1199 4759 1242 Monsieur
4814 1200 4990 1242 abonné

3962 1264 4068 1295 sans
4091 1263 4310 1295 annonce.

4019 1340 4139 1383 6097.
4171 1342 4558 1385 Lot-et-Garonne.
4583 1347 4639 1391 —-
4662 1347 4807 1391 Jeune
4862 1347 4988 1388 hom¬

3963 1410 4050 1449 me,
4075 1399 4152 1443 fils
4176 1400 4362 1452 unique,
4387 1406 4436 1446 28
4456 1415 4555 1454 ans,
4582 1406 4715 1456 brun,
4740 1408 4855 1449 beau
4878 1408 4990 1459 phy¬

3963 1458 4106 1510 sique,
4134 1459 4258 1500 taille
4311 1464 4330 1500 1
4358 1475 4418 1503 m.
4443 1466 4511 1514 70,
4564 1464 4642 1507 dot
4663 1468 4812 1508 50.000
4864 1467 4920 1507 fr.
4947 1467 4991 1507 et

3960 1519 4156 1570 grandes
4183 1522 4450 1572 espérances
4474 1526 4731 1575 épouserait
4755 1527 4991 1570 demoisel¬

3962 1579 4002 1619 le
4027 1579 4083 1619 de
4107 1583 4156 1621 18
4179 1582 4205 1622 à
4227 1584 4280 1622 22
4303 1595 4399 1632 ans,
4427 1584 4530 1625 bien
4555 1586 4717 1637 élevée,
4746 1588 4920 1630 aimant
4944 1588 4991 1629 la

3961 1650 4214 1692 campagne
4235 1644 4281 1696 çt
4305 1646 4443 1695 ayant
4466 1646 4698 1688 situation.

4011 1738 4116 1775 6098
4143 1739 4184 1778 et
4210 1740 4328 1778 6099.
4360 1740 4752 1783 Haute-Garonne.
4779 1767 4834 1772 —
4860 1746 4986 1785 Deux

3962 1792 4116 1845 frères,
4142 1796 4312 1847 nobles,
4338 1798 4378 1840 le
4424 1800 4623 1851 premier
4670 1804 4720 1845 20
4742 1815 4838 1852 ans,
4863 1803 4903 1843 le
4924 1816 4987 1847 se¬

3959 1855 4075 1895 cond
4096 1857 4152 1896 24'
4171 1868 4267 1907 ans,
4294 1860 4431 1910 ayant
4452 1860 4544 1903 l’un
4568 1864 4612 1904 et
4633 1863 4794 1906 l’autre
4818 1864 4986 1916 emploi

3959 1914 4157 1968 lucratif,
4186 1918 4384 1960 désirent
4434 1922 4635 1973 mariage
4687 1936 4794 1966 avec
4819 1926 4987 1966 demoi¬

3959 1974 4066 2015 selle
4091 1986 4148 2016 ou
4173 1976 4308 2016 dame
4332 1980 4470 2030 ayant
4495 1980 4689 2024 fortune.
4720 1986 4843 2028 Pour
4866 1984 4907 2026 le
4933 1987 4952 2025 1
4956 1991 4987 2008 er

3957 2034 4098 2075 écrire
4120 2047 4178 2077 au
4201 2043 4254 2076 n°
4280 2039 4400 2090 6098,
4422 2051 4538 2091 pour
4555 2040 4601 2085 le
4620 2045 4662 2087 2°
4679 2045 4824 2088 écrire
4844 2058 4904 2087 au
4927 2051 4981 2086 n°

3955 2094 4072 2134 6099.
4347 2132 4360 2144 .
4447 2088 4453 2095 '

4330 2159 4352 2183 v

4010 2190 4127 2230 6101.
4155 2186 4398 2234 Touloifee.
4424 2196 4478 2234 —
4504 2196 4634 2246 Veuf,
4663 2200 4715 2239 40
4742 2211 4838 2249 ans,
4866 2210 4984 2240 com¬

3957 2250 4174 2299 merçant,
4203 2251 4353 2295 bonne
4379 2254 4608 2307 situation,
4639 2259 4759 2302 deux
4784 2259 4982 2309 enfants,

3956 2307 4167 2350 voudrait
4192 2311 4383 2362 épouser
4438 2314 4575 2366 jeune
4603 2318 4700 2360 fille
4752 2332 4812 2362 ou
4840 2332 4984 2362 veuve

3956 2378 4060 2407 sans
4082 2369 4276 2420 enfants,
4300 2374 4458 2426 active,
4484 2376 4778 2430 intelligente,
4802 2382 4983 2423 travail¬

3955 2426 4092 2478 leuse,
4120 2434 4323 2482 pouvant
4346 2434 4386 2475 le
4411 2436 4626 2480 seconder
4651 2440 4765 2482 dans
4791 2454 4870 2483 son
4896 2442 4984 2483 tra¬

3953 2485 4058 2527 vail.

4007 2584 4030 2622 6
4083 2585 4206 2627 Lisez
4227 2599 4280 2628 en
4304 2591 4328 2629 4
4331 2595 4343 2611 e
4366 2600 4478 2643 page
4503 2594 4540 2634 le
4562 2598 4766 2640 courrier
4786 2600 4979 2650 grapho¬

3955 2642 4149 2694 logique.

4004 2747 4122 2790 6102.
4179 2749 4399 2791 Charente
4418 2774 4434 2784 -
4456 2755 4719 2800 Inférieure.
4743 2763 4796 2802 —
4847 2763 4976 2811 Veuf,

3951 2808 4055 2840 sans
4079 2800 4274 2852 enfants,
4299 2807 4351 2844 39
4375 2818 4470 2856 ans,
4527 2812 4544 2850 1
4572 2823 4632 2852 m.
4658 2815 4726 2862 58.
4778 2815 4976 2864 châtain,

3951 2852 4159 2906 charron,
4193 2858 4330 2900 établi
4361 2860 4521 2911 depuis
4555 2867 4603 2904 10
4631 2879 4728 2916 ans,
4763 2870 4978 2910 situation

3947 2907 4071 2946 2.000
4099 2908 4154 2950 fr.
4186 2911 4373 2962 liquide,
4403 2915 4549 2958 désire
4578 2919 4769 2969 épouser
4798 2935 4979 2972 person¬

3950 2971 4005 3000 ne
4032 2962 4219 3004 environ
4247 2968 4299 3006 30
4327 2979 4422 3016 ans,
4454 2970 4602 3015 bonne
4630 2975 4771 3023 santé,
4830 2978 4979 3018 bonne

3949 3015 4174 3064 conduite,
4210 3022 4347 3070 ayant
4377 3023 4487 3071 petit
4519 3027 4645 3068 avoir
4702 3030 4744 3068 et
4776 3031 4979 3080 pouvant

3949 3066 3988 3108 le
4014 3071 4242 3114 seconder.
4272 3072 4460 3115 Sérieux
4484 3078 4526 3118 et
4550 3082 4716 3128 pressé.

4006 3155 4122 3199 6106.
4148 3156 4582 3209 Tarn-et-Garonne.
4607 3192 4660 3198 —
4680 3171 4826 3212 Jeune
4849 3174 4975 3214 hom¬

3952 3227 4024 3256 me
4048 3219 4099 3255 33
4124 3230 4219 3270 ans,
4247 3221 4422 3266 famille
4446 3226 4695 3274 honorable
4720 3232 4764 3272 et
4787 3242 4894 3275 sans
4916 3234 4975 3274 tâ¬

3951 3276 4046 3324 che,
4076 3279 4303 3334 physique
4327 3283 4552 3336 agréable,
4579 3291 4808 3332 caractère
4834 3294 4971 3342 doux,

3951 3334 4040 3375 très
4055 3338 4251 3389 sérieux,
4277 3343 4556 3392 agriculteur
4575 3347 4632 3390 de
4654 3351 4672 3388 1
4679 3354 4709 3371 er
4727 3351 4874 3403 ordre,
4898 3363 4971 3404 pe¬

3950 3395 4026 3436 tite
4052 3397 4142 3449 dot,
4171 3400 4391 3444 sérieuses
4415 3406 4686 3459 économies,
4715 3411 4972 3463 épouserait

3950 3454 4224 3511 demoiselle,
4255 3472 4396 3504 veuve
4422 3476 4480 3504 ou
4536 3467 4756 3519 divorcée,
4787 3472 4842 3515 de
4866 3474 4919 3512 24
4946 3472 4971 3511 à

3948 3516 3998 3552 35
4018 3527 4114 3566 ans,
4138 3520 4274 3569 ayant
4292 3520 4407 3564 belle
4427 3524 4642 3567 situation
4663 3539 4722 3571 ou
4743 3529 4852 3580 jolie
4870 3542 4971 3582 pro¬

3947 3575 4088 3624 priété
4111 3576 4136 3616 à
4158 3579 4203 3620 la
4226 3591 4490 3639 campagne.

3999 3670 4116 3711 6107.
4148 3672 4360 3714 Gironde.
4388 3699 4442 3704 —
4467 3677 4702 3720 Monsieur
4728 3683 4837 3723 veuf
4863 3695 4969 3727 sans

3946 3736 4163 3770 annonce.

3997 3835 4114 3875 6108.
4141 3837 4250 3879 Gers
4269 3861 4322 3867 —
4341 3839 4611 3884 Célibataire
4632 3847 4683 3885 40
4706 3858 4801 3896 ans,
4826 3859 4881 3888 ne
4902 3847 4966 3891 les

3936 3892 4200 3942 .paraissant
4280 3910 4375 3949 pas,
4434 3902 4644 3946 habitant
4720 3907 4963 3959 propriété,

3943 3954 4080 4003 ayant
4107 3955 4183 3999 dot
4210 3959 4251 4000 et
4276 3960 4556 4012 espérances,
4588 3964 4691 4006 bien
4722 3967 4965 4018 physique¬

3934 4015 4076 4060 ment,
4120 4016 4324 4060 conduite
4371 4019 4732 4071 irréprochable,
4778 4026 4967 4064 catholi¬

3938 4084 4028 4123 que
4079 4076 4358 4130 pratiquant,
4411 4083 4558 4127 désire
4610 4087 4813 4136 mariage
4863 4087 4965 4128 reli¬

3937 4132 4075 4183 gieux
4098 4146 4208 4178 avec
4234 4139 4495 4184 demoiselle
4523 4156 4580 4185 ou
4608 4156 4751 4187 veuve
4778 4132 4963 4187 catholi¬

3940 4204 4041 4244 que,
4066 4197 4203 4246 ayant
4220 4200 4364 4240 avoir.

3991 4302 4108 4342 6109.
4137 4302 4231 4343 Lot.
4254 4327 4307 4332 —
4330 4304 4447 4349 Veuf
4498 4307 4594 4351 seul
4617 4311 4670 4350 50
4720 4323 4816 4362 ans,
4870 4311 4958 4354 bon

3932 4368 4067 4410 cœur,
4107 4363 4195 4404 très
4234 4363 4423 4414 sérieux,
4455 4365 4662 4420 honnête,
4696 4370 4784 4410 bon
4818 4380 4963 4413 carac¬

3932 4422 4036 4470 tère,
4060 4422 4190 4472 brun,
4215 4428 4232 4465 1
4257 4436 4318 4467 w.
4347 4430 4415 4476 65,
4447 4430 4690 4479 possédant
4719 4432 4870 4474 20.000
4890 4433 4959 4486 fr.,

3934 4482 4198 4528 immeubles
4216 4500 4271 4529 ou
4291 4490 4515 4542 capitaux,
4535 4494 4786 4545 épouserait
4800 4495 4962 4538 demoi¬

3930 4547 4039 4586 selle
4064 4559 4118 4587 ou
4139 4562 4278 4592 veuve
4304 4554 4443 4605 seule,
4474 4556 4683 4597 situation
4714 4570 4770 4597 ou
4799 4559 4881 4607 âge
4906 4571 4960 4600 en

3932 4614 4126 4660 rapport.
4151 4614 4206 4654 Se
4229 4616 4499 4667 déplacerait
4520 4631 4575 4659 au
4599 4620 4766 4664 besoin.

3987 4699 4104 4740 6113.
4140 4700 4573 4748 Tarn-et-Garonne.
4607 4732 4662 4738 —
4719 4707 4956 4753 Monsieur

3934 4758 4126 4807 abonné,
4149 4771 4255 4802 sans
4274 4774 4491 4806 annonce.

3987 4855 4104 4895 6115.
4130 4855 4254 4898 Gers.
4272 4880 4326 4884 —
4342 4856 4627 4912 Célibataire,
4647 4861 4700 4903 30
4719 4874 4815 4911 ans,
4831 4873 4955 4906 oom-

3926 4915 4463 4967 mérçant-propriétaire,
4490 4931 4676 4962 revenus
4699 4922 4814 4962 deux
4834 4924 4958 4965 mille

3924 4966 4037 5007 deux
4050 4971 4174 5011 cents
4191 4970 4260 5019 fr.,
4283 4968 4380 5011 bien
4398 4971 4754 5025 physiquement,
4768 4976 4956 5026 parfaite

3930 5028 4247 5082 honorabilité,
4279 5034 4535 5084 épouserait
4587 5039 4723 5088 jeune
4752 5038 4846 5079 fille
4895 5040 4952 5081 de

3928 5088 3980 5127 20
4005 5088 4031 5129 à
4055 5092 4107 5130 27
4134 5103 4229 5142 ans,
4259 5091 4470 5145 sérieuse,
4498 5095 4712 5140 situation
4742 5110 4795 5139 en
4851 5111 4951 5151 rap¬

3928 5150 4043 5199 port,
4073 5154 4274 5201 pouvant
4300 5152 4456 5195 l’aider
4483 5154 4596 5198 dans
4623 5171 4702 5200 son
4731 5170 4950 5202 commer¬

3927 5219 3990 5250 ce.

3974 5307 4076 5344 6116
4099 5306 4255 5348 .Tarit.
4278 5311 4331 5351 —
4366 5310 4598 5355 Monsieur
4634 5324 4739 5355 sans
4763 5312 4931 5355 famille

3919 5370 3970 5408 60
3987 5382 4082 5419 ans,
4115 5369 4212 5411 n’en
4247 5374 4498 5424 paraissant
4535 5387 4622 5427 que
4659 5380 4724 5428 50,
4771 5378 4951 5421 robuste

3919 5438 4058 5482 santé,
4125 5439 4432 5487 universitaire
4490 5444 4666 5484 retraité
4737 5445 4844 5486 2000
4892 5446 4948 5487 fr.

3918 5500 3972 5543 de
3991 5506 4139 5546 rentes
4158 5508 4200 5544 et
4232 5508 4411 5556 capital,
4449 5507 4594 5551 désire
4628 5511 4948 5560 correspondre

3915 5579 4023 5610 avec
4058 5568 4189 5611 daine
4225 5582 4378 5624 veuve,
4414 5574 4670 5626 honorable,
4726 5578 4945 5630 instruite,

3915 5635 3964 5674 50
3980 5635 4005 5675 à
4025 5635 4076 5674 60
4095 5646 4190 5683 ans,
4215 5643 4346 5686 ayant
4371 5650 4576 5681 revenus.
4598 5642 4802 5681 Sérieux.

3968 5738 4086 5778 6117.
4127 5738 4512 5784 Lot-et-Garonne.
4548 5766 4604 5775 —
4635 5747 4779 5785 Jeune
4816 5744 4940 5785 hom¬

3916 5792 3987 5830 me
4007 5792 4059 5831 25
4082 5802 4176 5840 ans,
4203 5792 4494 5843 agriculteur,
4520 5795 4718 5847 instruit,
4743 5810 4826 5849 pas
4844 5799 4942 5840 vul¬

3912 5844 4050 5894 gaire,
4107 5846 4242 5897 ayant
4295 5859 4486 5890 avances
4538 5852 4580 5894 et
4605 5851 4832 5904 propriété
4886 5852 4940 5894 de

3918 5898 4059 5938 15.000
4081 5898 4154 5946 fr.,
4178 5899 4434 5948 épouserait
4452 5902 4588 5951 jeune
4608 5916 4846 5956 personne,
4868 5918 4939 5947 ca¬

3915 5951 4096 6000 ractère,
4129 5952 4209 6002 âge
4238 5955 4279 5994 et
4308 5955 4522 5995 situation
4553 5968 4607 5999 en
4639 5958 4826 6011 rapport
4880 5970 4940 6001 ou

3912 6004 4034 6046 riche
4059 6017 4164 6046 sans
4189 6008 4415 6059 préjugés.

3962 6108 4078 6147 6118.
4111 6108 4495 6152 Lot-et-Garonne.
4520 6135 4574 6142 —
4600 6115 4730 6164 Veuf,
4759 6115 4810 6154 49
4835 6126 4931 6167 ans,

3910 6161 4200 6211 agriculteur,
4228 6164 4455 6206 chevalier
4480 6166 4542 6206 du
4569 6168 4729 6209 Mérite
4755 6167 4935 6217 Agrico¬

3908 6215 3962 6263 le,
3990 6214 4106 6255 belle
4131 6216 4356 6266 propriété
4382 6219 4436 6259 de
4462 6224 4648 6274 rapport
4699 6221 4743 6260 et
4766 6220 4935 6284 d’agré¬

3908 6270 4044 6316 ment,
4070 6267 4212 6309 désire
4234 6272 4374 6314 union
4395 6284 4502 6313 avec
4524 6286 4747 6324 personne
4766 6276 4932 6322 sérieu¬

3905 6332 3964 6369 se,
3990 6322 4044 6362 de
4067 6323 4118 6359 38
4140 6322 4166 6360 à
4187 6324 4238 6362 50
4262 6336 4356 6374 ans,
4383 6327 4484 6376 apte
4508 6327 4532 6366 à
4556 6327 4726 6376 diriger
4748 6340 4798 6370 sa
4820 6331 4934 6371 mai¬

3904 6386 3983 6415 son
4010 6375 4051 6415 et
4076 6376 4211 6423 ayant
4236 6377 4311 6419 dot
4337 6382 4482 6420 10.000
4508 6379 4563 6419 fr.

3954 6464 4071 6503 6119.
4099 6464 4338 6507 Toulouse.
4361 6471 4403 6507 —
4438 6468 4567 6516 Veuf,
4587 6471 4646 6509 59
4668 6482 4763 6520 ans,
4790 6475 4933 6523 ayant

3903 6516 4168 6568 profession,
4195 6520 4368 6562 maison
4391 6534 4445 6562 en
4467 6521 4575 6562 ville
4595 6524 4638 6564 et
4658 6535 4922 6584 campagne,
4968 6530 4973 6535 '

3904 6582 4096 6611 revenus
4128 6571 4251 6611 2.500
4286 6575 4342 6623 fr,
4380 6574 4647 6616 sentiments
4683 6579 4918 6630 religieux,

3899 6623 4044 6664 désire
4070 6624 4268 6674 mariage
4294 6639 4399 6668 avec
4424 6637 4648 6676 personne
4672 6631 4760 6672 très
4784 6634 4924 6675 hono¬

3900 6675 4036 6724 rable,
4063 6675 4188 6729 d’âge
4212 6680 4387 6730 assorti,
4414 6679 4543 6731 goûts
4567 6683 4768 6737 simples.
4796 6688 4924 6730 Réfé¬

3899 6740 4051 6777 rences
4084 6732 4272 6784 exigées.
