5126 7504
2372 600 2444 638 LE
2476 599 2657 638 TRAIT
2689 599 2939 639 D’UNION

531 707 655 746 Nous
676 705 832 754 prions
855 714 937 743 nos
958 700 1160 743 abonnés
1182 702 1236 742 de
1259 712 1315 740 ne
1338 710 1504 740 corres¬

479 760 651 807 pondre
670 759 854 808 qu’avec
875 758 937 796 les
956 755 1172 796 numéros
1192 755 1372 795 inscrits
1392 754 1506 792 dans

482 815 519 853 le
582 811 772 852 Journal
811 811 864 850 de
903 811 944 849 la
978 808 1195 849 semaine.
1237 808 1318 847 Les
1355 807 1506 845 lettres

478 864 710 906 adressées
743 874 832 903 aux
871 871 1118 911 personnes
1154 871 1242 900 non
1279 858 1507 900 abonnées

478 922 630 959 seront
654 915 898 966 renvoyées
920 915 946 955 à
972 914 1282 962 l’expéditeur.

536 974 657 1011 Nous
694 968 1088 1011 recommandons,
1126 976 1233 1006 avec
1299 966 1340 1004 la
1404 964 1507 1011 plus

480 1024 652 1074 grande
686 1023 945 1070 insistance,
980 1020 1008 1060 à
1039 1023 1142 1059 tous
1176 1030 1256 1059 nos
1291 1016 1505 1064 abonnés,

482 1079 668 1118 anciens
703 1079 744 1116 et
782 1084 1036 1120 nouveaux,
1077 1074 1130 1112 de
1167 1083 1212 1112 se
1250 1071 1498 1111 conformer

480 1142 570 1172 aux
598 1130 870 1170 indications
895 1128 955 1168 du
982 1127 1163 1166 TRAIT
1192 1123 1426 1166 D’UNION
1454 1134 1506 1163 en

482 1195 528 1224 ce
556 1186 632 1234 qui
663 1191 881 1223 concerne
911 1182 952 1220 la
979 1179 1298 1221 transmission
1328 1177 1406 1216 des
1435 1176 1510 1215 let¬

480 1240 586 1278 tres.
623 1238 744 1278 Nous
777 1234 986 1283 répétons
1019 1242 1179 1272 encore
1214 1241 1302 1271 une
1334 1230 1422 1268 fois
1456 1230 1508 1268 de

483 1300 537 1331 ne
560 1292 719 1330 mettre
742 1298 919 1328 aucune
943 1286 1190 1326 indication
1214 1295 1292 1324 sur
1318 1284 1358 1323 la
1383 1283 1508 1322 lettre

484 1344 543 1383 du
580 1340 887 1387 destinataire,
925 1349 1058 1379 noms
1091 1340 1132 1377 et
1169 1335 1383 1376 numéros
1419 1336 1510 1374 doi¬

483 1399 588 1436 vent
618 1395 710 1436 être
743 1394 938 1440 inscrits,
970 1392 996 1432 à
1030 1391 1191 1431 l’encre
1222 1390 1307 1430 soit
1338 1399 1416 1429 sur
1448 1398 1508 1427 un

484 1450 642 1498 papier
666 1446 990 1495 indépendant,
1015 1445 1102 1485 soit
1124 1444 1238 1483 dans
1263 1440 1511 1481 l’intérieur

483 1503 537 1543 de
570 1502 847 1548 l’enveloppe
878 1495 1084 1538 adressée
1115 1506 1172 1536 au
1207 1496 1455 1535 Directeur.

540 1672 620 1710 Les
643 1678 890 1719 personnes
912 1667 987 1715 qui
1011 1667 1088 1704 ont
1111 1663 1340 1712 plusieurs
1363 1660 1512 1699 lettres

486 1724 511 1764 à
547 1734 662 1763 nous
695 1722 902 1762 adresser
936 1730 990 1759 en
1028 1717 1175 1757 même
1210 1719 1373 1763 temps,
1412 1715 1512 1752 sont

486 1776 808 1826 parfaitement
830 1771 1076 1814 autorisées
1096 1769 1123 1810 à
1146 1771 1208 1808 les
1230 1767 1386 1808 réunir
1407 1776 1512 1807 sous

487 1840 574 1871 une
607 1828 756 1870 même
790 1827 1038 1874 enveloppe
1071 1823 1416 1863 suffisamment
1450 1820 1513 1858 af¬

484 1883 706 1923 franchie.

546 2035 640 2071 ,.ar-
672 2032 754 2071 Les
778 2026 979 2069 abonnés
1007 2025 1082 2075 qui
1111 2023 1308 2064 désirent
1336 2031 1423 2063 une
1450 2022 1512 2060 ré¬

488 2095 627 2135 ponse
654 2083 680 2124 à
708 2085 830 2123 leurs
858 2079 1104 2122 demandes
1158 2080 1259 2118 sont
1314 2072 1434 2124 priés
1462 2074 1515 2114 de

487 2139 667 2188 joindre
694 2136 720 2177 à
750 2137 846 2175 leur
876 2135 1003 2174 lettre
1032 2142 1092 2173 un
1120 2131 1287 2170 timbre
1316 2130 1368 2168 de
1398 2129 1447 2166 10
1475 2136 1512 2166 c.

678 2191 799 2230 Nous
832 2187 988 2236 prions
1022 2194 1103 2224 nos
1135 2180 1515 2230 correspondants

488 2247 542 2286 de
568 2244 759 2284 timbrer
787 2239 1067 2282 eux-mêmes
1095 2239 1216 2277 leurs
1244 2236 1411 2275 lettres.

947 2326 1051 2374 JT

546 2426 602 2464 Le
634 2423 866 2463 Directeur
922 2419 1018 2468 prie
1047 2427 1116 2456 ses
1171 2411 1372 2455 abonnés
1403 2423 1412 2451 :
1442 2422 1518 2451 an¬

492 2486 615 2524 ciens
644 2486 687 2523 et
718 2490 955 2520 nouveaux
990 2477 1239 2517 d’adresser
1296 2476 1398 2512 tous
1458 2472 1519 2511 les

493 2542 704 2583 mandats
730 2543 771 2580 et
797 2539 911 2578 bons
935 2538 990 2576 de
1018 2538 1141 2585 poste
1167 2535 1221 2574 de
1251 2535 1292 2572 la
1319 2530 1519 2571 manière

494 2602 694 2651 ci-jointe
724 2611 732 2639 :

550 2660 775 2700 Direction
811 2658 871 2696 du
904 2656 1031 2695 Trait
1091 2654 1118 2692 d
1143 2654 1306 2700 Union,
1342 2652 1404 2698 26,
1442 2659 1520 2688 rue

495 2722 716 2768 d’Astorg,
747 2718 987 2756 Toulouse.

549 2780 606 2819 Le
634 2788 739 2819 nom
770 2776 823 2815 de
851 2776 891 2815 J.
926 2774 1060 2820 Bach,
1092 2772 1184 2811 doit
1212 2771 1303 2811 être
1334 2770 1522 2818 unique¬

496 2842 620 2879 ment
650 2835 826 2877 réservé
855 2834 882 2875 à
912 2835 954 2874 la
983 2831 1387 2879 correspondance.

1018 2909 1085 2948 LE
1114 2904 1463 2946 DIRECTEUR.

527 3104 785 3155 Lettres
824 3098 903 3150 de
943 3091 1488 3148 Remerciements

551 3271 609 3311 Le
631 3268 764 3311 cadre
784 3266 839 3307 de
860 3264 988 3306 notre
1008 3260 1191 3314 journal
1214 3271 1270 3299 ne
1291 3267 1406 3298 nous
1426 3266 1523 3307 per¬

498 3329 690 3371 mettant
712 3338 794 3379 pas
843 3324 1062 3366 d’insérer
1112 3320 1176 3359 les
1227 3316 1525 3358 nombreuses

498 3391 651 3431 lettres
684 3388 738 3428 de
772 3383 1063 3426 félicitations
1098 3378 1327 3420 adressées
1360 3387 1418 3415 au
1451 3374 1526 3414 Di¬

500 3450 675 3490 recteur
702 3444 864 3496 depuis
890 3443 935 3483 la
960 3439 1159 3483 création
1186 3439 1243 3478 de
1268 3435 1380 3478 cette
1407 3444 1526 3474 com¬

503 3508 728 3555 binaison,
767 3516 882 3546 ceux
916 3503 971 3543 de
1008 3511 1090 3540 nos
1127 3496 1328 3538 abonnés
1364 3492 1443 3545 qui
1482 3492 1522 3531 le

500 3565 798 3611 désireraient
822 3562 1044 3615 pourront
1070 3571 1124 3599 en
1178 3556 1374 3608 prendre
1426 3564 1528 3594 con¬

501 3628 738 3669 naissance
771 3624 886 3664 dans
919 3632 1000 3662 nos
1034 3619 1254 3664 bureaux,
1290 3625 1370 3656 rue
1403 3612 1527 3652 d’As¬

501 3689 615 3739 torg,
642 3689 708 3734 26,
738 3683 979 3724 Toulouse.

621 3864 999 3941 Pensées
1059 3857 1433 3931 d’Album

560 4057 616 4085 —'
639 4055 795 4095 Aimer
823 4050 1072 4102 quelqu’un
1101 4044 1207 4086 c’est
1232 4044 1259 4084 à
1286 4043 1330 4083 la
1356 4040 1444 4081 fois
1470 4039 1535 4079 lui

508 4118 603 4158 oter
632 4116 674 4156 le
703 4112 822 4154 droit
852 4111 894 4151 et
923 4108 987 4150 lui
1019 4108 1192 4148 donner
1223 4104 1266 4143 la
1295 4102 1536 4153 puissance

510 4176 564 4216 de
588 4184 704 4215 nous
730 4171 842 4212 faire
868 4167 1068 4210 souffrir.

560 4286 616 4290 —
648 4261 787 4299 Parce
820 4255 956 4306 qu’on
991 4266 1016 4292 a
1050 4251 1129 4302 plu
1164 4261 1220 4290 on
1256 4247 1368 4288 croit
1402 4246 1536 4295 qu’on

509 4320 658 4373 plaira
688 4315 896 4366 toujours
933 4327 941 4362 ;
973 4322 1106 4364 parce
1138 4310 1273 4360 qu’on
1306 4306 1371 4347 est
1403 4304 1535 4350 aimé,

512 4393 569 4422 on
597 4391 652 4420 ne
679 4375 824 4428 prend
851 4375 956 4426 plus
983 4372 1081 4412 soin
1110 4369 1247 4410 d’être
1275 4364 1471 4407 aimable
1499 4364 1540 4403 et

512 4437 728 4491 pourtant
751 4435 783 4474 il
807 4434 872 4474 est
894 4432 998 4474 bien
1023 4430 1126 4482 plus
1148 4426 1339 4468 difficile
1363 4424 1416 4464 de
1439 4434 1540 4463 con¬

514 4510 664 4539 server
696 4506 783 4547 que
814 4490 1083 4542 d’acquérir.

564 4607 619 4612 —
641 4582 687 4622 Si
710 4579 871 4632 j’avais
891 4578 916 4618 à
939 4576 1079 4616 douer
1102 4584 1190 4614 une
1214 4572 1396 4617 femme,
1421 4568 1464 4619 je
1487 4579 1542 4607 ne

515 4643 580 4684 lui
606 4639 852 4683 donnerais
875 4648 957 4688 pas
983 4646 1072 4676 une
1097 4631 1346 4684 perfection
1374 4630 1429 4669 de
1456 4627 1542 4667 for¬

516 4714 612 4742 mes
640 4701 719 4751 qui
748 4698 831 4750 put
859 4696 972 4736 faire
1002 4695 1144 4735 aimer
1172 4703 1222 4731 sa
1249 4689 1410 4731 beauté
1439 4699 1543 4727 sans

516 4762 600 4802 elle
632 4774 640 4808 ;
668 4759 712 4810 je
738 4755 955 4799 voudrais
983 4764 1070 4805 que
1098 4763 1178 4793 son
1234 4751 1419 4791 charme
1475 4746 1544 4786 fut

515 4822 631 4862 dans
664 4815 974 4869 l’expression,
1010 4823 1124 4864 pour
1158 4810 1266 4860 qu’il
1302 4819 1356 4848 ne
1388 4806 1544 4846 devint

516 4879 725 4932 puissant
755 4887 842 4927 que
872 4886 950 4915 sur
980 4873 1197 4913 l’homme
1227 4867 1348 4919 épris
1378 4866 1432 4906 de
1463 4876 1542 4905 son

517 4941 632 4979 âme.

569 5048 623 5053 —-
648 5023 715 5064 On
743 5020 890 5063 arrive
915 5031 969 5060 en
996 5026 1179 5063 avance,
1207 5014 1232 5054 à
1259 5014 1430 5055 l’heure
1454 5010 1547 5062 jus¬

519 5086 559 5125 te
587 5095 644 5124 ou
672 5095 725 5123 en
756 5079 922 5127 retard,
952 5078 1075 5118 selon
1104 5075 1239 5126 qu’on
1267 5073 1386 5112 aime
1413 5071 1546 5110 beau¬

519 5154 650 5194 coup,
679 5140 815 5192 qu’on
843 5138 962 5178 aime
988 5148 1049 5177 un
1078 5144 1164 5186 peu
1192 5144 1248 5174 ou
1278 5132 1412 5183 qu’on
1440 5128 1547 5168 n’ai¬

520 5214 592 5242 me
617 5200 736 5251 plus.

572 5311 627 5315 —
653 5287 714 5326 La
740 5282 901 5326 beauté
929 5281 1074 5328 attire,
1105 5278 1276 5330 l’esprit
1305 5285 1476 5323 amuse,
1507 5272 1548 5314 le

522 5358 646 5387 cœur
671 5343 847 5385 retient.

572 5458 627 5462 —
651 5432 712 5472 La
736 5428 835 5482 pire
861 5428 939 5469 des
964 5425 1140 5477 injures
1167 5424 1231 5464 est
1256 5422 1367 5464 celle
1394 5431 1480 5471 que
1507 5419 1550 5459 la

522 5491 694 5542 dignité
723 5488 889 5531 défend
918 5484 1154 5527 d’oublier.

1043 5542 1272 5584 Comtesse
1299 5539 1495 5580 DIANE.

578 5638 639 5676 La
658 5636 874 5675 Jeunesse
894 5632 966 5671 n’a
984 5642 1066 5681 pas
1084 5639 1208 5670 assez
1228 5626 1416 5667 souffert
1436 5636 1551 5675 pour

527 5694 715 5748 pouvoir
746 5691 963 5735 consoler.

1023 5747 1184 5788 Ernest
1211 5743 1495 5786 LEGOUVE.

578 5840 639 5880 La
671 5838 789 5880 mort
820 5848 935 5878 nous
966 5833 1194 5887 dépouille
1226 5832 1281 5874 de
1311 5842 1392 5872 nos
1424 5828 1552 5870 biens

526 5902 567 5940 et
591 5912 705 5940 nous
729 5896 899 5938 habille
923 5896 976 5935 de
1000 5906 1081 5935 nos
1104 5903 1296 5934 œuvres.

1136 5951 1275 5991 Henri
1305 5947 1496 5990 HEINE.

581 6046 662 6085 Les
684 6043 880 6095 grandes
904 6042 946 6082 et
969 6050 1106 6092 pures
1130 6036 1364 6078 affections
1387 6034 1466 6074 ont
1490 6046 1555 6074 ce¬

527 6106 570 6146 la
595 6104 651 6144 de
679 6104 783 6150 bon,
814 6100 1024 6151 qu’après
1079 6098 1119 6138 le
1146 6096 1354 6137 bonheur
1408 6094 1463 6134 de
1491 6092 1555 6132 les

527 6163 654 6204 avoir
683 6160 946 6212 éprouvées,
980 6159 1011 6198 il
1044 6156 1160 6198 reste
1190 6156 1231 6196 le
1262 6154 1471 6195 bonheur
1500 6152 1555 6192 de

528 6223 619 6263 s’en
651 6219 879 6262 souvenir.

1099 6275 1148 6315 A.
1179 6271 1384 6314 DUMAS
1412 6271 1499 6311 fils.

583 6368 640 6408 Le
671 6366 773 6407 bien
806 6364 940 6415 qu’on
974 6362 1056 6403 fait
1086 6361 1128 6401 la
1184 6359 1318 6400 veille
1376 6357 1459 6398 fait
1516 6358 1555 6398 le

528 6427 736 6467 bonheur
765 6425 825 6465 du
855 6421 1131 6463 lendemain.

1071 6479 1296 6519 Proverbe
1330 6475 1500 6517 indien.

580 6595 635 6599 —
659 6572 719 6611 La
744 6567 966 6611 Modestie
991 6566 1056 6608 est
1082 6576 1170 6606 une
1196 6562 1455 6604 concession
1484 6572 1558 6612 po¬

530 6631 587 6671 lie
614 6630 720 6670 faite
744 6640 828 6680 par
852 6628 892 6668 le
918 6626 1078 6667 mérite
1103 6624 1130 6663 à
1154 6622 1451 6663 l’infériorité.

1372 6680 1419 6722 C.
1450 6680 1502 6720 D.

581 6774 801 6823 —Quand
822 6784 879 6812 on
902 6772 1035 6819 aime,
1058 6782 1116 6810 on
1138 6782 1164 6810 a
1184 6768 1335 6810 moins
1355 6767 1555 6818 d’esprit.

531 6835 695 6884 Quand
722 6846 778 6875 on
807 6844 852 6874 se
882 6831 980 6872 sent
1007 6830 1139 6878 aimé,
1170 6842 1226 6870 on
1255 6840 1309 6869 en
1339 6839 1364 6868 a
1391 6827 1559 6867 davan¬

530 6895 644 6944 tage.

530 6952 721 6995 Journal
743 6951 798 6993 de
820 6947 1122 6991 Chanteclair.
1149 6947 1376 6988 Comtesse
1398 6946 1555 6986 Diane.

1842 718 2351 807 SOIR

1584 930 1634 960 Le
1654 926 1851 967 Séraphin
1871 928 1940 960 des
1959 927 2060 959 soirs
2082 935 2195 967 passe
2215 927 2250 959 le
2271 926 2366 967 long
2384 926 2453 958 des
2472 925 2605 963 fleurs;

1589 983 1643 1014 La
1678 981 1793 1014 dame
1830 988 1910 1012 aux
1944 987 2091 1020 songes
2127 980 2270 1012 chante
2307 979 2331 1011 à
2366 979 2518 1019 l’oirgue
2555 978 2602 1010 de

2447 1031 2608 1073 [l’église

1584 1091 1628 1120 Et
1650 1088 1686 1121 le
1708 1088 1782 1120 ciel
1804 1088 1854 1120 où
1875 1088 1913 1121 la
1935 1087 1988 1120 fin
2011 1088 2063 1120 du
2086 1088 2176 1127 jour
2199 1095 2239 1120 se
2262 1087 2442 1119 subtilise

1587 1142 1783 1183 Prolonge
1808 1151 1886 1175 une
1914 1142 2055 1183 agonie
2083 1142 2246 1182 exquise
2272 1141 2319 1173 de
2347 1140 2540 1174 couleurs.

1587 1252 1637 1283 Le
1656 1250 1851 1290 Séraphin
1871 1251 1940 1283 des
1959 1249 2059 1281 soirs
2079 1256 2193 1290 passe
2211 1248 2246 1281 le
2267 1248 2361 1288 long
2378 1248 2448 1280 des
2467 1254 2608 1285 cœurs;

1589 1306 1660 1337 Les
1686 1303 1841 1344 vierges
1866 1312 1947 1336 aux
1972 1303 2135 1335 balcons
2162 1303 2322 1335 boivent
2347 1302 2516 1335 l’amour
2541 1302 2610 1334 des

2471 1355 2609 1395 [brises

1587 1412 1632 1444 Et
1655 1419 1723 1443 sur
1744 1411 1801 1444 les
1823 1411 1944 1443 fleurs
1967 1411 2002 1443 et
2024 1418 2094 1443 sur
2115 1411 2171 1443 les
2195 1410 2350 1449 vierges
2372 1408 2568 1442 indécises

1589 1466 1616 1497 Il
1648 1465 1762 1506 neige
1791 1465 2006 1497 lentement
2034 1464 2280 1496 d’adorables
2309 1463 2480 1502 pâleurs.

1590 1572 1711 1606 Toute
1734 1579 1823 1604 rose
1846 1580 1896 1604 au
1919 1571 2053 1612 jardin
2077 1571 2256 1604 s’incline
2279 1570 2383 1603 lente
2407 1571 2443 1603 et
2466 1570 2570 1603 lasse

1588 1628 1633 1659 Et
1655 1626 1771 1658 l’âme
1792 1626 1840 1658 de
1863 1626 2106 1662 Schumann,
2132 1625 2287 1658 errante
2311 1631 2383 1664 par
2403 1624 2571 1663 l’espace

1591 1680 1746 1714 Semble
1772 1679 1856 1712 dire
1884 1686 1962 1712 une
1989 1679 2103 1719 peine
2132 1678 2360 1719 impossible
2388 1678 2412 1710 à
2438 1677 2572 1719 guérir

1590 1787 1766 1827 Quelque
1796 1788 1882 1828 part
1911 1794 1988 1819 une
2019 1787 2155 1819 enfant
2184 1786 2263 1818 très
2294 1786 2418 1818 douce
2447 1784 2530 1818 doit

2435 1838 2609 1878 [mourir.

1590 1895 1619 1928 O
1643 1902 1736 1928 mon
1759 1895 1847 1927 âme
1870 1895 1970 1927 mets
1992 1900 2046 1925 un
2070 1894 2199 1934 signet
2222 1900 2273 1925 au
2295 1892 2394 1926 livre
2418 1891 2611 1928 d’heures,

1591 1950 1732 1990 L’ange
1759 1956 1808 1982 va
1833 1947 2035 1981 recueillir
2057 1947 2092 1980 le
2118 1947 2208 1980 rêve
2235 1954 2308 1987 que
2332 1947 2376 1979 tu
2402 1946 2569 1986 pleures.

2216 1999 2348 2033 Albert
2375 1999 2569 2032 SAMAIN.

1771 2182 1850 2220 Les
1871 2180 2074 2220 bureaux
2098 2180 2156 2219 du
2179 2179 2359 2219 TRAIT
2383 2178 2615 2218 D’UNION

1592 2255 1646 2283 ne
1668 2246 1771 2282 sont
1793 2246 1975 2283 ouverts
1999 2252 2084 2291 que
2110 2242 2420 2291 l’après-midi,
2448 2242 2501 2282 de
2524 2243 2548 2280 2
2572 2241 2616 2279 h.

1591 2304 1618 2345 à
1638 2307 1660 2344 5
1683 2306 1859 2354 heures,
1883 2307 1947 2355 26,
1972 2315 2051 2344 rue
2074 2304 2298 2354 d’Astorg.

2048 2404 2151 2450 J»»

1782 2497 1903 2535 Tous
1934 2496 1995 2536 les
2026 2496 2414 2544 renseignements
2444 2504 2620 2535 concer¬

1595 2560 1704 2597 nant
1739 2559 1779 2598 la
1812 2558 2124 2597 combinaison
2159 2557 2375 2606 mariage,
2412 2558 2474 2596 les
2509 2557 2620 2596 loca¬

1594 2620 1727 2667 tions,
1786 2620 1940 2666 offies,
2000 2619 2247 2659 demandes
2275 2622 2317 2659 et
2346 2619 2443 2659 avis
2471 2619 2621 2659 divers

1594 2683 1695 2720 sont
1726 2680 1899 2720 donnés
1928 2682 2254 2730 gratuitement
2286 2681 2399 2722 dans
2430 2691 2511 2720 nos
2543 2680 2620 2720 bu¬

1595 2753 1750 2791 reaux,
1783 2742 2094 2791 l’après-midi,
2127 2743 2179 2782 de
2208 2744 2232 2781 2
2262 2742 2305 2780 h.
2335 2740 2362 2781 à
2390 2744 2412 2780 5
2442 2743 2619 2788 heures,

1595 2807 1659 2853 26,
1687 2815 1766 2844 rue
1794 2806 2016 2852 d’Astorg,
2044 2804 2286 2844 Toulouse.

1838 3021 2390 3129 LOCATIONS

1735 3178 1764 3222 6
1799 3176 1984 3222 francs
2020 3188 2154 3232 pour
2188 3173 2320 3219 trois
2357 3172 2492 3216 mois

1646 3352 1703 3385 En
1727 3351 1839 3383 outre
1863 3350 1911 3383 de
1936 3351 1974 3383 la
1999 3348 2187 3389 publicité
2214 3348 2266 3381 du
2290 3346 2464 3383 Journal,
2492 3353 2556 3379 ces
2580 3343 2633 3376 lo¬

1604 3393 1758 3426 cations
1779 3392 1867 3424 sont
1890 3390 2078 3424 affichées
2099 3391 2200 3423 dans
2222 3390 2256 3423 le
2279 3388 2370 3421 Hall
2391 3388 2438 3420 de
2459 3388 2499 3419 la
2523 3386 2635 3423 Rapi-

1605 3434 1837 3472 de-Agence,
1858 3434 1888 3471 9,
1911 3439 1982 3465 rue
2003 3432 2051 3466 de
2071 3432 2112 3464 la
2131 3432 2260 3468 Poste,
2284 3430 2393 3462 oùun
2415 3428 2636 3460 nombreux

1606 3475 1739 3516 public
1772 3483 1822 3507 va
1852 3473 2159 3514 journellement
2192 3480 2241 3504 en
2275 3470 2444 3510 prendre
2477 3468 2636 3502 connai-

1607 3524 1724 3551 sance

1661 3595 1707 3634 L.
1736 3596 1828 3635 262.
1857 3619 1911 3622 —
1914 3596 1948 3633 A
1979 3594 2135 3640 Louer,
2167 3589 2483 3642 appartement
2511 3599 2633 3628 meu¬

1608 3655 1680 3696 blé
1705 3655 1730 3694 à
1754 3654 1878 3702 neuf,
1904 3663 1984 3694 rue
2007 3652 2062 3693 de
2086 3651 2287 3698 Verdun,
2314 3652 2361 3688 n°
2386 3650 2448 3688 10.
2474 3671 2528 3677 —
2552 3647 2629 3697 S’y

1610 3714 1830 3755 adresser.

1664 3806 1710 3846 L.
1734 3806 1826 3845 276.
1854 3806 1887 3843 A
1912 3805 2070 3854 Louer,
2096 3802 2298 3854 quartier
2322 3811 2402 3841 rue
2423 3799 2478 3840 de
2500 3798 2633 3846 Metz,

1610 3879 1667 3907 au
1692 3864 1891 3916 premier
1914 3864 2055 3914 étage,
2082 3860 2400 3914 appartement
2423 3862 2448 3900 8
2472 3859 2633 3910 pièces,

1611 3924 1827 3967 chambre
1852 3924 1907 3964 de
1931 3923 2096 3970 bonne,
2124 3932 2246 3970 cave,
2272 3919 2458 3971 galetas,
2486 3929 2569 3959 eau
2595 3918 2637 3958 et

1610 3996 1707 4036 gaz,
1739 3984 1859 4032 1,850
1888 3983 1944 4023 fr.

1665 4043 1724 4085 Le
1757 4044 1907 4084 même
1940 4041 2258 4092 appartement
2291 4050 2348 4079 au
2410 4036 2639 4078 troisième

1612 4105 1754 4154 étage,
1784 4104 1904 4151 1,200
1931 4102 1987 4140 fr.

1667 4162 1891 4214 Magasin,
1951 4160 2071 4201 deux
2127 4160 2275 4210 pièces
2331 4158 2374 4198 et
2430 4154 2636 4203 sous-sol,

1616 4224 1736 4263 1.500
1764 4222 1820 4262 fr.

1671 4282 1737 4322 Un
1768 4279 2168 4327 rez-de-chaussée,
2199 4279 2319 4319 deux
2348 4276 2496 4327 pièces
2526 4286 2640 4326 pour

1615 4343 1805 4390 bureau,
1870 4338 2212 4391 garde-meuble
2274 4348 2333 4378 ou
2395 4334 2638 4387 logement,

1612 4403 1692 4441 250
1716 4400 1772 4440 fr.

1670 4496 1715 4535 L.
1742 4498 1832 4535 278.
1856 4496 1911 4534 —
1935 4495 1968 4534 A
1996 4492 2234 4542 Affermer,
2259 4491 2376 4532 belle
2400 4488 2641 4542 propriété,

1615 4559 1666 4596 25
1703 4555 1904 4595 hectares
1939 4553 2107 4605 prairie
2143 4551 2382 4599 naturelle,
2419 4552 2470 4590 25
2506 4547 2645 4590 artifi¬

1616 4615 1759 4663 cielle,
1795 4616 1819 4654 3
1851 4626 1906 4654 en
1940 4613 2090 4663 vigne,
2128 4614 2177 4651 10
2210 4610 2404 4652 terrains
2438 4610 2645 4650 laboura¬

1618 4674 1714 4715 bles
1739 4675 1780 4714 et
1803 4676 1828 4714 5
1852 4672 2011 4713 landes
2035 4672 2114 4712 des
2139 4671 2250 4720 bois,
2277 4670 2408 4710 vente
2434 4667 2646 4710 annuelle

1618 4735 1672 4775 de
1704 4733 1940 4784 fourrages
1998 4733 2121 4780 2,000
2152 4730 2392 4783 quintaux,
2455 4739 2648 4768 revenus

1620 4795 1767 4842 10,000
1800 4792 1967 4832 francs.
2006 4791 2192 4843 Cheptel
2227 4791 2374 4838 15,000
2408 4788 2482 4838 fr.,
2516 4786 2647 4828 outil¬

1619 4854 1718 4903 lage
1751 4852 1947 4904 agricole
1980 4851 2059 4892 des
2092 4850 2197 4902 plus
2230 4848 2464 4900 complets,
2500 4846 2648 4887 vastes

1620 4915 1834 4963 hangars,
1870 4911 2006 4952 bétail
2040 4910 2203 4951 travail
2237 4910 2278 4950 et
2311 4910 2493 4959 élevage
2526 4906 2647 4947 aussi

1620 4972 1767 5024 grand
1798 4970 2008 5023 complet.
2044 4970 2152 5010 Prix
2183 4968 2208 5009 à
2240 4967 2458 5008 débattre.

1676 5071 1720 5111 L.
1748 5072 1839 5110 279.
1867 5072 1920 5108 —
1944 5071 1979 5108 A
2007 5070 2164 5116 Louer,
2191 5067 2315 5108 vaste
2340 5067 2516 5106 maison
2544 5075 2649 5104 neu¬

1620 5142 1674 5172 ve
1706 5131 1762 5171 de
1792 5139 2044 5180 campagne
2078 5138 2186 5168 avec
2218 5137 2287 5168 ses
2320 5136 2562 5166 communs
2595 5135 2647 5163 en

1622 5190 1810 5241 rapport
1835 5222 1843 5238 ,
1870 5187 2076 5240 prairies,
2102 5187 2295 5236 jardins,
2322 5186 2479 5236 étangs
2503 5194 2647 5231 caves,

1622 5249 1765 5291 située
1825 5259 1880 5288 en
1942 5246 2066 5300 plein
2127 5257 2240 5298 pays
2299 5244 2508 5292 vinicole,
2572 5254 2650 5283 sur

1624 5320 1812 5361 passage
1840 5308 1939 5349 voie
1968 5307 2126 5347 ferrée.
2159 5304 2483 5347 Conviendrait
2510 5315 2567 5344 on
2597 5319 2652 5343 ne

1624 5368 1732 5420 peut
1756 5368 1911 5408 mieux
1936 5367 1962 5407 à
1987 5366 2226 5418 négociant
2250 5375 2303 5405 en
2328 5364 2431 5404 vins
2456 5364 2499 5404 et
2523 5362 2651 5415 spiri¬

1623 5429 1778 5470 tueux.
1816 5426 2167 5467 Ameublement
2203 5423 2414 5475 complet,
2452 5422 2652 5475 argente¬

1625 5487 1703 5535 rie,
1730 5487 1931 5535 vaiselle,
1958 5486 2095 5536 linge,
2123 5485 2222 5534 etc.,
2250 5483 2430 5525 calèche
2455 5483 2480 5523 à
2504 5483 2651 5533 dispo¬

1624 5547 1760 5588 sition
1790 5546 1853 5587 du
1883 5556 2096 5597 preneur.
2126 5568 2179 5572 —
2210 5543 2371 5584 Saison
2402 5555 2460 5584 ou
2490 5543 2516 5583 à
2546 5542 2651 5582 l’an¬

1626 5607 1720 5648 née.
1748 5607 1856 5646 Prix
1880 5607 1905 5647 à
1928 5604 2146 5647 débattre.

1680 5701 1727 5741 L.
1752 5703 1844 5742 284.
1870 5702 1923 5739 —
1947 5701 1980 5739 A
2007 5699 2150 5740 Louer
2174 5699 2228 5739 de
2252 5698 2383 5746 suite,
2408 5697 2556 5748 grand
2580 5708 2653 5748 ap¬

1627 5760 1896 5813 partement,
1925 5762 1950 5800 9
1975 5759 2135 5810 pièces,
2163 5760 2190 5798 2
2214 5757 2430 5806 cabinets,
2460 5759 2505 5796 11
2536 5756 2653 5796 fenê¬

1626 5822 1716 5863 tres
1741 5820 1795 5862 de
1822 5819 1994 5868 façade,
2023 5830 2103 5859 rue
2130 5816 2492 5859 Saint-Antoine-
2518 5815 2652 5863 du-T,

1628 5887 1676 5921 n°
1707 5882 1772 5928 20,
1835 5879 2064 5920 troisième
2096 5879 2238 5928 étage.
2300 5876 2396 5918 Eau
2456 5878 2499 5918 et
2556 5887 2652 5927 gaz,

1630 5942 1750 5990 1,100
1780 5939 1836 5979 fr.
1872 5939 1944 5991 S’y
1976 5938 2195 5979 adresser.

1682 6034 1728 6074 L.
1756 6035 1847 6074 288.
1907 6036 1942 6072 A
1972 6034 2128 6082 Louer,
2184 6034 2211 6072 à
2235 6035 2260 6073 9
2288 6032 2550 6073 kilomètres
2601 6031 2656 6071 de

1630 6094 1871 6142 Toulouse,
1903 6092 2010 6144 jolis
2066 6092 2187 6142 sites,
2247 6103 2336 6132 une
2367 6091 2543 6131 maison
2602 6091 2656 6130 de

1628 6164 1895 6206 campagne,
1927 6154 1977 6193 10
2002 6152 2244 6193 chambres
2270 6163 2328 6191 ou
2355 6150 2522 6199 salons,
2551 6162 2657 6202 gare

1630 6224 1752 6254 assez
1781 6211 2075 6264 rapprochée,
2107 6211 2217 6263 petit
2246 6221 2368 6263 parc,
2400 6209 2656 6261 dépendan¬

1631 6284 1716 6315 ces.
1754 6272 2006 6314 S’adresser
2038 6282 2095 6312 au
2129 6271 2303 6312 bureau
2336 6270 2396 6311 du
2430 6269 2628 6320 journal.

1684 6367 1730 6407 L.
1759 6370 1910 6408 289.—
1936 6369 2277 6416 Appartement,
2307 6366 2508 6416 quartier
2536 6365 2659 6407 Côte-

1632 6427 1791 6476 Pavée,
1814 6430 1839 6467 2
1859 6440 1918 6468 ou
1939 6431 1964 6468 3
1986 6427 2134 6479 pièces
2156 6439 2214 6467 au
2238 6425 2386 6474 choix,
2411 6426 2655 6474 meublées,

1635 6484 1740 6528 ♦très
1818 6487 2043 6539 agréable,
2112 6487 2227 6535 aéré,
2296 6485 2410 6526 beau
2474 6485 2644 6535 jardin.

1634 6547 1900 6596 S’adresser,
1934 6549 1971 6596 4,
2006 6559 2086 6588 rue
2116 6544 2312 6594 Fermât,
2346 6556 2403 6586 au
2435 6544 2656 6596 magasin,

1632 6607 1874 6648 Toulouse.

1686 6703 1731 6743 L.
1768 6704 1860 6743 290.
1896 6703 1951 6742 —
1982 6703 2015 6741 A
2054 6703 2211 6753 Louer,
2275 6700 2474 6752 premier
2534 6702 2660 6751 étage

1633 6763 1829 6811 meublé,
1891 6763 2102 6812 composé
2133 6763 2188 6803 de
2220 6761 2381 6813 quatre
2412 6760 2560 6811 pièces
2619 6760 2661 6800 et

1634 6822 1813 6864 cabinet
1847 6823 1903 6864 de
1939 6822 2122 6871 toilette,
2188 6823 2214 6862 à
2276 6820 2519 6872 proximité
2583 6820 2660 6862 des

1632 6883 1770 6924 alleés
1800 6882 2045 6934 Lafayette.
2080 6882 2188 6922 Prix
2220 6883 2296 6922 100
2327 6880 2382 6921 fr.
2414 6892 2496 6932 par
2527 6880 2656 6922 mois.

1635 6942 1886 6983 S’adresser
1913 6943 2084 6983 bureau
2112 6942 2174 6983 du
2199 6940 2399 6992 journal.

2737 696 2785 736 L.
2812 697 2905 736 291.
2932 698 2987 735 —
3011 698 3047 735 A
3076 698 3234 744 Louer,
3262 696 3480 738 chambre
3505 698 3714 739 meublée

2685 767 2792 796 avec
2819 755 2997 796 cabinet
3024 756 3080 796 de
3107 755 3292 804 toilette,
3320 755 3577 807 jouissance
3604 758 3711 799 d’un

2685 815 2855 864 jardin,
2920 815 3169 857 boulevard
3205 815 3387 867 Riquet,
3427 821 3473 855 n°
3507 818 3572 856 29.
3604 828 3612 836 •
3640 818 3712 868 S’y

2686 875 2905 916 adresser.

2739 964 2785 1005 L.
2816 966 2908 1005 293.
2936 967 2991 1004 —
3019 967 3052 1004 A
3084 967 3227 1007 Louer
3256 978 3316 1007 un
3347 966 3494 1018 grand
3523 967 3643 1007 hôtel
3672 968 3714 1007 et

2687 1024 2784 1066 café
2817 1025 2873 1066 de
2906 1025 3104 1075 premier
3138 1026 3271 1067 ordre
3304 1026 3419 1067 dans
3453 1038 3515 1067 un
3550 1026 3712 1067 canton

2688 1084 2928 1126 industriel
2957 1086 3019 1126 du
3048 1085 3437 1127 Lot-et-Garonne.
3471 1086 3580 1126 Prix
3608 1098 3715 1127 avec

2689 1144 2893 1184 matériel
2921 1147 3044 1192 2,800
3073 1144 3128 1184 fr.

2737 1231 2787 1274 L.
2816 1232 2908 1272 294.
2937 1234 2991 1271 —
3019 1234 3052 1271 A
3084 1232 3227 1272 Louer
3255 1232 3369 1273 dans
3397 1244 3477 1274 rue
3505 1233 3583 1274 des
3612 1232 3716 1284 plus

2687 1291 2924 1342 passantes
2953 1291 3009 1331 de
3040 1292 3282 1340 Toulouse,
3315 1304 3374 1332 au
3404 1292 3556 1333 centre
3587 1294 3642 1334 de
3672 1293 3717 1332 la

2688 1351 2810 1400 ville,
2847 1363 2908 1392 un
2943 1351 3037 1391 hall
3072 1363 3187 1403 pour
3220 1351 3473 1402 expoistion
3508 1352 3549 1392 et
3582 1351 3716 1392 étala¬

2688 1422 2755 1460 ge.

2744 1496 2789 1536 L.
2812 1498 2889 1537 294
2911 1496 2993 1538 bis.
3015 1499 3069 1536 —
3091 1499 3124 1536 A
3149 1498 3292 1548 Louer
3312 1497 3540 1548 propriété
3563 1498 3588 1538 à
3608 1499 3632 1538 4
3653 1498 3717 1538 ki¬

2689 1556 2901 1598 lomètres
2931 1556 3039 1598 d’un
3071 1556 3284 1598 chef-lieu
3317 1558 3371 1599 de
3401 1557 3581 1606 canton,
3615 1559 3717 1608 près

2690 1616 2932 1665 Toulouse,
2965 1616 3141 1658 maison
3171 1616 3225 1657 de
3256 1618 3384 1658 colon
3414 1616 3524 1658 trois
3553 1616 3715 1667 pièces,

2692 1675 2959 1724 servitudes,
2997 1676 3149 1726 jardin
3188 1676 3388 1728 potager,
3427 1678 3479 1717 50
3514 1676 3717 1718 hectares

2689 1736 2745 1776 de
2775 1735 2959 1784 terrain,
2993 1736 3080 1785 blé,
3112 1736 3287 1786 avoine,
3320 1736 3571 1787 fourrages,
3603 1736 3719 1787 grai¬

2691 1807 2784 1844 nes,
2821 1798 2952 1844 maïs,
2989 1806 3196 1847 pommes
3231 1797 3284 1836 de
3318 1796 3449 1845 terre,
3485 1796 3716 1847 provision

2691 1855 2745 1896 de
2776 1855 2869 1896 vin.
2907 1855 3015 1895 Prix
3047 1856 3072 1895 à
3104 1855 3308 1896 débattre
3340 1858 3463 1904 3,500
3496 1856 3552 1896 fr.

2747 1942 2793 1980 L.
2818 1942 2969 1980 295.—
2991 1943 3025 1980 A
3052 1942 3209 1990 Louer,
3236 1942 3408 1982 bureau
3432 1943 3546 1983 dans
3569 1943 3720 1983 centre

2694 2002 2748 2042 de
2785 2000 3025 2050 Toulouse,
3091 2012 3207 2052 pour
3244 2000 3600 2052 représentation
3664 2002 3719 2043 de

2693 2071 2945 2103 commerce
2979 2072 3036 2102 ou
3072 2061 3296 2103 industrie
3329 2062 3388 2103 où
3421 2073 3479 2103 on
3515 2062 3720 2113 pourrait

2693 2122 2840 2162 même
2868 2120 3067 2162 recevoir
3095 2122 3159 2163 les
3185 2122 3492 2163 commandes.
3527 2122 3721 2163 S’adres¬

2694 2191 2763 2220 ser
2788 2192 2846 2222 au
2873 2179 3047 2222 bureau
3072 2181 3133 2222 du
3159 2180 3358 2231 journal.

2749 2268 2781 2305 A
2847 2267 2990 2306 Louer
3052 2266 3246 2314 meublé,
3309 2266 3513 2318 quartier
3575 2266 3720 2307 Saint-

2696 2328 2897 2375 Etienne,
2931 2328 3147 2368 chambre
3204 2327 3246 2369 et
3301 2328 3428 2370 salon
3485 2339 3543 2370 ou
3600 2330 3720 2370 deux

2695 2391 2935 2431 chambres
2999 2390 3356 2442 indépendantes
3392 2392 3507 2432 dans
3541 2391 3719 2435 maison

2694 2452 2904 2500 sérieuse,
2938 2452 3132 2503 prendre
3163 2452 3374 2494 l’adresse
3431 2464 3488 2493 au
3547 2453 3716 2494 bureau

2695 2514 2756 2555 du
2776 2514 2961 2564 journal
2983 2514 3024 2555 le
3045 2516 3173 2555 Trait
3193 2515 3405 2555 d’Union.

2752 2602 2784 2639 A
2817 2599 2973 2649 Louer,
3007 2599 3121 2640 local
3179 2611 3257 2639 sur
3313 2611 3436 2648 cour,
3469 2611 3526 2641 au
3557 2600 3723 2642 rez-de-

2699 2662 2929 2710 chaussée,
2968 2672 3084 2712 pour
3148 2661 3336 2710 bureau,
3375 2662 3717 2712 garde-meuble

2697 2735 2753 2763 au
2783 2723 2919 2775 dépôt
2947 2723 3000 2763 de
3029 2723 3387 2764 marchandises.
3420 2723 3621 2763 Prendre
3651 2723 3723 2764 l’a¬

2697 2786 2849 2827 dresse
2874 2796 2931 2824 au
2956 2785 3139 2834 journal
3165 2785 3205 2826 le
3230 2787 3356 2826 Trait
3383 2785 3590 2825 d’Union.

2774 2864 3000 2906 Chambre
3037 2865 3243 2905 meublée
3280 2864 3322 2912 et
3359 2866 3468 2912 petit
3505 2865 3641 2906 Salon
3679 2867 3704 2906 à

2720 2924 2847 2965 louer
2887 2923 2959 2974 (ou
2996 2926 3213 2965 chambre
3249 2924 3407 2976 seule),
3447 2937 3527 2966 rue
3564 2926 3704 2966 Belle-

2719 2984 2869 3034 garde,
2933 2987 2995 3032 13,
3056 2996 3113 3024 au
3172 2984 3571 3026 rez-de-chaussée.
3633 2984 3705 3035 S’y

2718 3044 2923 3084 adresser
2949 3044 2991 3083 le
3018 3043 3176 3083 matin.

2774 3132 2808 3170 A
2832 3132 2972 3179 louer,
2995 3131 3312 3182 appartement
3332 3130 3513 3171 meublé
3534 3130 3560 3171 à
3581 3131 3705 3179 neuf,

2720 3203 2800 3231 rue
2825 3192 2880 3232 de
2905 3191 3105 3239 Verdun,
3135 3195 3188 3231 n°
3220 3191 3281 3230 10.
3307 3214 3362 3218 —
3387 3190 3460 3242 S’y
3485 3191 3704 3231 adresser.

3483 3250 3529 3291 L.
3560 3251 3651 3291 262.

3801 699 3907 739 d’un
3934 700 4149 742 chef-lieu
4176 703 4232 743 de
4255 702 4436 750 canton,
4465 706 4568 753 près
4594 706 4791 747 Toulou¬

3801 768 3861 807 se,
3888 759 4063 800 maison
4087 761 4141 802 de
4164 762 4309 811 colon,
4335 761 4445 803 trois
4467 763 4628 814 pièces,
4655 766 4791 807 servi¬

3801 819 3947 867 tudes,
3984 819 4136 869 jardin
4172 823 4373 874 potager,
4411 823 4463 861 50
4496 823 4699 866 hectares
4735 831 4789 866 de

3801 879 3985 927 terrain,
4017 880 4104 927 blé,
4162 882 4335 931 avoine,
4368 882 4617 932 fourrages,
4673 891 4791 936 grai¬

3803 950 3895 987 nes,
3924 942 4055 988 maïs,
4085 951 4291 989 pommes
4316 943 4371 983 de
4397 943 4528 991 terre,
4557 944 4788 994 provision

3802 998 3857 1039 de
3879 998 3973 1039 vin.
4002 998 4109 1038 Prix
4135 999 4160 1038 à
4184 999 4402 1051 débattre,
4428 1003 4552 1042 3.500
4576 1002 4632 1043 fr.

4105 1093 4112 1103 .
4456 1063 4499 1102 L.
4529 1064 4620 1103 294.
4652 1061 4735 1103 bis.

3859 1136 3892 1174 A
3931 1136 4068 1188 louer,
4105 1136 4251 1187 grand
4288 1137 4399 1178 local
4436 1151 4543 1180 avec
4577 1139 4788 1188 rochelle,

3804 1195 3905 1243 près
3932 1195 4195 1246 boulevard,
4225 1197 4347 1238 toute
4372 1197 4415 1236 la
4440 1199 4615 1240 maison
4642 1200 4684 1241 et
4708 1200 4792 1241 ter¬

3805 1254 3900 1292 rain
3937 1256 4056 1295 1.200
4088 1255 4253 1298 francs.

4481 1316 4527 1355 L.
4553 1320 4631 1359 295
4652 1319 4736 1360 bis.

3861 1410 3993 1460 Villa,
4027 1411 4228 1460 quartier
4285 1414 4516 1462 Minimes,
4577 1414 4794 1458 intérieur

3806 1470 4035 1519 spacieux,
4069 1472 4453 1514 rez-de-chaussée
4487 1486 4493 1512 :
4524 1475 4548 1512 4
4576 1474 4723 1524 pièces
4752 1476 4793 1516 et

3805 1528 3906 1569 chai
3938 1542 3946 1578 ;
3973 1529 4171 1580 premier
4201 1544 4208 1571 :
4235 1535 4259 1571 3
4283 1534 4538 1582 chambres,
4569 1536 4586 1572 1
4616 1534 4795 1575 cabinet

3807 1589 3861 1628 de
3894 1588 4064 1630 toilette
4096 1590 4139 1630 et
4170 1592 4195 1630 2
4225 1592 4429 1634 cabinets
4466 1607 4474 1640 ;
4508 1594 4748 1634 deuxième
4785 1607 4794 1634 :

3807 1648 4024 1690 chambre
4048 1649 4209 1698 bonne,
4236 1652 4429 1700 grenier,
4456 1654 4647 1695 terrasse
4676 1667 4683 1703 ;
4705 1654 4796 1704 jar¬

3808 1708 3884 1747 din
3912 1720 4017 1750 avec
4040 1708 4172 1760 grille
4195 1710 4237 1750 et
4260 1711 4424 1760 portail
4449 1712 4531 1762 fer,
4557 1714 4583 1753 à
4608 1715 4683 1754 100
4705 1715 4796 1755 mè¬

3807 1766 3896 1807 tres
3957 1768 4207 1819 tramways
4268 1768 4551 1820 électriques,
4588 1773 4796 1815 convien¬

3808 1826 3927 1868 drait
3955 1840 4071 1879 pour
4100 1828 4273 1869 officier
4303 1828 4579 1871 d’artillerie.

3861 1887 3907 1926 L.
3934 1890 4026 1928 297.
4431 1888 4554 1939 Prix,
4579 1892 4660 1931 700
4683 1890 4739 1931 fr.

3907 2170 4116 2211 L’intérêt
4169 2174 4247 2214 des
4299 2174 4524 2215 vendeurs
4549 2179 4592 2215 et
4643 2177 4771 2217 ache¬

3852 2231 3976 2268 teurs
4008 2231 4113 2270 d’un
4149 2242 4415 2280 commerce,
4452 2235 4584 2275 d’une
4620 2236 4771 2276 indus¬

3852 2288 3950 2338 trie,
3977 2290 4153 2330 maison
4177 2300 4235 2330 ou
4261 2291 4501 2342 propriété,
4527 2296 4592 2334 est
4616 2296 4669 2335 de
4692 2296 4772 2335 s’a¬

3853 2349 4029 2390 dresser
4057 2348 4084 2391 à
4116 2351 4156 2390 la
4189 2351 4673 2404 RAPIDE-AGENCE,
4732 2358 4771 2403 9,

3853 2420 3932 2450 rue
3961 2411 4015 2450 de
4045 2412 4087 2451 la
4116 2412 4244 2452 Poste
4272 2411 4298 2452 à
4325 2414 4552 2455 Toulouse
4582 2424 4593 2463 ;
4622 2415 4717 2456 rien
4747 2414 4772 2455 à

3856 2479 3993 2518 payer
4057 2470 4286 2511 d’avance.
4369 2474 4772 2523 Renseignements

3853 2529 4061 2576 gratuits.

3866 2784 4429 2840 L’INTERMÉDIAIRE
4460 2798 4809 2840 COMMERCIAL

3813 2847 3884 2888 DE
3913 2848 3983 2890 LA
4014 2848 4346 2903 NORMANDIE,
4373 2852 4543 2902 journal
4567 2852 4808 2894 hebdoma¬

3815 2901 3959 2951 daire,
4001 2903 4595 2946 Saint-Aubin-lès-Elbeuf
4633 2908 4808 2956 (Seine-

3816 2955 4084 3008 Inférieure),
4116 2956 4177 2996 Eu
4184 2968 4223 3007 g.
4257 2959 4539 3008 TURQUET,
4569 2960 4808 3003 directeur-

3816 3010 4124 3060 propriétaire,
4155 3015 4220 3052 est
4251 3014 4417 3064 envoyé
4445 3015 4760 3063 gratuitement
4785 3018 4809 3055 à

3818 3065 3936 3103 toute
3971 3075 4188 3114 personne
4223 3078 4275 3106 en
4312 3067 4471 3107 faisant
4503 3067 4543 3107 la
4573 3068 4803 3110 demande.

3819 3116 4000 3167 Ventes,
4043 3118 4277 3168 gérances,
4319 3120 4554 3170 locations,
4596 3123 4809 3173 emplois,

3819 3175 4196 3220 recouvrements,
4221 3176 4321 3222 etc.,
4347 3177 4413 3214 etc
4437 3205 4448 3224 ,
4480 3187 4591 3224 pour
4621 3178 4741 3215 toute
4769 3174 4809 3214 la

3819 3222 4105 3265 Normandie.

2779 3322 2812 3358 A
2852 3320 2991 3370 louer,
3030 3318 3232 3370 quartier
3269 3331 3349 3359 rue
3385 3320 3440 3360 de
3476 3319 3610 3367 Metz,
3649 3331 3706 3359 au

2721 3378 2919 3430 premier
2954 3379 3095 3430 étage,
3133 3379 3450 3430 appartement
3484 3380 3508 3418 8
3544 3379 3705 3429 pièces,

2721 3438 2939 3478 chambre
2969 3439 3025 3478 de
3055 3439 3219 3486 bonne,
3253 3450 3374 3486 cave,
3407 3438 3593 3488 galetas,
3627 3450 3709 3478 eau

2723 3499 2764 3538 et
2789 3509 2885 3548 gaz,
2916 3498 3036 3536 1.850
3062 3496 3117 3536 fr.
3488 3496 3533 3535 L.
3563 3498 3652 3536 276.

2779 3590 2812 3627 A
2844 3588 3076 3636 affermer,
3111 3587 3227 3628 belle
3257 3587 3499 3638 propriété,
3531 3589 3583 3627 25
3613 3587 3712 3628 hec¬

2724 3648 2842 3688 tares
2877 3647 3045 3697 prairie
3080 3647 3319 3694 naturelle,
3356 3650 3407 3687 25
3443 3647 3708 3694 artificielle,

2724 3708 2748 3746 3
2779 3719 2831 3746 en
2863 3706 3013 3755 vigne,
3049 3708 3097 3744 10
3127 3706 3321 3746 terrains
3351 3704 3641 3746 labourables
3671 3705 3714 3744 et

2725 3768 2749 3806 5
2785 3766 2943 3807 landes
2979 3767 3057 3806 des
3092 3766 3204 3814 bois,
3242 3767 3373 3806 vente
3409 3766 3622 3806 annuelle
3657 3765 3712 3806 de

2730 3826 2965 3875 fourrages
3028 3827 3151 3865 2.000
3213 3826 3453 3875 quintaux,
3519 3836 3713 3864 revenus

2728 3887 2875 3926 10.000
2900 3886 3067 3924 francs.
3096 3886 3282 3935 Cheptel
3310 3887 3456 3924 15.000
3481 3883 3555 3933 fr.,
3583 3883 3715 3924 outil¬

2727 3946 2825 3996 lage
2861 3944 3057 3995 agricole
3092 3944 3171 3984 des
3206 3943 3311 3994 plus
3346 3944 3580 3995 complets,
3617 3955 3715 3984 vas¬

2728 4005 2792 4044 tes
2823 4004 3068 4054 hangards,
3101 4003 3238 4044 bétail
3269 4003 3430 4043 travail
3463 4003 3505 4042 et
3526 4003 3715 4054 'élevage

2729 4064 2851 4104 aussi
2880 4064 3027 4114 grand
3055 4063 3264 4114 complet.

2782 4124 2828 4164 L.
2856 4124 2948 4164 278.
3260 4123 3368 4162 Prix
3392 4124 3417 4163 à
3443 4121 3660 4164 débattre.

2785 4212 2819 4249 A
2845 4212 2984 4258 louer,
3009 4209 3133 4250 vaste
3156 4207 3331 4248 maison
3356 4219 3500 4248 neuve
3523 4208 3576 4248 de
3599 4219 3717 4248 cam¬

2730 4280 2876 4319 pagne
2909 4280 3016 4310 avec
3048 4280 3117 4310 ses
3149 4279 3392 4309 communs
3425 4278 3478 4306 en
3513 4270 3713 4318 rapport,

2729 4327 2937 4379 prairies,
2968 4328 3161 4378 jardins,
3193 4328 3366 4379 étangs,
3398 4336 3545 4374 caves,
3577 4326 3720 4367 située

2731 4400 2784 4430 en
2810 4388 2932 4440 plein
2958 4399 3068 4438 pays
3091 4388 3284 4428 vinicole
3307 4400 3385 4428 sur
3409 4396 3598 4439 passage
3621 4386 3720 4424 voie

2733 4448 2889 4490 ferrée.
2920 4447 3243 4487 Conviendrait
3267 4459 3324 4488 on
3351 4459 3405 4488 ne
3431 4446 3539 4499 peut
3565 4444 3719 4486 mieux

2733 4508 2759 4548 à
2787 4507 3025 4559 négociant
3053 4506 3156 4547 vins
3184 4507 3225 4546 et
3255 4507 3523 4558 spiritueux.
3556 4507 3720 4547 Ameu¬

2733 4567 2932 4608 blement
2959 4566 3171 4618 complet,
3201 4567 3465 4615 argenterie,
3495 4566 3717 4615 vaisselle,

2733 4628 2870 4678 linge,
2899 4627 2981 4667 etc.
3012 4626 3202 4667 Calèche
3228 4624 3255 4664 à
3280 4625 3507 4675 dispotion
3535 4626 3597 4666 du
3623 4638 3720 4678 pre¬

2734 4698 2860 4727 neur.
2893 4686 3051 4727 Saison
3079 4698 3136 4727 ou
3163 4686 3189 4727 à
3215 4684 3403 4726 l’année.

2788 4746 2835 4787 L.
2863 4747 2953 4787 279.
3266 4744 3373 4784 Prix
3399 4744 3424 4784 à
3449 4743 3665 4785 débattre.

2791 4844 2824 4880 A
2853 4842 2976 4882 louer
3003 4842 3056 4880 de
3081 4840 3211 4888 suite,
3237 4842 3383 4891 grand
3408 4838 3724 4892 appartement

2735 4906 2760 4942 9
2788 4902 2949 4952 pièces,
2980 4903 3004 4940 2
3031 4900 3247 4948 cabinets,
3280 4903 3324 4940 II
3356 4902 3549 4942 fenêtres
3577 4899 3632 4940 de
3661 4899 3724 4939 fa¬

2737 4962 2860 5012 çade,
2897 4972 2977 5002 rue
3011 4959 3529 5008 Saint-Antoine-du-T.,
3565 4966 3620 4999 n°
3654 4962 3721 5008 20,

2737 5023 2967 5063 troisième
2999 5022 3139 5072 étage.
3177 5020 3271 5060 Eau
3305 5019 3347 5060 et
3380 5031 3476 5070 gaz,
3513 5022 3633 5058 1.100
3665 5019 3721 5059 fr.

2739 5082 2812 5132 S’y
2839 5081 3057 5122 adresser.
3501 5078 3548 5118 L.
3577 5079 3668 5119 284.

2793 5176 2827 5212 A
2857 5175 2981 5212 louer
3008 5175 3033 5212 à
3060 5176 3084 5212 9
3112 5174 3372 5213 kilomètres
3400 5174 3454 5213 de
3483 5170 3723 5220 Toulouse,

2738 5234 2845 5283 jolis
2879 5232 3000 5279 sites,
3036 5243 3125 5272 une
3159 5232 3334 5271 maison
3369 5232 3425 5271 de
3458 5242 3724 5280 campagne,

2742 5296 2791 5334 10
2813 5292 3053 5334 chambres
3077 5303 3135 5332 ou
3160 5291 3326 5338 salons,
3352 5302 3458 5340 gare
3482 5301 3604 5329 assez
3629 5300 3727 5339 rap¬

2740 5354 2947 5404 prochée,
2980 5352 3092 5403 petit
3120 5362 3243 5403 parc,
3276 5350 3604 5402 dépendances.
3640 5348 3729 5388 S’a¬

2740 5414 2916 5455 dresser
2943 5424 2999 5453 au
3024 5414 3196 5454 bureau
3222 5411 3283 5451 du
3308 5410 3505 5462 journal.
3534 5410 3579 5450 L.
3607 5411 3697 5450 228.

2795 5511 3135 5559 Appartement,
3175 5507 3376 5559 quartier
3440 5506 3726 5554 Côte-Pavée,

2740 5570 2765 5607 2
2792 5580 2849 5608 ou
2876 5570 2901 5607 3
2928 5567 3076 5618 pièces
3103 5579 3159 5607 au
3188 5567 3335 5615 choix,
3365 5566 3611 5614 meublées,
3640 5567 3730 5606 très

2741 5627 2966 5678 agréable,
2991 5627 3106 5673 aéré,
3127 5627 3245 5665 beau
3267 5623 3435 5674 jardin.
3461 5624 3728 5671 S’adresser,

2741 5690 2779 5736 4,
2809 5697 2889 5728 rue
2919 5686 3115 5735 Fermât,
3147 5697 3203 5726 au
3233 5683 3455 5735 magasin.
3488 5682 3728 5724 Toulouse.

3500 5743 3547 5783 L.
3582 5744 3675 5783 289.

2798 5825 2831 5864 A
2858 5825 2996 5874 louer,
3023 5823 3220 5874 premier
3243 5823 3368 5874 étage
3392 5820 3587 5870 meublé,
3613 5831 3731 5862 com¬

2745 5886 2850 5935 posé
2875 5884 2929 5923 de
2953 5884 3112 5934 quatre
3136 5882 3283 5934 pièces
3307 5883 3349 5923 et
3372 5881 3552 5923 cabinet
3575 5880 3629 5922 de
3653 5879 3733 5920 toi¬

2744 5944 2863 5992 lette,
2893 5943 2920 5983 à
2945 5942 3188 5994 proximité
3216 5943 3293 5983 des
3321 5942 3457 5983 allées
3484 5939 3729 5990 Lafayette.

2747 6004 2855 6044 Prix
2888 6004 2963 6043 100
2996 6003 3051 6043 fr.
3087 6015 3169 6054 par
3201 6001 3332 6043 mois.
3369 6002 3621 6042 S’adresser
3653 5999 3732 6040 bu¬

2745 6075 2852 6103 reau
2877 6063 2939 6103 du
2963 6063 3161 6112 journal.
3511 6060 3557 6099 L.
3584 6060 3675 6099 290.

2801 6152 2835 6189 A
2869 6149 3009 6198 louer,
3042 6147 3260 6188 chambre
3291 6147 3497 6188 meublée
3528 6158 3636 6186 avec
3665 6156 3732 6186 ca¬

2748 6210 2872 6250 binet
2905 6208 2959 6250 de
2992 6208 3176 6257 toilette,
3212 6207 3469 6258 jouissance
3502 6206 3611 6247 d’un
3645 6206 3733 6255 jar¬

2745 6268 2840 6318 din,
2896 6268 3144 6310 boulevard
3197 6267 3376 6319 Riquet,
3432 6272 3485 6307 n°
3539 6268 3604 6307 29.
3661 6264 3735 6316 S’y

2747 6328 2965 6368 adresser.
3507 6326 3553 6366 L.
3587 6327 3677 6364 291.

2803 6419 2837 6456 A
2873 6417 3012 6464 louer,
3048 6428 3108 6456 un
3143 6415 3289 6466 grand
3322 6415 3443 6455 hôtel
3476 6414 3518 6455 et
3550 6412 3647 6452 café
3680 6412 3735 6453 de

2748 6475 2946 6527 premier
2977 6476 3111 6516 ordre
3142 6476 3257 6516 dans
3291 6487 3351 6514 un
3385 6474 3548 6515 canton
3581 6472 3736 6512 indus¬

2748 6536 2849 6576 triel
2876 6535 2937 6575 du
2962 6535 3349 6576 Lot-et-Garonne.
3380 6533 3488 6575 Prix
3512 6543 3620 6574 avec
3644 6544 3736 6574 ma¬

2748 6595 2891 6643 tériel,
2917 6596 3039 6635 2.800
3064 6595 3120 6635 fr.
3513 6592 3560 6632 L.
3587 6594 3679 6632 293.

2807 6684 2836 6722 A
2865 6682 3003 6730 louer,
3031 6682 3144 6724 dans
3168 6692 3248 6722 rue
3272 6680 3349 6722 des
3373 6680 3477 6731 plus
3501 6679 3736 6730 passantes

2749 6744 2801 6783 de
2828 6741 3069 6790 Toulouse,
3096 6753 3152 6782 au
3206 6740 3357 6780 centre
3410 6740 3464 6780 de
3516 6739 3560 6779 la
3611 6739 3734 6787 ville,

2751 6815 2811 6842 un
2837 6801 2932 6842 hall
2958 6812 3073 6852 pour
3099 6799 3349 6852 exposition
3377 6800 3420 6840 et
3444 6799 3632 6850 étalage.

2803 6861 2849 6901 L.
2877 6863 2969 6900 294.
3366 6859 3488 6908 Prix,
3519 6860 3597 6898 600
3625 6856 3680 6896 fr.

2804 6939 2839 6976 A
2891 6939 3029 6989 louer,
3080 6936 3307 6989 propriété
3356 6936 3381 6976 à
3403 6939 3427 6976 4
3476 6935 3737 6976 kilomètres

3813 4214 3839 4241 8

3873 3518 4176 3564 Manufacture
4207 3520 4428 3559 d’articles
4459 3522 4611 3560 KATO

4305 3592 4328 3640 à
4352 3592 4521 3640 fenêtre
4544 3596 4759 3641 diaphane

3982 3732 4377 3799 Enveloppes
4403 3734 4428 3754 *
4448 3735 4608 3786 Kato
4630 3734 4654 3754 "

3983 3822 4156 3884 Papier
4187 3823 4209 3872 à
4247 3823 4391 3874 lettre
4428 3823 4444 3874 “
4465 3823 4617 3875 KATO
4639 3825 4656 3843 '

3892 3963 4131 4000 Demander
4157 3966 4449 4002 Echantillons

3891 4031 4045 4067 LOUIS
4074 4031 4273 4068 GASSAN
4302 4032 4399 4068 aîné

3896 4098 3953 4138 37,
3983 4104 4055 4131 rue
4081 4098 4153 4132 des
4181 4098 4412 4134 Couteliers

3899 4160 4179 4198 TOULOUSE

3812 4255 3876 4283 X«
3884 4255 3912 4283 «
3920 4256 3948 4283 «
3956 4255 4387 4289 «XXXXXXXXXXX
4404 4258 4576 4286 XXXXX
4587 4256 4692 4288 XXX

3987 4537 4029 4573 A
4065 4535 4225 4574 TOUS
4253 4539 4373 4576 NOS
4403 4538 4667 4577 CLIENTS

3920 4606 4059 4634 Accorde*
4083 4614 4102 4630 s.
4131 4614 4155 4628 v.
4182 4614 4208 4638 p.
4236 4608 4316 4630 votre
4342 4606 4503 4639 préférence
4527 4616 4579 4632 aux
4605 4607 4768 4634 délicieuse»

3884 4646 4017 4679 Marques
4031 4640 4162 4671 dirMidi,
4182 4639 4216 4664 de
4229 4640 4256 4666 la
4272 4640 4380 4665 Maison

4096 4789 4134 4811 Dis
4138 4789 4164 4811 til
4168 4789 4212 4811 laie
4215 4797 4228 4811 u
4231 4789 4313 4818 r-Liqu
4316 4795 4328 4811 o
4332 4787 4352 4810 ri
4354 4795 4363 4810 s
4367 4791 4395 4815 te,
4419 4786 4563 4809 Viticulteur

3975 4818 4140 4846 Propriétaire
4152 4821 4182 4841 Ru
4192 4819 4244 4841 Clos
4251 4821 4279 4842 de
4291 4819 4449 4846 VHetmitage,
4462 4819 4475 4841 à
4484 4818 4583 4840 Limoux
4592 4815 4684 4847 (Aude]

4135 4849 4264 4870 Chevalier
4275 4850 4304 4871 du
4320 4849 4400 4871 Mérite
4415 4847 4526 4876 Agricole

3922 4894 4023 4928 Exigeas
4046 4894 4116 4919 donc
4139 4895 4179 4919 les
4200 4894 4364 4921 délicieuses
4387 4897 4543 4930 spécialités
4566 4897 4599 4922 de
4623 4896 4647 4923 la
4672 4895 4772 4922 Maison

3886 4930 3983 4955 Michel
3998 4929 4129 4958 Sabatier,
4147 4929 4179 4954 de
4191 4930 4388 4960 Carcassonne,
4402 4931 4415 4955 à
4429 4931 4492 4956 hase
4503 4932 4619 4958 d’alcool
4632 4943 4687 4967 pur
4703 4932 4750 4957 vin
4767 4942 4772 4958 :

3925 4983 3952 5016 i°
3971 4983 4026 5016 La
4047 4980 4283 5016 Micheline,
4300 4980 4376 5006 reine
4389 4979 4437 5005 des
4452 4980 4596 5015 liqueurs;

3924 5031 3952 5055 r
3971 5027 4135 5063 Grande
4157 5026 4337 5062 Liqueur
4359 5027 4411 5059 du
4435 5024 4539 5058 Père
4561 5027 4743 5061 Boardo:

3924 5075 3990 5099 Plus
4016 5074 4049 5099 de
4079 5081 4176 5103 10,000
4203 5071 4388 5098 Attestation»
4412 5070 4609 5104 aulhentiques
4637 5072 4777 5098 aflirinent

3888 5110 3959 5143 qu’il
3972 5110 4018 5143 n'y
4036 5119 4049 5135 a
4072 5118 4120 5144 pas
4137 5108 4171 5135 de
4188 5107 4317 5143 produits
4341 5106 4504 5142 supérieurs
4521 5106 4535 5131 à
4559 5115 4601 5131 ces
4624 5106 4773 5140 Liqueurs,

3888 5147 3977 5171 même
3991 5146 4031 5171 les
4044 5154 4175 5179 marques
4189 5146 4252 5180 plus
4267 5143 4412 5171 anciennes
4427 5146 4455 5169 et
4468 5143 4507 5168 les
4520 5142 4585 5178 plus
4600 5142 4728 5178 réputées
4739 5151 4744 5174 ;

3924 5190 3952 5215 3°
3971 5190 4020 5215 Les
4045 5191 4207 5223 Grands
4227 5190 4324 5223 Vins
4348 5191 4576 5223 Mousseux
4603 5192 4631 5214 et
4655 5188 4776 5223 Blan-

3890 5227 4040 5258 qiietltc
4059 5225 4163 5251 Michel
4188 5226 4316 5251 Sabatier
4336 5226 4370 5251 de
4395 5225 4513 5249 Limoux
4532 5228 4560 5249 et
4577 5223 4775 5255 Carcassonne,

3891 5259 4039 5285 rivalisant
4053 5269 4119 5285 avec
4130 5261 4168 5286 les
4183 5259 4312 5287 Grandes
4324 5260 4456 5294 Marques
4472 5259 4507 5286 de
4526 5259 4715 5295 Champagne.

3927 5303 3953 5336 4°
3973 5305 4199 5338 L’Or-Kina
4234 5306 4443 5339 Sabatier,
4480 5306 4619 5333 délicieux
4653 5305 4781 5341 Apéritif

3891 5339 4007 5373 tonique
4024 5344 4051 5364 et
4067 5339 4215 5366 tortillant.

3924 5383 3963 5409 Et
3980 5383 3995 5408 5
3999 5386 4008 5395 °
4032 5384 4087 5416 L0
4109 5382 4223 5415 Néol.
4247 5382 4342 5407 Grand
4364 5382 4417 5408 Vin
4440 5382 4553 5418 tonique
4576 5382 4779 5418 régénérateur

3890 5419 3927 5445 du
3944 5419 4068 5446 Docteur
4083 5417 4249 5446 CHÀRRY.

3982 5480 4141 5527 Déguster
4152 5491 4207 5516 ces
4223 5479 4371 5526 produits
4387 5478 4465 5516 c'est
4483 5479 4529 5515 les
4548 5478 4684 5524 adopter

3974 5570 4300 5607 +++++++++

3831 5819 3866 5859 4

3831 5863 3867 5903 4

3829 5903 3869 5942 4

3831 5948 3868 5987 4

3943 5840 4070 5884 GRANDE
4086 5838 4317 5884 MANUFACTURE
4331 5839 4360 5881 de
4375 5837 4557 5883 COURONNES
4572 5840 4600 5882 et
4617 5834 4731 5882 FLEURS

4007 6078 4043 6107 25
4061 6080 4087 6107 et
4105 6076 4151 6113 38,
4172 6085 4217 6107 rue
4236 6079 4267 6108 de
4288 6078 4417 6108 Rémusat
4437 6091 4479 6097 —
4497 6072 4670 6105 TOULOUSE

3897 6175 4113 6210 Bouquets
4136 6166 4317 6210 d’Égrlise
4338 6188 4372 6193 —
4392 6171 4567 6206 Plantes
4590 6175 4781 6209 d’anpar-

3930 6220 4100 6255 tement
4124 6235 4160 6239 —
4181 6220 4325 6252 Fleurs
4355 6215 4592 6252 stérilisées
4624 6235 4657 6238 —
4687 6219 4781 6252 Glo¬

3929 6268 4004 6300 bes
4024 6280 4059 6284 —
4080 6264 4269 6300 Coffrets
4289 6277 4325 6282 —
4347 6262 4501 6295 Cadres
4525 6278 4559 6283 —
4579 6263 4781 6299 Psychés.

4016 6362 4289 6402 PARURES
4315 6362 4389 6396 DE
4412 6354 4667 6400 MARIÉES

3896 6419 4119 6448 Articles
4150 6415 4193 6441 1-°
4219 6413 4555 6451 Communion,
4583 6416 4784 6450 Cierges

3984 6466 4128 6486 VANNEniK
4143 6464 4176 6482 ET
4192 6464 4298 6483 GERBES
4312 6472 4348 6478 —
4360 6467 4496 6492 FRANGES,
4516 6468 4620 6486 PERI.ES
4641 6462 4693 6483 etc.

3935 6540 4025 6569 Prix
4046 6534 4217 6570 spéciaux
4239 6537 4373 6573 défiant
4396 6542 4493 6567 toute
4513 6540 4752 6565 concurrence

4831 5838 4844 5844 -

4807 5863 4844 5902 *-

4806 5887 4846 5943 K.

4807 5945 4847 5986 ►

4805 5971 4845 6043 p*

4807 6032 4845 6071 a*

3830 6067 3869 6114 4

3831 6108 3869 6156 4

3831 6157 3871 6198 4

3833 6200 3870 6240 4

3832 6240 3871 6278 4

3832 6281 3872 6320 4

3832 6322 3872 6365 4

3833 6368 3871 6408 4

3833 6407 3872 6446 4

3834 6452 3871 6492 4

3833 6490 3873 6530 4

3836 6535 3871 6574 4

3836 6579 3872 6614 4

3836 6620 3872 6658 ^
4115 6613 4313 6636 EXPOSITION
4335 6610 4567 6636 PERMANENTE

4808 6198 4848 6238 §F

4220 6808 4275 6843 Le
4307 6806 4462 6843 Gérant
4493 6816 4501 6840 ;
4530 6804 4784 6844 ROUSSEL.

3877 6940 4143 6988 Imprimerie
4172 6936 4353 6982 spéciale
4383 6935 4436 6973 du
4469 6938 4584 6974 Trait
4613 6933 4804 6971 d'Union.
