5201 7168
642 460 786 500 payées
807 460 831 494 à
853 462 987 495 raison
1010 462 1058 495 de
1079 464 1095 494 1
1118 464 1231 495 franc
1254 465 1291 497 fa
1314 464 1421 503 ligne
1443 472 1543 504 pour
1563 466 1660 499 trois

636 511 748 542 mois.
780 510 829 542 Ce
859 511 962 543 délai
994 510 1142 548 écoulé,
1175 512 1230 543 les
1262 512 1471 545 intéressés
1502 514 1660 546 doivent

635 563 850 595 demander
881 564 914 596 le
946 564 1283 596 renouvellement
1316 572 1324 602 ;

676 620 715 651 6°
752 620 800 651 Le
835 623 1014 654 montant
1047 621 1115 652 des
1148 620 1435 653 abonnements
1468 622 1548 652 doit
1582 622 1660 652 être

634 671 792 704 adressé
810 680 860 704 au
882 673 1083 706 Directeur
1102 674 1155 706 du
1174 673 1467 707 Trait-d’Union
1487 680 1536 704 en
1556 680 1661 705 man¬

635 726 735 763 dats,
762 727 859 758 bons
884 727 932 759 de
959 729 1067 764 poste
1094 735 1143 759 ou
1169 727 1334 759 timbres
1362 734 1370 764 ;

675 782 714 812 7°
744 783 794 814 La
820 782 1018 815 Direction
1046 783 1243 820 n’accepte
1267 788 1343 820 que
1367 782 1435 812 des
1459 788 1660 816 annonces

635 834 712 867 très
733 834 942 872 sérieuses,
963 835 1081 867 celles
1102 836 1198 867 dont
1222 836 1258 867 la
1280 835 1480 867 rédaction
1504 842 1551 867 ne
1574 843 1660 867 con¬

637 887 798 919 viendra
827 894 895 924 pas
925 890 1058 919 seront
1087 887 1261 919 refusées
1291 896 1299 926 ;

674 943 714 975 9°
740 943 799 976 On
827 946 918 980 peut
940 944 1227 980 correspondre
1251 943 1275 977 à
1299 944 1335 976 la
1360 943 1436 974 fois
1461 950 1555 975 avec
1579 944 1660 982 plu¬

635 995 761 1028 sieurs
791 995 968 1027 abonnés
998 1002 1007 1032 ;

674 1051 734 1083 10°
774 1052 824 1082 La
862 1051 950 1088 plus
985 1050 1240 1083 élémentaire
1278 1051 1462 1089 politesse
1497 1052 1569 1084 fait
1605 1059 1658 1083 un

632 1104 768 1136 devoir
799 1110 878 1136 aux
908 1103 1084 1136 abonnés
1116 1104 1163 1136 de
1194 1103 1388 1142 répondre
1416 1111 1495 1137 aux
1527 1106 1658 1138 lettres

632 1164 780 1195 reçues.
816 1158 890 1189 Pas
923 1158 1019 1190 n’est
1051 1157 1186 1190 besoin
1219 1158 1266 1188 de
1300 1159 1463 1195 longues
1495 1159 1659 1195 phrases

631 1210 731 1243 dans
753 1210 925 1243 certains
949 1216 1028 1243 cas.
1055 1210 1162 1242 Deux
1189 1211 1288 1243 mots
1312 1210 1499 1243 suffisent
1526 1218 1534 1250 ;

672 1268 732 1298 11°
763 1267 885 1299 Toute
916 1267 1026 1299 lettre
1055 1267 1121 1305 qui
1154 1273 1252 1298 nous
1280 1270 1338 1299 est
1365 1267 1547 1299 adressée
1576 1274 1658 1304 per¬

630 1320 919 1352 sonnellement
938 1320 974 1351 et
994 1319 1059 1358 qui
1079 1319 1274 1352 demande
1294 1326 1371 1351 une
1391 1319 1556 1358 réponse
1575 1319 1658 1351 doit

631 1371 711 1404 être
732 1371 1024 1411 accompagnée
1046 1372 1136 1404 d’un
1159 1372 1302 1406 timbre
1323 1374 1370 1404 de
1392 1374 1430 1403 10
1452 1372 1655 1405 centimes.

670 1429 731 1460 12°
763 1430 813 1459 Ne
842 1434 912 1466 pas
942 1428 1095 1460 oublier
1125 1429 1180 1460 les
1208 1428 1372 1462 timbres
1401 1428 1657 1465 obligatoires

630 1487 727 1518 pour
749 1480 785 1511 la
806 1479 999 1518 première
1020 1482 1057 1511 et
1078 1481 1115 1512 la
1135 1479 1343 1512 deuxième
1363 1480 1614 1518 enveloppes.

672 1538 732 1567 14°
758 1536 806 1567 Le
828 1535 1042 1572 Directeur,
1063 1536 1252 1567 soucieux
1274 1536 1322 1568 de
1342 1542 1552 1567 conserver
1572 1536 1598 1567 à
1620 1536 1655 1568 la

630 1583 904 1615 combinaison
936 1584 987 1614 du
1020 1583 1127 1615 Trait
1156 1583 1324 1615 d’Union
1355 1590 1426 1614 son
1456 1583 1655 1615 caractère

630 1631 964 1668 d’irréprochable
985 1631 1230 1670 délicatesse,
1254 1632 1338 1669 prie
1362 1632 1416 1663 les
1439 1638 1654 1670 personnes

630 1681 695 1717 qui
735 1680 1047 1718 correspondent
1086 1680 1133 1712 de
1158 1680 1314 1711 vouloir
1338 1679 1426 1711 bien
1451 1679 1607 1717 joindre
1630 1679 1654 1714 à

630 1728 712 1760 leur
734 1726 898 1760 numéro
919 1728 1127 1767 personnel
1151 1728 1235 1759 leur
1255 1734 1344 1760 nom
1366 1734 1415 1759 ou
1435 1728 1653 1763 seulement

630 1776 735 1808 leurs
762 1775 948 1808 initiales.
976 1775 1062 1807 Ceci
1090 1776 1174 1807 afin
1200 1774 1362 1808 d’éviter
1389 1775 1426 1807 la
1451 1776 1654 1808 transmis¬

627 1825 715 1856 sion
734 1826 783 1855 de
802 1824 934 1855 lettres
951 1823 1157 1855 adressées
1175 1824 1200 1855 à
1219 1824 1256 1855 la
1276 1823 1474 1855 Direction
1495 1831 1566 1862 par
1583 1825 1652 1856 des

626 1878 723 1909 gens
754 1872 1027 1903 malhonnêtes
1056 1874 1093 1904 et
1121 1878 1199 1902 non
1226 1870 1415 1903 abonnés.

670 1927 791 1962 Toute
823 1930 934 1962 lettre
963 1935 1011 1960 ne
1040 1928 1198 1967 portant
1227 1935 1296 1967 pas
1327 1936 1403 1961 une
1434 1928 1650 1962 indication

627 1975 776 2014 précise
796 1976 843 2008 de
864 1975 1120 2015 l’expéditeur
1140 1983 1228 2008 sera
1247 1976 1428 2009 détruite.

666 2035 725 2066 15°
763 2035 886 2067 Toute
922 2034 1179 2072 suppression
1214 2034 1447 2071 d’annonce,
1482 2034 1650 2071 change¬

626 2085 731 2116 ment
774 2090 822 2114 ou
867 2083 1140 2116 modification
1184 2083 1416 2115 d’insertion
1458 2088 1506 2112 en
1532 2089 1647 2114 cours

622 2130 940 2168 d’abonnement,
973 2130 1134 2163 nuisant
1165 2130 1187 2162 à
1220 2131 1256 2162 la
1287 2132 1416 2164 bonne
1447 2131 1648 2169 organisa¬

623 2179 704 2211 tion
728 2179 774 2212 de
798 2186 860 2211 ma
881 2179 1156 2213 combinaison
1180 2180 1391 2218 mariages,
1414 2179 1468 2211 les
1491 2186 1648 2217 person¬

623 2233 690 2257 nes
730 2227 796 2263 qui
838 2233 885 2258 en
926 2227 1056 2258 feront
1082 2228 1118 2258 la
1143 2227 1337 2259 demande
1362 2234 1559 2264 expresse,
1586 2227 1646 2258 de¬

621 2276 735 2307 vront
759 2280 799 2307 se
822 2276 1048 2307 conformer
1071 2281 1123 2307 au
1146 2274 1240 2307 tarif
1264 2275 1426 2307 suivant
1451 2283 1458 2307 :

663 2330 926 2367 Suppression
962 2331 1466 2364 d’annonce.
1515 2332 1532 2362 5
1555 2332 1603 2362 fr.

663 2376 933 2415 Changement
967 2379 1463 2416 complet.
1512 2379 1531 2408 3
1554 2379 1603 2408 fr.

663 2424 919 2463 Supplément
947 2426 1064 2458 d’une
1094 2424 1463 2463 ligne..
1513 2427 1527 2455 1
1554 2427 1602 2456 fr.

662 2482 783 2512 Toute
807 2488 1002 2518 personne
1023 2480 1203 2512 abonnée
1226 2487 1318 2512 sans
1340 2487 1534 2519 annonce,
1556 2488 1646 2512 con¬

620 2534 730 2560 serve
763 2535 835 2559 son
870 2528 974 2560 droit
1006 2528 1238 2560 d’insertion
1272 2527 1435 2566 gratuit,
1471 2528 1644 2566 pendant

618 2578 726 2608 toute
744 2576 780 2607 la
798 2576 919 2608 durée
936 2576 984 2608 de
1002 2582 1073 2607 son
1092 2576 1371 2608 abonnement.

1233 2642 1288 2672 LE
1314 2641 1600 2673 DIRECTEUR.

614 2876 980 2979 OFFRES
1044 2875 1248 2978 AUX
1314 2877 1640 2979 DAMES

664 3144 783 3183 6077.
847 3143 1019 3184 Guinée
1083 3144 1336 3194 Française.
1370 3167 1424 3172 —
1459 3144 1636 3183 Institu¬

608 3203 708 3242 teur
734 3202 942 3252 colonial,
970 3204 1021 3243 24
1047 3214 1143 3252 ans,
1171 3203 1331 3254 grand,
1361 3203 1495 3252 brun,
1523 3203 1635 3255 phy¬

611 3260 738 3313 sique
771 3262 980 3312 agréable
1040 3263 1256 3304 situation
1291 3263 1480 3306 actuelle
1513 3264 1635 3303 5.000

610 3320 776 3370 francs,
838 3323 987 3363 rentes
1016 3324 1094 3363 500
1140 3323 1307 3372 francs,
1368 3324 1632 3374 espérances

607 3382 758 3420 50.000
786 3380 953 3430 francs,
1003 3382 1261 3432 épouserait
1315 3382 1518 3434 collègue
1574 3394 1631 3423 ou

606 3439 743 3490 jeune
774 3440 871 3482 fille
903 3440 1078 3481 aimant
1132 3454 1342 3493 voyager.
1404 3442 1628 3483 Situation

607 3508 661 3538 en
695 3499 896 3550 rapport.

735 3586 795 3626 Ne
822 3586 1030 3635 craignez
1056 3595 1136 3635 pas
1178 3586 1231 3626 de
1274 3596 1385 3626 vous
1426 3596 1628 3635 compro¬

603 3648 762 3687 mettre
794 3656 848 3686 en
883 3646 1034 3686 disant
1066 3655 1152 3696 que
1184 3656 1296 3688 vous
1327 3646 1418 3687 êtes
1450 3647 1626 3688 abonné

600 3715 658 3746 au
683 3706 808 3746 Trait
832 3707 1043 3747 d’Union.

654 3790 771 3830 6089.
798 3790 995 3831 Canada.
1017 3814 1070 3820 —
1090 3792 1234 3831 Jeune
1257 3792 1439 3831 homme
1454 3792 1504 3831 33
1527 3803 1622 3839 ans,

599 3847 808 3888 habitant
831 3848 1130 3888 merveilleux
1153 3858 1278 3898 pays,
1304 3850 1462 3889 climat
1484 3849 1625 3888 excel¬

599 3907 708 3955 lent,
740 3908 830 3948 bon
861 3908 1020 3949 métier
1052 3907 1320 3959 rapportant
1348 3911 1400 3948 20
1430 3908 1455 3948 à
1483 3911 1535 3948 22
1566 3908 1622 3947 fr.

598 3979 682 4017 par
703 3967 823 4016 jour,
848 3967 995 4009 désire
1018 3967 1220 4017 mariage
1243 3979 1350 4007 avec
1372 3968 1508 4017 jeune
1531 3967 1624 4007 fille

598 4026 654 4067 de
674 4028 726 4066 24
748 4026 774 4064 à
795 4027 847 4065 30
870 4036 966 4074 ans,
992 4035 1099 4067 avec
1120 4038 1178 4066 ou
1203 4038 1307 4067 sans
1332 4026 1420 4067 dot.

655 4103 774 4142 6097.
806 4102 1193 4142 Lot-et-Garonne.
1220 4123 1276 4130 —
1300 4103 1444 4143 Jeune
1498 4103 1623 4143 hom¬

597 4171 683 4211 me,
710 4162 786 4202 fils
809 4162 996 4214 unique,
1020 4163 1071 4203 28
1094 4174 1190 4211 ans,
1216 4163 1350 4211 brun,
1375 4163 1491 4203 beau
1513 4163 1623 4215 phy¬

596 4222 739 4272 sique,
767 4222 891 4262 taille
946 4227 963 4262 1
992 4235 1052 4263 m.
1080 4226 1146 4272 70,
1199 4223 1278 4264 dot
1299 4226 1448 4264 50.000
1500 4224 1554 4264 fr.
1583 4224 1624 4263 et

592 4282 788 4332 grandes
815 4284 1081 4335 espérances
1107 4283 1364 4334 épouserait
1390 4284 1623 4327 demoisel¬

594 4342 634 4382 le
659 4342 714 4383 de
739 4346 788 4383 18
811 4343 838 4382 à
860 4346 912 4384 22
936 4355 1032 4392 ans,
1060 4344 1163 4384 bien
1188 4344 1351 4394 élevée,
1380 4345 1554 4386 aimant
1578 4346 1622 4386 la

591 4414 843 4454 campagne
870 4406 912 4446 et
938 4407 1074 4463 ayant
1099 4403 1330 4446 situation.

644 4482 748 4520 6098
775 4482 816 4520 et
842 4482 960 4522 6099.
994 4482 1384 4523 Haute-Garonne.
1411 4507 1466 4512 —
1494 4486 1618 4523 Deux

591 4538 747 4588 frères,
772 4540 942 4591 nobles,
967 4542 1008 4582 le
1055 4543 1254 4594 premier
1300 4546 1351 4584 20
1374 4554 1470 4593 ans,
1494 4544 1539 4584 le
1555 4555 1618 4586 se¬

590 4599 705 4638 cond
727 4600 778 4638 24
802 4611 898 4648 ans,
924 4602 1062 4651 ayant
1082 4603 1176 4643 l'un
1200 4603 1243 4644 et
1265 4603 1424 4646 l’autre
1448 4603 1615 4656 emploi

590 4656 788 4708 lucratif,
818 4659 1015 4700 désirent
1065 4662 1266 4713 mariage
1319 4675 1424 4703 avec
1449 4664 1618 4706 demoi¬

590 4715 697 4757 selle
721 4727 780 4758 ou
804 4718 939 4758 dame
963 4723 1100 4770 ayant
1126 4722 1320 4764 fortune.
1350 4724 1470 4766 Pour
1496 4725 1536 4766 le
1564 4727 1584 4765 1
1587 4730 1618 4747 er

587 4774 728 4814 écrire
751 4787 807 4815 au
832 4784 886 4815 n°
911 4780 1028 4827 6098,
1054 4792 1168 4830 pour
1191 4782 1231 4822 le
1252 4785 1276 4822 2
1279 4787 1292 4803 e
1312 4784 1454 4827 écrire
1476 4797 1534 4826 au
1557 4791 1611 4824 n°

587 4834 705 4874 6099.

718 4912 840 4952 Lisez
860 4924 914 4954 en
936 4916 961 4954 4
963 4920 976 4935 e
999 4925 1111 4964 page
1135 4918 1174 4956 le
1196 4922 1395 4962 courrier
1416 4923 1610 4971 grapho¬

586 4970 782 5022 logique.

635 5050 752 5090 6102.
810 5050 1031 5091 Charente
1051 5072 1064 5083 -
1088 5052 1350 5095 Inférieure.
1372 5079 1426 5086 —
1476 5058 1607 5104 Veuf,

580 5112 687 5144 sans
708 5103 903 5151 enfants,
930 5107 983 5144 39
1005 5117 1100 5153 ans,
1158 5110 1176 5144 1
1202 5118 1263 5147 m.
1290 5111 1355 5155 58,
1407 5110 1606 5157 châtain,

580 5163 788 5212 charron,
822 5166 959 5206 établi
991 5166 1152 5218 depuis
1186 5170 1233 5207 10
1262 5182 1358 5219 ans,
1391 5171 1606 5214 situation

576 5218 700 5256 2.000
728 5218 784 5258 fr.
816 5218 1004 5269 liquide,
1034 5220 1180 5262 désire
1208 5222 1398 5273 épouser
1427 5237 1608 5276 person¬

580 5281 635 5310 ne
661 5271 851 5311 environ
877 5275 929 5312 30
955 5286 1054 5322 ans,
1083 5275 1233 5316 bonne
1260 5279 1400 5326 santé,
1457 5280 1607 5321 bonne

577 5323 804 5370 conduite,
839 5328 977 5375 ayant
1006 5328 1118 5376 petit
1149 5328 1274 5370 avoir
1331 5332 1372 5372 et
1403 5334 1606 5382 pouvant

575 5374 616 5417 le
642 5376 870 5419 seconder.
902 5378 1092 5420 Sérieux
1115 5380 1155 5420 et
1179 5384 1344 5430 pressé.

632 5458 751 5499 6107.
783 5458 996 5499 Gironde.
1023 5482 1078 5491 —
1103 5460 1336 5503 Monsieur
1363 5466 1470 5505 veuf
1497 5478 1602 5506 sans

578 5527 795 5559 annonce.

628 5595 747 5636 6113.
784 5596 1219 5639 Tarn-et-Garonne.
1251 5623 1307 5628 —
1365 5602 1600 5643 Monsieur

575 5654 766 5704 abonné,
787 5667 896 5696 sans
914 5667 1135 5702 annonce.
1271 5682 1280 5702 ,

623 5734 740 5774 6115.
763 5735 890 5775 Gers.
908 5758 963 5763 —
980 5734 1266 5786 Célibataire,
1286 5738 1340 5776 '30
1359 5748 1454 5787 ans,
1476 5750 1595 5779 com¬

563 5794 1098 5844 merçant-propriétaire,
1124 5805 1314 5835 revenus
1336 5796 1453 5836 deux
1474 5798 1599 5838 mille

564 5843 676 5884 deux
690 5850 813 5886 cents
832 5847 901 5897 fr.,
920 5847 1019 5887 bien
1036 5848 1395 5900 physiquement,
1410 5852 1599 5901 parfaite

568 5906 884 5958 honorabilité,
915 5911 1174 5960 épouserait
1226 5911 1363 5962 jeune
1393 5911 1486 5952 fille
1538 5914 1591 5954 de

567 5964 618 6003 20
644 5964 670 6004 à
694 5968 746 6007 27
772 5979 867 6020 ans,
898 5970 1109 6023 sérieuse,
1138 5970 1352 6013 situation
1383 5983 1436 6014 en
1492 5984 1591 6025 rap¬

567 6026 680 6073 port,
709 6031 911 6078 pouvant
936 6031 1094 6072 l’aider
1120 6032 1235 6074 dans
1261 6044 1342 6075 son
1371 6043 1588 6075 commer¬

568 6091 630 6120 ce.

607 6163 724 6203 6116.
747 6163 887 6207 Tarn.
910 6189 963 6195 —
998 6170 1231 6212 Monsieur
1268 6182 1375 6211 sans
1407 6171 1571 6211 famille

554 6223 606 6262 60
623 6235 720 6274 ans,
754 6227 847 6267 n'en
882 6234 1133 6280 paraissant
1170 6247 1258 6287 que
1295 6239 1360 6287 50,
1409 6238 1591 6278 robuste

551 6291 694 6335 santé,
759 6294 1066 6339 universitaire
1122 6304 1298 6343 retraité
1374 6305 1480 6346 2000
1531 6304 1583 6346 fr.

550 6354 604 6395 de
625 6359 771 6396 rentes
791 6362 833 6398 et
864 6363 1043 6414 capital,
1080 6367 1226 6407 désire
1258 6372 1586 6421 correspondre

547 6434 654 6463 avec
692 6421 821 6464 dame
858 6438 1012 6479 veuve,
1046 6430 1301 6484 honorable,
1358 6439 1578 6488 instruite,

543 6490 594 6528 50
610 6490 634 6528 à
655 6492 706 6530 60
726 6499 820 6536 ans,
847 6495 978 6539 ayant
1003 6497 1207 6536 revenus.
1230 6497 1432 6540 Sérieux.

600 6554 720 6594 6117.
762 6554 1149 6596 Lot-et-Garonne.
1184 6563 1240 6600 —
1271 6563 1416 6603 Jeune
1453 6566 1577 6604 hom¬

545 6609 618 6648 me
639 6609 691 6649 25
712 6618 809 6655 ans,
836 6606 1128 6658 agriculteur,
1155 6611 1352 6662 instruit,
1375 6627 1459 6666 pas
1480 6619 1577 6658 vul¬

538 6660 678 6711 gaire,
735 6662 872 6711 ayant
926 6672 1118 6703 avances
1170 6665 1212 6703 et
1238 6669 1463 6716 propriété
1518 6672 1571 6710 de

543 6715 784 6764 i5.000.fr.,
808 6715 1066 6767 épouserait
1084 6716 1222 6767 jeune
1244 6731 1479 6771 personne,
1504 6735 1574 6764 car

1692 398 1731 401 -
1755 397 2009 402 -___
2243 400 2247 404 •
2272 399 2278 404 .
2299 399 2303 402 ■
2408 400 2412 404 ■
2537 366 2610 417 CE
2642 365 2782 411 TRAI

1698 439 1704 525 |
1739 471 1919 519 raetère,
1951 472 2038 522 âge
2055 440 2113 517 II
2130 474 2342 516 situation
2371 487 2429 516 en
2461 475 2649 527 rapport
2703 484 2759 515 ou

1698 530 1702 586 j
1738 526 1859 567 riche
1883 538 1988 567 sans
2014 528 2239 579 préjugés.

1790 607 1830 643 2°
1851 607 1906 646 Le
1924 606 2048 646 Trait
2068 610 2260 648 d’Union
2282 612 2346 650 est
2367 621 2427 650 un
2447 612 2630 660 journal
2652 611 2759 648 hon-

1698 673 1701 727 |
1735 663 1838 706 suite
1864 670 1907 704 et
1935 668 2160 718 n’accepte
2190 679 2276 718 que
2331 671 2410 711 des
2437 680 2667 711 annonces
2695 669 2759 711 sé¬

1736 726 1920 766 rieuses.

1786 804 1904 842 6119.
1931 804 2171 844 Toulouse.
2194 830 2247 835 —
2270 808 2400 855 Veuf,
2426 810 2478 848 59
2500 817 2598 856 ans,
2624 807 2760 856 ayant

1735 855 2002 907 profession,
2027 859 2203 899 maison
2225 871 2279 900 en
2299 861 2409 902 ville
2429 862 2472 903 et
2491 871 2756 911 campagne,

1736 920 1927 951 revenus
1962 912 2084 951 2.500
2119 911 2176 960 fr,
2214 914 2480 955 sentiments
2516 913 2754 963 religieux,

1734 963 1878 1005 désire
1903 963 2104 1016 mariage
2128 976 2235 1007 avec
2257 978 2484 1018 personne
2507 968 2598 1008 très
2616 968 2759 1010 hono¬

1734 1016 1871 1063 rable,
1898 1018 2024 1067 d’âge
2048 1019 2223 1068 assorti,
2248 1021 2380 1072 goûts
2403 1022 2604 1072 simples.
2633 1019 2759 1060 Réfé¬

1734 1080 1886 1111 rences
1919 1071 2108 1120 exigées.

1784 1143 1902 1184 6120.
1938 1143 2352 1192 Basses-Pyrénées.
2382 1170 2436 1176 —
2465 1148 2595 1195 Veuf,
2644 1146 2755 1192 seul,

1731 1194 1900 1236 certain
1958 1196 2052 1247 âge,
2112 1197 2442 1240 fonctionnaire
2499 1200 2552 1240 de
2608 1198 2756 1246 l’Etat,

1728 1251 1852 1290 2.000
1879 1250 1934 1290 fr.
1963 1251 2145 1304 jusqu’à
2171 1252 2216 1294 la
2242 1252 2308 1294 fin
2335 1255 2392 1296 de
2418 1267 2487 1296 ses
2512 1255 2655 1305 jours,
2687 1251 2755 1292 bel

1732 1304 1928 1351 homme,
1962 1306 2087 1347 avoir
2117 1308 2372 1358 personnel,
2434 1308 2560 1350 santé
2618 1306 2758 1347 excel¬

1732 1356 1864 1406 lente,
1902 1358 2108 1400 habitant
2143 1355 2251 1403 ville
2286 1362 2462 1412 d’eaux,
2500 1359 2758 1412 épouserait

1732 1411 2002 1454 Demoiselle
2024 1425 2082 1455 ou
2109 1415 2250 1456 Dame
2276 1416 2331 1456 de
2355 1419 2406 1456 40
2431 1418 2456 1457 à
2482 1419 2533 1455 56
2559 1426 2653 1462 ans,
2684 1415 2758 1454 ho¬

1730 1464 1914 1506 norable
1940 1467 1982 1507 et
2007 1467 2110 1508 bien
2139 1468 2302 1518 élevée,
2334 1470 2470 1520 ayant
2498 1467 2646 1508 rentes
2698 1479 2755 1508 ou

1730 1520 1995 1561 économies.

1780 1591 1898 1631 6122.
1931 1594 2271 1635 Haute-Marne.
2299 1619 2354 1624 —-
2382 1595 2570 1635 Officier
2600 1596 2754 1635 minis¬

1726 1643 1867 1694 tériel,
1895 1648 1944 1686 31
1973 1658 2069 1696 ans,
2099 1648 2401 1691 honorabilité
2427 1648 2636 1701 parfaite,
2666 1650 2755 1690 très

1728 1698 1994 1749 intelligent,
2026 1702 2250 1740 caractère
2279 1703 2367 1754 gai,
2400 1703 2644 1754 possédant
2672 1714 2751 1742 son

1726 1751 1856 1792 étude
1879 1752 2036 1792 valeur
2056 1755 2206 1793 30.000
2227 1755 2283 1795 fr.
2308 1756 2351 1795 et
2372 1756 2524 1796 autres
2546 1756 2752 1808 espéran¬

1725 1814 1810 1851 ces,
1838 1803 2075 1845 désirerait
2098 1807 2299 1858 mariage
2323 1820 2431 1849 avec
2482 1809 2753 1851 Demoiselle

1726 1858 1843 1905 bien,
1880 1859 1934 1898 de
1967 1859 2115 1899 bonne
2175 1859 2365 1910 famille,
2401 1863 2452 1903 20
2485 1863 2511 1903 à
2542 1866 2594 1903 25
2654 1874 2748 1911 ans,

1726 1911 1862 1960 ayant
1890 1912 1967 1952 dot
1995 1912 2051 1952 de
2076 1915 2127 1952 25
2155 1913 2181 1953 à
2210 1915 2358 1954 30.000
2388 1915 2443 1955 fr.
2476 1916 2519 1954 et
2547 1916 2752 1966 espéran¬

1723 1974 1808 2003 ces.

1775 2037 1892 2076 6124.
1926 2038 2147 2088 Aveyrofi.
2174 2062 2227 2068 —
2251 2040 2396 2079 Jeune
2450 2040 2647 2088 homme,
2700 2043 2751 2080 27

1723 2102 1818 2138 ans,
1850 2091 1952 2131 bien
1984 2103 2090 2134 sous
2118 2092 2218 2131 tous
2250 2095 2472 2144 rapports,
2532 2093 2750 2135 ancienne

1724 2143 1912 2193 famille,
1951 2146 2099 2185 50.000
2136 2144 2192 2185 fr.
2232 2146 2506 2188 immeubles
2567 2155 2748 2198 person¬

1720 2198 1819 2237 nels
1839 2199 1884 2238 et
1906 2199 2171 2248 espérances
2194 2210 2336 2247 sures,
2361 2199 2620 2251 épouserait
2669 2202 2751 2241 De¬

1721 2250 1936 2302 moiselle,
1965 2253 2102 2304 ayant
2127 2254 2204 2294 dot
2230 2255 2467 2305 analogue.
2498 2255 2567 2294 Au
2594 2253 2746 2295 besoin

1719 2316 1763 2344 se
1791 2303 2043 2356 déplacera.

1772 2371 1889 2410 6125.
1923 2372 2327 2412 Haute-Garoune.
2348 2373 2398 2413 —
2421 2372 2556 2420 Veuf,
2579 2373 2627 2411 44
2651 2384 2744 2423 ans,

1719 2430 1935 2482 physique
1964 2434 2107 2482 jeune,
2146 2435 2322 2475 retraité
2349 2435 2403 2475 de
2426 2435 2570 2483 l’Etat,
2595 2435 2672 2475 800
2693 2435 2742 2475 fr.

1721 2493 1910 2532 Possède
1943 2494 2017 2542 joli
2051 2495 2290 2536 immeuble
2319 2498 2420 2536 neuf
2451 2502 2492 2536 et
2526 2499 2746 2547 propriété

1716 2544 1848 2588 d’une
1870 2546 2022 2587 valeur
2042 2547 2096 2589 de
2118 2551 2267 2589 20.000
2287 2550 2448 2593 francs.
2484 2551 2746 2602 Epouserait

1716 2619 1854 2649 veuve
1877 2620 1931 2648 ou
1954 2609 2212 2651 demoiselle
2235 2614 2312 2662 qui
2334 2615 2479 2654 aurait
2499 2612 2742 2654 l’intention

1715 2670 1768 2711 de
1791 2674 1996 2722 partager
2019 2673 2087 2713 vis
2106 2674 2330 2724 agréable.

1768 2744 1870 2784 6127
1920 2744 2323 2788 Haute-Oaroune.
2356 2747 2407 2789 —
2442 2746 2743 2795 Célibataire,

1711 2807 1762 2844 42
1794 2816 1890 2854 ans,
1924 2808 2079 2856 grand,
2118 2807 2247 2858 brun,
2284 2809 2450 2851 famille
2484 2811 2574 2850 très
2604 2809 2742 2850 hono¬

1714 2867 1848 2919 rable,
1874 2871 1996 2910 avoir
2023 2874 2072 2911 25
2094 2872 2173 2911 000
2194 2871 2261 2921 fr.,
2296 2873 2506 2912 situation
2536 2871 2742 2922 indépen¬

1712 2931 1840 2972 dante
1865 2938 2121 2983 rapportant
2138 2935 2260 2974 4.000
2280 2935 2333 2974 fr.
2353 2947 2433 2986 par
2452 2947 2521 2984 an,
2540 2934 2741 2974 s’unirait

1709 3006 1818 3034 avec
1853 2995 2111 3036 demoiselle
2145 3008 2202 3038 ou
2235 3008 2375 3039 veuve
2413 3000 2546 3050 ayant
2579 2999 2660 3046 âge
2699 3001 2742 3038 et

1708 3057 1899 3114 position
1919 3059 2210 3107 équivalente.

1762 3138 1880 3178 6129.
1912 3137 2112 3180 Hérault.
2138 3141 2192 3181 —
2219 3141 2488 3183 Célibataire
2531 3139 2643 3188 seul,
2687 3143 2737 3182 38

1708 3207 1803 3246 ans,
1837 3197 1938 3238 n’en
1968 3199 2226 3248 paraissant
2255 3212 2343 3252 que
2371 3201 2439 3251 30,
2470 3199 2734 3252 propriétai¬

1708 3270 1754 3298 re
1776 3256 2052 3308 viticulteur,
2079 3259 2278 3312 instruit,
2306 3259 2408 3302 bien
2434 3259 2571 3307 élevé,
2598 3259 2735 3301 musi¬

1707 3316 1819 3366 cien,
1856 3316 2028 3360 famille
2076 3319 2342 3363 honorable,
2376 3317 2634 3372 épouserait
2664 3320 2734 3360 de¬

1707 3375 1910 3419 moiselle
1932 3378 1986 3419 de
2009 3378 2159 3422 bonne
2182 3379 2358 3420 famille
2382 3391 2439 3421 ou
2463 3390 2607 3420 veuve
2630 3390 2734 3422 sans

1706 3436 1900 3485 enfants,
1924 3449 2032 3479 avec
2052 3440 2143 3479 dot.
2167 3439 2231 3480 De
2252 3439 2516 3491 préférence
2539 3439 2734 3480 Toulou¬

1706 3507 1750 3536 se
1772 3507 1830 3536 ou
1854 3498 2080 3538 environs.
2108 3498 2164 3538 Se
2187 3499 2478 3550 déplacerait.

1756 3583 1874 3620 6131.
1919 3583 2044 3620 Gers.
2083 3583 2137 3621 —
2191 3583 2475 3632 Célibataire,
2530 3587 2575 3622 41
2631 3596 2728 3632 ans,

1706 3642 1851 3682 15.000
1880 3640 1936 3682 fr.
1967 3654 2022 3683 en
2054 3643 2246 3695 espèces,
2280 3643 2427 3686 bonne
2459 3644 2727 3687 instruction

1702 3700 1744 3740 et
1784 3702 2040 3752 éducation,
2071 3703 2248 3745 sérieux
2276 3706 2318 3746 et
2344 3706 2572 3754 économe,
2603 3708 2728 3747 hom¬

1702 3772 1774 3802 me
1827 3761 1882 3802 de
1935 3774 2075 3812 cœur,
2122 3763 2264 3806 solide
2309 3764 2535 3815 affection,
2582 3767 2730 3809 désire

1702 3819 1842 3860 union
1888 3832 1995 3862 avec
2040 3823 2303 3864 demoiselle
2332 3836 2390 3865 ou
2419 3836 2562 3867 veuve
2591 3827 2727 3877 ayant

1702 3878 1849 3918 bonne
1884 3879 2099 3922 situation
2135 3882 2176 3922 et
2211 3883 2482 3926 excellentes
2515 3886 2722 3936 qualités.

1700 3936 1783 3976 Lui
1805 3938 1960 3979 écrire.

1756 4042 1960 4091 Envoyez
1992 4040 2020 4083 à
2052 4044 2094 4083 la
2128 4044 2351 4086 Direction
2388 4047 2466 4087 des
2498 4058 2726 4089 annonces

1698 4100 1932 4150 sérieuses,
1956 4103 2117 4154 vraies,
2140 4104 2352 4154 sincères,
2378 4107 2584 4157 précises,
2611 4119 2724 4159 pour

1698 4160 1836 4203 éviter
1863 4162 1942 4202 des
1966 4163 2194 4212 surprises
2222 4164 2481 4214 imprévues
2506 4172 2547 4208 et
2601 4168 2723 4210 désa¬

1696 4220 1917 4271 gréables.

1747 4326 1865 4366 6132.
1890 4326 2028 4367 Tarn.
2049 4328 2104 4368 —
2123 4328 2268 4368 Jeune
2291 4330 2488 4380 homme,
2513 4331 2647 4379 brun,
2670 4331 2722 4370 27

1695 4396 1790 4434 ans,
1814 4386 2066 4436 négociant,
2090 4387 2306 4428 situation
2327 4391 2351 4427 7
2371 4389 2397 4429 à
2415 4392 2537 4431 8.000
2558 4391 2613 4431 fr.
2638 4401 2720 4442 par

1694 4456 1766 4492 an,
1790 4447 2055 4497 espérances
2076 4447 2176 4487 cent
2196 4447 2338 4490 mille.
2362 4448 2628 4500 Epouserait
2648 4450 2721 4490 de¬

1693 4504 1896 4544 moiselle
1919 4506 1972 4544 de
1992 4507 2043 4545 20
2063 4507 2089 4546 à
2108 4508 2160 4546 25
2179 4518 2279 4556 ans,
2299 4507 2423 4558 jolie,
2446 4508 2717 4561 distinguée,

1690 4566 1823 4615 ayant
1843 4564 1918 4603 dot
1942 4563 1995 4603 de
2015 4564 2065 4603 20
2087 4566 2110 4603 à
2127 4566 2178 4604 50
2199 4568 2278 4606 000
2298 4567 2460 4608 francs.

1744 4648 1863 4687 6133.
1890 4647 2019 4688 Midi.
2038 4651 2094 4688 —
2112 4651 2243 4699 Veuf,
2267 4652 2315 4690 41
2339 4662 2435 4700 ans,
2460 4664 2522 4692 un
2543 4651 2715 4699 enfant,

1692 4706 1839 4755 16.000
1875 4704 1916 4748 fr
1976 4717 2168 4747 revenus
2215 4710 2405 4749 annuels
2451 4720 2503 4750 en
2554 4715 2717 4758 rentes,

1689 4766 1835 4808 désire
1855 4766 2058 4818 mariage
2078 4778 2184 4809 avec
2204 4768 2467 4811 demoiselle
2487 4782 2544 4811 ou
2566 4771 2712 4818 dame,

1690 4835 1796 4866 sans
1816 4824 2011 4875 enfants,
2038 4826 2156 4876 bien,
2182 4829 2314 4881 goûts
2336 4828 2539 4881 simples,
2566 4831 2715 4873 bonne

1688 4884 1911 4936 moralité,
1959 4888 2095 4936 ayant
2137 4891 2359 4940 quelques
2403 4900 2607 4932 revenus.
2642 4891 2715 4932 Sé¬

1687 4943 1830 4987 rieux.

1731 5023 1850 5064 6134.
1879 5023 2116 5064 Charente.
2139 5048 2195 5054 —
2233 5028 2379 5067 Jeune
2422 5028 2619 5077 homme,
2660 5028 2712 5066 35

1685 5092 1780 5128 ans,
1827 5084 1988 5134 grand,
2038 5086 2172 5133 brun,
2222 5086 2398 5129 famille
2444 5087 2708 5134 honorable,

1683 5141 1910 5191 propriété
1951 5146 2100 5186 20.000
2144 5144 2200 5186 fr.
2232 5146 2342 5196 qu’il
2387 5146 2582 5198 exploite
2626 5146 2710 5188 lui-

1683 5200 1846 5251 même,
1887 5203 2142 5254 épouserait
2182 5206 2446 5247 demoiselle
2484 5218 2543 5246 ou
2567 5216 2708 5247 veuve

1681 5260 1869 5303 voulant
1910 5264 2087 5307 habiter
2129 5264 2174 5304 la
2200 5274 2452 5315 campagne
2478 5266 2520 5304 et
2546 5265 2708 5304 s’occu¬

1681 5331 1759 5370 per
1801 5321 1863 5362 du
1905 5324 2095 5375 ménage
2136 5336 2194 5365 ou
2222 5326 2276 5366 de
2303 5322 2440 5374 petite
2467 5323 2703 5364 industrie.

1680 5379 1767 5419 Pas
1786 5380 1994 5432 exigeant
2012 5395 2091 5424 sur
2110 5383 2200 5423 dot.
2227 5382 2430 5424 Sérieux.

1731 5466 1848 5507 6136.
1888 5467 2316 5518 Hautes-Pyrénées.
2348 5470 2403 5511 —
2436 5470 2704 5512 Célibataire

1676 5526 1727 5563 37
1747 5536 1844 5576 ans,
1870 5526 1990 5568 idées
2011 5528 2173 5579 larges,
2197 5527 2275 5570 dot
2295 5531 2418 5571 5.000
2439 5531 2495 5574 fr.
2519 5531 2703 5582 épouse¬

1676 5584 1763 5626 rait
1787 5585 2047 5630 demoiselle
2074 5599 2131 5628 ou
2156 5598 2298 5631 veuve
2323 5589 2378 5631 de
2400 5592 2452 5632 26
2478 5591 2503 5631 à
2526 5592 2578 5631 35
2602 5603 2697 5634 ans.

1676 5644 1879 5687 Sérieux.

1727 5723 1843 5764 6137.
1879 5724 2004 5764 Gers.
2035 5748 2088 5752 —
2119 5726 2366 5776 Monsieur,
2398 5730 2450 5768 50
2480 5739 2575 5778 ans,
2608 5731 2698 5771 très

1672 5779 1864 5830 sérieux,
1891 5782 2019 5823 santé
2044 5783 2236 5833 parfaite
2262 5786 2303 5826 et
2327 5786 2558 5836 situation,
2584 5788 2698 5831 dési¬

1672 5851 1719 5882 re
1767 5840 1958 5892 épouser
2008 5839 2140 5884 dame
2179 5855 2237 5885 ou
2277 5844 2538 5890 demoiselle
2562 5849 2696 5900 ayant

1669 5899 1866 5950 éprouvé
1911 5899 2066 5952 peines
2111 5904 2320 5944 morales.
2352 5906 2510 5948 Bonne
2550 5908 2691 5956 santé,

1667 5959 1799 6010 goûts
1842 5959 2044 6012 simples,
2077 5962 2227 6004 rentes
2270 5964 2311 6004 et
2355 5975 2547 6007 revenus
2575 5970 2690 6017 sûrs,

1668 6019 1772 6059 d’au
1795 6022 1944 6062 moins
1964 6023 2087 6065 3.000
2111 6022 2167 6062 fr.

1719 6103 1838 6143 6138.
1865 6104 2172 6144 Haute-Loire.
2193 6129 2248 6134 —
2270 6107 2386 6148 Veuf
2407 6120 2514 6150 avec
2535 6112 2691 6152 enfant

1664 6162 1719 6202 de
1739 6163 1763 6200 6
1784 6173 1879 6213 ans,
1903 6165 2243 6216 entrepreneur,
2268 6168 2320 6206 39
2340 6179 2436 6216 ans,
2460 6168 2562 6208 bien
2586 6182 2690 6212 sous

1664 6221 1764 6262 tous
1795 6223 2018 6272 rapports,
2051 6224 2174 6266 taille
2205 6229 2224 6266 1
2256 6239 2318 6267 m.
2350 6228 2416 6275 71,
2448 6230 2691 6278 possédant

1664 6282 1809 6320 12.000
1834 6280 1907 6330 fr.,
1950 6282 2095 6324 désire
2136 6286 2339 6336 mariage
2390 6298 2498 6327 avec
2546 6300 2686 6331 veuve

1660 6352 1768 6383 sans
1786 6340 1968 6382 enfants
1986 6354 2042 6384 ou
2064 6344 2328 6386 demoiselle
2348 6347 2612 6391 au-dessous
2632 6351 2686 6392 de

1659 6403 1710 6442 35
1734 6411 1828 6451 ans,
1855 6401 1992 6452 ayant
2014 6403 2091 6443 dot
2112 6403 2350 6455 analogue.

1710 6488 1827 6528 6140.
1862 6487 2075 6528 Gironde.
2109 6512 2159 6519 —
2187 6490 2471 6542 Célibataire,
2503 6494 2554 6532 38
2584 6506 2678 6544 ans,

1655 6547 1758 6587 bien
1783 6558 1889 6590 sous
1914 6548 2014 6590 tous
2039 6549 2264 6599 rapports,
2308 6550 2523 6592 situation
2564 6563 2680 6596 com¬

1654 6607 1881 6656 merciale,
1907 6607 2035 6648 avoir
2055 6608 2098 6648 et
2119 6610 2400 6659 espérances,
2427 6612 2680 6662 épouserait

1652 6666 1914 6708 demoiselle
1934 6680 1991 6708 ou
2014 6679 2157 6709 veuve
2179 6670 2315 6718 ayant
2337 6669 2551 6711 situation
2575 6683 2678 6714 ana¬

1652 6724 1782 6774 logue
1807 6738 1866 6768 ou
1892 6727 1982 6767 dot.
2012 6727 2227 6770 Pourrait
2251 6740 2295 6771 se
2322 6729 2546 6780 déplacer.
2715 6738 2722 6766 i

2810 368 2823 388 1
2853 368 3103 426 D'UNION
3196 407 3870 436 àsss—s———-

2890 476 3007 520 6141.
3034 476 3271 520 Charente.
3293 480 3347 519 —
3370 480 3460 522 Fils
3480 481 3666 534 unique,
3690 484 3742 523 26
3763 495 3858 532 ans,

2836 538 3031 588 qualités
3057 539 3306 590 physiques
3334 542 3375 579 et
3403 542 3611 592 morales,
3643 543 3860 584 ancienne

2840 596 3027 647 famille,
3074 599 3150 639 dot
3195 602 3367 639 100.000
3411 600 3464 640 fr.
3495 602 3604 643 dont
3631 603 3779 643 55.000
3806 615 3858 644 en

2836 658 3028 707 espèces,
3059 656 3205 699 désire
3234 658 3436 711 mariage
3463 672 3571 702 avec
3598 661 3860 703 demoiselle

2840 716 3099 768 honorable,
3146 717 3361 759 situation
3391 720 3515 771 égale
3543 731 3600 762 ou
3630 720 3859 772 supérieu¬

2835 786 2894 818 re.

2890 864 2946 904 Le
2974 864 3100 904 Trait
3129 866 3323 907 d’Union
3353 870 3418 907 est
3462 878 3523 907 un
3567 866 3750 915 journal
3794 868 3857 908 sé¬

2834 918 2961 956 rieux
2984 920 3026 956 et
3047 918 3155 958 utile
3176 918 3202 959 à
3222 923 3338 959 tous.

2883 1001 3000 1041 6143.
3015 1001 3156 1042 Tarn.
3184 1004 3222 1041 —
3250 1002 3544 1050 Célibataire,
3564 1005 3612 1042 32
3627 1014 3722 1051 ans,
3741 1002 3856 1053 bien,

2830 1071 2935 1100 sous
2958 1064 3056 1102 tous
3078 1063 3141 1103 les
3161 1067 3380 1115 rapports,
3407 1064 3714 1116 propriétaire,
3733 1067 3844 1116 négo

2830 1124 2960 1171 ciant,
2999 1125 3247 1175 industriel,
3291 1127 3500 1168 situation
3542 1128 3856 1168 commerciale

2834 1187 2976 1226 10.000
3017 1187 3176 1236 francs,
3216 1185 3468 1239 épouserait
3504 1189 3666 1230 femme
3703 1190 3856 1231 d’inté¬

2832 1248 2948 1287 rieur
2968 1248 3023 1290 de
3051 1252 3103 1291 20
3123 1252 3149 1290 à
3170 1252 3220 1291 80
3242 1263 3336 1300 ans,
3370 1255 3499 1302 goûts
3521 1252 3721 1304 simples,
3754 1263 3856 1294 con¬

2831 1311 3028 1351 naissant
3050 1315 3556 1354 commerce,-Situation
3580 1327 3634 1355 en
3657 1319 3852 1366 rapport.

2882 1375 3000 1416 6145.
3023 1378 3270 1417 Charente.
3294 1378 3339 1417 —
3362 1376 3663 1427 Célibataire,
3687 1382 3736 1418 23
3759 1390 3854 1428 ans,

2829 1439 2883 1478 de
2906 1438 3070 1478 famille
3097 1439 3186 1478 très
3206 1438 3464 1490 honorable,
3489 1439 3590 1480 bien
3619 1442 3856 1491 physique¬

2831 1504 2948 1543 ment
2983 1504 3026 1541 et
3064 1500 3190 1552 libre,
3238 1502 3383 1543 désire
3430 1507 3607 1555 prompt
3656 1504 3855 1556 mariage

2828 1575 2932 1604 avec
2954 1563 3086 1613 jeune
3119 1563 3207 1604 fille
3247 1576 3300 1603 ou
3344 1575 3482 1604 veuve
3520 1570 3650 1614 ayant
3680 1566 3767 1606 dot.
3798 1568 3855 1607 Se

2826 1626 3096 1676 déplacerait
3118 1638 3171 1666 au
3202 1626 3374 1666 besoin.

2876 1688 2996 1728 6146.
3012 1690 3158 1729 Lot.—
3168 1688 3298 1738 Veuf,
3314 1690 3426 1738 seul,
3440 1690 3539 1728 titre
3559 1689 3611 1728 de
3628 1692 3784 1740 comte,
3803 1695 3854 1730 66

2826 1762 2921 1800 ans,
2946 1751 3070 1790 santé
3091 1750 3292 1802 parfaite,
3329 1751 3552 1802 propriété
3583 1751 3638 1791 de
3670 1755 3852 1803 rapport

2824 1818 2867 1852 et
2886 1812 3172 1862 d’agrément,
3198 1814 3343 1854 désire
3365 1815 3557 1865 épouser
3592 1815 3851 1855 demoiselle

2824 1887 2879 1915 ou
2901 1875 3030 1915 dame
3051 1887 3207 1925 veuve,
3231 1887 3338 1918 avec
3362 1887 3414 1916 ou
3439 1887 3546 1917 sans
3566 1876 3752 1916 enfants.

2876 1945 2980 1987 6146
3011 1946 3093 1987 bis.
3116 1950 3312 1990 Landes.
3344 1969 3395 1976 —
3420 1947 3647 1988 Monsieur
3678 1948 3850 1988 abonné

2822 2020 2929 2048 sans
2946 2020 3160 2050 annonce.

2876 2084 2994 2126 6147.
3027 2086 3239 2126 Gironde.
3267 2086 3322 2126 —
3363 2086 3507 2127 Jeune
3554 2086 3750 2135 homme,
3798 2088 3848 2126 32

2824 2152 2920 2191 ans,
2968 2143 3166 2196 châtain,
3214 2144 3407 2195 sérieux,
3455 2144 3559 2187 bien
3604 2144 3847 2199 physique¬

2823 2203 2962 2251 ment,
2991 2206 3044 2247 de
3071 2204 3247 2247 famille
3273 2206 3535 2247 honorable.
3566 2205 3844 2247 Mécanicien

2822 2263 2974 2312 établi,
2999 2276 3122 2307 assez
3147 2266 3233 2305 bon
3260 2266 3460 2316 rapport,
3486 2266 3632 2307 désire
3655 2267 3845 2316 épouser

2823 2322 3082 2366 demoiselle
3123 2324 3178 2366 de
3200 2327 3252 2367 24
3278 2324 3302 2366 à
3327 2327 3378 2364 30
3403 2338 3498 2374 ans,
3543 2326 3752 2374 aimable,
3782 2327 3846 2366 in¬

2823 2382 3064 2435 telligente,
3092 2383 3348 2426 couturière
3372 2384 3428 2426 de
3451 2384 3714 2435 préférence
3739 2397 3845 2426 avec

2821 2442 2956 2492 petite
2986 2443 3075 2484 dot.

2872 2520 2990 2561 6153.
3024 2522 3211 2561 Vienne.
3239 2522 3286 2559 —
3324 2520 3555 2560 Monsieur
3586 2522 3706 2570 veuf,
3739 2532 3843 2563 sans

2820 2578 3014 2631 enfants,
3039 2581 3313 2632 catholique,
3340 2581 3534 2622 honnête
3556 2581 3599 2622 et
3618 2583 3674 2622 de
3695 2582 3843 2626 bonne

2819 2638 3007 2691 famille,
3034 2643 3170 2691 ayant
3192 2639 3408 2682 situation
3431 2642 3687 2690 épouserait
3710 2643 3841 2683 dame

2818 2709 2959 2742 veuve
2986 2711 3044 2741 ou
3071 2700 3332 2741 demoiselle
3360 2699 3481 2751 âgée,
3527 2703 3664 2752 ayant
3706 2702 3840 2744 situa¬

2819 2756 2923 2798 tion-
2952 2759 3156 2800 Sérieux.

2868 2839 2927 2878 La
2942 2837 3267 2879 combinaison
3290 2836 3507 2884 mariage
3529 2837 3709 2888 répond
3731 2838 3758 2879 à
3776 2850 3841 2881 nn

2815 2899 2975 2939 besoin
2995 2900 3163 2941 social.

2867 2976 2984 3019 6155.
3018 2980 3410 3020 Haute-Garonne.
3436 3003 3491 3008 —
3517 2980 3607 3022 Fils
3650 2982 3836 3032 unique,

2814 3039 3087 3087 célibataire,
3114 3040 3166 3078 39
3190 3051 3286 3087 ans,
3315 3040 3452 3089 ayant
3476 3040 3702 3092 propriété
3728 3043 3835 3083 mai¬

2814 3108 2892 3139 son
2920 3099 2962 3139 et
2986 3098 3255 3147 économies,
3286 3099 3430 3140 désire
3471 3101 3662 3151 épouser
3702 3101 3837 3152 jeune

2813 3157 2904 3198 fille
2929 3159 2983 3199 de
3006 3162 3057 3199 25
3080 3159 3107 3198 à
3130 3160 3180 3198 38
3204 3170 3300 3207 ans,
3328 3161 3464 3209 ayant
3488 3160 3543 3201 de
3568 3164 3616 3201 15
3640 3162 3666 3200 à
3688 3163 3836 3203 20.000

2812 3216 2866 3256 fr.
2890 3218 2944 3259 de
2966 3218 3055 3259 dot.

2863 3304 2980 3343 6156.
3008 3304 3149 3343 Aude.
3171 3306 3225 3343 —
3250 3303 3550 3352 Propriétaire
3574 3306 3834 3347 viticulteur

2809 3362 2979 3402 certain
3035 3364 3131 3414 âge,
3206 3363 3555 3404 d’honorabilité
3623 3365 3830 3416 parfaite,

2808 3431 2932 3460 cœur
2955 3422 3196 3471 généreux,
3223 3424 3358 3472 jeune
3383 3424 3582 3474 d’esprit,
3608 3426 3663 3466 de
3687 3437 3832 3467 carac¬

2808 3478 2914 3528 tère,
2942 3479 2996 3522 de
3020 3480 3164 3522 forces
3189 3483 3452 3535 physiques,
3480 3484 3616 3534 ayant
3640 3496 3832 3527 revenus

2808 3539 2862 3579 de
2884 3542 2988 3579 3000
3011 3540 3066 3580 fr.
3092 3541 3238 3583 désire
3260 3544 3410 3584 entrer
3432 3556 3487 3584 en
3511 3543 3700 3584 relation
3726 3556 3831 3586 avec

2807 3598 3067 3639 demoiselle
3092 3611 3148 3639 ou
3178 3601 3309 3641 dame
3333 3613 3476 3642 veuve
3503 3605 3639 3653 ayant
3664 3603 3828 3654 capital

2806 3656 3063 3711 disponible
3091 3662 3147 3703 de
3176 3663 3323 3702 15.000
3351 3662 3407 3704 fr.

2856 3746 2975 3785 6157.
2997 3747 3136 3786 Tarn.
3153 3748 3208 3786 —
3226 3747 3484 3797 Négociant,
3504 3751 3556 3788 40
3574 3760 3668 3799 ans,
3691 3750 3828 3791 hono¬

2804 3804 2943 3852 rable,
2979 3804 3171 3854 sérieux,
3207 3807 3328 3854 actif,
3364 3807 3435 3847 bel
3468 3808 3666 3857 homme,
3701 3811 3826 3851 santé

2803 3863 3010 3913 parfaite,
3070 3864 3156 3903 très
3200 3865 3537 3916 sympathique,
3584 3867 3827 3917 possédant

2804 3923 2953 3962 30.000
2988 3924 3063 3972 fr.,
3102 3923 3207 3974 plus
3242 3935 3493 3964 commerce
3528 3927 3742 3976 prospère
3778 3928 3819 3968 et

2802 3982 2975 4029 ancien,
3009 3984 3276 4032 rapportant
3305 3985 3427 4022 5.000
3455 3983 3510 4022 fr.
3543 3983 3647 4032 l’an,
3680 3986 3824 4026 désire

2799 4041 2999 4089 mariage
3038 4040 3142 4081 civil
3167 4052 3272 4082 avec
3312 4042 3572 4084 demoiselle
3611 4055 3667 4083 ou
3692 4043 3824 4084 dame

2798 4100 2935 4147 seule,
2964 4100 3052 4142 très
3079 4100 3180 4139 bien
3207 4101 3250 4140 et
3275 4103 3411 4151 ayant
3434 4103 3523 4142 dot.
3555 4102 3600 4143 Si
3628 4106 3824 4152 possible

2799 4157 3096 4205 musicienne,
3155 4158 3270 4200 mais
3327 4161 3506 4202 surtout
3558 4173 3640 4213 pas
3695 4162 3820 4211 sotte,

2800 4218 2970 4258 femme
3012 4218 3290 4267 d’intérieur,
3336 4222 3510 4260 aimant
3555 4231 3820 4263 commerce.

2800 4276 2847 4316 Si
2876 4276 3004 4327 plait,
3036 4277 3244 4328 qualités,
3278 4290 3377 4320 sera
3406 4291 3486 4332 pas
3516 4279 3738 4331 exigeant.

2851 4363 2968 4400 6158.
3003 4362 3276 4412 Cambodge.
3304 4387 3358 4392 —
3385 4367 3529 4406 Jeune
3559 4366 3742 4406 homme
3770 4368 3821 4406 27

2798 4431 2894 4468 ans,
2927 4420 3087 4471 grand,
3137 4423 3270 4472 brun,
3320 4425 3546 4477 physiqne
3594 4425 3818 4476 agréable,

2798 4479 3131 4523 fonctionnaire
3207 4483 3497 4535 Indo-Chine,
3562 4486 3820 4526 traitement

2795 4542 2919 4579 7.000
2950 4539 3022 4590 fr.,
3055 4542 3246 4584 brillant
3275 4545 3446 4594 avenir,
3479 4544 3724 4586 excellente
3756 4546 3818 4587 fa¬

2796 4597 2935 4647 mille,
2963 4602 3204 4644 recherche
3227 4615 3342 4656 pour
3367 4604 3568 4655 mariage
3591 4606 3727 4655 jeune
3752 4605 3819 4645 fil¬

2795 4658 2835 4699 le
2859 4659 2912 4700 de
2938 4662 2986 4700 18
3008 4662 3034 4701 à
3055 4664 3107 4702 24
3131 4674 3226 4712 ans,
3252 4665 3403 4706 bonne
3426 4664 3680 4714 éducation,
3708 4665 3816 4705 fem¬

2794 4731 2866 4760 me
2887 4719 3152 4762 d’intérieur
3175 4726 3312 4775 ayant
3334 4724 3529 4775 qualités
3550 4724 3605 4767 de
3627 4736 3752 4766 cœur
3775 4732 3819 4766 et

2794 4779 2991 4830 d'esprit.
3024 4782 3110 4822 Dot
3139 4783 3388 4824 nécessaire
3419 4795 3534 4834 pour
3563 4784 3731 4824 asseoir
3760 4784 3815 4825 si¬

2792 4838 2964 4879 tuation
2988 4841 3104 4882 dans
3123 4843 3314 4884 finance.
3340 4843 3551 4884 Timbrer
3573 4844 3598 4883 à
3619 4846 3644 4883 0
3666 4843 3720 4883 fr.
3747 4846 3811 4884 25.

2848 4926 2945 4967 Lire
2975 4937 3028 4967 en
3059 4930 3084 4967 4
3086 4934 3099 4950 e
3128 4939 3240 4979 page
3274 4931 3311 4970 le
3341 4930 3542 4970 courrier
3571 4931 3808 4980 grapholo¬

2791 4987 2940 5035 gique.

2840 5080 2958 5120 6159.
2986 5081 3177 5123 Vendée.
3198 5084 3252 5123 —
3271 5084 3414 5124 Jeune
3437 5084 3619 5123 homme
3640 5086 3691 5123 30
3712 5095 3808 5131 ans,

2787 5139 2994 5182 moralité
3047 5143 3254 5192 parfaite,
3312 5144 3402 5185 très
3444 5144 3637 5194 sérieux,
3684 5144 3808 5184 avoir

2788 5200 2931 5238 10.000
2964 5200 3036 5250 fr.,
3069 5202 3327 5252 épouserait
3354 5204 3490 5255 jeune
3520 5204 3613 5244 fille
3643 5203 3808 5244 sérieu¬

2784 5268 2844 5306 se,
2868 5258 3083 5303 situation
3106 5275 3159 5303 en
3184 5265 3383 5315 rapport,
3407 5264 3632 5316 physique
3656 5263 3806 5314 agréa¬

2783 5316 2868 5359 ble.

2828 5403 2944 5445 6161.
2992 5406 3203 5448 Gironde.
3246 5407 3300 5446 —
3340 5407 3471 5455 Veuf,
3515 5410 3566 5451 50
3591 5419 3687 5456 ans,
3715 5419 3804 5448 em¬

2779 5463 2911 5514 ployé
2937 5464 2991 5506 de
3019 5466 3151 5507 l’Etat
3176 5470 3290 5508 dans
3315 5468 3489 5519 grande
3515 5468 3636 5519 ville,
3667 5470 3803 5519 ayant

2778 5522 2899 5563 droit
2922 5524 2947 5563 à
2975 5527 3156 5568 retraite
3182 5531 3236 5571 de
3278 5531 3401 5569 2.400
3427 5528 3501 5577 fr.,
3546 5528 3802 5580 épouserait

2778 5594 3015 5636 personne,
3039 5587 3119 5639 âge
3142 5588 3183 5628 et
3203 5587 3418 5630 situation
3440 5601 3494 5630 en
3518 5589 3718 5641 rapport.

2827 5671 2946 5711 6163.
2994 5672 3216 5722 Aveyron.
3244 5698 3298 5702 —
3323 5675 3455 5723 Veuf,
3499 5675 3552 5714 40
3594 5686 3691 5722 ans,
3735 5674 3799 5714 sé¬

2775 5729 2918 5778 rieux,
2947 5733 2971 5770 2
3014 5732 3193 5775 enfants
3238 5736 3282 5774 U
3312 5735 3354 5775 et
3379 5737 3404 5775 5
3445 5747 3540 5775 ans.
3572 5732 3795 5775 Situation

2774 5791 2892 5831 1.200
2916 5790 2971 5830 fr.
2998 5803 3079 5841 par
3103 5804 3159 5832 an
3184 5794 3224 5835 et
3248 5794 3346 5843 logé
3370 5796 3395 5834 à
3416 5796 3501 5835 vie.
3528 5792 3794 5835 Economies

2771 5851 2892 5890 4.000
2918 5849 2972 5890 fr.
3000 5851 3170 5902 Depuis
3192 5855 3244 5894 20
3268 5865 3351 5896 ans
3374 5854 3488 5898 dans
3512 5855 3660 5896 même
3712 5852 3794 5892 im¬

2771 5908 2998 5960 primerie.
3028 5911 3295 5960 Epouserait
3321 5913 3583 5955 demoiselle
3607 5924 3664 5954 ou
3692 5923 3794 5952 veu¬

2770 5979 2822 6009 ve
2844 5967 2902 6010 de
2920 5970 2972 6008 30
2992 5971 3018 6010 à
3039 5972 3090 6010 40
3112 5983 3207 6022 ans,
3232 5986 3338 6014 sans
3359 5974 3555 6022 enfants,
3580 5971 3790 6019 honnête,

2770 6027 2980 6079 dévouée,
3007 6031 3048 6070 et
3071 6032 3272 6080 pouvant
3295 6045 3342 6074 se
3364 6032 3589 6083 déplacer.

2822 6117 2936 6155 6164-
2963 6118 3300 6167 Hautes-Alpes.
3320 6118 3644 6158 —Lieutenant
3663 6115 3788 6155 chas¬

2768 6186 2895 6215 seurs
2924 6175 3086 6227 alpins,
3116 6179 3167 6217 35
3194 6190 3295 6228 ans*
3323 6188 3427 6218 sans
3456 6175 3652 6223 fortune,
3682 6185 3787 6213 sans

2769 6232 2996 6284 relations,
3026 6236 3264 6277 éducation
3291 6236 3334 6276 et
3361 6232 3618 6289 réputation
3647 6233 3786 6274 excel¬

2766 6292 2922 6339 lentes,
2956 6294 3191 6336 désirerait
3223 6293 3426 6344 mariage
3483 6304 3590 6334 avec
3648 6292 3784 6343 jeune

2764 6351 2856 6392 fille
2880 6363 2935 6392 ou
2962 6364 3118 6403 veuve,
3143 6354 3416 6403 catholique,
3444 6352 3592 6392 bonne
3639 6352 3780 6399 santé,

2764 6410 2854 6459 dot,
2886 6410 3099 6454 situation
3128 6415 3170 6456 et
3199 6412 3438 6454 éducation
3467 6423 3520 6451 en
3580 6411 3779 6462 rapport,

2760 6470 2892 6520 goûts
2918 6470 3119 6522 simples,
3149 6474 3326 6514 famille
3351 6471 3613 6512 honorable.
3672 6470 3782 6511 Très

2762 6528 2954 6570 sérieux.

2811 6614 2928 6652 6167.
2970 6614 3355 6656 Lot-et-Garonne.
3359 6616 3412 6655 —
3434 6615 3779 6656 Fonctionnaire

2759 6672 2874 6720 Etat,
2907 6672 3028 6723 veuf,
3062 6676 3112 6714 40
3144 6687 3239 6724 ans,
3274 6677 3377 6716 bien
3410 6687 3515 6716 sous
3546 6675 3646 6716 tous
3676 6685 3775 6725 rap¬

2758 6731 2895 6783 ports,
2924 6730 3182 6775 traitement
3207 6738 3328 6775 2.000
3355 6735 3428 6784 fr.,
3458 6746 3563 6775 avec
3591 6746 3775 6775 avance-

4585 419 4707 450 jagjggg
4707 420 4815 453 mruH
4827 423 4860 443 m
4884 414 4959 458 ■!>..

3942 484 4078 534 ment,
4116 482 4372 537 épouserait
4407 487 4668 536 demoiselle
4702 504 4760 536 ou
4795 505 4952 547 veuve,

3939 554 4044 584 sans
4066 546 4260 596 enfants,
4286 548 4339 587 de
4362 552 4412 588 34
4435 550 4460 590 à
4482 554 4532 590 38
4555 565 4651 603 ans,
4676 558 4814 606 ayant
4862 558 4952 599 dot.

3941 602 4103 643 Inutile
4124 605 4159 644 si
4180 616 4260 655 pas
4280 607 4472 650 sérieux.

3990 690 4108 728 6171.
4158 691 4573 738 Lot-et-Garonne.
4622 722 4674 728 —
4723 701 4955 744 Monsieur

3938 748 4127 797 abonné,
4152 760 4258 790 sans
4279 763 4495 795 annonce.

3989 834 4107 872 6172.
4159 835 4547 880 Haute-Garonne.
4568 864 4623 871 —
4668 843 4952 896 Célibataire,

3935 893 3986 930 60
4004 903 4099 939 ans,
4122 892 4311 934 d’allure
4331 896 4434 946 plus
4452 898 4602 949 jeune,
4624 903 4735 952 seul,
4758 906 4950 955 sérieux,

3938 949 4023 990 bon
4040 952 4278 1002 caractère,
4296 956 4432 1005 ayant
4444 958 4700 1002 économies
4715 965 4862 1004 10.000
4876 964 4950 1015 fr.,

3937 1010 4083 1050 rentes
4116 1012 4232 1052 1.000
4261 1012 4317 1054 fr.
4350 1015 4454 1066 l’an,
4488 1018 4634 1063 désire
4664 1024 4874 1074 partager
4904 1036 4954 1066 sa

3934 1068 4128 1110 solitude
4150 1082 4256 1112 avec
4275 1072 4538 1118 demoiselle
4559 1091 4616 1119 ou
4638 1080 4773 1123 dame
4792 1095 4950 1134 veuve,

3936 1127 4196 1179 honorable,
4226 1142 4331 1172 avec
4355 1145 4412 1174 ou
4439 1147 4543 1176 sans
4570 1139 4763 1191 enfants,
4792 1143 4954 1194 petites

3935 1188 4095 1228 rentes.
4119 1188 4175 1231 Se
4196 1190 4483 1240 déplacerait.

3982 1274 4099 1312 6174.
4131 1275 4272 1314 Aude.
4299 1299 4353 1304 —
4384 1279 4615 1324 Monsieur
4642 1284 4818 1327 abonné
4846 1299 4950 1330 sans

3927 1341 4146 1372 annonce.

3980 1419 4096 1456 6175.
4126 1418 4250 1459 Gers.
4273 1423 4326 1459 —
4352 1424 4479 1472 Veuf,
4504 1427 4555 1466 42
4576 1439 4672 1474 ans,
4724 1432 4948 1483 régisseur

3928 1474 4088 1527 depuis
4112 1479 4159 1517 10
4181 1491 4262 1520 ans
4283 1480 4396 1523 dans
4419 1484 4567 1527 même
4588 1490 4829 1540 propriété,
4880 1504 4949 1533 ca¬

3928 1538 4095 1578 ractère
4118 1538 4239 1579 doux
4262 1542 4302 1580 et
4323 1543 4411 1592 gai,
4436 1544 4691 1594 épouserait
4712 1550 4948 1593 demoisel¬

3928 1594 3966 1635 le
3992 1607 4049 1636 ou
4074 1608 4230 1648 veuve,
4259 1604 4396 1651 ayant
4448 1604 4536 1644 bon
4563 1616 4702 1656 cœur,
4758 1622 4863 1651 avec
4890 1623 4947 1652 ou

3926 1665 4030 1696 sans
4050 1658 4140 1707 dot,
4164 1660 4247 1710 âge
4267 1659 4542 1706 indifférent.

3976 1738 4095 1776 6178.
4123 1738 4364 1782 Toulouse.
4389 1766 4442 1771 —
4468 1746 4700 1790 Monsieur
4751 1750 4943 1802 abonné,

3923 1805 4027 1837 sans
4047 1808 4288 1839 annonces.

3975 1883 4092 1922 6179.
4152 1885 4538 1931 Lot-et-Garonne.
4566 1915 4616 1922 —
4644 1895 4788 1938 Jeune
4818 1898 4943 1939 hom¬

3923 1943 4008 1988 me,
4035 1943 4087 1980 32
4111 1952 4206 1991 ans,
4235 1944 4388 1995 blond,
4416 1948 4504 1990 très
4546 1951 4648 1992 bien
4700 1956 4942 2008 physique¬

3922 2000 4060 2048 ment,
4115 2002 4416 2048 honorabilité
4463 2011 4673 2062 parfaite,
4729 2015 4944 2066 indépen¬

3922 2059 4043 2108 dant,
4075 2061 4199 2102 avoir
4226 2066 4375 2105 80.000
4402 2066 4474 2115 fr.,
4504 2072 4662 2112 autant
4688 2073 4943 2126 d’espéran¬

3920 2130 4004 2168 ces,
4035 2120 4290 2171 épouserait
4315 2124 4576 2170 demoiselle
4602 2133 4859 2185 catholique
4888 2135 4942 2176 de

3920 2180 3971 2220 20
3991 2180 4016 2220 à
4038 2182 4090 2220 30
4112 2192 4208 2229 ans,
4260 2183 4485 2236 physique
4535 2191 4759 2241 agréable,
4811 2195 4942 2237 affec¬

3920 2238 4090 2286 tueuse,
4116 2239 4193 2280 dot
4215 2242 4462 2286 minimum
4484 2247 4633 2288 25.000
4656 2250 4711 2290 fr.

3974 2330 4115 2370 Toute
4140 2330 4265 2372 lettre
4291 2332 4455 2375 devant
4478 2336 4568 2376 être
4592 2340 4832 2383 transmise
4859 2354 4940 2392 par

3921 2391 3983 2429 les
4000 2391 4123 2430 soins
4142 2391 4195 2432 de
4216 2392 4257 2431 ia
4279 2394 4503 2434 Direction
4523 2399 4564 2435 et
4584 2408 4639 2438 ne
4658 2404 4839 2447 portant
4858 2414 4939 2451 pas

3920 2450 3958 2489 le
3982 2460 4087 2490 nom
4114 2451 4166 2490 de
4192 2451 4485 2500 l’expéditeur
4507 2465 4607 2496 sera
4631 2457 4837 2500 détruite.

3970 2535 4087 2575 6180.
4112 2535 4292 2576 Creuse.
4311 2559 4366 2566 —
4383 2538 4616 2582 Monsieur
4638 2543 4812 2587 abonné
4834 2558 4940 2592 sans

3915 2604 4135 2636 annonce.

3968 2674 4086 2712 6181.
4119 2675 4371 2724 Dordogne.
4398 2699 4452 2704 —
4482 2677 4720 2724 Industriel
4776 2683 4938 2726 céliba¬

3916 2731 4026 2772 taire
4043 2735 4095 2772 36
4115 2744 4211 2783 ans,
4232 2735 4488 2784 paraissant
4508 2739 4670 2790 moins,
4692 2740 4782 2784 très
4800 2744 4939 2786 hono¬

3914 2791 4053 2841 rable,
4086 2792 4190 2832 bien
4221 2806 4326 2834 sous
4381 2796 4483 2836 tous
4538 2801 4761 2852 rapports,
4810 2803 4937 2846 avoir

3916 2852 4087 2891 100.000
4114 2852 4264 2896 francs
4291 2855 4334 2895 et
4358 2862 4636 2910 espérances,
4664 2871 4834 2904 revenu
4860 2876 4935 2904 an¬

3914 2911 4018 2951 nuel
4051 2914 4196 2951 10.000
4254 2914 4294 2952 fr
4319 2948 4327 2963 ,
4360 2916 4616 2967 épouserait
4674 2921 4935 2964 demoiselle

3915 2969 4083 3012 femme
4112 2971 4391 3027 d’intérieur,
4425 2976 4649 3031 instruite,
4682 2983 4843 3023 nature
4874 2982 4936 3023 ai¬

3911 3032 4078 3079 mante,
4112 3031 4291 3074 fortune
4350 3036 4474 3087 égale
4504 3050 4562 3080 ou
4594 3039 4839 3083 inférieure
4896 3045 4931 3082 si

3911 3100 4133 3140 personne
4155 3092 4282 3143 plaît.

3962 3178 4079 3218 6182.
4112 3178 4353 3222 Toulouse,
4382 3182 4437 3222 —
4492 3182 4822 3235 Commerçant,
4886 3191 4936 3228 33

3910 3247 4004 3287 ans,
4036 3238 4170 3288 brun,
4200 3241 4291 3282 très
4318 3243 4530 3295 aimable,
4560 3244 4650 3287 fort
4676 3246 4764 3298 gai,
4795 3250 4930 3298 ayant

3908 3297 4123 3338 situation
4144 3299 4197 3340 de
4219 3303 4267 3340 12
4287 3302 4312 3341 à
4334 3304 4479 3343 15.000
4499 3304 4651 3346 francs
4671 3317 4752 3356 par
4773 3318 4844 3355 an,
4868 3318 4931 3347 es¬

3906 3357 4123 3406 pérances
4143 3362 4292 3400 50.000
4315 3362 4389 3413 fr.,
4414 3363 4560 3407 désire
4581 3366 4772 3416 épouser
4792 3366 4931 3416 jeune

3906 3415 4012 3465 fille,
4046 3428 4187 3459 veuve
4216 3431 4274 3459 ou
4304 3423 4555 3472 orpheline,
4615 3427 4751 3474 ayant
4780 3426 4930 3464 30.000

3907 3474 3960 3514 fr.
3984 3476 4062 3516 dot
4080 3477 4340 3518 minimum.
4366 3480 4475 3522 Très
4495 3482 4688 3523 sérieux.

3957 3563 4074 3601 6183.
4109 3563 4321 3603 Gironde.
4350 3589 4404 3594 —
4434 3567 4715 3618 Célibataire,
4747 3571 4799 3611 40
4827 3582 4923 3619 ans,

3904 3617 3976 3660 fils
3997 3619 4183 3672 unique,
4207 3619 4399 3675 sérieux,
4423 3623 4558 3676 brun,
4583 3626 4790 3681 employé
4812 3627 4926 3672 dans

3903 3679 4139 3731 industrie,
4163 3683 4335 3734 grande
4356 3684 4476 3736 ville,
4502 3686 4803 3730 honorabilité
4825 3702 4926 3742 par¬

3902 3739 4023 3790 faite,
4052 3740 4308 3784 économies
4331 3746 4454 3786 3.000
4480 3745 4552 3796 fr.,
4582 3748 4847 3800 espérances
4876 3750 4924 3790 18

3902 3799 3926 3838 à
3950 3802 4099 3840 20.000
4124 3802 4198 3852 fr.,
4226 3804 4481 3855 épouserait
4507 3818 4731 3858 personne
4756 3810 4923 3851 honnê¬

3900 3857 3955 3905 te,
3983 3870 4064 3908 pas
4090 3859 4435 3906 fonctionnaire.

3951 3944 4069 3984 6185.
4102 3947 4531 3992 Tarn-et-Garonne.
4561 3955 4617 3992 —
4644 3955 4773 4004 Veuf,
4805 3955 4918 4004 seul,

3898 4003 3948 4040 56
3974 4013 4068 4051 ans,
4098 4005 4186 4046 très
4210 4007 4388 4049 sérieux
4414 4012 4456 4051 et
4480 4012 4707 4063 économe,
4736 4016 4823 4056 bon
4851 4027 4920 4056 ca¬

3900 4061 4082 4111 ractère,
4110 4064 4294 4107 homme
4319 4068 4598 4122 d’intérieur,
4627 4083 4921 4115 ex-commer¬

3899 4124 4015 4170 çant,
4047 4122 4350 4167 continuerait
4379 4139 4645 4181 commerce,
4677 4133 4800 4175 étant
4829 4135 4919 4175 très

3897 4179 3998 4218 actif
4010 4184 4051 4219 et
4063 4188 4192 4230 ayant
4208 4184 4351 4225 bonne
4366 4190 4505 4239 santé,
4523 4192 4708 4240 possède
4734 4196 4850 4233 i.uuO
4866 4195 4919 4235 fr.

3896 4230 3950 4271 de
4004 4236 4146 4284 rente,
4196 4239 4239 4275 et
4293 4239 4502 4280 intérieur
4556 4248 4644 4283 1res
4699 4248 4923 4287 conforta¬

3897 4292 3982 4335 ble.
4011 4296 4276 4346 Epouserait
4298 4300 4430 4344 dame
4452 4316 4510 4346 ou
4534 4307 4810 4359 demoiselle,
4835 4311 4916 4361 âge

3895 4352 3937 4392 et
3957 4354 4171 4396 situation
4191 4368 4244 4398 en
4267 4364 4466 4411 rapport.
4491 4365 4602 4406 Peut
4623 4378 4667 4407 se
4687 4367 4912 4419 déplacer.

3950 4440 4067 4479 6190.
4107 4442 4530 4491 Alpes-Maritimes.
4564 4475 4620 4480 —
4654 4454 4770 4495 Veuf
4804 4455 4916 4504 seul,

3896 4493 3946 4530 47
3971 4495 4224 4541 ans,retour
4248 4498 4327 4538 des
4351 4500 4561 4552 colonies,
4590 4518 4698 4546 sans
4720 4508 4915 4559 enfants,

3895 4555 4088 4587 revenus
4110 4550 4303 4590 annuels
4324 4554 4471 4594 18.000
4491 4555 4562 4605 fr.,
4587 4559 4732 4602 désire
4755 4563 4918 4603 maria¬

3894 4607 3946 4647 ge
3975 4611 4080 4640 avec
4123 4601 4386 4646 demoiselle
4438 4619 4495 4647 ou
4524 4622 4679 4659 veuve,
4711 4625 4816 4658 sans
4844 4628 4916 4657 en¬

3895 4651 4029 4701 fants,
4055 4654 4108 4694 de
4131 4655 4182 4694 30
4203 4655 4228 4694 à
4250 4658 4300 4695 35
4323 4668 4418 4706 ans,
4444 4659 4612 4706 femme
4635 4666 4913 4719 d’intérieur,

3891 4706 4023 4755 goûts
4048 4706 4250 4759 simples,
4278 4712 4416 4761 ayant
4440 4714 4495 4756 de
4519 4717 4545 4756 4
4568 4716 4595 4758 à
4618 4720 4741 4762 5.000
4766 4722 4821 4764 fr.
4850 4735 4916 4764 re¬

3891 4770 4035 4800 venus
4059 4762 4338 4810 personnels.

3943 4839 4061 4878 6191.
4092 4840 4230 4879 Tarn.
4256 4842 4311 4882 —
4336 4843 4479 4883 Jeune
4508 4846 4705 4898 homme,
4735 4854 4787 4892 24
4815 4866 4911 4905 ans,

3891 4891 4038 4932 bonne
4084 4892 4272 4942 famille,
4321 4895 4588 4948 intelligent,
4622 4903 4813 4956 sérieux,
4844 4920 4914 4948 ca¬

3890 4944 4106 4995 tholique,
4138 4947 4363 4998 physique
4392 4952 4616 5003 agréable,
4663 4958 4811 5000 bonne
4856 4962 4912 5002 si¬

3888 4998 4060 5040 tuation
4095 5000 4264 5047 avenir,
4299 5002 4523 5047 demande
4555 5010 4770 5062 mariage,
4804 5026 4910 5059 avec

3886 5051 4022 5100 jeune
4056 5052 4150 5096 fille
4183 5054 4454 5107 catholique,
4519 5059 4606 5103 bon
4668 5067 4908 5118 caractère,

3887 5106 4035 5148 bonne
4055 5106 4309 5156 éducation,
4335 5108 4627 5164 intelligente,
4651 5119 4783 5167 goûts
4803 5120 4909 5162 sim¬

3885 5158 3995 5210 ples,
4026 5159 4214 5202 voulant
4242 5161 4364 5203 créer
4394 5163 4518 5214 foyer
4546 5170 4774 5214 vraiment
4801 5175 4909 5215 heu¬

3885 5224 4010 5254 reux.
4039 5215 4262 5264 Moyenne
4288 5215 4502 5258 situation
4528 5221 4583 5262 de
4608 5222 4803 5267 fortune.

3936 5295 4054 5335 6192.
4083 5295 4296 5336 Gironde.
4319 5319 4374 5325 —
4395 5298 4512 5339 Veuf
4534 5310 4640 5340 avec
4662 5312 4828 5354 garçon
4853 5308 4910 5348 do

3881 5346 3986 5398 cinq
4006 5359 4100 5395 ans,
4122 5350 4173 5388 32
4192 5360 4287 5398 ans,
4310 5350 4414 5391 bien
4435 5363 4539 5392 sous
4559 5353 4658 5394 tous
4678 5360 4902 5407 rapports.

3882 5400 4112 5441 Excellent
4146 5412 4396 5443 commerce
4447 5403 4561 5444 dans
4594 5406 4730 5455 petite
4779 5411 4900 5461 ville,

3880 5454 3987 5495 d’un
4011 5466 4179 5496 revenu
4202 5455 4368 5495 annuel
4391 5455 4447 5496 de
4466 5458 4490 5495 3
4511 5456 4536 5497 à
4558 5460 4678 5500 4.000
4700 5462 4772 5511 fr.,
4796 5476 4904 5507 vou¬

3879 5507 3999 5547 drait
4023 5508 4214 5559 épouser
4239 5509 4501 5550 demoiselle
4526 5523 4583 5552 ou
4610 5524 4766 5564 veuve,
4795 5530 4902 5560 sans

3878 5560 4072 5610 enfants,
4116 5562 4254 5612 ayant
4294 5562 4347 5603 de
4371 5565 4396 5603 5
4420 5563 4446 5602 à
4473 5566 4618 5606 10.000
4643 5567 4698 5609 fr.
4726 5571 4767 5612 et
4792 5584 4902 5623 pou¬

3878 5616 3985 5655 vant
4013 5615 4054 5654 le
4083 5616 4296 5656 seconder
4326 5616 4440 5656 dans
4468 5616 4512 5656 la
4540 5622 4682 5660 vente.

3929 5694 4046 5734 6193.
4086 5694 4511 5743 Hautes-Pyrénées.
4543 5699 4598 5739 —
4631 5699 4900 5745 Célibataire

3875 5747 3986 5795 seul,
4034 5748 4084 5786 47
4141 5759 4237 5795 ans,
4296 5747 4383 5787 bon
4441 5751 4712 5804 catohlique,
4771 5759 4899 5799 avoir

3872 5802 4021 5840 70.000
4046 5800 4119 5847 fr.,
4147 5801 4404 5850 épouserait
4427 5803 4687 5848 demoiselle
4711 5820 4767 5850 ou
4792 5823 4898 5852 veu¬

3874 5863 3940 5901 ve,
3966 5864 4071 5894 sans
4091 5853 4287 5902 enfants,
4312 5854 4368 5896 de
4388 5856 4439 5895 32
4460 5855 4485 5895 à
4522 5860 4572 5899 45
4622 5872 4718 5913 ans,
4760 5867 4896 5915 ayant

3870 5906 3943 5945 dot
3961 5907 4110 5946 ^0.000
4131 5908 4179 5947 fr.
4203 5907 4451 5947 minimum.
4475 5908 4655 5951 Sérieux
4679 5940 4683 5948 .

3924 6006 3979 6047 Le
4003 6006 4129 6046 Trait
4154 6007 4346 6048 d’Union
4372 6010 4478 6056 peut
4502 6008 4592 6051 être
4616 6014 4755 6064 copié,
4784 6018 4812 6055 il
4840 6027 4894 6056 ne

3868 6067 4012 6106 craint
4039 6076 4119 6115 pas
4146 6068 4208 6106 les
4235 6067 4504 6108 imitateurs.

3919 6162 4036 6200 6195.
4070 6162 4262 6201 Flandre
4290 6162 4431 6212 belge.
4458 6166 4512 6206 —
4536 6167 4679 6208 Jeune
4707 6171 4888 6211 homme

3864 6221 3915 6258 32
3971 6230 4068 6268 ans,
4127 6219 4299 6271 grande
4358 6222 4546 6274 famille,
4606 6229 4886 6279 espérances,

3863 6281 4038 6319 400.000
4063 6279 4230 6328 francs,
4260 6280 4406 6323 désire
4430 6288 4755 6338 correspondre
4781 6302 4887 6331 avec

3863 6350 4084 6388 personne
4119 6339 4376 6391 catholique
4410 6344 4714 6396 pratiquante,
4750 6351 4886 6402 ayant

3862 6400 3884 6438 8
3914 6398 3938 6439 à
3968 6401 4113 6439 10.000
4142 6400 4293 6442 francs
4320 6402 4376 6444 de
4430 6405 4576 6447 rentes
4632 6411 4881 6460 annuelles,

3859 6460 3991 6509 goûts
4015 6459 4215 6511 simples.

3911 6556 4027 6596 6196.
4060 6556 4484 6608 Hautes-Pyrénées.
4510 6584 4564 6591 —
4587 6564 4731 6606 Jeune
4758 6567 4883 6607 hom¬

3857 6616 3942 6664 me,
3968 6616 4019 6654 27
4042 6627 4136 6667 ans,
4162 6616 4327 6668 capital
4350 6620 4498 6660 25.000
4538 6622 4704 6673 francs,
4746 6627 4881 6667 situa¬

3854 6674 3946 6715 tion
3967 6676 4114 6716 20-000
4137 6676 4287 6718 francs
4308 6689 4390 6731 par
4414 6690 4485 6729 an,
4510 6680 4655 6723 désire
4678 6686 4878 6736 mariage

3854 6745 3959 6776 avec
3982 6732 4118 6787 jeune
4140 6736 4232 6779 fille
4256 6738 4310 6779 de
4332 6741 4383 6780 20
4406 6739 4430 6780 à
4452 6742 4503 6780 25
4527 6754 4622 6783 ans.
