5204 7176
2412 343 2484 380 LE
2518 343 2694 383 TRAIT
2728 346 2975 388 D'UNION

508 456 534 484 a
539 456 607 496 ns,
620 446 770 486 65.000
780 446 830 485 kr.
848 448 1208 495 complaiit,avec
1219 442 1539 495 jeunehomme

511 508 566 547 de
588 512 636 547 25
656 511 679 547 à
699 511 748 547 28
771 511 1010 558 ans,ayant
1027 506 1172 546 bonne
1194 506 1404 546 situation
1427 503 1539 543 dans

508 571 548 611 le
585 570 854 620 professorat
875 579 931 608 ou
954 568 1066 608 dans
1084 567 1276 608 l’armée.

563 626 625 666 La
642 623 967 666 combinaison
996 623 1210 670 mariage
1226 620 1407 671 répond
1419 618 1448 659 à
1470 628 1532 660 nu

509 679 673 719 besoin
695 677 860 719 social.

559 740 680 780 6152.
707 739 920 779 Gironde.
941 739 997 778 —
1018 736 1171 778 Veuve
1191 736 1247 778 de
1267 734 1531 786 diplomate,

507 801 558 839 43
583 811 680 848 ans,
723 798 862 849 seule,
891 798 1006 839 belle
1034 797 1216 846 femme,
1261 793 1531 843 distinguée,

507 860 647 911 ayant
677 858 843 910 capital
876 858 931 899 de
963 859 1139 898 350.000
1172 856 1243 904 fr-,
1278 852 1535 906 épouserait

508 919 743 959 Monsieur
766 917 1035 968 intelligent,
1062 918 1164 958 bien
1187 915 1324 963 élevé,
1351 913 1488 963 ayant
1510 913 1535 952 à

508 990 595 1030 peu
624 978 729 1030 près
755 978 904 1018 même
931 975 1162 1018 situation.

562 1046 680 1086 6160.
714 1046 914 1086 Somme.
942 1046 998 1083 —
1023 1046 1167 1083 Jeune
1211 1040 1324 1090 fille,
1372 1040 1532 1087 brune,

510 1104 779 1158 distinguée,
811 1106 862 1143 27
892 1115 988 1152 ans,
1020 1102 1315 1154 intelligente,
1348 1099 1436 1140 bon
1468 1110 1536 1139 ca¬

511 1166 695 1214 ractère,
716 1164 1006 1211 affectueuse,
1027 1161 1284 1213 épouserait
1303 1158 1536 1200 Monsieur

510 1226 615 1274 bon,
644 1224 779 1275 loyal,
808 1222 1120 1271 désintéressé,
1148 1222 1230 1271 âge
1256 1217 1532 1260 indifférent.

512 1283 716 1326 Sérieux.

565 1354 683 1394 6165.
707 1352 1007 1392 Toulouse.—
1024 1352 1168 1390 Jeune
1187 1348 1343 1395 veuve,
1363 1348 1415 1387 27
1434 1357 1530 1394 ans,

514 1414 631 1454 belle
660 1412 843 1459 femme,
876 1411 1035 1459 brune,
1066 1410 1158 1450 très
1184 1406 1371 1455 adroite,
1402 1407 1534 1456 goûts

514 1471 715 1522 simples,
743 1469 879 1520 ayant
902 1469 978 1510 dot
1003 1470 1148 1508 10.000
1173 1467 1339 1514 francs,
1394 1463 1534 1504 mobi¬

514 1531 611 1579 lier,
638 1530 784 1571 désire
807 1530 998 1579 épouser
1023 1526 1255 1567 monsieur
1306 1523 1426 1571 bien,
1480 1523 1535 1563 de

512 1590 564 1630 30
584 1590 611 1628 à
631 1591 683 1628 40
704 1599 800 1635 ans,
826 1588 962 1638 ayant
983 1585 1198 1627 situation
1223 1586 1340 1624 sûre.

560 1650 620 1690 Le
648 1646 784 1688 Trait
812 1646 1012 1687 d’Union
1042 1646 1115 1686 est
1143 1654 1210 1684 un
1236 1640 1442 1692 journal
1470 1640 1540 1683 sé¬

508 1715 653 1755 rieux
680 1714 730 1752 et
756 1711 879 1751 utile
906 1710 935 1751 à
964 1713 1086 1751 tous.

567 1768 686 1808 6168.
731 1763 1119 1805 Lot-et-Garonne.
1141 1783 1198 1808 :—
1250 1758 1533 1807 Demoiselle,

514 1830 566 1867 33
595 1836 691 1873 ans,
749 1823 1000 1875 orpheline,
1032 1820 1256 1872 physique
1312 1816 1534 1868 agréable,

514 1885 739 1927 caractère
763 1884 852 1923 très
875 1881 963 1932 gai,
991 1880 1129 1932 ayant
1150 1887 1404 1919 commerce
1427 1875 1536 1916 don¬

517 1946 627 1984 nant
651 1943 758 1995 jolis
783 1941 1020 1990 bénéfices,
1051 1940 1196 1980 désire
1223 1936 1424 1987 mariage
1479 1935 1536 1975 ci¬

515 2003 592 2051 vil,
622 2012 727 2043 avec
779 2000 1011 2042 monsieur
1038 1998 1231 2046 sérieux,
1282 1996 1339 2035 de
1362 1995 1412 2034 30
1436 1994 1463 2033 à
1486 1995 1538 2032 35

516 2074 612 2110 ans,
635 2060 958 2110 commerçant,
982 2067 1224 2108 voyageur,
1251 2053 1458 2104 employé
1479 2064 1536 2092 ou

518 2119 863 2162 fonctionnaire.
887 2118 950 2159 Ne
972 2118 1080 2169 peut
1100 2128 1146 2158 se
1167 2114 1391 2165 déplacer.

568 2192 687 2232 6169.
712 2191 848 2231 Gard.
867 2214 920 2219 —
943 2191 1082 2229 Dame
1102 2187 1240 2235 seule,
1263 2196 1367 2227 sans
1388 2183 1538 2223 famil¬

516 2254 572 2303 le,
594 2254 644 2292 45
663 2262 759 2299 ans,
782 2248 918 2301 petite
938 2248 1143 2300 pension,
1166 2244 1391 2296 physique
1410 2243 1452 2284 et
1470 2254 1538 2283 ca¬

518 2312 711 2352 ractères
732 2311 907 2360 jeunes,
932 2307 1144 2354 sérieuse,
1171 2303 1416 2344 excellente
1438 2312 1538 2343 san¬

519 2372 572 2418 té,
600 2370 703 2410 bien
728 2368 891 2415 élevée,
919 2366 1207 2412 affectueuse,
1235 2363 1404 2402 femme
1427 2361 1539 2401 d’in¬

518 2427 699 2475 térieur,
731 2427 906 2467 aimant
931 2426 1003 2467 vie
1030 2423 1176 2464 calme
1203 2422 1247 2462 et
1271 2419 1535 2470 tranquille,

518 2487 758 2528 recherche
786 2484 1010 2532 affection,
1040 2480 1195 2522 amitié
1248 2479 1444 2520 sérieuse
1496 2476 1538 2517 et

516 2547 658 2587 union
714 2543 919 2592 durable,
950 2553 1058 2584 avec
1084 2539 1316 2582 monsieur
1346 2538 1452 2587 aisé,
1483 2538 1538 2576 de

516 2608 567 2647 50
590 2607 616 2646 à
638 2607 690 2645 70
714 2616 795 2646 ans
820 2603 986 2654 (même
1008 2599 1264 2651 souffrant),
1291 2598 1408 2638 mais
1432 2596 1535 2637 bien

516 2666 638 2706 élevé
660 2664 702 2703 et
723 2662 918 2702 honnête
940 2663 1138 2700 homme.
1164 2658 1274 2698 Irait
1296 2656 1538 2706 n’importe

518 2724 588 2764 où.
618 2723 729 2763 Très
755 2720 948 2762 sérieux.

568 2790 687 2831 6170.
718 2785 1139 2828 Seine-Inférieure.
1166 2784 1220 2822 —
1264 2781 1536 2822 Institutrice

516 2849 632 2898 Etat,
660 2850 712 2888 25
739 2858 835 2895 ans,
867 2847 1015 2887 bonne
1041 2843 1183 2893 santé,
1212 2843 1303 2883 très
1328 2840 1443 2892 gaie,
1474 2840 1538 2880 fa¬

516 2908 643 2948 mille
672 2906 936 2955 honorable,
968 2904 1248 2956 espérances,
1281 2899 1539 2952 épouserait

516 2967 848 3008 fonctionnaire
865 2964 1038 3017 grande
1057 2963 1164 3004 ville
1184 2962 1312 3003 ouest
1355 2971 1413 3000 ou
1432 2958 1536 3000 sud-

514 3027 655 3067 ouest.

567 3094 686 3134 6173.
716 3094 856 3133 Dame
881 3099 1037 3139 veuve,
1066 3088 1202 3140 ayant
1224 3098 1280 3127 eu
1304 3095 1456 3126 revers
1480 3084 1535 3124 de

515 3152 711 3200 fortune,
732 3154 783 3191 37
803 3162 899 3199 ans,
923 3162 1030 3191 sans
1048 3148 1244 3196 enfants,
1266 3143 1535 3186 excellentes

512 3211 752 3252 éducation
778 3210 822 3251 et
847 3208 1131 3255 instruction,
1159 3208 1263 3258 apte
1314 3204 1339 3244 à
1364 3203 1534 3254 diriger

515 3270 748 3319 intérieur,
772 3268 1010 3311 désirerait
1032 3268 1214 3307 trouver
1235 3263 1403 3315 emploi
1426 3262 1535 3302 cais¬

514 3331 627 3371 sière
651 3341 710 3370 ou
732 3328 932 3379 gérante,
988 3327 1108 3367 hôtel
1134 3336 1191 3366 ou
1216 3323 1326 3364 café-
1382 3322 1536 3361 Entre¬

514 3388 600 3430 rait
626 3400 683 3430 au
710 3387 879 3430 service
906 3387 960 3428 de
985 3384 1219 3427 monsieur
1245 3382 1356 3432 seul,
1387 3380 1535 3421 même

512 3459 620 3488 avec
638 3447 832 3489 enfants.
856 3447 967 3487 Très
984 3446 1178 3487 sérieux.

562 3508 680 3547 6176.
706 3507 949 3547 Toulouse.
970 3528 1025 3534 —
1048 3507 1203 3550 Dame,
1227 3512 1371 3543 veuve
1393 3498 1534 3539 d’offi¬

509 3567 600 3607 cier
630 3565 914 3615 ministériel,
946 3567 998 3605 38
1027 3575 1123 3611 ans,
1155 3562 1294 3610 seule,
1326 3571 1433 3600 sans
1461 3570 1535 3599 en¬

514 3626 647 3674 fants,
686 3626 822 3676 ayant
858 3624 1034 3664 maison
1070 3635 1123 3663 en
1162 3622 1283 3668 ville,
1323 3627 1530 3666 revenus,

509 3685 684 3726 aimant
707 3684 780 3726 vie
803 3683 963 3732 calme,
991 3682 1138 3723 désire
1165 3682 1355 3731 épouser
1408 3690 1534 3718 mon¬

510 3744 631 3784 sieur
652 3744 706 3784 de
729 3745 780 3783 50
802 3743 827 3782 à
848 3744 899 3782 60
920 3753 1018 3790 ans,
1043 3739 1311 3790 intelligent,
1338 3737 1531 3785 sérieux,

510 3803 647 3855 ayant
668 3803 817 3843 bonne
839 3801 1068 3843 situation.

562 3863 680 3902 6177.
712 3861 1103 3901 Haute-Garonne.
1130 3883 1184 3887 —
1212 3860 1367 3904 Dame,
1398 3858 1534 3896 abon¬

510 3922 606 3971 née,
631 3932 736 3962 sans
760 3931 978 3961 annonce.

564 3982 707 4020 Toute
732 3982 860 4019 lettre
883 3980 1048 4019 devant
1071 3978 1163 4018 être
1187 3977 1430 4016 transmise
1455 3984 1536 4024 par

511 4042 574 4080 les
591 4042 716 4080 soins
735 4040 788 4080 de
810 4040 851 4079 la
872 4039 1098 4079 Direction
1119 4040 1160 4078 et
1180 4048 1234 4078 ne
1255 4037 1436 4086 portant
1456 4044 1536 4084 pas

512 4102 550 4143 le
575 4111 681 4140 nom
707 4100 759 4139 de
786 4098 1080 4147 l’expéditeur
1102 4108 1202 4138 sera
1226 4095 1434 4136 détruite.

560 4159 678 4199 6184.
706 4158 948 4199 Toulouse.
970 4158 1023 4194 —
1050 4154 1332 4202 Demoiselle,
1359 4156 1410 4192 30
1432 4164 1527 4202 ans,

506 4218 720 4267 sérieuse,
757 4216 911 4267 douce,
955 4216 1056 4255 bien
1094 4214 1256 4262 élevée,
1296 4211 1538 4252 excellente

508 4279 804 4328 musicienne,
842 4277 1067 4329 physique
1102 4275 1327 4327 agréable,
1364 4275 1532 4314 femme

507 4338 787 4386 d’intérieur,
819 4338 951 4389 goûts
980 4336 1183 4388 simples,
1216 4335 1352 4386 ayant
1382 4345 1436 4374 eu
1467 4344 1531 4374 re¬

507 4410 608 4438 vers
632 4398 688 4439 de
714 4396 910 4445 fortune,
966 4396 1111 4436 désire
1163 4396 1354 4446 épouser
1408 4404 1531 4433 mon¬

507 4456 643 4506 sieur,
675 4455 943 4498 sentiments
974 4454 1211 4506 religieux,
1243 4454 1323 4504 âge
1354 4451 1528 4500 assorti,

506 4516 712 4567 employé
740 4527 799 4555 ou
828 4515 1175 4562 fonctionnaire,
1204 4512 1338 4563 ayant
1395 4512 1531 4552 situa¬

507 4575 600 4616 tion
622 4576 741 4616 sûre.

559 4634 677 4675 6186.
734 4634 947 4674 Gironde.
996 4656 1052 4662 —
1103 4631 1370 4672 Demoiselle
1422 4631 1535 4672 dans

505 4706 555 4735 sa
579 4694 768 4743 famille,
795 4695 848 4733 32
870 4705 966 4742 ans,
994 4693 1131 4744 ayant
1154 4692 1231 4732 dot
1255 4693 1403 4731 10.000
1453 4690 1526 4738 fr.,

504 4752 762 4804 épouserait
779 4753 1014 4795 monsieur
1034 4752 1171 4802 ayant
1188 4750 1403 4792 situation
1424 4749 1530 4791 ville

504 4824 561 4852 ou
582 4823 848 4863 campagne.

556 4872 675 4912 6187.
706 4871 1134 4921 Hautes-Pyrénées.
1185 4892 1238 4898 —
1262 4870 1426 4919 Veuve,
1479 4871 1529 4908 46

504 4944 602 4982 ans,
626 4932 680 4974 de
703 4932 792 4972 très
815 4931 964 4972 bonne
987 4931 1178 4979 famille,
1202 4930 1390 4980 grande,
1443 4928 1530 4969 dis¬

504 4991 700 5043 tinguée,
726 4990 808 5042 joli
859 4990 1100 5042 physique,
1155 4988 1323 5030 femme
1374 4987 1530 5028 d’inté¬

506 5051 642 5099 rieur,
679 5050 768 5091 très
802 5051 1150 5100 commerçante,
1186 5050 1332 5090 désire
1364 5059 1528 5088 corres¬

505 5111 679 5160 pondre
702 5119 808 5150 avec
832 5109 1066 5150 monsieur
1112 5110 1418 5158 commerçant
1472 5118 1526 5147 ou

505 5168 852 5217 fonctionnaire,
882 5169 1076 5217 sérieux,
1106 5167 1316 5215 honnête,
1346 5167 1530 5207 homme

504 5228 559 5268 de
580 5240 720 5268 cœur.

559 5287 678 5328 6188.
710 5285 1127 5336 Basses-Pyrénées.
1154 5310 1209 5314 —
1235 5286 1355 5326 Belle
1396 5284 1532 5331 jeune

506 5343 605 5382 fille
626 5343 675 5380 18
697 5352 794 5390 ans,
819 5340 1043 5388 instruite,
1069 5339 1358 5390 bien*,élevée,
1384 5338 1534 5379 famil¬

506 5394 548 5436 le
575 5393 839 5443 honorable,
870 5392 1007 5443 petite
1035 5392 1126 5440 dot,
1156 5391 1298 5432 belles
1326 5391 1534 5442 espéran¬

507 5456 593 5497 ces,
650 5445 908 5498 épouserait
963 5446 1273 5495 commerçant
1328 5455 1386 5486 ou
1444 5454 1535 5485 em¬

506 5500 639 5551 ployé
665 5500 859 5550 sérieux,
888 5502 939 5540 26
966 5500 991 5539 à
1016 5502 1068 5539 30
1095 5510 1191 5547 ans,
1222 5498 1359 5548 ayant
1386 5498 1534 5537 bonne

507 5553 739 5594 situation.

556 5607 675 5647 6200.
699 5606 941 5647 Toulouse.
960 5607 1015 5644 —
1035 5607 1185 5646 Veuve
1204 5604 1342 5652 seule,
1364 5606 1415 5643 43
1435 5614 1531 5651 ans,

505 5668 665 5716 brune,
694 5666 811 5706 belle
837 5666 1022 5715 femme,
1051 5666 1200 5704 bonne
1227 5663 1416 5711 famille,
1447 5662 1534 5703 dis¬

505 5727 702 5779 tinguée,
735 5726 1023 5774 affectueuse,
1058 5723 1343 5771 instruction,
1375 5723 1535 5763 éduca¬

504 5786 599 5826 tion
623 5785 857 5836 parfaites,
887 5787 1007 5824 1.200
1034 5784 1184 5823 francs
1211 5784 1264 5823 de
1289 5782 1440 5822 rentes
1463 5784 1534 5822 sû¬

504 5856 590 5894 res,
619 5847 742 5885 8.000
770 5844 827 5885 fr.
859 5843 1026 5896 capital
1054 5844 1098 5883 et
1125 5842 1355 5890 intérieur,
1387 5842 1534 5882 désire

503 5907 695 5956 épouser
731 5903 1063 5944 fonctionnaire
1112 5902 1293 5942 retraité
1342 5912 1399 5941 ou
1434 5911 1534 5951 pro¬

503 5963 719 6015 priétaire
766 5963 904 6014 ayant
936 5960 1223 6009 instruction,
1275 5959 1529 6008 éducation,

503 6023 735 6071 situation,
759 6023 840 6073 âge
860 6031 914 6063 en
936 6020 1136 6074 rapport.
1162 6022 1271 6062 Très
1294 6020 1486 6062 sérieux.

558 6084 675 6123 6203.
716 6082 990 6131 Perpignan.
1042 6082 1097 6119 —
1131 6082 1296 6129 Veuve,
1334 6082 1386 6119 50
1435 6091 1530 6129 ans,

504 6144 666 6192 brune,
701 6142 791 6183 bon
824 6142 1065 6191 caractère,
1102 6140 1312 6188 sérieuse,
1350 6138 1533 6180 catholi¬

504 6214 607 6254 que,
635 6201 906 6243 sentiments
928 6200 1164 6252 religieux,
1195 6200 1332 6251 ayant
1355 6201 1433 6239 800
1475 6199 1529 6239 fr.

504 6272 699 6303 revenus
720 6260 762 6303 et
779 6260 1062 6312 espérances,
1086 6259 1310 6300 demande
1332 6258 1535 6309 mariage

506 6332 612 6363 avec
634 6320 868 6362 monsieur
891 6320 1124 6362 d’environ
1148 6322 1199 6359 60
1221 6331 1316 6367 ans,
1341 6318 1453 6367 seul,
1480 6318 1534 6359 si¬

504 6381 679 6422 tuation
703 6391 759 6420 en
783 6381 983 6430 rapport.

556 6440 675 6480 6204.
703 6439 945 6479 Toulouse.
968 6463 1023 6469 —
1048 6439 1330 6487 Demoiselle,
1358 6440 1409 6478 23
1434 6449 1529 6486 ans,

503 6499 754 6550 orpheline,
780 6498 962 6548 blonde,
984 6499 1107 6550 jolie,
1134 6498 1430 6547 musicienne,
1455 6498 1534 6539 dot

503 6560 652 6599 50.000
684 6558 851 6607 francs,
886 6557 1031 6600 désire
1063 6559 1254 6608 épouser
1299 6555 1533 6598 monsieur

504 6619 560 6659 de
580 6620 634 6659 28
655 6618 682 6658 à
703 6619 755 6658 35
778 6623 874 6667 ans,
902 6618 1020 6666 bien,
1047 6616 1240 6666 sérieux,
1267 6618 1403 6667 ayant
1424 6618 1531 6658 bon¬

504 6689 559 6718 ne
587 6675 818 6717 situation.

1669 439 1787 478 6205.
1818 436 2061 477 Marseille.
2084 460 2139 466 —
2163 438 2316 484 Dame,
2343 438 2395 475 34
2418 448 2514 483 ans,
2540 447 2643 476 veu¬

1617 510 1670 539 ve
1702 508 1808 536 sans
1835 496 2032 544 enfants,
2083 496 2384 536 honorabilité
2432 495 2640 546 parfaite,

1615 556 1718 596 bien
1751 567 1856 596 sous
1887 556 1986 595 tous
2016 555 2080 595 les
2126 555 2348 607 rapports,
2398 554 2643 595 excellente

1617 615 1806 663 famille,
1839 615 1946 666 jolie
1976 615 2067 664 dot,
2100 615 2355 666 épouserait
2384 613 2652 656 célibataire'

1616 686 1673 715 ou
1708 674 1815 715 veuf
1863 674 2055 721 sérieux,
2108 674 2322 718 situation
2373 673 2553 714 assurée
2603 674 2644 712 et

1614 735 1793 774 homme
1816 732 1871 771 de
1891 743 2025 772 cœur.

1671 790 1727 826 Le
1754 786 1890 826 Trait
1902 786 2099 826 dTuioii
2120 786 2231 833 peut
2242 784 2344 824 être
2365 784 2513 834 copié,
2531 785 2567 824 il
2589 794 2647 825 ne

1611 840 1770 880 craint
1798 850 1880 888 pas
1900 840 1970 879 les
1993 841 2281 879 imitateurs.

1671 896 1790 933 6207.
1817 895 1872 931 —
1898 894 2179 940 Demoiselle,
2207 895 2259 932 39
2283 904 2379 940 ans,
2408 891 2511 932 bien
2539 902 2643 931 sous

1619 954 1720 993 tous
1753 952 1818 995 les
1852 953 2075 1003 rapports,
2126 951 2422 1003 musicienne,
2476 951 2644 991 femme

1620 1012 1899 1060 d’intérieur,
1936 1012 2015 1051 dot
2051 1014 2195 1052 10.000
2232 1011 2304 1060 fr.,
2344 1010 2554 1050 mobilier
2590 1010 2642 1051 de

1620 1074 1767 1115 même
1823 1072 1995 1120 valeur,
2028 1071 2236 1112 habitant
2266 1080 2372 1111 avec
2400 1081 2449 1110 sa
2505 1081 2640 1116 sœur,

1620 1143 1776 1181 veuve,
1800 1132 1936 1182 ayant
1957 1131 2187 1179 situation,
2210 1132 2252 1171 et
2272 1139 2352 1170 sort
2373 1131 2478 1180 père
2498 1129 2644 1179 possé¬

1621 1192 1732 1232 dant
1755 1193 1876 1231 4.500
1902 1191 1956 1230 fr.
1987 1192 2110 1231 rente
2134 1190 2327 1241 viagère,
2383 1190 2527 1231 désire
2555 1200 2644 1228 ma¬

1623 1251 1745 1302 riage
1764 1263 1870 1292 avec
1889 1251 2121 1292 monsieur
2139 1251 2192 1291 de
2212 1252 2262 1290 45
2280 1251 2303 1290 à
2323 1252 2375 1288 50
2392 1260 2488 1296 ans,
2510 1251 2646 1299 ayant

1622 1311 1789 1362 emploi
1817 1323 1873 1352 ou
1905 1320 2159 1351 ressources
2186 1310 2507 1360 personnelles.

1675 1373 1792 1412 6212.
1822 1374 1877 1410 —
1908 1372 2189 1419 Demoiselle,
2223 1371 2273 1409 40
2303 1372 2408 1418 ans,'
2457 1367 2642 1418 grande,

1623 1432 1891 1482 distinguée,
1919 1431 2191 1480 catholique,
2220 1430 2443 1470 caractère
2470 1430 2558 1469 très
2583 1428 2644 1468 af¬

1624 1491 1848 1539 fectueux,
1879 1490 2010 1542 goûts
2039 1490 2276 1538 modestes,
2309 1488 2386 1528 dot
2411 1490 2559 1528 26.000
2588 1487 2643 1527 fr.

1623 1551 1782 1602 argent
1808 1551 1850 1591 et
1876 1549 2162 1598 immeubles,
2194 1550 2418 1590 demande
2446 1547 2646 1599 mariage

1624 1610 1843 1660 religieux
1876 1619 1982 1650 avec
2016 1608 2344 1650 fonctionnaire
2404 1619 2460 1649 ou
2523 1619 2646 1647 mon¬

1624 1671 1744 1711 sieur
1770 1671 1823 1710 de
1848 1671 1898 1710 40
1923 1669 1947 1709 à
1971 1671 2022 1708 55
2047 1682 2143 1718 ans,
2171 1670 2307 1720 ayant
2332 1667 2560 1710 situation.
2593 1667 2647 1707 Se

1625 1728 1912 1780 déplacerait.

1678 1791 1795 1828 6214.
1836 1789 2224 1828 Haute-Garonne.
2272 1812 2326 1815 —
2376 1787 2646 1827 Institutrice

1627 1850 1739 1898 Etat,
1771 1851 1821 1887 24
1850 1860 1946 1897 ans,
1978 1847 2078 1888 bien
2134 1847 2500 1899 physiquement,
2533 1845 2647 1887 belle

1626 1908 1807 1958 femme,
1838 1908 1996 1955 brune,
2027 1907 2139 1959 petit
2161 1908 2332 1954 avenir,
2385 1906 2530 1946 désire
2555 1917 2647 1946 ma¬

1626 1967 1747 2018 riage
1773 1978 1880 2007 avec
1902 1967 2038 2016 jeune
2063 1969 2246 2007 homme
2270 1967 2324 2008 de
2348 1969 2399 2006 25
2424 1967 2450 2006 à
2474 1968 2524 2004 35
2549 1978 2644 2014 ans,

1624 2027 1831 2078 employé
1859 2025 2287 2067 d’administration.

1679 2090 1796 2127 6216.
1828 2088 2110 2138 Demoiselle,
2136 2089 2187 2126 24
2212 2098 2308 2135 ans,
2336 2087 2428 2127 fille
2454 2086 2507 2127 de
2531 2096 2648 2126 com¬

1626 2148 1852 2198 merçants
1872 2159 1925 2187 en
1946 2158 2064 2197 gros,
2088 2147 2211 2187 taille
2235 2150 2252 2186 1
2276 2158 2336 2186 m.
2360 2148 2424 2194 60,
2448 2145 2644 2192 châtain,

1627 2207 1836 2255 sérieuse,
1899 2206 2168 2258 distinguée,
2231 2206 2526 2253 musicienne,
2563 2205 2650 2245 ins¬

1626 2267 1775 2315 truite,
1800 2267 1955 2306 brevet
1975 2267 2226 2318 supérieur,
2251 2266 2388 2316 ayant
2408 2265 2484 2305 dot
2505 2276 2563 2304 ou
2586 2275 2648 2307 es¬

1628 2327 1844 2377 pérances
1907 2327 2035 2366 sûres
2068 2328 2215 2366 50.000
2253 2326 2326 2374 fr.,
2390 2324 2644 2376 épouserait

1627 2387 1872 2435 monsieur,
1895 2387 1976 2436 âge
1995 2387 2039 2427 et
2056 2387 2269 2426 situation
2289 2398 2344 2426 en
2365 2386 2565 2435 rapport.

1678 2447 1795 2487 6217.
1858 2446 2247 2486 Haute-Garonne.
2278 2470 2332 2474 —
2363 2444 2644 2494 Demoiselle,

1627 2508 1672 2544 41
1700 2518 1795 2554 ans,
1823 2504 2079 2556 paraissant
2102 2506 2206 2556 plus
2228 2506 2378 2555 jeune,
2406 2503 2648 2546 excellente

1628 2564 1795 2606 femme
1830 2564 2108 2613 d’intérieur,
2148 2564 2375 2613 économe,
2415 2563 2639 2612 instruite,

1627 2625 1703 2666 dot
1727 2627 1848 2666 5.000
1875 2626 1927 2664 fr-
1980 2636 2033 2665 en
2062 2627 2254 2677 espèces,
2282 2625 2362 2675 joli
2414 2624 2646 2666 trousseau

1624 2686 1667 2724 et
1691 2684 1850 2736 petites
1876 2686 2140 2736 espérances
2167 2687 2307 2733 sûres,
2336 2684 2480 2727 désire
2506 2684 2647 2724 s’unir

1626 2746 1651 2784 à
1676 2744 1906 2786 monsieur
1931 2744 2189 2786 célibataire
2215 2756 2270 2784 ou
2296 2744 2418 2792 veuf,
2447 2755 2551 2786 sans
2576 2754 2648 2784 en¬

1628 2804 1760 2852 fants,
1790 2804 1927 2855 ayant
1951 2804 2164 2845 situation
2192 2806 2387 2844 assurée.
2418 2803 2472 2844 Se
2498 2803 2647 2853 dépla¬

1626 2864 1776 2904 cerait.

1678 2927 1794 2966 6219.
1828 2924 2150 2964 Deux-Sèvres.
2178 2948 2231 2952 —
2260 2924 2540 2971 Demoiselle,
2597 2926 2647 2963 32

1625 2995 1721 3035 ans,
1747 2984 1895 3024 bonne
1920 2981 2110 3032 famille,
2134 2984 2266 3035 goûts
2290 2983 2491 3036 simples,
2516 2995 2647 3034 gran¬

1623 3044 1691 3092 de,
1730 3046 1887 3091 brune,
1951 3044 2087 3094 ayant
2119 3044 2347 3095 situation,
2410 3042 2645 3084 désirerait

1622 3103 1947 3155 correspondre
1974 3114 2079 3144 avec
2132 3103 2364 3146 monsieur
2390 3103 2443 3143 de
2470 3104 2519 3142 35
2546 3102 2571 3142 à
2595 3104 2644 3143 45

1626 3176 1719 3211 ans,
1750 3162 2079 3205 fonctionnaire
2107 3164 2162 3204 de
2187 3163 2459 3214 préférence.

1679 3231 1814 3270 Aider
1843 3242 1899 3270 au
1932 3230 2206 3270 relèvement
2260 3231 2395 3270 social
2428 3232 2468 3268 et
2501 3231 2642 3269 moral

1624 3292 1676 3331 de
1704 3292 1744 3330 ta
1771 3291 1923 3330 nation
1952 3301 2004 3330 en
2035 3291 2199 3331 luttant
2223 3294 2374 3330 contre
2403 3292 2439 3330 le
2467 3289 2641 3338 célibat,

1623 3351 1817 3390 faciliter
1844 3351 1904 3390 les
1931 3350 2155 3399 mariages
2180 3360 2260 3399 par
2288 3360 2347 3388 un
2372 3349 2566 3399 système
2592 3350 2644 3388 de

1624 3411 1735 3452 mise
1763 3420 1816 3450 en
1845 3410 2032 3450 relation
2060 3410 2237 3451 sérieux
2266 3414 2306 3451 et
2356 3410 2519 3450 discret
2550 3420 2558 3447 :
2586 3411 2642 3450 tel

1624 3474 1687 3511 est
1712 3472 1751 3510 le
1775 3471 1855 3510 but
1879 3471 1932 3510 de
1958 3471 1999 3508 la
2026 3471 2266 3511 Direction.

1756 3616 2514 3690 MARIAGES

1676 3756 1739 3796 En
1770 3755 1934 3799 février
1960 3754 2068 3795 trois
2098 3755 2323 3806 mariages
2348 3756 2448 3795 sont
2475 3767 2643 3796 annon¬

1620 3816 1691 3858 cés
1716 3816 1742 3855 à
1767 3816 1811 3856 la
1838 3814 2076 3859 Direction,
2107 3815 2341 3859 Meilleurs
2366 3827 2516 3860 vœux.

2383 3875 2422 3914 J.
2449 3875 2588 3914 Bach.

1702 4019 2016 4095 ABONNÉS
2078 4028 2158 4094 ET
2216 4026 2564 4094 LECTEURS

1938 4115 2068 4157 Lisez
2098 4116 2206 4157 bien
2235 4115 2335 4155 ceci

1674 4178 1815 4218 Toute
1839 4188 2062 4228 personne
2085 4176 2163 4229 qui
2188 4187 2432 4228 procurera
2455 4176 2479 4218 à
2505 4176 2547 4218 la
2571 4177 2643 4218 Di¬

1623 4236 1791 4276 rection
1816 4238 1933 4276 deux
1959 4236 2159 4277 abonnés
2182 4247 2436 4286 nouveaux,
2463 4237 2646 4287 n’ayant

1619 4295 1784 4344 jamais
1804 4295 2074 4339 été.inscrits
2095 4296 2140 4335 ni
2162 4296 2188 4335 à
2208 4296 2252 4335 la
2276 4295 2446 4343 Rapide
2468 4296 2643 4343 Agence

1621 4354 1667 4394 ni
1695 4355 1752 4394 au
1780 4355 1907 4394 Trait
1935 4355 2150 4403 d’Union,
2180 4366 2292 4394 aura
2320 4353 2439 4395 droit
2471 4366 2479 4394 :
2507 4353 2592 4395 soit
2619 4355 2644 4395 à

1622 4423 1710 4452 une
1768 4411 2084 4463 prolongation
2146 4412 2499 4454 d’abonnement
2555 4411 2611 4453 de

1628 4472 1745 4512 deux
1774 4471 1903 4522 mois,
1933 4471 2019 4513 soit
2044 4473 2070 4513 à
2098 4484 2158 4514 un
2186 4472 2491 4522 abonnement
2516 4482 2615 4522 gra¬

1642 4532 1729 4572 tuit
1755 4532 1810 4572 de
1836 4532 1984 4572 même
2010 4531 2163 4572 durée.

1666 4613 1716 4619 —
1748 4592 1871 4632 Tous
1904 4600 1988 4634 nos
2016 4592 2226 4633 abonnés
2254 4594 2360 4632 sont
2388 4590 2515 4642 priés
2541 4590 2648 4642 .d’a¬

1613 4654 1804 4694 dresser
1835 4655 2003 4695 lettres
2032 4657 2079 4695 et
2111 4655 2459 4700 observations,
2492 4663 2584 4694 non
2612 4655 2640 4695 à

1611 4716 1659 4756 la
1679 4728 1707 4751 m
1731 4715 1906 4764 Rapide
1938 4719 2117 4763 Agence
2136 4730 2183 4764 »,
2208 4716 2327 4756 mais
2351 4726 2414 4758 au
2438 4715 2640 4766 journal

1611 4780 1674 4819 du
1695 4791 1723 4814 »
1746 4778 1878 4819 Trait
1903 4778 2100 4822 d’Unioii
2123 4793 2171 4826 »,
2200 4779 2271 4826 26,
2291 4790 2378 4819 rue
2404 4778 2635 4825 d'Astorg,

1610 4840 1859 4880 Toulouse.

1676 4896 1771 4934 KM-
1796 4895 1878 4935 Les
1898 4894 2100 4935 bureaux
2123 4895 2183 4936 du
2204 4895 2386 4936 TRAIT
2408 4892 2640 4938 D’UNION

1619 4967 1672 4995 ne
1695 4959 1795 4995 sent
1819 4959 1999 4996 ouverts
2024 4966 2108 5005 que
2134 4955 2444 5004 l’après-midi,
2471 4956 2526 4996 de
2548 4957 2572 4998 2
2594 4955 2638 4997 h.

1618 5017 1643 5058 à
1663 5020 1687 5058 5
1708 5019 1884 5066 heures,
1908 5019 1972 5066 26,
1998 5028 2076 5058 rue
2099 5019 2321 5067 d’Astorg.

1806 5090 1926 5127 Tous
1956 5089 2018 5127 les
2048 5088 2435 5136 renseignements
2466 5096 2642 5126 concer¬

1619 5152 1728 5188 nant
1762 5150 1803 5190 la
1836 5150 2147 5190 combinaison
2182 5151 2396 5199 mariage,
2434 5150 2496 5189 les
2531 5148 2642 5188 loca¬

1617 5212 1750 5259 tions,
1807 5212 1963 5258 offtes,
2022 5211 2268 5252 demandes
2297 5215 2338 5251 et
2367 5211 2464 5251 avis
2492 5211 2642 5251 divers

1616 5276 1718 5312 sont
1748 5271 1920 5312 donnés
1950 5273 2276 5322 gratuitement
2306 5272 2419 5315 dans
2451 5282 2533 5313 nos
2563 5272 2642 5312 bu¬

1618 5346 1771 5382 reaux,
1805 5334 2115 5382 l’après-midi,
2147 5335 2200 5375 de
2229 5336 2254 5373 2
2282 5335 2326 5372 h.
2356 5332 2382 5372 à
2410 5335 2434 5372 5
2462 5334 2638 5381 heures,

1618 5398 1682 5442 26,
1711 5407 1788 5435 rue
1816 5395 2038 5444 d’Astorg,
2066 5396 2307 5436 Toulouse.

1672 5724 1730 5766 Le
1752 5723 1986 5766 Directeur
2008 5726 2074 5767 est
2095 5726 2299 5766 heureux
2322 5724 2595 5766 d’annoncer
2616 5726 2642 5767 à

1619 5795 1687 5824 ses
1711 5785 1912 5826 abonnés
1936 5783 2047 5834 qu’il
2062 5795 2087 5823 a
2103 5795 2159 5824 eu
2172 5784 2216 5823 la
2231 5784 2379 5826 bonne
2394 5784 2574 5826 fortune
2587 5783 2643 5826 de

1618 5844 1834 5884 s’assurer
1876 5843 1918 5885 le
1958 5854 2178 5884 concours
2203 5844 2257 5886 de
2282 5843 2518 5886 l’éminent
2542 5855 2642 5896 pro¬

1619 5904 1792 5944 fesseur
1837 5903 1891 5943 de
1939 5903 2255 5956 Graphologie,
2307 5903 2355 5944 G.
2390 5906 2638 5953 Lefranck,

1618 5963 1696 6014 qui
1722 5963 1828 6003 veut
1851 5962 1922 6003 bie
1927 5974 1944 5992 r
1944 5975 1952 5994 »
1980 5961 2142 6003 mettre
2164 5975 2215 6004 sa
2238 5963 2412 6005 science
2435 5963 2462 6003 à
2471 5963 2529 6003 "la
2554 5963 2639 6006 dis¬

1619 6022 1795 6074 postion
1820 6022 1898 6063 des
1922 6022 2115 6065 lecteurs
2138 6024 2199 6064 du
2225 6023 2352 6064 Trait
2375 6023 2584 6065 d’Union.

1671 6082 1899 6123 Personne
1922 6082 2124 6131 n’ignore
2147 6083 2214 6123 les
2227 6083 2420 6123 services
2434 6094 2520 6134 que
2534 6084 2643 6134 peut

1618 6141 1780 6183 rendre
1832 6154 1920 6183 une
1960 6141 2094 6183 étude
2134 6142 2494 6195 graphologique
2535 6143 2638 6184 bien

1620 6200 1741 6242 faite.
1766 6200 1999 6251 L’analyse
2019 6201 2073 6241 de
2093 6202 2318 6243 l’écriture
2338 6203 2484 6243 révèle
2504 6203 2550 6242 la
2568 6215 2642 6243 va¬

1620 6260 1718 6301 leur
1762 6259 1920 6302 intime
1948 6260 2003 6302 de
2031 6258 2287 6311 l’individu,
2318 6271 2387 6304 ses
2415 6261 2643 6314 aptitudes

1622 6319 1963 6360 intellectuelles
1987 6319 2030 6359 et
2053 6321 2261 6362 morales.

1674 6379 1772 6418 Non
1798 6379 2051 6420 seulement
2074 6381 2106 6420 il
2131 6381 2199 6422 est
2222 6380 2494 6422 intéressant
2516 6382 2571 6422 de
2596 6393 2643 6423 se

1622 6438 1725 6479 bien
1749 6439 1981 6480 connaître
2003 6440 2255 6488 soi-même;
2278 6440 2394 6483 mais
2418 6442 2448 6483 il
2472 6440 2539 6482 est
2560 6442 2644 6483 uti¬

1622 6496 1663 6539 le
1706 6499 1747 6539 et
1788 6498 1987 6550 prudent
2027 6499 2248 6541 d’étudier
2291 6511 2403 6542 ceux
2430 6510 2538 6541 avec
2563 6500 2645 6542 les¬

1622 6556 1751 6608 quels
1787 6568 1843 6598 on
1865 6555 2011 6599 désire
2031 6559 2182 6600 entrer
2202 6570 2256 6600 en
2278 6559 2467 6600 relation
2490 6558 2646 6600 d’inté¬

1623 6618 1690 6658 rêt
1709 6630 1766 6658 ou
1787 6619 1842 6659 de
1863 6615 2120 6660 sentiment.

1671 6676 1728 6718 Le
1748 6676 2008 6728 professeur
2027 6677 2252 6720 Lefranck
2274 6676 2384 6720 dont
2403 6690 2519 6720 nous
2538 6690 2640 6720 con¬

2725 444 2932 487 naissons
2962 446 3004 487 la
3034 448 3181 490 sûreté
3226 450 3279 491 de
3323 451 3590 503 diagnostic,
3622 453 3747 494 satis¬

2726 502 2842 544 fera
2866 505 3205 556 certainement,
3233 508 3296 551 les
3320 510 3426 561 plus
3451 511 3677 552 difficiles.

2780 563 3045 607 Conditions
3087 566 3218 608 faites
3259 581 3348 610 aux
3388 570 3583 611 lecteurs
3620 571 3676 612 de
3700 583 3748 615 ce

2723 621 2907 671 journal
2937 636 2946 663 :

2724 700 2807 739 Par
2830 700 2955 742 lettre
2978 715 2986 742 :
3011 702 3197 754 Croquis
3217 704 3582 748 silhouette.
3644 709 3670 747 0
3700 710 3751 750 75

2827 776 2876 783 —
3010 757 3580 802 Portrait.
3644 762 3670 799 3
3727 775 3747 802 »

2827 830 2879 836 —
3011 811 3203 860 Analyse
3219 810 3350 854 détaillée
3363 816 3389 855 et
3404 812 3582 866 complète..
3646 815 3670 854 5
3717 828 3748 856 ■»

2780 878 2812 916 A
2842 879 2986 930 partir
3011 881 3072 922 du
3099 884 3116 921 1
3126 885 3155 902 er
3182 883 3432 934 décembre,
3460 888 3558 926 tout
3584 889 3746 928 nouvel

2726 938 2902 979 abonné
2952 950 3009 980 ou
3051 939 3292 995 réabonné,
3334 944 3411 995 qui
3452 945 3626 986 voudra
3650 955 3748 987 sou¬

2727 998 2886 1039 mettre
2940 1010 3019 1039 son
3074 1000 3266 1044 écriture
3310 1004 3595 1054 personnelle
3639 1017 3750 1047 aura

2727 1056 2846 1096 droit
2894 1058 2919 1098 à
2959 1071 3019 1098 un
3071 1060 3251 1111 croquis
3291 1063 3531 1112 silhouette
3582 1066 3751 1112 gratuit

2728 1115 2842 1155 dans
2883 1116 2922 1158 le
2962 1118 3160 1168 journal,
3190 1132 3294 1163 sous
3335 1135 3395 1163 un
3440 1123 3751 1174 pseudonyme

2728 1175 3024 1227 quelconque.

2783 1235 2817 1274 Il
2862 1235 2926 1276 est
2968 1239 3306 1287 expressément
3351 1242 3669 1283 recommandé
3699 1242 3752 1283 de

2730 1306 2785 1334 ne
2835 1307 2916 1344 pas
2967 1296 3239 1340 contrefaire
3278 1311 3358 1340 son
3399 1300 3593 1342 écriture
3632 1303 3675 1342 et
3698 1303 3752 1343 de

2731 1354 2916 1395 n’écrire
2939 1367 3026 1406 que
3049 1368 3126 1397 sur
3150 1358 3210 1399 du
3235 1360 3392 1410 papier
3416 1371 3505 1400 non
3531 1360 3650 1410 rayé.

2787 1511 2971 1551 Colibri.
2999 1536 3054 1542 —
3082 1514 3250 1555 Colibri
3280 1516 3344 1556 est
3374 1528 3460 1556 une
3490 1518 3754 1559 charmante

2735 1587 2752 1604 «
2779 1570 2931 1611 oiselle
2958 1589 2976 1607 »
3002 1574 3079 1623 qui
3105 1587 3160 1617 ne
3184 1575 3407 1616 demande
3432 1578 3535 1627 qu’à
3559 1578 3755 1628 gazouil¬

2732 1631 2811 1676 ler,
2839 1640 2893 1670 en
2920 1644 2980 1672 un
3008 1634 3239 1683 perpétuel
3266 1636 3370 1684 duo,
3398 1636 3544 1678 toutes
3594 1638 3656 1678 les
3682 1650 3754 1679 va¬

2733 1689 2920 1731 riations
2979 1692 3039 1734 du
3071 1693 3204 1735 verbe
3264 1695 3420 1735 aimer.
3483 1697 3634 1738 Prière
3666 1710 3755 1738 aux

2732 1748 3027 1799 étourneaux,
3064 1751 3160 1802 pies
3194 1754 3470 1803 jacassantes
3504 1755 3547 1795 et
3580 1757 3754 1807 vulgai¬

2734 1820 2803 1848 res
2856 1810 3047 1860 pierrots
3074 1814 3128 1853 de
3155 1815 3391 1854 s’abstenir
3422 1828 3429 1855 :
3457 1815 3555 1855 leur
3608 1818 3755 1867 pépie¬

2733 1870 2859 1908 ment
2880 1871 2946 1910 est
2966 1871 3066 1922 trop
3089 1883 3319 1915 commun.

2788 1928 3076 1980 Intelligence
3107 1943 3343 1984 moyenne,
3374 1935 3608 1986 jugement
3636 1949 3756 1987 pres¬

2733 1999 2819 2038 que
2844 1988 3051 2040 toujours
3076 1993 3167 2039 sûr,
3195 2004 3319 2034 cœur
3344 1995 3432 2036 très
3486 1997 3655 2045 tendre,
3683 2010 3755 2039 vo¬

2735 2047 2855 2088 lonté
2875 2050 2954 2100 qui
2976 2062 3000 2090 a
3022 2051 3174 2092 besoin
3199 2054 3251 2094 de
3272 2066 3316 2095 se
3339 2054 3543 2104 fortifier,
3566 2058 3756 2099 caractè¬

2736 2116 2782 2145 re
2803 2107 2892 2148 fort
2908 2110 2980 2159 gai
3002 2111 3199 2162 quoique
3219 2114 3307 2154 très
3327 2114 3392 2154 vif
3412 2127 3495 2166 par
3515 2118 3754 2157 moments.

2728 2167 2907 2206 Aimant
2938 2168 2978 2208 la
3010 2170 3078 2208 vie
3112 2171 3235 2220 large
3262 2175 3302 2211 et
3339 2183 3411 2212 ses
3447 2175 3582 2219 aises,
3614 2174 3759 2215 visant

2735 2236 2791 2264 au
2818 2226 3060 2277 distingué,
3088 2227 3297 2280 défiante,
3324 2242 3430 2271 sans
3454 2243 3678 2282 manquer
3703 2233 3756 2273 de

2735 2283 2978 2338 franchise,
3012 2286 3058 2326 ni
3091 2298 3238 2339 avare,
3273 2290 3319 2328 ni
3351 2292 3542 2331 souvent
3572 2290 3752 2343 égoïste,

2731 2344 2978 2395 mignonne
3000 2347 3043 2388 et
3063 2348 3328 2400 attrayante,
3355 2351 3457 2391 telle
3477 2352 3543 2392 est
3565 2352 3748 2394 Colibri.

2731 2404 3027 2457 Ajouterai-je
3051 2407 3214 2458 qu’elle
3238 2411 3304 2451 est
3327 2411 3415 2451 très
3438 2412 3642 2463 coquette
3660 2415 3679 2454 ?
3700 2437 3754 2443 —

2732 2464 2867 2504 Santé
2895 2467 3154 2507 excellente.

2784 2526 2906 2564 Avis.
2932 2550 2986 2554 —
3012 2527 3107 2575 Que
3134 2527 3174 2567 le
3204 2530 3330 2570 futur
3358 2531 3650 2574 oiseau-frère
3678 2544 3751 2584 ap¬

2730 2586 2855 2634 porte
2878 2586 2932 2627 de
2954 2587 3059 2637 quoi
3086 2589 3215 2629 dorer
3239 2590 3278 2631 le
3300 2591 3392 2632 nid.

2783 2647 3202 2695 Joseph-François.
3228 2672 3283 2678 —
3308 2651 3424 2691 Sans
3448 2652 3619 2702 grande
3647 2654 3752 2693 acti¬

2728 2703 2818 2744 vité
2840 2704 2885 2743 ni
2907 2706 3146 2758 physique,
3171 2710 3215 2748 ni
3238 2709 3570 2762 intellectuelle,
3595 2713 3655 2754 M.
3680 2714 3752 2755 Jo¬

2730 2764 3090 2816 seph-François,
3123 2771 3199 2818 qui
3235 2771 3344 2811 n’est
3374 2784 3455 2822 pas
3512 2783 3751 2823 empereur

2729 2823 3004 2875 d’Autriche,
3070 2839 3126 2868 ne
3160 2840 3359 2880 manque
3420 2833 3636 2880 pourtant
3669 2846 3751 2884 pas

2731 2884 2943 2935 d’acquis-
2974 2887 3009 2926 Il
3035 2888 3099 2927 est
3124 2888 3212 2929 très
3236 2890 3431 2931 sensible
3458 2892 3500 2932 et
3522 2904 3600 2934 son
3627 2894 3753 2945 juge¬

2732 2946 2856 2985 ment
2883 2947 2948 2986 est
2975 2947 3064 2987 très
3092 2948 3184 2989 sûr.
3215 2950 3276 2989 La
3303 2950 3481 2992 volonté
3510 2963 3596 3004 peu
3627 2964 3752 2995 accu¬

2731 3003 2816 3052 sée,
2845 3006 3007 3056 sujette
3033 3006 3206 3058 parfois
3229 3010 3255 3048 à
3280 3011 3359 3053 des
3382 3012 3749 3064 emportements,

2731 3064 2802 3102 n’a
2826 3076 2906 3114 pas
2931 3078 3053 3106 assez
3078 3067 3131 3106 de
3159 3067 3278 3110 force
3303 3082 3418 3120 pour
3442 3074 3684 3122 permettre
3707 3074 3752 3115 la

2731 3123 2987 3166 réalisation
3047 3127 3126 3166 des
3183 3130 3352 3179 projets
3410 3132 3659 3174 ambitieux
3690 3134 3751 3175 du

2730 3183 2966 3234 scripteur.
3001 3187 3135 3226 Assez
3166 3187 3378 3231 économe
3408 3203 3514 3231 sans
3570 3192 3662 3237 être
3691 3193 3751 3235 la¬

2730 3243 2822 3283 dre.

2786 3303 3111 3355 Personnalité,
3151 3319 3239 3348 non
3276 3322 3382 3351 sans
3416 3312 3590 3361 mérite,
3628 3314 3743 3355 mais

2729 3363 2990 3414 dépourvue
3016 3366 3070 3406 de
3098 3366 3239 3409 relief.

3352 3431 3400 3471 G.
3437 3431 3670 3474 Lefranck

2755 3568 3011 3624 Lettres
3052 3571 3132 3625 de
3171 3573 3715 3631 Remerciements

2779 3720 2836 3763 Le
2858 3720 2991 3766 cadre
3012 3722 3067 3762 de
3087 3723 3215 3767 notre
3234 3724 3418 3775 journal
3439 3738 3495 3767 ne
3515 3738 3630 3771 nous
3650 3739 3746 3783 per¬

2727 3780 2918 3823 mettant
2939 3791 3020 3834 pas
3070 3780 3287 3824 d’insérer
3336 3784 3402 3827 les
3452 3786 3748 3831 nombreuses

2726 3838 2878 3880 lettres
2910 3840 2964 3880 de
2998 3840 3288 3884 félicitations
3322 3844 3550 3886 adressées
3583 3858 3640 3888 au
3674 3846 3747 3888 Di¬

2726 3898 2900 3939 recteur
2926 3899 3088 3952 depuis
3114 3900 3158 3943 la
3184 3902 3383 3943 création
3410 3903 3464 3944 de
3491 3906 3603 3947 cette
3628 3917 3747 3947 com¬

2728 3956 2952 4007 binaison,
2991 3971 3104 4002 ceux
3140 3961 3195 4003 de
3231 3974 3312 4004 nos
3348 3963 3550 4006 abonnés
3586 3966 3664 4015 qui
3703 3966 3742 4007 le

2724 4016 3020 4059 désireraient
3044 4023 3265 4071 pourront
3290 4034 3343 4063 en
3399 4023 3594 4074 prendre
3644 4035 3746 4064 con¬

2725 4076 2960 4119 naissance
2993 4079 3108 4120 dans
3140 4091 3222 4122 nos
3254 4082 3474 4132 bureaux,
3510 4095 3591 4124 rue
3623 4083 3746 4125 d’As¬

2723 4136 2835 4187 torg,
2863 4139 2928 4186 26,
2958 4138 3198 4180 Toulouse.

2787 4301 3101 4389 Annonces
3155 4300 3219 4390 et
3267 4296 3415 4392 Avis
3467 4296 3675 4392 divers

2780 4480 2815 4519 1.
2843 4503 2896 4507 —
2923 4479 2988 4519 On
3018 4480 3240 4533 demande
3267 4482 3380 4533 petit
3404 4483 3570 4534 capital
3612 4494 3739 4535 paya¬

2726 4532 2798 4572 ble
2820 4544 2873 4572 en
2899 4534 3023 4574 rente
3044 4534 3238 4585 viagère.
3265 4536 3397 4576 Faire
3416 4538 3553 4576 offres
3575 4539 3616 4578 et
3640 4539 3747 4578 don¬

2727 4596 2805 4624 ner
2825 4586 2925 4626 tous
2946 4587 3332 4638 renseignements
3352 4602 3410 4630 au
3432 4590 3664 4631 Directeur
3685 4592 3746 4632 du

2727 4638 2852 4679 Trait
2876 4639 3083 4679 d’Union.

2776 4703 2814 4741 2.
2843 4703 2898 4740 —
2943 4703 3204 4745 Professeur
3248 4705 3385 4745 dame
3427 4706 3747 4748 recommandé

2724 4766 2840 4805 pour
2862 4755 3012 4806 leçons
3034 4755 3087 4796 de
3109 4756 3259 4807 piano.
3286 4757 3393 4798 Prix
3415 4759 3635 4802 modérés.
3662 4761 3747 4800 Bu¬

2725 4819 2831 4847 reau
2859 4808 2920 4848 du
2946 4810 3144 4858 journal.

2776 4871 2815 4910 3.
2842 4893 2896 4898 —
2923 4872 3191 4914 Demoiselle
3218 4873 3340 4914 seule
3366 4875 3416 4912 45
3443 4883 3538 4922 ans,
3567 4874 3746 4924 adopte¬

2724 4924 2810 4963 rait
2831 4924 2967 4974 jeune
2988 4925 3080 4966 fille
3104 4926 3311 4968 fortunée
3331 4939 3387 4967 ou
3411 4927 3568 4967 enfant
3588 4929 3746 4979 orphe¬

2724 4976 2815 5016 line
2834 4988 2891 5018 ou
2911 4979 3222 5020 abandonnée.
3247 4980 3448 5019 Prendre
3468 4980 3646 5026 adresse
3668 4983 3746 5023 bu¬

2724 5041 2831 5071 reau
2858 5031 2919 5071 du
2946 5032 3072 5072 Trait
3095 5032 3306 5074 d’Union.

2776 5095 2814 5132 4.
2834 5094 2890 5130 —
2911 5094 3099 5135 Famille
3119 5094 3208 5134 très
3227 5095 3488 5144 honorable,
3511 5098 3747 5146 prendrait

2725 5144 3047 5195 pensionnaire
3078 5146 3212 5188 dame
3244 5159 3302 5188 ou
3353 5149 3587 5191 Monsieur
3637 5151 3743 5200 aisé,

2725 5199 2966 5241 s’adresser
2995 5199 3167 5242 bureau
3196 5202 3256 5242 du
3286 5202 3483 5251 journal.

2776 5267 2814 5303 5.
2841 5288 2895 5294 —
2921 5266 2988 5306 On
3015 5266 3240 5308 demande
3266 5269 3415 5310 bonne
3441 5270 3696 5310 couturière
3720 5271 3747 5311 à

2726 5318 2768 5356 la
2782 5316 2986 5367 journée.
3004 5319 3111 5359 Voir
3126 5320 3298 5371 pureau
3314 5323 3375 5363 du
3391 5323 3518 5364 Trait
3530 5323 3740 5364 d’Union.

2776 5382 2814 5420 6.
2844 5382 2899 5423 —
2928 5380 3037 5423 Fille
3067 5382 3120 5420 de
3151 5383 3379 5433 militaire,
3411 5384 3663 5435 orpheline,
3695 5386 3743 5424 37

2724 5444 2820 5482 ans,
2859 5432 2962 5475 bien
2996 5434 3159 5483 élevée,
3198 5436 3354 5487 active,
3391 5439 3618 5487 économe,
3657 5438 3743 5479 bon

2724 5488 2962 5536 caractère,
2995 5488 3220 5532 demande
3266 5491 3392 5542 place
3436 5492 3747 5542 gouvernante

3826 448 3934 488 chez
3964 448 4199 491 Monsieur
4227 450 4348 499 veuf,
4381 464 4496 502 pour
4552 452 4731 502 soigner
4778 463 4851 492 en¬

3826 502 3948 542 fants
3966 502 4008 542 et
4023 502 4194 552 diriger
4209 503 4253 543 la
4270 504 4460 547 maison.
4484 507 4683 547 Prendre
4702 506 4851 547 adres¬

3826 566 3871 595 se
3899 555 4071 595 bureau
4098 555 4295 606 journal.

3879 619 3918 656 7.
3942 618 3996 655 —
4021 618 4159 659 Dame
4183 620 4319 668 ayant
4343 619 4494 662 loisirs
4516 620 4739 662 demande
4764 622 4851 662 tra¬

3826 682 3946 710 vaux
3976 668 4215 711 d’écriture
4246 682 4302 711 ou
4334 672 4495 714 travail
4527 674 4711 715 manuel
4743 675 4850 715 chez

3827 722 3925 763 elle.

3878 787 3916 824 8.
3942 787 3996 823 —
4022 787 4283 829 Professeur
4307 789 4362 830 de
4388 788 4586 839 français
4611 789 4848 831 donnerait

3826 832 3976 888 leçons
4000 838 4053 879 de
4076 840 4412 882 conversations
4435 841 4476 881 et
4499 844 4850 893 d’orthographe

3826 891 3851 930 à
3876 900 4100 940 personne
4139 893 4387 943 étrangère.
4418 895 4532 946 Cinq
4575 895 4727 935 francs
4768 907 4848 947 par

3827 942 3954 982 mois.

3879 1007 3918 1046 9.
3948 1007 4003 1044 —-
4032 1007 4198 1055 Leçons
4228 1008 4282 1048 de
4312 1008 4511 1060 français
4540 1011 4583 1052 et
4611 1011 4846 1061 d’anglais.

3828 1059 3890 1099 De
3918 1062 3966 1099 15
3991 1060 4016 1099 à
4040 1062 4091 1099 30
4117 1060 4268 1102 francs
4294 1074 4375 1113 par
4402 1064 4530 1104 mois.

3884 1123 3945 1160 10.
3972 1144 4027 1148 —
4050 1122 4193 1163 Jeune
4218 1123 4315 1164 fille
4340 1126 4478 1175 ayant
4503 1126 4670 1175 emploi
4699 1125 4843 1167 Sténo-

3831 1172 4206 1224 Dactylographe,
4231 1175 4362 1218 ferait
4383 1179 4543 1219 travail
4564 1179 4850 1228 supplémen¬

3831 1227 3942 1268 taire
3964 1239 4079 1278 pour
4101 1227 4401 1278 particuliers.

3889 1291 3951 1328 11.
3973 1312 4028 1316 —
4048 1287 4276 1330 Véritable
4299 1292 4519 1332 occasion.
4543 1316 4596 1320 —
4618 1294 4855 1334 GRANDE

3836 1341 4201 1381 CHAPELIERE
4232 1343 4349 1384 osier
4382 1344 4524 1394 verni,
4559 1346 4585 1384 à
4616 1348 4855 1396 comparti¬

3835 1394 3995 1442 ments,
4022 1395 4212 1435 doublée
4235 1396 4354 1446 toile,
4380 1398 4519 1442 belles
4543 1409 4744 1440 serrures
4766 1402 4855 1443 cui¬

3833 1456 3925 1494 vre,
3956 1447 4134 1488 vendue
4163 1450 4317 1491 moitié
4346 1452 4462 1502 prix.
4498 1452 4748 1495 S’adresser
4778 1456 4856 1495 bu¬

3835 1510 3942 1539 reau
3966 1499 4092 1540 Trait
4114 1500 4324 1543 d’Union.

3889 1563 3951 1600 12.
3979 1586 4035 1591 —
4062 1563 4191 1611 Veuf,
4222 1566 4542 1616 commerçant,
4575 1567 4719 1610 désire
4747 1570 4858 1610 s’en¬

3834 1614 3992 1656 tendre
4016 1627 4122 1656 avec
4145 1626 4368 1666 personne
4392 1620 4447 1661 de
4470 1622 4522 1660 30
4546 1632 4628 1662 ans
4650 1623 4854 1671 environ,

3836 1667 4045 1716 honnête,
4083 1671 4347 1720 présentant
4380 1672 4500 1721 bien,
4538 1674 4688 1715 bonne
4722 1676 4852 1716 cuisi¬

3835 1719 3971 1768 nière,
3996 1723 4098 1772 apte
4119 1723 4144 1762 à
4166 1723 4335 1774 diriger
4356 1727 4560 1775 ménage.

3888 1774 4079 1818 Adresse
4108 1788 4116 1815 :
4143 1775 4322 1819 Bureau
4347 1778 4547 1827 journal.

3831 2040 3867 2071 3®
3903 2031 4203 2076 Manufacture
4232 2032 4451 2071 d’articles
4482 2036 4632 2074 KATO

4330 2107 4353 2141 à
4376 2104 4544 2151 fenêtre
4567 2108 4779 2154 diaphane

4008 2242 4400 2308 Enveloppes
4426 2245 4450 2264 *
4471 2247 4630 2298 Kato
4650 2247 4674 2266 "

4007 2330 4178 2391 Papier
4210 2331 4232 2379 à
4270 2331 4412 2382 lettre
4447 2334 4464 2351 "
4486 2334 4635 2386 KATO
4655 2335 4673 2354 *

3915 2472 4147 2510 Demander
4178 2474 4466 2512 Echantillons

3911 2536 4063 2572 LOUIS
4092 2539 4290 2574 CASSAN
4320 2542 4414 2575 ainé

3915 2602 3972 2642 37,
4000 2611 4072 2636 rue
4099 2604 4170 2638 des
4198 2603 4427 2641 Couteliers

3916 2666 4192 2703 TOULOUSE

3827 2718 3863 2752 K

4818 2016 4852 2043 X

4818 2047 4852 2080 X

4820 2085 4848 2115 X

4815 2121 4851 2152 X

4819 2159 4851 2187 X

4818 2191 4851 2223 X

4816 2226 4852 2259 X

4815 2263 4851 2295 X

4815 2300 4851 2330 iX

4815 2332 4851 2367 m

4815 2372 4851 2403 SS

3827 2756 4111 2794 XXXXXtXXX
4118 2759 4404 2797 XXXXXXXX
4415 2763 4625 2799 xxxxxx
4635 2764 4847 2802 xxxxxx

4022 2900 4424 2936 EXCELLENTE
4475 2908 4668 2938 PRIME

4276 2970 4326 2996 DE
4351 2971 4400 2998 LA

3892 3024 4792 3145 MICHELINE

3863 3223 3908 3251 La
3936 3223 4068 3252 Maison
4104 3224 4246 3254 Michel
4282 3227 4484 3262 Sabatier,
4522 3228 4563 3256 de
4598 3230 4846 3267 Carcassonne,

3828 3256 3922 3286 vient
3934 3258 3975 3286 de
3990 3260 4088 3288 créer
4103 3267 4171 3288 une
4184 3261 4294 3290 caisse
4310 3264 4491 3298 composée
4511 3263 4550 3292 de
4568 3264 4618 3292 sis
4635 3266 4828 3298 bouteilles.

3936 3323 3968 3348 1*
3998 3324 4042 3350 La
4071 3324 4263 3356 Micheline,
4292 3326 4394 3354 Reine
4420 3329 4476 3355 des
4503 3328 4680 3360 Liqueurs.

3934 3359 3967 3384 2*
4002 3360 4110 3386 Cacao
4143 3362 4432 3390 Puerto-Cabello.

3934 3394 3967 3420 3*
3999 3395 4108 3422 Rhum
4138 3396 4326 3425 St-Michel.

3935 3430 3967 3455 4*
4006 3431 4085 3456 Fine
4123 3432 4272 3459 Martoli.

3933 3464 3967 3491 5.*
3991 3466 4072 3492 L’Or
4096 3467 4180 3494 Kina
4204 3470 4396 3503 Sabathier,
4421 3471 4482 3499 Vin
4503 3472 4643 3504 apérltf,

3932 3501 3966 3527 6’
3992 3502 4107 3530 Grand
4132 3503 4322 3536 Mousseux,
4344 3507 4448 3534 cuvée
4468 3508 4632 3539 réservée,
4655 3508 4731 3540 plus
4751 3509 4842 3542 quel¬

3933 3543 4016 3568 ques
4036 3538 4163 3567 primes
4182 3545 4225 3566 au
4247 3539 4348 3567 choix
4369 3542 4415 3567 du
4436 3542 4553 3568 client.

3931 3582 4016 3610 Prix
4037 3582 4160 3611 franco
4181 3584 4222 3612 de
4243 3586 4323 3618 port
4342 3586 4375 3614 et
4398 3587 4473 3615 tous
4494 3587 4603 3616 droits
4625 3591 4731 3623 payés
4754 3591 4840 3619 dans

3824 3615 3859 3644 la
3879 3616 4010 3646 France
4030 3619 4170 3647 entière.

4165 3675 4360 3712 Vingt-cinq
4382 3678 4499 3708 francs

3888 3751 3897 3762 "
3908 3751 3915 3762 ’
3959 3751 4073 3762 ---
4123 3782 4127 3787 ,
4496 3755 4536 3790 T
4535 3755 4595 3790 T*
4604 3755 4611 3771 1
4619 3755 4673 3788 ”-
4676 3755 4683 3766 '
4753 3755 4755 3766 '
4766 3785 4771 3787 .
4784 3772 4791 3787 t
4791 3754 4794 3766 '
4800 3754 4848 3787 r-rl

3828 3821 3908 3899 LE
3944 3811 4312 3898 BREVIAIRE
4346 3824 4432 3904 DE
4458 3824 4538 3902 LA
4574 3810 4846 3906 BEAUTÉ

3994 3963 4186 3999 Madame,

3868 4012 4003 4048 Quelle
4028 4020 4102 4052 que
4126 4014 4203 4045 soit
4226 4014 4335 4047 votre
4359 4012 4563 4052 situation,
4590 4022 4637 4047 ne
4660 4016 4852 4055 gaspillez

3828 4060 3896 4091 pas
3927 4057 4034 4087 votre
4062 4055 4202 4094 argent
4251 4061 4298 4087 en
4328 4058 4515 4094 essayant
4567 4056 4621 4087 les
4652 4058 4852 4095 multiples

3828 4096 4006 4132 produits
4032 4098 4079 4130 de
4107 4095 4264 4134 Beauté,
4290 4095 4427 4128 vantés
4455 4103 4524 4134 par
4551 4099 4656 4130 force
4683 4098 4852 4131 réclame

3825 4138 3924 4167 dans
3948 4140 4037 4168 tous
4063 4139 4119 4170 les
4142 4138 4354 4176 journaux,
4383 4138 4483 4168 mais
4510 4138 4604 4168 lisez
4628 4139 4788 4170 d’abord
4815 4143 4851 4171 la

3826 4178 4098 4210 merveilleuse
4123 4179 4303 4212 méthode
4326 4181 4378 4212 du
4403 4178 4627 4218 spécialiste
4651 4179 4850 4212 CLARKS.

3827 4220 3875 4250 Le
3901 4219 4099 4251 Bréviaire
4122 4220 4169 4251 de
4194 4221 4230 4252 la
4255 4220 4411 4259 Beauté,
4436 4220 4501 4258 qui
4527 4227 4624 4251 vous
4650 4221 4851 4259 enseigne¬

3827 4267 3880 4296 ra,
3903 4267 3950 4291 en
3973 4263 4116 4291 termes
4138 4262 4256 4291 clairs
4279 4264 4315 4293 et
4338 4262 4478 4300 précis,
4502 4260 4587 4291 l’art
4608 4262 4656 4291 de
4679 4262 4851 4293 s’embel¬

3827 4300 3874 4330 lir
3903 4307 3995 4331 sans
4024 4302 4172 4338 grands
4200 4303 4339 4334 efforts
4367 4304 4404 4335 et
4431 4302 4623 4333 d’obtenir
4651 4302 4767 4333 d’une
4796 4304 4851 4334 fa¬

3825 4347 3898 4376 çon
3922 4342 4058 4379 rapide
4079 4344 4115 4374 et
4136 4343 4323 4380 certaine,
4346 4343 4494 4375 finesse
4514 4343 4566 4375 du
4588 4342 4700 4380 teint,
4722 4343 4852 4375 velou¬

3824 4380 3862 4411 té
3886 4382 3934 4411 de
3975 4382 4199 4418 l'épiderme
4223 4386 4260 4414 et
4299 4385 4486 4421 gracieux
4527 4383 4852 4422 développement

3826 4420 3892 4450 des
3916 4422 4076 4451 formes.

3867 4460 3972 4492 Cette
4000 4460 4132 4494 éditon
4162 4463 4288 4496 forme
4319 4472 4371 4496 un
4400 4466 4499 4498 beau
4530 4464 4685 4496 volume
4714 4466 4762 4498 de
4791 4464 4851 4497 168

3827 4508 3958 4539 pages,
3983 4502 4167 4539 imprimé
4188 4510 4256 4534 sur
4279 4507 4415 4543 papier
4438 4508 4544 4539 riche
4567 4510 4604 4539 et
4628 4506 4780 4538 illustré
4803 4507 4850 4538 de

3824 4543 3903 4575 très
3927 4544 4183 4574 nombreuses
4204 4551 4394 4582 gravures
4418 4551 4455 4580 et
4476 4548 4644 4579 dessins.
4670 4548 4772 4579 Dans
4798 4554 4849 4579 un

3826 4583 3892 4614 but
3906 4582 3954 4612 de
3968 4582 4256 4619 vulgarisation
4292 4585 4559 4624 scientifique,
4575 4586 4714 4618 l’envoi
4730 4592 4777 4617 en
4792 4590 4851 4620 est

3826 4625 3898 4658 fait
3922 4626 4059 4656 franco
4084 4630 4176 4655 sous
4202 4626 4254 4662 pli
4280 4626 4416 4665 fermé,
4441 4631 4576 4662 contre
4600 4629 4620 4660 0
4643 4631 4690 4662 fr.
4715 4628 4755 4662 40
4783 4630 4851 4669 (re¬

3825 4664 4059 4696 commandé
4083 4672 4091 4695 :
4112 4664 4132 4695 0
4152 4667 4199 4695 fr.
4223 4665 4275 4704 50)
4302 4675 4349 4698 en
4372 4668 4536 4700 timbres
4559 4672 4606 4702 de
4628 4671 4715 4703 touè
4739 4675 4850 4707 pays,

3822 4706 4004 4738 adressés
4028 4707 4052 4738 à
4099 4704 4298 4745 CLARKS,
4326 4707 4396 4746 130,
4424 4708 4577 4742 Galerie
4622 4712 4671 4743 de
4718 4711 4851 4742 Valois

3830 4746 4130 4786 (Palais-Royal)
4166 4747 4288 4778 Paris.

3867 4806 4004 4836 NOTA.
4027 4822 4069 4827 —
4093 4804 4196 4835 Vous
4242 4811 4289 4835 ne
4335 4811 4513 4838 recevrez
4558 4815 4627 4844 pas
4654 4816 4704 4839 un
4752 4808 4850 4839 livre

3824 4848 4082 4884 quelconque,
4106 4846 4204 4876 mais
4229 4852 4304 4877 une
4326 4847 4420 4883 jolie
4446 4847 4625 4879 méthode
4648 4850 4851 4888 descripti¬

3824 4895 3882 4926 ve,
3910 4887 4204 4926 indispensable
4228 4886 4251 4918 à
4276 4888 4403 4919 toutes
4431 4888 4485 4919 les
4510 4890 4658 4920 dames.

3867 4931 3970 4960 Vous
3994 4930 4126 4960 n’avez
4147 4928 4291 4966 jamais
4315 4936 4383 4959 ren
4407 4936 4456 4959 vu
4479 4931 4526 4963 de
4550 4931 4684 4968 pareil.

3867 4971 3970 5000 Vous
3999 4976 4046 5002 ne
4074 4971 4320 5000 retrouverez
4346 4970 4491 5007 jamais
4520 4978 4595 5002 une
4624 4974 4726 5004 offre
4752 4980 4850 5005 sem¬

3826 5011 3964 5040 blable.

3867 5050 3969 5082 Vous
4004 5051 4247 5083 n’achèterez
4278 5050 4422 5089 jamais
4455 5052 4539 5083 rien
4573 5052 4719 5086 d’aussi
4755 5054 4850 5084 utile

3823 5091 3847 5122 à
3872 5098 3923 5122 un
3951 5092 4036 5127 prix
4061 5094 4168 5123 aussi
4198 5094 4392 5131 modique.

3868 5132 4072 5164 D’ailleurs
4103 5140 4198 5166 vous
4228 5141 4275 5165 ne
4304 5134 4459 5171 risquez
4488 5134 4586 5171 rien,
4616 5142 4731 5172 parce
4760 5142 4848 5174 que,

3824 5174 3941 5207 chose
3963 5174 4110 5211 unique
4130 5176 4166 5206 et
4188 5175 4472 5212 merveilleuse,
4495 5176 4647 5214 chaque
4669 5176 4850 5210 méthode

3823 5216 3880 5246 est
3906 5216 4195 5254 accompagnée
4220 5216 4311 5246 d’un
4339 5217 4412 5247 bon
4439 5218 4486 5248 de
4512 5218 4850 5259 remboursement

3826 5255 4006 5292 intégral.

3866 5295 3967 5327 Nous
3995 5303 4093 5327 vous
4122 5302 4347 5333 engageons
4376 5299 4477 5331 donc
4505 5300 4530 5332 à
4556 5306 4604 5334 en
4633 5300 4848 5334 demander

3825 5344 3875 5368 un
3900 5345 3998 5375 pour
4020 5338 4274 5375 aujourd’hui
4300 5339 4438 5372 même.

4212 5417 4266 5453 Le
4298 5419 4452 5455 Jerant
4483 5430 4491 5454 :
4520 5419 4772 5456 ROUSSEL.

3871 5499 4134 5540 Imprimerie
4163 5498 4344 5542 spéciale
4372 5499 4427 5534 du
4460 5498 4576 5535 Trait
4604 5499 4795 5536 d'Union.

3101 5633 3421 5700 BULLE
3429 5634 3591 5700 TIN
3679 5635 4103 5705 D’ABONN
4121 5639 4471 5705 EMENT

2811 5768 2860 5808 Je
2895 5772 3102 5823 soussigné
3138 5770 3292 5813 déclare
3326 5775 3527 5814 souscrire
3562 5775 3587 5812 à
3626 5786 3683 5813 un
3720 5773 3988 5818 abonnement
4026 5778 4074 5818 de
4118 5778 4234 5817 trois
4284 5778 4403 5816 mois
4446 5791 4501 5819 au
4543 5779 4727 5820 Journal
4764 5778 4792 5820 U

2759 5844 3188 5895 TRAIT-D’UNION,
3214 5855 3318 5895 pour
3338 5844 3377 5884 la
3398 5855 3547 5886 somme
3565 5842 3611 5883 de
3628 5855 3727 5883 onze
3747 5844 3902 5895 francs.

2814 5947 2919 5988 Nom
2942 5951 2982 5987 et
3006 5948 4635 5999 profession...—..—.—.-...

3340 6132 3932 6179 .-...,
3958 6132 3991 6171 le
3996 6152 4571 6164 .-----.-.-.-.
4578 6134 4626 6174 19

2758 6223 2922 6259 Libellé
2951 6224 3004 6260 de
3033 6223 3272 6262 l’Annonce
3300 6227 3324 6262 à
3354 6225 3524 6266 insérer
4264 6226 4520 6270 Signature,

2754 6593 2992 6634 Détacher
3022 6604 3075 6634 ce
3107 6594 3206 6635 Bon
3239 6600 3284 6635 et
3314 6595 3568 6644 l’envoyer
3590 6592 3615 6632 à
3646 6597 3707 6635 M.
3743 6599 3788 6639 J,
3828 6595 3990 6635 BACH
4027 6606 4144 6635 avec
4180 6596 4226 6635 le
4266 6599 4482 6635 montant
4513 6594 4571 6638 4e
4611 6594 4786 6639 l’abon¬

3138 6652 3344 6695 nement,
3378 6658 3435 6686 en
3466 6648 3565 6686 Bon
3598 6647 3655 6687 de
3684 6655 3838 6700 poste,
3870 6647 4062 6687 Mandat
4091 6660 4151 6690 ou
4183 6649 4422 6690 Timbres,
