5184 7165
2452 439 2524 476 LE
2555 439 2743 480 TRAIT
2768 443 3017 486 D'UNION

604 535 724 574 6219.
756 531 1079 572 Deux-Sèvres.
1107 534 1160 570 —
1190 530 1472 579 Demoiselle,
1528 530 1579 567 32

552 603 648 644 ans,
675 593 824 633 bonne
847 591 1038 640 famille,
1062 592 1196 642 goûts
1219 590 1422 642 simples,
1446 600 1579 640 gran¬

551 652 620 700 de,
658 654 817 700 brune,
880 651 1018 702 ayant
1050 650 1280 703 situation,
1343 647 1578 690 désirerait

548 712 876 763 correspondre
902 722 1008 752 avec
1060 708 1294 751 monsieur
1320 707 1375 748 de
1399 708 1450 747 35
1475 706 1502 747 à
1526 708 1576 746 45

550 783 646 820 ans,
675 770 1007 811 fonctionnaire
1034 770 1088 810 de
1113 768 1390 820 préférence.

602 847 719 888 6225.
754 846 1143 887 Haute-Garonne.
1168 867 1223 872 —
1250 844 1390 883 Dame
1415 850 1572 887 veuve,

549 906 731 954 blonde,
774 907 826 945 45
850 916 946 953 ans,
987 902 1215 954 physique
1255 899 1480 952 agréable,
1507 911 1576 939 ca¬

549 966 719 1006 ractère
746 964 867 1004 doux
894 963 936 1003 et
963 962 1232 1010 affectueux,
1263 960 1400 1011 ayant
1426 970 1482 1001 eu
1510 970 1575 998 re¬

548 1035 664 1072 vers,
694 1023 938 1074 possédant
991 1020 1151 1072 petites
1203 1018 1473 1067 économies,
1503 1019 1575 1058 de¬

550 1083 716 1124 mande
742 1082 946 1130 mariage
970 1092 1029 1120 ou
1055 1079 1183 1131 place
1210 1079 1267 1119 de
1291 1088 1575 1130 gouvernan¬

548 1143 590 1183 te
623 1143 731 1183 chez
765 1139 998 1181 monsieur
1031 1150 1090 1179 ou
1123 1139 1256 1179 dame
1290 1136 1427 1178 seule.
1464 1136 1575 1176 Très

550 1200 743 1240 sérieux.
1348 1245 1491 1264 _

602 1276 720 1319 6226.
750 1276 993 1316 Toulouse.
1019 1298 1074 1304 —
1102 1272 1370 1315 Demoiselle
1396 1274 1448 1312 45
1475 1282 1571 1319 ans,

548 1336 686 1383 seule,
715 1331 864 1376 bonne
916 1334 1264 1383 commerçante,
1320 1331 1459 1384 petite
1482 1331 1571 1378 dot,

549 1394 695 1436 désire
720 1394 911 1443 épouser
937 1391 1171 1435 monsieur
1195 1392 1251 1434 de
1275 1393 1326 1431 50
1350 1391 1376 1431 à
1399 1392 1451 1431 55
1476 1400 1572 1437 ans,

547 1454 670 1500 veuf,
702 1464 808 1495 sans
835 1452 1016 1495 enfants
1044 1463 1103 1494 ou
1131 1450 1406 1499 célibataire,
1438 1448 1575 1501 ayant

548 1510 780 1553 situation.

600 1589 720 1629 6227.
755 1588 999 1630 Toulouse.
1032 1610 1087 1616 —
1122 1586 1391 1627 Demoiselle
1439 1586 1575 1626 abon¬

548 1647 630 1690 née
655 1659 763 1687 sans
787 1658 1004 1687 annonce.

602 1726 720 1764 6229.
759 1725 1011 1764 Bordeaux.
1070 1726 1125 1762 —
1184 1720 1467 1770 Demoiselle,
1524 1723 1575 1760 45

549 1795 646 1832 ans,
675 1783 823 1832 noble,
852 1783 1050 1832 grandes
1075 1783 1285 1834 qualités,
1314 1782 1418 1823 bien
1446 1782 1500 1822 de
1527 1790 1578 1820 sa

550 1853 787 1892 personne,
818 1843 968 1883 bonne
995 1842 1294 1891 musicienne,
1324 1842 1402 1882 dot
1427 1842 1576 1880 22.000

549 1902 605 1941 fr.
638 1903 726 1942 bon
758 1902 999 1950 caractère,
1057 1901 1315 1952 épouserait
1342 1899 1576 1939 monsieur

550 1962 630 2011 âge
658 1960 834 2008 assorti,
864 1960 1139 2010 catholique,
1170 1959 1272 2000 titré
1300 1972 1359 2000 ou
1387 1959 1443 2000 de
1470 1959 1576 1998 bon¬

550 2032 604 2062 ne
632 2019 823 2066 famille,
852 2018 1114 2063 célibataire
1139 2031 1198 2059 ou
1223 2018 1332 2059 veuf
1359 2018 1496 2068 ayant
1522 2024 1578 2058 si¬

548 2079 739 2120 tuation.

600 2154 719 2195 6231.
758 2154 1011 2195 Bordeaux.
1066 2156 1122 2192 —
1182 2154 1464 2200 Demoiselle,
1526 2154 1578 2192 28

550 2226 646 2263 ans,
704 2214 979 2263 catholique,
1037 2214 1142 2254 bien
1172 2214 1336 2262 élevée,
1392 2211 1575 2260 blonde,

546 2273 747 2323 gentille,
782 2274 1071 2321 affectueuse,
1106 2274 1243 2323 ayant
1273 2271 1411 2324 petite
1442 2272 1577 2312 situa¬

548 2331 658 2380 tion,
714 2331 972 2381 épouserait
1024 2332 1262 2372 monsieur
1314 2332 1371 2372 de
1395 2332 1448 2371 30
1474 2333 1500 2370 à
1526 2331 1578 2370 35

547 2402 644 2438 ans,
680 2390 1014 2432 fonctionnaire
1045 2403 1104 2434 ou
1138 2392 1347 2442 employé
1379 2389 1576 2437 sérieux,

547 2450 787 2491 Bordeaux
811 2449 866 2490 de
887 2450 1167 2500 préférence.

603 2527 663 2568 Ne
690 2526 898 2566 déchirez
923 2538 1004 2576 pas
1028 2538 1075 2567 ce
1100 2527 1302 2577 journal.
1334 2527 1575 2567 Donnez-le

544 2585 572 2626 à
593 2596 671 2628 vos
694 2585 826 2626 amis.

598 2674 715 2714 6233.
746 2675 987 2716 Toulouse.
1018 2675 1071 2714 —
1100 2675 1372 2716 Demoiselle
1398 2675 1450 2713 29
1476 2684 1574 2720 ans,

543 2734 681 2783 ayant
710 2743 977 2775 commerce.
1011 2734 1130 2775 Jolie
1161 2735 1394 2782 situation,
1429 2732 1577 2774 désire

543 2792 744 2845 mariage
771 2803 878 2834 avec
903 2793 1163 2835 célibataire
1190 2795 1244 2835 de
1270 2795 1322 2834 30
1348 2794 1374 2834 à
1399 2794 1450 2833 35
1476 2804 1572 2840 ans,

543 2851 890 2902 fonctionnaire,
950 2864 1179 2904 voyageur
1239 2866 1296 2895 ou
1356 2863 1575 2894 commer¬

542 2912 658 2960 çant.

592 2979 711 3024 6238.
738 2984 1008 3026 Sud-Ouest.
1030 2986 1085 3024 —
1108 2986 1380 3026 Demoiselle
1402 2986 1454 3024 34
1475 2996 1571 3032 ans,

540 3040 874 3086 fonctionnaire
907 3044 1023 3094 Etat,
1060 3044 1324 3084 traitement
1356 3046 1480 3084 2.500
1515 3043 1571 3082 fr.

539 3111 646 3142 avec
670 3104 982 3152 avancement,
1007 3104 1255 3146 excellente
1298 3104 1440 3152 santé,
1484 3103 1574 3142 ins¬

539 3160 688 3210 truite,
712 3163 844 3212 goûts
866 3162 1068 3215 simples,
1096 3163 1266 3204 femme
1290 3163 1570 3210 d’intérieur,

536 3220 750 3262 conduite
778 3222 1132 3274 irréprochable,
1163 3222 1313 3264 désire
1368 3222 1572 3271 mariage

535 3278 642 3319 civil
670 3291 776 3320 avec
802 3280 1038 3322 Monsieur
1064 3282 1336 3332 intelligent,
1368 3280 1567 3328 instruit,

536 3339 627 3382 très
655 3339 848 3388 sérieux,
880 3339 1097 3381 situation
1130 3340 1428 3392 équivalente.

587 3426 707 3464 6241.
736 3425 938 3466 Hérault.
961 3428 1016 3466 —
1043 3428 1184 3467 Dame
1207 3438 1366 3475 veuve,
1395 3428 1446 3466 40
1471 3437 1566 3474 ans,

535 3483 808 3535 catholique,
838 3486 976 3535 ayant
1002 3484 1198 3534 fortune,
1228 3486 1376 3527 désire
1404 3484 1569 3526 maria¬

533 3555 588 3594 ge
618 3555 726 3584 avec
758 3544 992 3585 monsieur
1023 3544 1145 3594 bien,
1180 3547 1320 3595 ayant
1352 3544 1568 3586 brillante

534 3600 748 3643 situation
782 3603 895 3643 dans
928 3603 971 3643 la
1004 3604 1328 3655 magistrature
1360 3616 1419 3643 ou
1452 3604 1568 3644 dans

526 3662 731 3703 Tannée.
761 3662 871 3703 Très
898 3663 1092 3703 sérieux.

586 3740 704 3779 6248.
735 3739 1168 3779 Tarn-et-Garonne.
1197 3764 1251 3768 —
1277 3743 1422 3782 Jeune
1450 3739 1563 3787 fille,

532 3799 584 3837 22
608 3808 704 3846 ans,
734 3796 827 3840 fille
851 3799 907 3839 de
931 3799 1254 3850 commerçant,
1286 3799 1423 3851 ayant
1450 3799 1566 3839 belle

532 3856 763 3904 situation,
793 3858 952 3906 brune,
983 3858 1210 3908 physique
1236 3858 1464 3909 agréable,
1495 3870 1566 3898 ex¬

531 3915 719 3956 cellente
743 3916 884 3964 santé,
910 3916 1135 3959 caractère
1158 3919 1250 3959 très
1271 3919 1344 3968 gai
1367 3918 1412 3958 et
1432 3918 1564 3959 affec¬

530 3975 683 4023 tueux,
718 3976 852 4024 goûts
880 3975 1083 4026 simples,
1119 3978 1295 4018 aimant
1327 3977 1560 4023 intérieur,

530 4034 785 4083 épouserait
835 4033 1071 4075 Monsieur
1118 4036 1176 4076 de
1222 4038 1275 4076 27
1298 4036 1324 4076 à
1372 4038 1424 4075 30
1462 4047 1559 4083 ans,

528 4092 662 4141 brun,
693 4095 782 4135 très
808 4094 1002 4143 sérieux,
1048 4096 1277 4136 caractère
1320 4095 1558 4146 analogue,

527 4150 839 4200 désintéressé,
871 4154 1085 4194 situation
1143 4156 1248 4195 sûre
1274 4155 1388 4196 dans
1442 4167 1561 4195 com¬

528 4222 676 4252 merce
703 4223 761 4252 ou
790 4212 1028 4264 industrie,
1060 4214 1275 4256 habitant
1302 4215 1557 4255 Bordeaux.

528 4270 734 4323 Envoyer
756 4272 910 4323 photo.
938 4271 1048 4312 Très
1075 4274 1268 4314 sérieux.

581 4356 716 4395 Aider
736 4366 793 4397 au
816 4355 1092 4398 relèvement
1113 4360 1249 4399 social
1274 4364 1316 4400 et
1338 4362 1480 4400 moral
1506 4360 1558 4399 de

527 4416 568 4454 la
592 4415 746 4455 nation
772 4426 826 4455 en
854 4416 1018 4457 luttant
1043 4422 1196 4459 contre
1224 4420 1262 4459 le
1288 4419 1466 4468 célibat,
1494 4422 1558 4459 fa¬

524 4473 670 4514 ciliter
704 4475 766 4515 les
800 4475 1026 4526 mariages
1060 4487 1142 4525 par
1178 4490 1238 4519 un
1274 4478 1468 4528 système
1504 4479 1558 4518 de

523 4535 636 4573 mise
655 4543 709 4572 en
731 4535 920 4575 relation
943 4535 1123 4575 sérieux
1144 4540 1187 4577 et
1207 4538 1390 4579 discret:
1410 4540 1468 4579 tel
1491 4542 1558 4580 est

526 4593 562 4632 le
585 4592 666 4634 but
687 4594 740 4634 de
764 4594 805 4634 la
830 4595 1071 4635 Direction.

571 4683 689 4720 6249.
726 4683 875 4724 Veuve
934 4683 1153 4724 d’officier
1216 4686 1468 4736 supérieur,
1504 4688 1550 4726 41

518 4751 615 4789 ans,
646 4740 762 4782 belle
791 4741 974 4792 femme,
1023 4743 1296 4795 distinguée,
1327 4747 1553 4788 caractère

518 4799 638 4839 doux
686 4800 728 4839 et
774 4800 1046 4848 affectueux,
1096 4804 1346 4846 excellente
1394 4806 1554 4847 éduca¬

516 4856 627 4907 tion,
655 4859 766 4909 goût
791 4859 996 4911 simples,
1027 4863 1168 4912 ayant
1194 4874 1391 4904 revenus
1419 4865 1461 4905 et
1488 4878 1553 4906 es¬

516 4915 734 4966 pérances
755 4918 844 4959 très
868 4919 1010 4968 sûres,
1036 4923 1297 4970 épouserait
1318 4924 1552 4964 monsieur

515 4974 708 5020 sérieux,
755 4976 939 5018 homme
966 4979 1021 5020 de
1064 4990 1204 5030 cœur,
1235 4983 1374 5032 ayant
1415 4984 1552 5024 situa¬

514 5032 622 5074 tion.
652 5035 746 5083 Age
770 5034 1046 5079 indifférent.

566 5110 684 5151 6250.
715 5111 895 5151 Nantes.
920 5135 975 5141 —
1000 5114 1155 5158 Veuve
1196 5116 1251 5159 de
1294 5118 1547 5168 magistrat,

513 5170 563 5207 48
587 5180 682 5218 ans,
708 5168 932 5219 instruite,
959 5174 1232 5225 distinguée,
1259 5178 1387 5218 santé
1410 5183 1551 5219 excel¬

512 5227 644 5276 lente,
677 5228 837 5278 petites
866 5231 1029 5282 rentes,
1063 5236 1202 5284 ayant
1230 5237 1429 5287 éprouvé
1459 5238 1550 5279 très

510 5287 682 5335 grands
726 5288 955 5339 chagrins,
1006 5292 1267 5343 épouserait
1316 5298 1550 5338 monsieur

511 5346 566 5386 de
591 5347 642 5385 50
666 5347 691 5386 à
716 5349 767 5386 60
792 5360 889 5394 ans,
919 5349 1254 5395 fonctionnaire
1282 5355 1464 5397 retraité
1488 5368 1548 5396 ou

509 5408 818 5455 commerçant
874 5407 1007 5450 retiré
1064 5414 1203 5463 ayant
1262 5415 1459 5467 quelque
1487 5427 1548 5456 ai¬

510 5475 656 5505 sance.

561 5544 678 5584 6252.
745 5544 1015 5591 Sud-Ouest.
1078 5575 1134 5580 —
1198 5554 1547 5595 Fonctionnaire

510 5602 622 5651 Etat,
652 5607 699 5643 31
730 5617 826 5654 ans,
886 5610 1004 5648 1.700
1032 5610 1088 5650 fl*,
1120 5612 1384 5654 traitement
1439 5627 1547 5656 avec

507 5665 817 5714 avancement,
878 5667 1136 5715 épouserait
1187 5672 1420 5714 monsieur
1478 5687 1544 5715 ro¬

507 5720 650 5769 buste,
711 5723 922 5773 honnête,
972 5727 1310 5775 fonctionnaire
1367 5744 1424 5775 ou
1458 5740 1544 5775 tra¬

505 5779 700 5820 vailleur
731 5782 927 5824 instruit.
964 5787 1178 5828 Pourrait
1210 5800 1255 5830 se
1287 5791 1512 5842 déplacer.

558 5858 675 5897 6255.
707 5859 848 5899 Aude.
874 5884 930 5890 —
971 5864 1243 5909 Demoiselle
1298 5868 1436 5917 seule,
1492 5872 1544 5910 48

504 5925 602 5962 ans,
626 5916 842 5958 ancienne
864 5918 1074 5962 noblesse
1098 5923 1154 5963 du
1188 5926 1287 5967 côté
1316 5928 1546 5977 maternel,

504 5967 800 6010 honorabilité
830 5972 1035 6024 parfaite,
1058 5981 1194 6027 ayant
1224 5990 1280 6019 eu
1312 5991 1464 6022 revers
1495 5980 1550 6020 de

503 6020 690 6072 fortune,
734 6023 883 6064 désire
922 6027 1114 6078 épouser
1162 6032 1396 6073 monsieur
1435 6044 1548 6084 pour

504 6073 545 6112 la
564 6075 786 6116 seconder
814 6079 924 6118 dans
954 6092 1033 6120 son
1068 6093 1336 6127 commerce.
1371 6088 1548 6127 Promet

502 6138 676 6178 amour,
702 6128 1000 6174 dévouement
1020 6139 1059 6175 et
1083 6138 1208 6178 soins
1242 6140 1491 6180 affectueux
1523 6143 1547 6180 à

499 6191 581 6219 son
604 6183 731 6223 mari.

551 6258 668 6296 6256.
718 6258 1107 6303 Haute-Garonne.
1152 6291 1207 6295 —
1266 6269 1536 6311 Demoiselle

495 6316 546 6354 24
572 6326 667 6364 ans,
723 6318 1075 6371 irréprochable,
1134 6326 1296 6375 brune,
1328 6331 1345 6367 1
1375 6341 1435 6368 m.
1466 6332 1530 6378 65,

495 6372 572 6412 dot
595 6375 747 6415 10.000
775 6377 848 6426 fr.,
879 6381 1039 6422 autant
1066 6386 1350 6436 espérances,
1382 6388 1531 6430 bonne

494 6431 732 6475 éducation
779 6438 822 6478 et
878 6438 1166 6491 instruction,
1228 6447 1529 6498 musicienne,

488 6492 600 6541 goût
628 6494 830 6546 simples,
864 6498 1032 6542 femme
1064 6503 1347 6555 d’intérieur,
1381 6508 1531 6548 désire

492 6550 694 6602 mariage
739 6554 843 6596 civil
874 6569 983 6600 avec
1023 6561 1163 6610 jeune
1191 6566 1380 6607 homme
1423 6568 1475 6608 27
1504 6567 1531 6607 à

488 6611 540 6650 35
560 6622 656 6659 ans,
682 6616 819 6662 ayant
838 6615 1070 6660 situation.

544 6696 662 6736 6260.
694 6699 945 6741 Bordeaux.
970 6726 1023 6731 —
1050 6706 1323 6751 Demoiselle
1351 6712 1402 6751 35
1427 6722 1524 6759 ans,

488 6752 591 6792 bien
624 6756 787 6803 élevée,
836 6763 1060 6805 caractère
1111 6768 1386 6821 affectueux,
1422 6768 1524 6823 apte

1660 539 1718 568 au
1744 539 2010 576 commerce,
2039 533 2229 573 sachant
2252 533 2423 582 diriger
2450 532 2682 583 intérieur,

1658 587 1793 636 goûts
1819 588 2020 639 simples,
2068 591 2327 640 épouserait
2367 594 2600 634 monsieur
2629 595 2684 634 de

1658 647 1707 684 35
1732 646 1758 686 à
1783 650 1834 687 45
1859 659 1955 697 ans,
2011 651 2147 698 ayant
2172 652 2387 692 situation
2442 654 2484 692 et
2508 651 2683 692 aimant

1658 706 1727 746 vie
1756 705 1811 746 de
1839 706 2028 748 famille.
2060 709 2170 750 Très
2198 711 2391 751 sérieux.

1710 783 1830 822 6264.
1860 783 2102 826 Toulouse.
2131 811 2186 815 —
2215 787 2483 830 Demoiselle
2511 790 2565 830 de
2594 790 2683 830 très

1659 841 1807 884 bonne
1838 842 2026 890 famille,
2058 843 2163 886 bien
2193 858 2298 888 sous
2326 847 2426 887 tous
2456 849 2679 899 rapports,

1659 900 1910 950 orpheline,
1936 903 2012 943 dot
2036 906 2211 944 300.000
2236 906 2402 954 francs,
2428 907 2685 958 épouserait

1659 960 1892 1002 monsieur
1913 962 1966 1002 de
1987 964 2039 1002 40
2059 962 2084 1002 à
2103 966 2155 1003 50
2176 975 2272 1011 ans,
2299 966 2384 1006 bon
2407 966 2679 1017 catholique,

1660 1020 1795 1067 ayant
1819 1019 2050 1062 situation.

1711 1079 1831 1118 6265.
1868 1080 2258 1123 Haute-Garonne.
2290 1107 2344 1111 —
2376 1086 2516 1126 Dame
2547 1086 2684 1126 abon¬

1659 1138 1739 1176 née
1766 1148 1870 1178 sans
1896 1150 2114 1181 annonce.

1721 1344 2135 1417 PENSÉES
2199 1348 2627 1420 INÉDITES

1702 1512 1802 1546 Sous
1830 1522 1872 1547 ce
1898 1515 1999 1554 titre,
2031 1524 2132 1550 nous
2160 1518 2343 1551 insérons
2371 1520 2687 1556 gracieusement

1662 1551 1731 1584 des
1760 1554 1927 1592 phrases
1956 1558 2124 1595 courtes,
2157 1551 2429 1596 personnelles
2460 1560 2496 1591 et
2527 1562 2687 1600 n’ayant

1660 1592 1806 1631 jamais
1835 1594 1895 1626 été
1924 1595 2115 1635 publiées.

1714 1662 1924 1704 L’amour
1947 1666 2015 1707 est
2038 1678 2127 1707 une
2151 1667 2304 1717 plante
2330 1670 2407 1719 qui
2434 1680 2460 1708 a
2483 1680 2552 1711 ses
2576 1680 2686 1710 raci¬

1661 1732 1740 1763 nes
1762 1722 1877 1763 dans
1897 1723 1936 1764 le
1960 1736 2099 1764 cœur.
2127 1726 2172 1765 Si
2196 1727 2236 1766 le
2259 1738 2383 1767 cœur
2406 1739 2451 1768 se
2474 1728 2684 1769 dessèche

1660 1780 1703 1820 la
1728 1781 1880 1831 plante
1907 1784 2071 1832 meurt;
2097 1787 2134 1826 si
2159 1784 2199 1826 le
2223 1797 2347 1827 cœur
2372 1788 2487 1828 reste
2511 1786 2682 1836 vivant,

1661 1839 1704 1880 la
1727 1841 1880 1890 plante
1904 1843 2168 1892 s’épanouit.
2196 1846 2320 1886 Celui
2347 1847 2424 1896 qui
2448 1847 2566 1887 aime
2587 1848 2687 1899 plu¬

1660 1899 1806 1940 sieurs
1829 1900 1916 1940 fois
1939 1902 2051 1943 n’est
2074 1914 2155 1952 pas
2179 1906 2414 1955 coupable.
2442 1906 2611 1955 Aimer,
2637 1918 2687 1947 ce

1662 1958 1774 1999 n’est
1795 1972 1876 2010 pas
1898 1962 2112 2010 profaner
2135 1964 2175 2003 le
2198 1964 2411 2004 souvenir
2434 1966 2567 2006 d’une
2590 1976 2686 2016 pre¬

1662 2018 1802 2060 mière
1854 2018 2086 2066 affection;
2112 2022 2218 2062 c’est
2267 2023 2392 2063 obéir
2416 2023 2442 2064 à
2467 2036 2528 2064 un
2554 2026 2687 2066 senti¬

1663 2079 1787 2118 ment
1821 2081 1900 2128 qui
1934 2081 2080 2131 prend
2113 2080 2349 2123 naissance
2382 2095 2473 2124 aux
2506 2095 2687 2126 sources

1663 2136 1811 2178 même
1832 2138 1887 2178 de
1910 2138 1955 2178 la
1973 2139 2058 2179 vie.

1716 2279 1920 2321 L’amitié
1942 2282 2048 2322 d’un
2074 2282 2256 2323 homme
2278 2284 2320 2324 et
2343 2284 2476 2326 d’une
2501 2286 2683 2335 femme,

1663 2339 1764 2379 c’est
1790 2340 1844 2380 de
1872 2340 2064 2383 l’amour
2092 2342 2291 2392 déguisé.

1718 2483 1958 2534 Beaucoup
1986 2484 2211 2527 d’amitiés
2244 2499 2251 2526 :
2280 2488 2551 2539 sympathie.

1716 2542 1958 2594 Beaucoup
1980 2544 2211 2586 d’amours
2239 2559 2246 2586 :
2270 2558 2529 2599 mensonge.

1717 2684 1951 2728 Plusieurs
1978 2686 2157 2731 amitiés
2183 2688 2337 2731 vivent
2363 2702 2418 2730 en
2446 2690 2595 2732 bonne
2622 2690 2686 2731 in¬

1661 2744 1910 2793 telligence.
1950 2747 2187 2790 Plusieurs
2220 2761 2403 2792 amours
2438 2763 2483 2791 se
2518 2750 2684 2791 détrui¬

1660 2804 1771 2843 sent.

1715 2935 1924 2977 L’amour
1956 2938 2024 2978 est
2054 2950 2114 2978 un
2149 2940 2462 2991 passe-temps,
2498 2942 2683 2982 l’amitié

1659 3006 1747 3034 une
1772 2995 2067 3036 consolation.

1735 3232 2052 3310 ABONNÉS
2111 3245 2196 3311 ET
2255 3244 2602 3315 LECTEURS

1975 3339 2106 3381 Lisez
2135 3342 2244 3382 bien
2274 3342 2372 3383 eeci

1709 3427 1851 3468 Toute
1875 3439 2099 3478 personne
2122 3431 2200 3480 qui
2226 3442 2471 3482 procurera
2492 3434 2519 3474 à
2542 3434 2586 3473 la
2608 3432 2682 3473 Di¬

1658 3485 1826 3526 rection
1851 3487 1968 3528 deux
1995 3487 2195 3530 abonnés
2218 3500 2474 3540 nouveaux,
2499 3492 2683 3544 n’ayant

1653 3544 1820 3593 jamais
1838 3546 1907 3585 été
1927 3546 2111 3588 inscrits
2130 3548 2177 3587 ni
2198 3548 2224 3587 à
2244 3548 2290 3588 la
2312 3551 2483 3598 Rapide
2504 3552 2681 3600 Agence

1654 3602 1700 3642 ni
1728 3605 1787 3644 au
1814 3605 1942 3644 Trait
1969 3606 1996 3644 cl
2021 3607 2184 3655 Union,
2215 3618 2328 3647 aura
2355 3608 2475 3651 droit
2506 3622 2514 3648 :
2542 3610 2627 3651 soit
2654 3610 2680 3651 à

1667 3671 1756 3701 une
1815 3662 2132 3714 prolongation
2195 3664 2548 3708 d’abonnement
2604 3669 2661 3710 de

1670 3720 1787 3762 deux
1815 3722 1946 3772 mois,
1975 3723 2062 3764 soit
2086 3723 2114 3764 à
2139 3736 2202 3766 un
2229 3725 2536 3777 abonnement
2559 3738 2659 3777 gra¬

1666 3779 1754 3823 tuit
1779 3780 1835 3823 de
1861 3782 2010 3824 même
2035 3783 2188 3824 durée.

1696 3875 1748 3882 --
1780 3856 1902 3895 Tous
1935 3867 2020 3899 nos
2048 3858 2259 3899 abonnés
2287 3863 2396 3900 sont
2421 3860 2551 3911 priés
2582 3862 2680 3902 d’a¬

1643 3916 1834 3959 dresser
1867 3919 2035 3960 lettres
2064 3922 2111 3961 et
2144 3922 2492 3970 observations,
2526 3932 2618 3964 non
2647 3923 2675 3964 à

1643 3978 1692 4018 la
1763 3979 1939 4028 Rapide
1970 3983 2151 4028 Agence
2240 3984 2360 4024 niais
2384 3994 2446 4026 au
2472 3986 2674 4035 journal

1643 4040 1707 4080 du
1727 4054 1755 4076 «
1776 4041 1911 4083 Trait
1934 4043 2133 4086 d’Union
2157 4059 2204 4092 w,
2232 4046 2304 4095 26,
2323 4056 2411 4087 rue
2437 4047 2671 4096 d’Asiorg,

1643 4103 1890 4144 Toulouse.

1826 4185 1907 4226 Les
1926 4185 2130 4228 bureaux
2152 4188 2212 4228 du
2234 4190 2415 4229 TRAIT
2439 4191 2671 4232 D’UNION

1646 4256 1700 4284 ne
1722 4250 1824 4286 sont
1847 4252 2029 4288 ouverts
2052 4259 2138 4298 que
2163 4251 2474 4300 l’après-midi,
2502 4254 2555 4292 de
2578 4255 2602 4294 2
2624 4254 2670 4292 h.

1644 4305 1670 4346 à
1690 4310 1712 4346 5
1735 4308 1912 4356 heures,
1936 4311 2000 4358 26,
2025 4320 2104 4351 rue
2127 4311 2350 4362 d’Astorg.

1831 4390 1954 4428 Tous
1984 4390 2047 4430 les
2075 4391 2464 4439 renseignements
2494 4403 2670 4434 concer¬

1644 4451 1755 4487 nant
1788 4450 1830 4490 la
1863 4451 2174 4492 combinaison
2208 4452 2424 4502 mariage,
2462 4455 2524 4495 les
2559 4455 2670 4496 loca¬

1643 4508 1776 4558 tions,
1834 4511 1990 4559 offies,
2048 4512 2296 4555 demandes
2324 4518 2366 4554 et
2395 4516 2492 4556 avis
2520 4516 2670 4558 divers

1642 4574 1743 4610 sont
1774 4571 1947 4612 donnés
1976 4575 2302 4622 gratuitement
2332 4576 2447 4619 dans
2478 4587 2560 4618 nos
2590 4579 2669 4620 bu¬

1643 4643 1797 4681 reaux,
1830 4634 2142 4684 l’après-midi,
2174 4638 2227 4677 de
2255 4639 2279 4677 2
2308 4639 2352 4678 h.
2382 4638 2408 4679 à
2436 4643 2460 4679 5
2488 4640 2666 4690 heures,

1643 4695 1707 4740 26,
1735 4704 1814 4735 rue
1841 4695 2063 4746 d’Astorg,
2090 4698 2334 4739 Toulouse.

1690 5147 1748 5188 Le
1771 5147 2004 5191 Directeur
2027 5151 2094 5191 est
2113 5152 2318 5195 heureux
2340 5152 2614 5197 d’annoncer
2636 5156 2662 5198 à

1634 5216 1704 5247 ses
1727 5207 1930 5251 abonnés
1953 5210 2065 5260 qu’il
2079 5222 2105 5251 a
2120 5224 2177 5252 eu
2190 5211 2235 5252 la
2248 5212 2398 5254 bonne
2411 5214 2593 5256 fortune
2606 5216 2663 5257 de

1634 5266 1851 5308 s’assurer
1892 5267 1935 5311 le
1975 5281 2195 5312 concours
2220 5271 2276 5313 de
2300 5271 2536 5314 l’éminent
2560 5286 2660 5327 pro¬

1635 5324 1809 5368 fesseur
1854 5328 1908 5368 de
1958 5330 2274 5382 Graphologie,
2326 5332 2374 5373 G.
2408 5333 2658 5383 Lefranck,

1632 5384 1712 5435 qui
1736 5387 1844 5427 veut
1866 5387 1971 5430 bien
1995 5388 2158 5430 mettre
2182 5402 2232 5430 sa
2255 5391 2430 5435 science
2453 5392 2480 5432 à
2503 5392 2547 5433 la
2571 5394 2657 5437 dis¬

1632 5444 1810 5495 postion
1835 5446 1914 5488 des
1938 5448 2131 5491 lecteurs
2155 5450 2216 5491 du
2242 5450 2370 5492 Trait
2392 5451 2603 5494 d’Union.

1685 5504 1914 5547 Personne
1939 5508 2142 5558 n’ignore
2164 5510 2230 5550 les
2243 5511 2436 5552 services
2450 5523 2538 5563 que
2551 5512 2661 5562 peut

1631 5563 1794 5608 rendre
1846 5578 1935 5608 une
1976 5567 2110 5608 étude
2150 5570 2511 5623 graphologique
2553 5571 2655 5613 bien

1631 5622 1752 5663 faite.
1776 5624 2011 5677 L’analyse
2032 5627 2087 5667 de
2107 5628 2332 5671 l’écriture
2352 5631 2499 5672 révèle
2520 5630 2564 5671 la
2584 5643 2657 5672 va¬

1631 5680 1728 5722 leur
1772 5682 1932 5727 intime
1959 5686 2015 5728 de
2043 5686 2302 5739 l’individu,
2331 5698 2403 5730 ses
2430 5690 2658 5740 aptitudes

1631 5740 1974 5787 intellectuelles
1998 5746 2041 5787 et
2064 5747 2274 5789 morales.

1682 5800 1779 5841 Non
1807 5802 2060 5846 seulement
2086 5805 2116 5846 il
2144 5807 2210 5848 est
2235 5807 2507 5851 intéressant
2530 5808 2584 5851 de
2610 5820 2655 5851 se

1627 5858 1732 5899 bien
1755 5863 1989 5905 connaître
2011 5866 2265 5916 soi-même;
2287 5867 2405 5910 mais
2429 5869 2460 5911 il
2483 5869 2551 5910 est
2571 5868 2656 5911 uti¬

1627 5916 1668 5960 le
1710 5919 1752 5959 et
1794 5922 1992 5972 prudent
2034 5924 2256 5966 d’étudier
2299 5938 2412 5968 ceux
2440 5936 2547 5968 avec
2574 5927 2655 5969 les¬

1626 5976 1756 6028 quels
1792 5991 1848 6020 on
1870 5980 2016 6024 désire
2038 5984 2190 6026 entrer
2211 5996 2264 6027 en
2287 5986 2477 6028 relation
2499 5986 2655 6028 d’inté¬

1624 6038 1692 6078 rêt
1711 6050 1769 6079 ou
1790 6040 1844 6080 de
1865 6042 2125 6085 sentiment.

1679 6096 1736 6136 Le
1758 6098 2018 6148 professeur
2038 6102 2263 6144 Lefranck
2287 6103 2396 6147 dont
2416 6116 2531 6148 nous
2551 6118 2654 6148 con¬

1624 6154 1832 6199 naissons
1860 6159 1904 6199 la
1933 6161 2082 6202 sûreté
2127 6163 2182 6204 de
2226 6163 2495 6215 diagnostic,
2526 6166 2651 6208 satis-

1623 6212 1740 6254 faira
1763 6218 2104 6270 certainement,
2132 6222 2198 6263 les
2222 6221 2327 6273 plus
2351 6222 2579 6266 difficiles.

1678 6283 1943 6328 Conditions
2000 6287 2134 6331 faites
2191 6303 2280 6332 aux
2339 6291 2531 6334 lecteurs
2587 6295 2647 6335 du

1623 6342 1747 6382 Trait
1771 6345 1967 6387 d’Union
1995 6360 2004 6387 :

1622 6419 1744 6460 Dans
1775 6421 1815 6462 le
1846 6422 2027 6471 journal
2068 6458 2479 6471 .
2544 6432 2568 6469 0
2598 6434 2647 6472 50

1623 6496 1711 6535 Par
1741 6497 1868 6540 lettre
1903 6513 1911 6540 :
1943 6502 2139 6543 Portrait
2176 6534 2480 6547 .
2544 6510 2569 6545 3
2596 6512 2648 6548 00

1621 6572 1707 6613 Par
1734 6574 1863 6618 lettre
1894 6591 1902 6618 :
1930 6579 2127 6630 Analyse
2182 6582 2390 6625 détaillée
2444 6584 2487 6623 et

1672 6635 1893 6684 complète
1932 6651 1940 6677 :
1982 6670 2475 6683 .
2539 6646 2564 6682 5
2592 6648 2644 6684 00

1667 6710 1918 6755 S’adresser
1952 6728 2010 6756 au
2048 6718 2283 6760 Directeur
2316 6731 2371 6760 en
2407 6732 2638 6775 accompa¬

1616 6773 1758 6818 gnant
1780 6784 1828 6814 sa
1852 6773 2075 6818 demande
2099 6779 2207 6819 d’un
2231 6779 2319 6820 bon
2343 6780 2398 6820 de
2421 6783 2559 6831 poste.

2823 550 3064 598 Dépaysée.
3088 578 3143 583 —
3166 555 3234 595 Un
3260 568 3383 598 cœur
3407 560 3557 602 chaud
3580 574 3638 603 au
3662 563 3791 613 point

2765 609 2819 650 de
2847 622 3102 663 provoquer
3130 615 3175 655 la
3202 615 3351 656 fusion
3381 619 3487 659 d’un
3518 619 3708 672 iceberg,
3735 646 3791 652 —

2767 680 2854 710 une
2888 670 3176 719 intelligence
3207 675 3296 716 très
3328 678 3479 727 claire,
3516 680 3788 732 développée

2766 739 2847 775 par
2872 740 2962 770 une
2987 732 3231 774 excellente
3259 736 3527 778 instruction
3553 740 3787 791 primaire,

2763 809 2817 814 —
2842 800 2903 827 un
2930 791 3154 832 caractère
3179 792 3301 834 doux
3327 796 3368 835 et
3394 798 3582 846 soumis,
3611 799 3686 850 n’y
3711 802 3789 841 a-t-

2767 845 2795 884 il
2826 858 2906 895 pas
2935 848 2992 896 là,
3023 851 3280 902 messieurs,
3311 855 3366 895 de
3394 856 3499 905 quoi
3528 858 3683 898 attiser
3710 871 3788 900 vos

2767 904 2910 946 désirs
2944 908 3303 952 matrimoniaux
3335 915 3354 951 ?
3387 914 3484 956 Une
3519 916 3788 968 regrettable

2767 963 2978 1007 faiblesse
2999 967 3054 1007 de
3075 969 3268 1020 volonté,
3294 984 3354 1012 un
3379 985 3466 1023 peu
3490 975 3544 1015 de
3566 977 3788 1027 coquette¬

2767 1022 2844 1071 rie,
2875 1036 2964 1067 une
2991 1027 3144 1074 pointe
3171 1029 3405 1082 d’orgueil,
3436 1047 3496 1075 un
3527 1047 3606 1076 sou
3635 1036 3690 1076 de
3716 1050 3790 1078 va¬

2767 1082 2872 1130 nité,
2901 1083 3010 1126 trois
3035 1098 3141 1127 sous
3165 1088 3447 1140 d’ambition,
3477 1106 3567 1135 une
3592 1095 3791 1137 aimable

2768 1140 3011 1192 franchise,
3036 1158 3095 1185 un
3119 1159 3317 1199 soupçon
3339 1151 3394 1191 de
3414 1153 3604 1203 naïveté,
3629 1155 3671 1195 et
3691 1167 3791 1204 par¬

2767 1200 2926 1243 dessus
2951 1203 3046 1243 tout
3070 1204 3166 1246 cela
3188 1219 3276 1249 une
3302 1210 3435 1251 bonté
3460 1212 3643 1254 réelle...
3671 1214 3791 1255 voilà

2767 1271 2883 1310 pour
2907 1263 3154 1312 compléter
3178 1279 3283 1307 mon
3311 1270 3506 1320 croquis.

3330 1328 3377 1367 G.
3410 1328 3735 1372 LEFRANCK.

2800 1499 3056 1553 Lettres
3098 1500 3176 1554 de
3216 1502 3762 1559 Remerciements

2822 1686 2880 1727 Le
2900 1686 3035 1727 cadre
3055 1686 3110 1727 de
3131 1686 3258 1727 notre
3279 1686 3462 1736 journal
3484 1698 3539 1727 ne
3560 1698 3675 1727 nous
3695 1698 3792 1738 per¬

2768 1746 2961 1787 mettant
2982 1756 3064 1796 pas
3114 1744 3332 1787 d’insérer
3381 1745 3447 1787 les
3497 1746 3794 1787 nombreuses

2768 1805 2922 1846 lettres
2954 1805 3008 1846 de
3042 1803 3332 1848 félicitations
3366 1805 3595 1847 adressées
3628 1818 3687 1846 au
3720 1806 3794 1847 Di¬

2770 1864 2944 1904 recteur
2971 1864 3134 1915 depuis
3159 1864 3203 1904 la
3230 1864 3428 1906 création
3455 1866 3511 1906 de
3536 1867 3648 1906 cette
3675 1875 3793 1906 com¬

2772 1923 2997 1972 binaison,
3036 1935 3151 1964 ceux
3186 1923 3241 1964 de
3276 1935 3359 1964 nos
3395 1923 3597 1964 abonnés
3632 1923 3712 1975 qui
3749 1924 3791 1964 le

2770 1983 3066 2024 désireraient
3091 1986 3312 2035 pourront
3336 1995 3391 2024 en
3446 1983 3642 2035 prendre
3692 1995 3795 2025 con¬

2771 2043 3006 2084 naissance
3040 2043 3155 2084 dans
3187 2055 3268 2085 nos
3300 2043 3522 2092 bureaux,
3558 2055 3638 2086 rue
3671 2043 3795 2085 d’As¬

2768 2103 2880 2154 torg,
2908 2104 2974 2152 26,
3003 2103 3243 2144 Toulouse.

2831 2311 3147 2409 Annonces
3199 2313 3265 2408 et
3313 2308 3463 2408 Avis
3517 2309 3725 2408 divers

2824 2542 2859 2579 1.
2887 2563 2940 2569 —
2967 2541 3034 2580 On
3063 2542 3287 2592 demande
3312 2541 3426 2592 petit
3451 2539 3616 2592 capital
3658 2552 3792 2593 paya¬

2767 2592 2841 2632 ble
2863 2605 2917 2634 en
2942 2595 3067 2635 rente
3087 2595 3282 2646 viagère.
3308 2596 3442 2638 Faire
3462 2596 3598 2636 offres
3621 2596 3664 2636 et
3685 2596 3792 2635 don¬

2768 2656 2847 2686 ner
2867 2647 2970 2688 tous
2988 2648 3378 2699 renseignements
3398 2662 3455 2691 au
3475 2649 3710 2691 Directeur
3731 2648 3792 2689 du

2770 2698 2896 2739 Trait
2919 2700 3127 2742 d’Union.

2818 2771 2856 2810 2.
2887 2772 2942 2810 —
2986 2771 3248 2812 Professeur
3293 2772 3428 2814 dame
3471 2771 3791 2812 recommandé

2767 2835 2882 2874 pour
2904 2823 3055 2875 leçons
3076 2824 3130 2864 de
3151 2824 3303 2875 piano.
3328 2826 3437 2866 Prix
3459 2826 3680 2868 modérés.
3706 2827 3792 2867 Bu¬

2767 2887 2875 2916 reau
2902 2876 2963 2918 du
2988 2878 3188 2927 journal.

2818 2959 2856 2996 3.
2883 2959 2938 2996 —
2965 2959 3234 2999 Demoiselle
3260 2959 3383 3000 seule
3408 2960 3460 2999 45
3486 2970 3582 3008 ans,
3611 2959 3790 3010 adopte¬

2767 3008 2856 3050 rait
2875 3010 3013 3060 jeune
3032 3011 3126 3052 fille
3147 3012 3356 3054 fortunée
3375 3024 3432 3054 ou
3455 3012 3614 3054 enfant
3634 3014 3792 3063 orphe¬

2767 3064 2859 3103 line
2877 3075 2935 3104 ou
2955 3064 3266 3107 abandonnée.
3291 3066 3492 3107 Prendre
3512 3067 3692 3108 adresse
3712 3067 3791 3108 bu¬

2767 3128 2875 3158 reau
2900 3117 2962 3158 du
2988 3116 3116 3158 Trait
3139 3118 3348 3160 d’Union.

2818 3199 2856 3236 4.
2876 3198 2931 3236 —
2952 3198 3140 3238 Famille
3162 3199 3252 3239 très
3270 3199 3533 3247 honorable,
3556 3199 3791 3250 prendrait

2766 3250 3087 3301 pensionnaire
3119 3251 3254 3292 dame
3286 3263 3343 3292 ou
3395 3252 3630 3295 Monsieur
3679 3251 3786 3303 aisé,

2764 3303 3006 3346 s’adresser
3034 3304 3207 3345 bureau
3236 3303 3298 3345 du
3327 3304 3524 3354 journal.

2814 3384 2855 3422 5.
2881 3406 2936 3411 —
2961 3383 3029 3423 On
3055 3383 3283 3424 demande
3307 3384 3455 3425 bonne
3482 3385 3739 3427 couturière
3762 3386 3788 3427 à

2764 3435 2808 3475 la
2820 3435 3024 3484 journée.
3043 3435 3151 3477 Voir
3166 3436 3339 3478 bureau
3353 3438 3415 3478 du
3431 3439 3559 3479 Trait
3570 3439 3780 3480 d’Union.

2812 3518 2851 3558 7.
2876 3539 2931 3545 —
2955 3517 3095 3558 Dame
3118 3518 3255 3566 ayant
3276 3516 3426 3559 loisirs
3450 3519 3674 3559 demande
3697 3520 3784 3559 tra¬

2760 3587 2880 3616 vaux
2910 3574 3150 3617 d’écriture
3178 3588 3235 3616 ou
3267 3575 3429 3618 travail
3459 3578 3645 3619 manuel
3675 3579 3783 3619 chez

2759 3633 2859 3672 elle.

2811 3722 2849 3759 8.
2876 3743 2931 3748 —
2955 3719 3218 3761 Professeur
3242 3719 3297 3763 de
3322 3722 3520 3772 français
3543 3723 3783 3764 donnerait

2759 3779 2910 3827 leçons
2943 3779 2999 3820 de
3044 3780 3383 3824 conversations
3415 3783 3458 3823 et
3506 3782 3782 3834 d’orthogra¬

2758 3839 2846 3887 phe
2879 3838 2905 3877 à
2936 3850 3162 3887 personne
3194 3839 3442 3890 étrangère.
3480 3840 3595 3893 Cinq
3628 3843 3780 3883 francs

2755 3906 2839 3945 par
2861 3896 2991 3938 mois.

2808 3983 2846 4022 9.
2875 4006 2930 4011 —
2959 3983 3126 4030 Leçons
3155 3983 3210 4026 de
3240 3983 3438 4035 français
3467 3986 3508 4026 et
3539 3986 3774 4038 d’anglais.

2755 4039 2820 4080 De
2843 4043 2892 4081 15
2915 4041 2941 4083 à
2962 4043 3015 4082 30
3039 4042 3192 4084 francs
3214 4055 3297 4094 par
3320 4042 3448 4084 mois.

2811 4103 2871 4142 10.
2898 4103 2952 4142 —
2976 4103 3119 4144 Jeune
3144 4103 3242 4145 fille
3268 4106 3406 4154 ayant
3428 4104 3595 4155 emploi
3624 4106 3776 4148 Sténo-

2755 4159 3131 4211 Dactylographe,
3195 4162 3327 4203 ferait
3375 4163 3536 4205 travail
3599 4166 3778 4216 supplé¬

2754 4218 2975 4258 mentaire
2998 4231 3115 4268 pour
3140 4220 3442 4271 particuliers.

2809 4306 2870 4343 11.
2903 4327 2957 4332 —
2987 4304 3215 4347 Véritable
3260 4307 3482 4348 occasion.
3512 4307 3568 4348 —
3600 4308 3775 4348 GRAN¬

2757 4364 2828 4402 DE
2864 4363 3229 4407 CHAPELIERE
3260 4367 3377 4407 osier
3423 4367 3568 4416 verni,
3601 4368 3627 4409 à
3658 4379 3776 4408 com¬

2774 4422 3036 4472 partiments,
3082 4423 3275 4467 doublée
3300 4426 3420 4474 toile,
3466 4426 3606 4468 belles
3631 4439 3778 4470 serru¬

2752 4491 2822 4523 res
2848 4481 3016 4529 cuivre,
3046 4484 3224 4526 vendue
3251 4484 3405 4526 moitié
3431 4486 3548 4537 prix.
3580 4488 3776 4530 S’adres¬

2751 4550 2823 4580 ser
2847 4539 3021 4582 bureau
3047 4542 3175 4583 Trait
3199 4543 3410 4584 d’Union.

2806 4627 2868 4666 12.
2898 4628 2952 4666 —
2979 4628 3110 4675 Veuf,
3140 4631 3462 4680 commerçant,
3492 4631 3639 4675 désire
3666 4634 3775 4673 s’en¬

2752 4683 2908 4726 tendre
2932 4698 3039 4727 avec
3061 4699 3285 4737 personne
3308 4690 3363 4730 de
3387 4691 3438 4729 30
3463 4702 3544 4731 ans
3568 4691 3772 4743 environ,

2751 4743 2960 4794 honnête,
3007 4746 3271 4796 présentant
3298 4747 3418 4797 bien,
3465 4749 3614 4794 bonne
3641 4751 3772 4792 cuisi¬

2750 4803 2887 4853 nière,
2919 4806 3020 4854 apte
3048 4805 3075 4844 à
3103 4806 3271 4856 diriger
3302 4807 3507 4860 ménage.

2803 4890 2865 4928 13.
2895 4890 3083 4931 Landes.
3107 4914 3162 4919 —
3184 4891 3326 4934 Dame
3350 4894 3487 4943 seule,
3514 4896 3651 4945 ayant
3675 4907 3771 4935 ren¬

2748 4947 2827 4995 tes,
2860 4948 3036 4987 maison
3070 4948 3112 4989 et
3167 4950 3336 5000 jardin,
3395 4953 3606 4994 habitant
3635 4954 3771 5004 petite

2749 5004 2871 5052 ville,
2908 5005 3066 5047 climat
3097 5007 3212 5056 sain,
3251 5010 3398 5051 désire
3430 5011 3626 5061 prendre
3660 5012 3767 5052 chez

2746 5064 2831 5104 elle
2859 5075 2974 5112 pour
3030 5068 3155 5108 avoir
3185 5079 3273 5109 une
3328 5067 3490 5110 société
3547 5080 3770 5120 personne

2746 5124 2883 5171 seule,
2911 5123 3015 5164 bien
3040 5124 3204 5175 élevée,
3232 5128 3370 5178 ayant
3394 5128 3552 5180 petites
3576 5131 3739 5172 rentes.

2799 5211 2862 5248 14.
2894 5211 3022 5250 Midi.
3050 5235 3104 5240 —
3159 5214 3299 5255 Dame
3352 5215 3443 5255 très
3495 5215 3765 5267 distinguée,

2746 5267 2847 5308 bien
2871 5268 3035 5319 élevée,
3059 5270 3270 5314 habitant
3290 5273 3462 5323 grande
3484 5274 3606 5324 ville,
3632 5276 3768 5327 ayant

2746 5327 2962 5370 intérieur
2991 5330 3285 5379 confortable,
3332 5334 3544 5374 voudrait
3572 5339 3768 5386 prendre

2742 5396 2918 5428 comme
2971 5388 3306 5439 pensionnaire,
3365 5392 3498 5434 dame
3553 5405 3609 5435 ou
3641 5406 3766 5435 mon¬

2744 5443 2864 5485 sieur
2892 5446 3004 5492 seul,
3035 5446 3366 5491 fonctionnaire
3392 5462 3451 5492 ou
3478 5451 3659 5492 rentier.

2798 5523 2860 5562 15.
2890 5523 3030 5564 Dame
3055 5533 3212 5573 veuve,
3267 5527 3404 5576 ayant
3427 5540 3484 5569 eu
3535 5539 3687 5570 revers
3711 5532 3767 5570 de

2742 5579 2937 5630 fortune,
2968 5585 3020 5623 37
3052 5595 3147 5631 ans,
3182 5596 3287 5628 sans
3318 5586 3512 5636 enfants,
3547 5590 3764 5631 excellen¬

2742 5639 2806 5680 tes
2831 5640 3070 5682 éducation
3096 5644 3139 5683 et
3166 5644 3451 5695 instruction,
3479 5647 3582 5698 apte
3607 5649 3632 5688 à
3658 5648 3764 5690 diri¬

2739 5710 2819 5748 ger
2850 5699 3082 5748 intérieur,
3116 5703 3354 5744 désirerait
3382 5705 3565 5747 trouver
3595 5708 3764 5758 emploi

2740 5756 2948 5800 caissière
2978 5771 3034 5799 ou
3064 5762 3263 5811 gérante,
3296 5762 3416 5804 hôtel
3447 5776 3503 5806 ou
3534 5766 3646 5806 café.
3679 5767 3764 5807 En¬

2739 5815 2895 5856 trerait
2919 5829 2976 5859 au
3002 5820 3171 5861 service
3195 5820 3250 5863 de
3276 5822 3508 5864 monsieur
3534 5824 3644 5875 seul,
3673 5827 3763 5868 mê¬

2739 5887 2812 5916 me
2839 5888 2944 5918 avec
2969 5878 3164 5920 enfants.
3195 5880 3304 5922 Très
3331 5883 3524 5923 sérieux.

2792 5962 2852 5999 16.
2864 5962 3344 6007 Bouches-du-Rhône.
3379 5991 3434 5996 —
3468 5968 3752 6020 Célibataire,

2733 6022 2785 6060 70
2811 6032 2907 6067 ans,
2951 6024 3098 6064 comte
3125 6026 3436 6076 authentique,
3482 6028 3760 6071 descendant

2732 6079 2867 6120 d’une
2894 6082 3111 6124 ancienne
3140 6084 3180 6124 et
3208 6083 3384 6127 illustre
3411 6086 3602 6139 famille,
3631 6087 3758 6130 habi¬

2739 6138 2838 6179 tant
2868 6139 2995 6188 villa,
3031 6141 3244 6184 voudrait
3276 6144 3464 6195 adopter
3499 6147 3659 6188 enfant
3691 6160 3749 6191 ou

2734 6196 2871 6245 jeune
2893 6199 3077 6240 homme
3099 6202 3155 6243 de
3178 6202 3355 6246 famille
3376 6203 3514 6255 riche,
3540 6218 3646 6248 avec
3669 6207 3759 6258 pri¬

2735 6267 2820 6296 me.
2840 6257 3048 6300 Céderait
3074 6259 3199 6303 titres
3227 6263 3490 6307 nobiliaires
3519 6265 3560 6306 et
3574 6267 3758 6318 parche¬

2736 6316 2869 6356 mins.
2900 6318 3030 6360 Faire
3056 6320 3208 6362 offres.

2787 6402 2850 6442 17.
2879 6404 2912 6442 A
2936 6404 3104 6447 vendre
3129 6415 3242 6453 pour
3266 6416 3398 6450 cause
3422 6411 3475 6451 de
3500 6408 3659 6460 départ
3681 6412 3755 6454 ob¬

2730 6459 2819 6509 jets
2847 6463 3031 6506 anciens
3066 6477 3074 6503 :
3104 6466 3324 6518 meubles,
3356 6468 3584 6520 tableaux,
3618 6471 3754 6513 livres

2727 6522 2994 6571 argenterie,
3023 6523 3255 6567 dentelles.
3279 6527 3525 6570 Collection
3556 6530 3746 6572 timbres

2776 6578 3026 6623 S’adresser
3057 6583 3230 6625 bureau
3260 6586 3388 6626 Trait
3407 6587 3618 6630 d’Union.

2784 6666 2843 6704 18.
2872 6668 2926 6706 —
2955 6668 2987 6706 A
3017 6668 3184 6710 vendre
3213 6671 3422 6713 machine
3452 6674 3628 6727 Singer,
3658 6675 3750 6716 état

2726 6724 2779 6765 de
2811 6724 2935 6774 neuf,
2970 6727 3071 6776 prix
3103 6730 3300 6772 modéré.
3335 6731 3536 6776 Prendre
3567 6735 3747 6778 adresse

2724 6782 2895 6823 bureau
2924 6784 2983 6824 du
3014 6786 3203 6827 Journal

3924 563 3984 600 19.
4018 563 4051 599 A
4081 562 4248 604 vendre
4275 563 4388 603 beau
4419 565 4623 612 chapelet
4651 566 4819 616 cristal,
4848 567 4892 607 et

3867 619 3982 660 livre
4009 622 4147 663 ivoire
4203 623 4376 664 ancien.
4410 624 4662 667 S’adresser
4716 627 4889 667 bureau

3868 678 3994 718 Trait
4018 679 4225 720 d’Union.

4039 867 4734 956 APOLLO-THÊATRE

3919 992 3983 1031 En
4007 992 4172 1035 dehors
4194 994 4271 1036 des
4294 995 4676 1046 représentations
4696 998 4892 1042 cinéma¬

3866 1051 4191 1103 tographiques
4244 1054 4335 1095 très
4363 1055 4531 1096 suivies
4559 1058 4601 1099 et
4654 1058 4732 1102 des
4762 1059 4892 1099 CON¬

3866 1110 4052 1150 CERTS
4095 1111 4556 1163 SYMPHONIQUES
4598 1116 4634 1156 si
4660 1122 4895 1169 appréciés

3866 1168 3944 1209 des
3970 1168 4212 1217 amateurs,
4258 1172 4531 1214 L’APOLLO
4574 1176 4699 1216 vient
4722 1177 4894 1227 d’orga¬

3868 1227 4003 1276 niser,
4032 1228 4152 1270 deux
4180 1230 4266 1271 fois
4292 1243 4375 1279 par
4401 1232 4616 1283 semaine,
4647 1235 4756 1276 DES
4786 1236 4895 1276 SOI¬

3869 1287 4015 1327 REES
4069 1287 4143 1327 DE
4199 1290 4351 1330 GALA
4390 1314 4444 1320 —
4486 1292 4711 1333 CINEMA
4765 1295 4896 1335 CON¬

3872 1346 4022 1386 CERT
4047 1369 4101 1375 —
4127 1359 4232 1387 avec
4258 1350 4299 1389 le
4324 1360 4543 1391 concours
4570 1352 4647 1394 des
4672 1353 4899 1394 éminents

3870 1404 4048 1446 artistes
4072 1406 4135 1446 du
4160 1407 4516 1452 Conservatoire.

3926 1464 4047 1505 Cette
4080 1467 4303 1511 heureuse
4335 1468 4598 1511 innovation
4631 1471 4803 1512 obtient
4835 1485 4896 1514 un

3872 1524 4026 1563 succès
4076 1524 4389 1568 considérable
4410 1528 4454 1568 et
4475 1529 4606 1571 attire
4656 1543 4718 1571 un
4742 1532 4900 1583 public

3871 1581 3927 1623 de
3949 1582 4095 1624 choix.
4125 1584 4240 1625 C’est
4262 1585 4303 1626 le
4326 1588 4623 1631 rendez-vous
4645 1591 4701 1631 de
4723 1590 4768 1632 la
4791 1595 4899 1632 bon¬

3872 1651 3927 1682 ne
3950 1642 4123 1684 société.

3927 1700 4138 1744 Concerts
4167 1704 4528 1755 symphoniques
4560 1717 4570 1746 :
4602 1708 4824 1751 Mercredi
4857 1712 4896 1752 et

3871 1762 4044 1800 samedi
4068 1761 4123 1802 de
4146 1763 4321 1812 chaque
4343 1764 4544 1810 semaine
4567 1766 4595 1807 à
4615 1769 4640 1807 5
4663 1768 4841 1811 heures.

3924 1922 4894 1966 WMUMLMMMEMMU'WêMîrLMMWMWS

4856 1964 4892 1999 ZS

3940 2021 4242 2069 Manufacture
4270 2026 4491 2063 d’articles
4520 2027 4672 2066 KATO

4368 2095 4392 2142 à
4415 2096 4583 2142 fenêtre
4604 2099 4819 2144 diaphane

4046 2234 4439 2300 Enveloppes
4466 2238 4488 2255 u
4509 2237 4668 2288 Kato
4690 2238 4714 2258 *

4046 2322 4216 2384 Papier
4247 2324 4271 2374 à
4308 2324 4452 2375 lettre
4487 2326 4503 2342 *
4524 2324 4675 2376 KATO
4694 2327 4712 2344 ’

3954 2466 4188 2503 Demander
4216 2467 4508 2506 Echantillons

3868 2506 3903 2569 i
3950 2530 4103 2567 LOUIS
4132 2532 4330 2568 CASSAN
4359 2534 4455 2570 aîné

3867 2600 3903 2652 |ë
3954 2596 4011 2636 37,
4039 2604 4111 2631 rue
4138 2598 4210 2632 des
4238 2598 4467 2635 Couteliers

3867 2630 3902 2706 |
3955 2659 4232 2697 TOULOUSE

3867 2711 3903 2746 K

4055 2897 4460 2932 EXCELLENTE
4508 2903 4704 2935 PRIME

4312 2966 4362 2991 DE
4386 2966 4435 2992 LA

3927 3023 4832 3144 MICHELINE

3898 3218 3944 3247 La
3972 3219 4104 3248 Maison
4139 3222 4283 3251 Michel
4317 3223 4521 3259 Sabatier,
4558 3224 4600 3255 de
4634 3227 4883 3263 Carcassonne,

3863 3252 3957 3283 vient
3968 3254 4011 3283 de
4025 3256 4123 3286 créer
4138 3263 4206 3286 une
4219 3258 4330 3288 caisse
4344 3262 4527 3296 composée
4545 3260 4586 3291 de
4604 3263 4655 3291 sis
4670 3263 4864 3295 bouteilles.

3971 3320 4004 3346 1*
4032 3319 4078 3348 La
4107 3323 4298 3355 Micheline,
4327 3326 4428 3353 Reine
4455 3327 4512 3354 de*
4539 3326 4732 3359 Liqueur*..

3968 3355 4003 3382 2*
4037 3356 4144 3384 Cacao
4179 3359 4468 3387 Puerto-Cabello.

3968 3391 4002 3417 3*
4035 3392 4143 3419 Rhum
4172 3395 4361 3422 St-Michel.

3970 3426 4002 3451 4*
4039 3427 4120 3454 Fine
4158 3430 4307 3457 Martoli.

3967 3462 4002 3487 5*
4026 3463 4107 3490 L’Or
4131 3464 4215 3490 Kîna
4239 3467 4431 3499 Sabathier,
4455 3467 4516 3495 Vin
4539 3468 4679 3502 apéritf.

3967 3498 4000 3523 6‘
4027 3498 4143 3526 Grand
4168 3500 4358 3531 Mousseux,
4379 3503 4483 3530 cuvée
4506 3504 4667 3537 réservée,
4690 3504 4767 3537 plus
4786 3506 4879 3540 quel¬

3968 3539 4052 3563 ques
4071 3534 4199 3564 primes
4217 3540 4262 3562 ail
4283 3536 4384 3563 choix
4405 3539 4451 3564 du
4472 3538 4590 3567 client.

3967 3578 4051 3606 Prix
4073 3578 4194 3608 franco
4216 3582 4258 3611 de
4279 3583 4358 3615 port
4377 3583 4411 3612 et
4433 3585 4510 3614 tous
4530 3586 4639 3620 droits
4662 3590 4768 3620 payés
4790 3590 4878 3618 dans

3859 3611 3894 3640 la
3914 3613 4046 3642 France
4064 3616 4206 3643 entière.

4200 3671 4396 3707 Vingt-cinq
4419 3675 4535 3704 francs

3964 3830 4424 3894 Mesdames,

4095 3924 4560 3968 Demandiez
4610 3928 4882 3970 tontes

3858 4003 3941 4084 LE
3974 3994 4467 4085 BRÉVIAIRE
4490 4007 4573 4087 LA
4606 3995 4883 4089 BEAUTÉ

3892 4165 3982 4192 Dans
4006 4172 4051 4192 un
4076 4168 4136 4192 but
4160 4168 4200 4192 de
4224 4167 4476 4198 vulgarisation
4500 4167 4731 4199 scientifique,
4756 4170 4879 4196 l’envoi

3855 4211 3896 4231 en
3918 4210 3967 4232 est
3988 4208 4052 4234 fait
4074 4209 4194 4234 franco
4216 4213 4295 4235 sous
4317 4210 4363 4239 pli
4387 4210 4504 4242 fermé,
4527 4212 4644 4236 contre
4663 4210 4680 4235 0
4701 4211 4744 4236 fr.
4767 4211 4800 4237 40
4820 4208 4880 4243 (re¬

3855 4248 4058 4274 commandé
4079 4256 4087 4275 :
4105 4250 4122 4274 0
4142 4251 4183 4275 fr.
4203 4247 4250 4280 50)
4270 4258 4311 4277 en
4331 4251 4474 4278 timbres
4495 4252 4535 4277 de
4554 4253 4631 4277 tous
4652 4257 4747 4283 pays,
4769 4254 4880 4278 adres¬

3854 4286 3904 4312 sés
3930 4288 3948 4313 à
3972 4288 4143 4322 CLARKS,
4167 4290 4230 4320 130.
4255 4291 4390 4318 Galerie
4412 4294 4452 4320 de
4477 4291 4591 4319 Valois
4614 4288 4879 4324 (Palais-Royal)

3854 4327 3960 4352 Paris.

4216 6728 4271 6766 Le
4303 6730 4459 6767 3érant
4489 6743 4498 6768 :
4526 6732 4779 6775 ROUSSEL.

3876 6806 4139 6852 Imprimerie
4168 6807 4350 6854 spéciale
4378 6810 4432 6847 du
4465 6812 4580 6851 Trait
4610 6816 4800 6855 d'Union.
