5194 7168
2458 412 2530 451 LE
2562 412 2740 452 TRAIT
2774 414 3021 458 D'UNION

567 515 575 519 '
619 519 736 559 6207.
762 519 1014 560 Toulouse.
1033 538 1082 545 —
1102 514 1400 560 Demoiselle,
1420 514 1471 551 39
1495 521 1590 557 ans,

563 582 664 623 bien
696 593 803 622 sons
831 584 931 620 tons
955 580 1019 619 les
1046 579 1268 628 rapports,
1300 574 1588 618 musicienne,

562 646 723 685 femme
740 643 1012 691 d’intérieur,
1033 641 1109 681 dot
1123 639 1274 680 10.000
1292 638 1328 678 kr
1351 668 1361 685 ,
1384 635 1594 676 mobilier

562 708 615 748 de
643 710 783 748 même
814 706 984 753 valeur,
1013 703 1216 743 habitant
1244 711 1351 740 avec
1378 710 1427 738 sa
1456 708 1588 745 sœur,

560 780 717 816 veuve,
740 770 877 819 ayant
898 765 1128 812 situation,
1151 764 1194 805 et
1213 774 1294 803 son
1314 763 1422 814 père
1440 760 1588 811 possé¬

559 830 672 869 dant
693 830 816 870 4.500
842 827 897 867 fr.
926 826 1051 866 rente
1074 824 1268 874 viagère,
1323 819 1471 862 désire
1495 831 1586 860 ma¬

563 888 684 940 riage
703 899 810 928 avec
827 886 1062 927 monsieur
1079 884 1134 924 de
1151 886 1203 924 45
1220 884 1247 923 à
1264 884 1315 922 50
1332 892 1430 928 ans,
1451 880 1587 930 ayant

559 948 729 999 emploi
757 959 815 988 ou
843 956 1102 987 ressources
1127 940 1451 995 personnelles.

614 1026 731 1064 6212.
762 1023 816 1063 —
846 1021 1130 1068 Demoiselle,
1162 1021 1214 1059 40
1243 1029 1339 1067 ans,
1398 1015 1583 1068 grande,

560 1082 831 1134 distinguée,
858 1079 1131 1131 catholique,
1159 1076 1384 1120 caractère
1408 1076 1499 1118 très
1524 1075 1586 1116 af¬

562 1143 788 1191 fectueux,
817 1142 950 1194 goûts
978 1139 1217 1188 modestes,
1248 1138 1326 1179 dot
1352 1138 1500 1177 26.000
1529 1134 1584 1175 fr.

560 1204 720 1255 argent
746 1203 788 1243 et
814 1200 1102 1248 immeubles,
1132 1198 1357 1239 demande
1386 1195 1586 1247 mariage

560 1262 783 1315 religieux
815 1272 921 1302 avec
954 1258 1286 1301 fonctionnaire
1344 1267 1402 1299 ou
1462 1267 1587 1296 mon¬

561 1323 683 1364 sieur
708 1323 762 1363 de
785 1323 837 1362 40
860 1322 886 1361 à
909 1323 960 1360 55
986 1331 1082 1368 ans,
1111 1319 1248 1370 ayant
1271 1316 1502 1359 situation.
1532 1315 1588 1356 Se

561 1380 851 1433 déplacerait.

614 1459 732 1499 6214.
772 1458 1163 1497 Haute-Garonne.
1211 1455 1263 1493 —
1315 1454 1587 1494 Institutrice

561 1518 675 1568 Etat,
706 1519 760 1557 24
786 1528 883 1566 ans,
913 1515 1019 1556 bien
1071 1514 1440 1566 physiquement,
1470 1510 1588 1552 belle

562 1576 744 1627 femme,
775 1576 935 1624 brune,
964 1575 1078 1626 petit
1100 1575 1271 1623 avenir,
1323 1572 1472 1614 désire
1496 1583 1588 1612 ma¬

563 1636 684 1688 riage
710 1647 815 1677 avec
840 1636 976 1687 jeune
999 1635 1184 1676 homme
1208 1634 1264 1675 de
1287 1635 1338 1672 25
1363 1633 1388 1672 à
1412 1634 1464 1672 35
1488 1643 1584 1679 ans,

562 1696 769 1748 employé
795 1693 1226 1735 d’administration.

614 1773 732 1812 6216.
764 1771 1047 1820 Demoiselle,
1074 1771 1125 1810 24
1150 1779 1246 1818 ans,
1274 1768 1368 1811 fille
1391 1767 1447 1810 de
1470 1778 1588 1807 com¬

562 1832 790 1884 merçants
809 1842 863 1872 en
884 1842 1003 1882 gros,
1026 1830 1150 1870 taille
1174 1831 1192 1868 1
1215 1840 1275 1868 m.
1300 1830 1364 1877 60,
1387 1826 1585 1874 châtain,

562 1890 773 1939 sérieuse,
835 1888 1106 1941 distinguée,
1167 1886 1464 1936 musicienne,
1499 1886 1588 1927 ins¬

562 1950 712 1999 truite,
736 1951 894 1991 brevet
912 1948 1164 2000 supérieur,
1190 1947 1327 1999 ayant
1347 1946 1424 1988 dot
1445 1958 1502 1987 ou
1525 1956 1590 1987 es¬

563 2011 780 2060 pérances
843 2010 971 2050 sûres
1004 2009 1154 2048 50.000
1190 2007 1263 2055 fr.,
1328 2004 1584 2058 épouserait

562 2070 810 2118 monsieur,
832 2071 914 2120 âge
933 2070 975 2110 et
993 2067 1207 2108 situation
1228 2079 1282 2107 en
1303 2066 1505 2119 rapport.

614 2154 732 2194 6217.
795 2152 1187 2193 Haute-Garonne.
1218 2175 1272 2179 —
1303 2151 1586 2199 Demoiselle,

562 2215 610 2252 41
636 2225 732 2262 ans,
758 2211 1017 2264 paraissant
1037 2211 1144 2263 plus
1164 2210 1318 2262 jeune,
1344 2210 1588 2252 excellente

562 2272 731 2312 femme
766 2271 1046 2319 d’intérieur,
1086 2270 1314 2318 économe,
1352 2267 1578 2318 instruite,

562 2332 639 2372 dot
663 2331 786 2372 5.000
811 2331 864 2372 fr.
918 2343 972 2371 en
999 2332 1191 2382 espèces,
1220 2330 1300 2380 joli
1352 2330 1588 2371 trousseau

562 2394 604 2431 et
627 2391 788 2443 petites
814 2392 1079 2443 espérances
1106 2391 1247 2438 sûres,
1275 2390 1421 2432 désire
1446 2389 1588 2430 s’unir

560 2451 587 2491 à
611 2451 843 2492 monsieur
867 2450 1127 2492 célibataire
1152 2460 1210 2490 ou
1234 2449 1356 2498 veuf,
1385 2460 1490 2491 sans
1515 2460 1588 2490 en¬

562 2511 697 2559 fants,
726 2511 863 2562 ayant
887 2510 1103 2552 situation
1130 2507 1411 2550 assurée..Se
1436 2507 1588 2559 dépla¬

559 2571 713 2611 cerait.

613 2648 731 2688 6219.
764 2646 1087 2687 Deux-Sèvres.
1115 2670 1170 2674 —
1198 2646 1479 2696 Demoiselle,
1536 2648 1587 2686 32

561 2716 656 2758 ans,
683 2707 832 2747 bonne
856 2706 1047 2755 famille,
1071 2706 1203 2758 goûts
1228 2704 1430 2757 simples,
1455 2718 1587 2756 gran¬

559 2767 628 2814 de,
665 2768 825 2814 brune,
887 2766 1026 2816 ayant
1057 2766 1287 2818 situation,
1350 2764 1587 2807 désirerait

558 2826 886 2878 correspondre
911 2836 1018 2867 avec
1070 2826 1303 2872 monsieur
1328 2824 1383 2866 de
1408 2826 1459 2864 35
1485 2824 1511 2864 à
1535 2827 1586 2864 45

559 2897 655 2935 ans,
685 2886 1018 2927 fonctionnaire
1044 2886 1098 2927 de
1123 2886 1400 2938 préférence.

610 2963 728 3003 6225.
762 2963 1151 3003 Haute-Garonne.
1176 2985 1231 2991 —
1259 2963 1398 3002 Dame
1423 2971 1580 3010 veuve,

558 3022 738 3071 blonde,
783 3023 834 3062 45
859 3034 954 3071 ans,
998 3019 1223 3072 physique
1264 3020 1488 3071 agréable,
1515 3032 1584 3061 ca¬

558 3081 728 3122 ractère
755 3080 876 3120 doux
903 3082 946 3122 et
972 3080 1242 3128 affectueux,
1272 3080 1408 3130 ayant
1435 3091 1490 3120 eu
1519 3091 1583 3120 re-

531 3171 536 3175 .
556 3151 672 3189 vers,
702 3139 948 3191 possédant
998 3139 1159 3191 petites
1211 3139 1481 3188 économies,
1511 3139 1583 3180 de¬

557 3200 723 3241 mande
751 3199 954 3247 mariage
979 3210 1036 3240 ou
1063 3199 1191 3249 place
1219 3199 1274 3239 de
1299 3210 1583 3250 gouvernan¬

556 3258 598 3299 te
631 3259 740 3299 chez
774 3258 1006 3298 monsieur
1039 3269 1097 3298 ou
1131 3256 1264 3300 dame
1298 3258 1435 3298 seule.
1472 3258 1583 3299 Très

555 3315 749 3358 sérieux.

608 3394 727 3435 6226.
758 3394 1000 3435 Toulouse.
1027 3418 1082 3423 —
1108 3394 1376 3435 Demoiselle
1404 3396 1454 3434 45
1482 3406 1578 3442 ans,

556 3453 694 3501 seule,
724 3454 872 3494 bonne
924 3455 1272 3502 commerçante,
1326 3454 1464 3504 petite
1489 3458 1579 3501 dot,

555 3511 702 3553 désire
727 3512 918 3562 épouser
944 3512 1176 3553 monsieur
1202 3513 1256 3554 de
1280 3515 1332 3552 50
1356 3512 1382 3552 à
1406 3515 1456 3552 55
1482 3524 1578 3560 ans,

555 3571 678 3618 veuf,
708 3582 815 3612 sans
843 3572 1023 3615 enfants
1051 3584 1110 3614 ou
1138 3571 1412 3622 célibataire,
1446 3572 1580 3623 ayant

556 3630 787 3671 situation.

607 3707 726 3747 6227.
763 3707 1006 3748 Toulouse.
1040 3731 1095 3735 —
1128 3707 1396 3748 Demoiselle
1445 3707 1580 3747 abon¬

556 3766 636 3807 née
663 3777 769 3806 sans
794 3775 1012 3806 annonce.

607 3843 725 3882 6229.
764 3843 1015 3882 Bordeaux.
1075 3867 1130 3870 —
1190 3843 1471 3891 Demoiselle,
1530 3844 1587 3884 45"

555 3912 651 3950 ans,
681 3900 828 3949 noble,
858 3900 1054 3950 grandes
1080 3902 1290 3952 qualités,
1319 3902 1423 3943 bien
1451 3903 1506 3943 de
1532 3912 1582 3943 sa

555 3971 792 4010 personne,
824 3960 972 4001 bonne
1001 3959 1298 4010 musicienne,
1328 3962 1406 4002 dot
1432 3964 1580 4002 22.000

554 4019 610 4058 fr.
643 4019 730 4059 bon
762 4020 1002 4067 caractère,
1061 4020 1319 4070 épouserait
1347 4022 1579 4061 monsieur

554 4078 635 4128 âge
663 4078 838 4127 assorti,
870 4079 1142 4128 catholique,
1172 4078 1276 4120 titré
1303 4091 1361 4121 ou
1390 4080 1444 4122 de
1472 4080 1579 4120 bon¬

554 4150 608 4180 ne
636 4137 826 4183 famille,
855 4136 1117 4180 célibataire
1142 4151 1199 4179 ou
1227 4138 1335 4179 veuf
1361 4140 1498 4190 ayant
1524 4151 1579 4180 si¬

553 4195 743 4236 tuation.

519 4280 530 4292 '
606 4272 722 4312 6231.
762 4272 1014 4314 Bordeaux.
1068 4296 1123 4302 —
1184 4274 1466 4322 Demoiselle,
1527 4279 1578 4315 28

553 4343 649 4381 ans,
708 4331 982 4382 catholique,
1040 4332 1144 4374 bien
1174 4334 1336 4382 élevée,
1395 4334 1575 4384 blonde,

551 4391 751 4440 gentille,
787 4392 1074 4440 affectueuse,
1108 4395 1245 4443 ayant
1275 4392 1411 4444 petite
1442 4395 1578 4435 situa¬

552 4450 660 4499 tion,
718 4451 975 4499 épouserait
1027 4451 1263 4492 monsieûr
1315 4453 1371 4494 de
1396 4455 1448 4492 30
1475 4455 1499 4493 à
1526 4455 1578 4493 35

552 4520 648 4555 ans,
684 4508 1016 4552 fonctionnaire
1049 4523 1107 4554 ou
1140 4512 1347 4563 employé
1380 4512 1575 4562 sérieux,

552 4568 791 4609 Bordeaux
815 4569 869 4609 de
892 4569 1168 4619 préférence.

607 4655 667 4696 Ne
694 4654 902 4694 déchirez
927 4664 1007 4702 pas
1032 4667 1078 4695 ce
1103 4656 1302 4704 journal.
1334 4659 1575 4697 Donnez-le

548 4712 576 4752 à
597 4722 676 4755 vos
698 4713 830 4752 amis.

602 4799 719 4838 6233.
751 4800 992 4841 Toulouse.
1020 4803 1076 4839 —
1103 4803 1371 4843 Demoiselle
1396 4804 1448 4842 29
1476 4814 1572 4850 ans,

548 4858 687 4907 ayant
715 4867 982 4899 commerce.
1016 4860 1132 4900 Jolie
1163 4860 1395 4910 situation,
1429 4861 1576 4903 désire

550 4918 750 4968 mariage
776 4930 882 4959 avec
907 4918 1169 4962 célibataire
1192 4922 1247 4962 de
1271 4923 1323 4960 30
1347 4921 1375 4962 à
1398 4924 1450 4962 35
1476 4934 1571 4971 ans,

548 4975 895 5027 fonctionnaire,
955 4990 1183 5031 voyageur
1240 4992 1298 5020 ou
1355 4991 1575 5022 commer¬

548 5035 664 5086 çant.

599 5122 716 5162 6238.
744 5122 1014 5163 Sud-Ouest.
1036 5124 1090 5162 —
1112 5124 1380 5165 Demoiselle
1402 5127 1454 5164 34
1475 5136 1570 5173 ans,

548 5179 882 5224 fonctionnaire
914 5183 1029 5232 Etat,
1067 5183 1327 5224 traitement
1358 5187 1482 5224 2.500
1515 5183 1571 5224 fr.

547 5251 655 5280 avec
677 5242 987 5289 avancement,
1014 5243 1260 5283 excellente
1301 5245 1442 5291 santé,
1486 5244 1574 5284 ins¬

546 5299 696 5348 truite,
721 5302 852 5351 goûts
873 5302 1076 5352 simples,
1102 5302 1271 5343 femme
1291 5303 1570 5353 d’intérieur,

546 5359 758 5400 conduite
787 5360 1139 5411 irréprochable,
1171 5363 1316 5403 désire
1372 5363 1574 5413 mariage

543 5416 652 5458 civil
678 5430 786 5459 avec
810 5419 1046 5461 Monsieur
1071 5420 1339 5471 intelligent,
1370 5421 1569 5472 instruit,

546 5477 638 5521 très
664 5480 857 5528 sérieux,
890 5479 1104 5522 situation
1136 5482 1436 5532 équivalente.

599 5566 716 5604 6241.
747 5565 947 5607 Hérault.
972 5570 1027 5607 —
1052 5570 1191 5609 Dams
1214 5579 1371 5619 veuve,
1398 5571 1450 5608 40
1474 5582 1569 5618 ans,

544 5624 816 5675 catholique,
847 5627 984 5676 ayant
1011 5627 1204 5676 fortune,
1234 5628 1383 5670 désire
1407 5630 1571 5669 maria¬

543 5694 598 5730 ge
628 5694 735 5726 avec
768 5686 1000 5726 monsieur
1032 5687 1152 5736 bien,
1188 5688 1326 5739 ayant
1356 5686 1570 5729 brillante

544 5742 759 5783 situation
792 5746 907 5786 dans
940 5747 982 5785 la
1015 5747 1336 5798 magistrature
1367 5760 1422 5788 ou
1458 5749 1571 5788 dans

544 5802 739 5843 l’armée.
770 5804 882 5846 Très
907 5805 1100 5846 sérieux,

598 5887 716 5930 6248.
747 5891 1179 5932 Tarn-et-Garonnc.
1286 5896 1428 5935 Jeune
1456 5895 1568 5943 fille,

541 5948 594 5987 22
618 5960 714 5997 ans,
744 5950 836 5992 fille
861 5951 915 5991 de
939 5952 1262 6002 commerçant,
1290 5954 1428 6003 ayant
1454 5953 1569 5994 belle

543 6007 774 6057 situation,
804 6010 963 6060 brune,
994 6011 1219 6064 physique
1244 6012 1470 6064 agréable,
1498 6025 1551 6054 ex

540 6067 730 6108 cellenle
752 6071 895 6119 santé,
919 6072 1144 6112 caractère
1167 6073 1257 6113 très
1278 6074 1348 6122 gai
1374 6074 1418 6115 et
1438 6075 1568 6116 affec¬

542 6127 694 6176 tueux,
727 6130 863 6179 goûts
890 6130 1092 6183 simples,
1127 6132 1303 6174 aimant
1334 6134 1563 6183 intérieur,

539 6187 795 6238 épouserait
846 6190 1080 6233 Monsieur
1128 6192 1183 6233 de
1231 6195 1279 6232 27
1304 6194 1330 6232 à
1378 6196 1430 6232 30
1467 6206 1563 6243 ans,

541 6248 674 6296 brun,
707 6250 796 6294 très
822 6251 1013 6299 sérieux,
1060 6254 1286 6292 caractère
1328 6254 1564 6302 analogue,

539 6307 851 6358 désintéressé,
881 6310 1096 6351 situation
1151 6315 1256 6354 sûre
1281 6314 1396 6354 dans
1447 6326 1565 6355 com¬

541 6378 687 6407 merce
715 6379 770 6408 ou
802 6368 1040 6422 industrie,
1071 6371 1280 6412 habitant
1309 6374 1562 6415 Bordeaux.

539 6426 746 6479 Envoyer
770 6429 921 6479 photo.
951 6430 1059 6472 Très
1085 6432 1278 6473 sérieux.

591 6512 727 6551 Aider
747 6522 804 6552 au
827 6514 1102 6555 relèvement
1122 6518 1256 6556 social
1280 6520 1322 6556 et
1342 6519 1485 6557 moral
1510 6519 1563 6559 de

538 6571 579 6611 la
604 6572 756 6612 nation
783 6582 838 6612 en
866 6574 1030 6615 luttant
1054 6579 1204 6616 contre
1232 6578 1270 6618 le
1294 6576 1471 6626 célibat,
1498 6579 1562 6619 fa¬

537 6631 680 6671 ciliter
716 6634 778 6672 les
812 6634 1038 6682 mariages
1071 6646 1151 6682 par
1186 6648 1246 6676 un
1279 6637 1474 6686 système
1508 6638 1562 6677 ds

535 6691 647 6730 mise
667 6700 719 6731 en
742 6691 931 6734 relation
954 6691 1131 6734 sérieux
1152 6698 1193 6734 et
1215 6695 1394 6736 discret:
1414 6698 1472 6736 tel
1495 6702 1559 6739 est

536 6752 572 6792 le
596 6750 676 6792 but
698 6751 751 6794 de
776 6753 815 6792 la
840 6754 1082 6794 Direction.

1804 506 2566 579 MARIAGES

1723 667 1787 706 En
1818 678 1956 716 mars,
1989 668 2108 708 deux
2138 669 2363 719 mariages
2394 670 2495 708 sont
2524 679 2694 708 annon¬

1668 726 1739 768 cés
1764 727 1790 766 à
1815 726 1859 766 la
1886 726 2126 768 Direction.
2156 727 2391 768 Meilleurs
2416 739 2567 768 vœux.

2435 788 2475 827 J.
2502 788 2640 827 Bach.

1732 939 2148 1008 PENSÉES
2210 941 2638 1011 INÉDITES

1712 1099 1814 1132 Sous
1840 1108 1883 1133 ce
1910 1102 2010 1139 titre,
2040 1110 2143 1136 nous
2170 1102 2354 1136 insérons
2382 1103 2696 1140 gracieusement

1674 1139 1742 1171 des
1772 1140 1939 1180 phrases
1968 1144 2135 1179 courtes,
2167 1142 2440 1182 personnelles
2471 1144 2507 1174 et
2538 1146 2697 1183 n’ayant

1671 1179 1819 1219 jamais
1847 1181 1907 1213 été
1938 1182 2127 1222 publiées.

1724 1322 1784 1362 La
1810 1322 1981 1363 crainte
2034 1325 2099 1364 est
2124 1336 2184 1363 un
2212 1325 2408 1364 chaînon
2436 1326 2490 1364 de
2544 1325 2697 1376 l’igno¬

1671 1391 1816 1420 rance.

1727 1502 1936 1543 L’amour
1963 1504 2028 1544 est
2056 1503 2360 1546 l’abstraction
2390 1506 2451 1546 du
2481 1506 2589 1546 Moi.

1725 1641 1782 1680 Le
1814 1641 2028 1682 Bonheur
2071 1644 2136 1683 est
2166 1644 2208 1683 la
2254 1656 2482 1687 couronne
2527 1646 2587 1685 du
2617 1645 2699 1684 De¬

1670 1700 1780 1739 voir.

1725 1820 1934 1872 L’Espoir
1959 1836 1984 1864 a
2007 1834 2123 1874 pour
2147 1826 2363 1867 demeure
2386 1826 2567 1866 l’Infini.

1724 1962 1784 2000 La
1815 1963 1980 2003 Beauté
2010 1965 2075 2004 est
2103 1964 2143 2004 le
2171 1966 2304 2006 cadre
2332 1966 2386 2006 de
2415 1965 2459 2007 la
2488 1966 2641 2007 Bonté.

1724 2103 1786 2142 La
1811 2102 1889 2142 Foi
1915 2104 1979 2144 est
2004 2103 2216 2144 l’auréole
2243 2107 2296 2147 de
2322 2104 2366 2144 la
2392 2105 2590 2145 Science.

1724 2241 2009 2283 L’Ambition
2038 2243 2104 2283 est
2131 2256 2193 2283 un
2223 2244 2334 2291 vice,
2367 2243 2580 2285 l’Audace
2611 2255 2700 2284 une

1670 2300 1814 2340 vertu.

1723 2423 1782 2463 Le
1808 2423 2038 2475 désespoir
2063 2426 2131 2465 est
2155 2437 2243 2467 une
2270 2426 2430 2476 agonie
2456 2426 2641 2466 morale.

1911 2500 1980 2540 Un
2003 2501 2180 2542 abonné
2202 2503 2260 2542 du
2286 2502 2412 2543 Trait
2432 2502 2641 2543 d’Union.

1752 2651 2068 2728 ABONNÉS
2128 2662 2210 2728 ET
2270 2661 2618 2729 LECTEURS

1991 2739 2122 2780 Lisez
2152 2739 2262 2780 bien
2292 2740 2390 2782 eeei

1726 2800 1868 2842 Toute
1892 2812 2116 2852 personne
2139 2802 2218 2852 qui
2243 2814 2488 2854 procurera
2511 2803 2538 2843 à
2560 2803 2604 2843 la
2628 2803 2700 2842 Di¬

1675 2859 1844 2899 rection
1868 2859 1986 2900 deux
2011 2859 2212 2902 abonnés
2236 2872 2492 2911 nouveaux,
2519 2862 2703 2913 n’ayant

1670 2918 1837 2967 jamais
1856 2919 1924 2960 été
1946 2919 2127 2962 inscrits
2148 2920 2195 2959 ni
2217 2919 2243 2960 à
2263 2920 2307 2960 la
2332 2923 2502 2971 Rapide
2524 2922 2700 2971 Agence

1671 2976 1718 3016 ni
1746 2979 1804 3018 au
1831 2979 1959 3018 Trait
1987 2979 2203 3027 d’Union,
2234 2990 2347 3020 aura
2374 2979 2494 3020 droit
2525 2992 2534 3019 :
2562 2980 2647 3020 soit
2675 2980 2700 3020 à

1690 3047 1778 3076 une
1838 3036 2155 3087 prolongation
2216 3038 2571 3079 d’abonnement
2628 3039 2684 3080 de

1692 3094 1808 3136 deux
1837 3096 1968 3146 mois,
1998 3095 2084 3138 soit
2108 3096 2135 3138 à
2162 3109 2223 3138 un
2252 3098 2559 3147 abonnement
2583 3107 2683 3148 gra¬

1688 3155 1775 3196 tuit
1802 3155 1857 3196 de
1883 3156 2031 3197 même
2058 3155 2211 3198 durée.

1715 3242 1766 3247 —
1798 3220 1920 3261 Tous
1953 3231 2039 3263 n<M
2067 3222 2278 3263 abonnés
2308 3226 2415 3263 sont
2442 3223 2570 3273 priés
2592 3222 2699 3275 S’a¬

1662 3282 1855 3323 dresser
1886 3283 2055 3324 lettres
2083 3287 2131 3324 et
2163 3286 2514 3332 observations,
2547 3295 2639 3327 non
2667 3286 2694 3326 à

1662 3343 1711 3383 la
1731 3358 1758 3379 u
1783 3344 1958 3393 Rapide
1991 3351 2170 3394 Agence
2190 3360 2236 3394 »,
2259 3347 2382 3388 mais
2406 3358 2467 3388 au
2494 3348 2693 3398 journal

1663 3407 1726 3447 dn
1746 3420 1775 3443 m
1796 3408 1930 3447 Trait
1954 3408 2154 3450 d’Union
2178 3423 2223 3456 »,
2254 3410 2325 3456 26,
2344 3419 2431 3450 rue
2459 3411 2690 3457 d’Asiorg,

1661 3469 1909 3511 Toulouse.

1724 3543 1819 3580 LM"
1847 3542 1927 3582 Les
1947 3542 2151 3583 bureaux
2174 3543 2234 3583 du
2256 3544 2436 3584 TRAIT
2460 3543 2693 3584 D’UNION

1668 3611 1722 3642 ne
1744 3606 1845 3642 sont
1868 3607 2051 3643 ouverts
2075 3615 2160 3653 que
2186 3604 2497 3654 l’après-midi,
2524 3606 2578 3645 de
2601 3608 2625 3645 2
2648 3607 2691 3644 h.

1665 3662 1692 3702 à
1711 3667 1735 3703 5
1756 3665 1932 3712 heures,
1957 3667 2021 3714 26,
2046 3676 2126 3706 rue
2148 3667 2372 3715 d’Astorg.

1852 3736 1975 3775 Tous
2006 3736 2067 3776 les
2098 3740 2487 3784 renseignements
2518 3747 2693 3777 concer¬

1667 3799 1776 3835 nant
1811 3798 1852 3835 la
1884 3798 2197 3838 combinaison
2232 3799 2448 3847 mariage,
2486 3800 2548 3839 les
2583 3799 2693 3839 loca¬

1664 3857 1798 3904 tions,
1856 3859 2010 3904 offies,
2071 3859 2319 3899 demandes
2347 3863 2388 3899 et
2417 3860 2515 3899 avis
2543 3861 2692 3900 divers

1664 3922 1766 3959 sont
1796 3918 1970 3959 donnés
2000 3920 2326 3968 gratuitement
2358 3922 2471 3963 dans
2502 3931 2584 3962 nos
2613 3923 2693 3963 bu¬

1666 3991 1820 4028 reaux,
1852 3980 2164 4030 l’après-midi,
2197 3983 2251 4023 de
2280 3986 2303 4022 2
2332 3984 2376 4022 h.
2407 3982 2432 4023 à
2460 3987 2483 4023 5
2513 3984 2689 4031 heures,

1664 4043 1728 4089 26,
1756 4052 1836 4082 rue
1863 4042 2086 4092 d’Astorg,
2114 4044 2358 4084 Toulouse.

2090 4177 2250 4326 ÜB_

1718 4354 1776 4395 Le
1797 4352 2033 4396 Directeur
2054 4356 2123 4396 est
2141 4356 2347 4396 heureux
2368 4356 2643 4399 d’annoncer
2664 4359 2690 4398 à

1663 4423 1732 4455 ses
1756 4414 1958 4456 abonnés
1982 4414 2092 4464 qu’il
2108 4427 2134 4455 a
2149 4427 2204 4456 eu
2219 4415 2263 4456 la
2276 4416 2426 4456 bonne
2440 4418 2620 4458 fortune
2635 4418 2689 4459 de

1663 4472 1880 4514 s’assurer
1922 4474 1963 4516 le
2004 4486 2224 4515 concours
2250 4476 2304 4516 de
2330 4475 2564 4517 l’éminent
2589 4487 2688 4528 pro¬

1663 4531 1837 4574 fesseur
1882 4533 1936 4575 de
1986 4534 2302 4587 Graphologie,
2354 4535 2403 4576 G.
2436 4536 2685 4584 Lefranck,

1662 4592 1740 4642 qui
1766 4593 1873 4634 veut
1896 4592 2001 4635 bien
2026 4594 2187 4635 mettre
2211 4606 2262 4636 sa
2286 4594 2459 4636 science
2483 4595 2509 4635 à
2532 4595 2576 4636 la
2601 4596 2685 4639 dis¬

1663 4651 1839 4702 postion
1865 4652 1943 4694 des
1968 4654 2161 4695 lecteurs
2184 4654 2246 4695 du
2272 4654 2399 4695 Trait
2423 4655 2632 4696 d’Union.

1715 4711 1945 4753 Personne
1968 4712 2172 4763 n’ignore
2194 4712 2260 4755 les
2273 4714 2467 4755 services
2480 4726 2567 4766 que
2581 4716 2689 4767 peut

1663 4771 1824 4814 rendre
1878 4784 1966 4814 une
2007 4772 2141 4814 étude
2180 4774 2542 4826 graphologique
2583 4775 2685 4816 bien

1662 4828 1783 4870 faite.
1807 4830 2042 4882 L’analyse
2063 4831 2118 4872 de
2138 4832 2363 4874 l’écriture
2384 4834 2529 4875 révèle
2551 4834 2594 4874 la
2614 4847 2686 4875 va¬

1661 4887 1760 4929 leur
1804 4888 1964 4932 intime
1991 4891 2047 4932 de
2074 4891 2331 4942 l’individu,
2363 4902 2432 4934 ses
2460 4893 2687 4944 aptitudes

1662 4947 2005 4990 intellectuelles
2030 4951 2072 4991 et
2096 4950 2304 4991 morales.

1715 5007 1811 5047 Non
1840 5008 2092 5050 seulement
2119 5010 2147 5050 il
2175 5012 2239 5051 est
2266 5011 2535 5054 intéressant
2560 5011 2613 5054 de
2640 5024 2685 5055 se

1661 5065 1764 5107 bien
1787 5070 2020 5110 connaître
2043 5071 2296 5119 soi-même;
2319 5071 2436 5113 mais
2459 5072 2491 5112 il
2514 5073 2581 5112 est
2602 5072 2684 5114 uti¬

1660 5124 1699 5167 le
1743 5127 1784 5167 et
1827 5128 2024 5178 prudent
2066 5128 2287 5171 d’étudier
2330 5142 2443 5172 ceux
2471 5142 2576 5172 avec
2604 5132 2684 5172 les¬

1660 5184 1791 5235 quels
1826 5197 1883 5226 on
1904 5187 2051 5229 désire
2072 5190 2222 5230 entrer
2243 5203 2295 5232 en
2318 5190 2507 5231 relation
2531 5191 2684 5234 d’inté¬

1659 5245 1727 5286 rêt
1745 5256 1803 5286 ou
1823 5247 1879 5287 de
1899 5246 2158 5290 sentiment.

1712 5304 1771 5346 Le
1790 5305 2051 5356 professeur
2071 5308 2296 5350 Lefranck
2318 5308 2428 5352 dont
2447 5323 2562 5352 nous
2583 5322 2682 5353 con¬

1660 5364 1867 5405 naissons
1895 5366 1939 5406 la
1967 5367 2115 5407 sûreté
2159 5368 2214 5408 de
2259 5368 2525 5420 diagnostic,
2557 5372 2679 5411 satis¬

1659 5422 1774 5463 faire.
1798 5424 2139 5475 certainement,
2166 5426 2232 5467 les
2255 5427 2360 5478 plus
2385 5428 2611 5472 difficiles.

1714 5483 1978 5526 Conditions
2020 5484 2151 5527 faites
2194 5499 2282 5528 aux
2323 5487 2516 5530 lecteurs
2555 5490 2609 5531 de
2633 5503 2681 5531 ce

1656 5540 1840 5590 journal
1871 5554 1879 5582 :

1655 5619 1736 5657 ?.»>'
1758 5620 1882 5659 lettre
1907 5635 1915 5660 :
1940 5622 2126 5671 Croquis
2148 5623 2516 5666 silhouette.
2579 5627 2605 5664 0
2635 5627 2685 5666 75

1758 5695 1807 5702 —
1939 5675 2515 5720 Portrait.
2579 5679 2604 5716 3
2663 5692 2683 5718 »

1757 5750 1808 5755 —
1942 5730 2134 5780 Analyse
2151 5728 2282 5772 détaillée
2296 5734 2323 5772 et
2340 5731 2515 5784 complète..
2582 5734 2605 5773 5
2664 5748 2684 5772 »

1710 5796 1743 5835 A
1771 5797 1915 5847 partir
1940 5799 2002 5838 du
2029 5802 2046 5838 1
2055 5803 2086 5820 er
2111 5800 2362 5851 décembre,
2390 5806 2488 5843 tout
2514 5807 2675 5845 nouvel

1654 5855 1831 5898 abonné
1882 5867 1939 5898 ou
1980 5858 2222 5912 réabonné,
2263 5862 2342 5912 qui
2382 5863 2556 5904 voudra
2580 5876 2677 5906 sou¬

1656 5916 1815 5956 mettre
1868 5929 1948 5958 son
2003 5919 2196 5962 écriture
2240 5920 2525 5971 personnelle
2568 5935 2678 5965 aura

1653 5974 1772 6015 droit
1820 5976 1846 6016 à
1886 5989 1947 6018 un
1998 5978 2180 6030 croquis
2219 5980 2460 6032 silhouette
2509 5984 2677 6032 gratuit

1654 6034 1768 6075 dans
1808 6035 1848 6075 le
1888 6036 2088 6088 journal,
2116 6051 2222 6080 sous
2263 6053 2323 6080 un
2367 6042 2677 6093 pseudonyme

1654 6092 1952 6146 quelconque.

1707 6153 1739 6193 Il
1785 6155 1850 6195 est
1892 6158 2232 6207 expressément
2276 6162 2593 6203 recommandé
2623 6162 2676 6203 de

1653 6224 1707 6252 ne
1758 6226 1838 6264 pas
1890 6215 2162 6259 contrefaire
2202 6230 2280 6259 son
2322 6218 2515 6263 écriture
2555 6222 2599 6262 et
2621 6223 2673 6264 de

1655 6272 1838 6314 n’écrire
1862 6287 1948 6326 que
1972 6288 2050 6316 sur
2072 6278 2131 6318 du
2158 6279 2316 6331 papier
2340 6290 2429 6322 non
2455 6281 2574 6331 rayé.

1704 6404 1836 6444 Fleur
1859 6407 1936 6446 des
1959 6407 2080 6449 Pins.
2100 6431 2156 6436 —
2176 6410 2462 6451 L’éducation
2486 6416 2673 6462 premiè¬

1648 6475 1693 6503 re
1722 6464 1778 6505 do
1804 6464 1940 6507 Fleur
1966 6467 2047 6508 des
2073 6469 2184 6510 Pins
2209 6482 2237 6511 a
2262 6472 2324 6512 dû
2350 6471 2445 6512 être
2473 6471 2561 6515 très
2589 6474 2672 6514 soi¬

1646 6523 1758 6571 gnée
1787 6536 1794 6563 :
1820 6524 1850 6563 il
1876 6535 1923 6568 se
1945 6526 2114 6575 dégage
2138 6528 2193 6570 de
2217 6540 2295 6569 son
2322 6530 2584 6582 graphisme
2610 6544 2670 6572 un

1652 6583 1736 6623 réel
1765 6583 1922 6625 cachet
1972 6586 2028 6626 de
2055 6586 2332 6630 distinction.
2390 6589 2542 6632 Douée
2566 6591 2672 6633 d’un

1643 6641 1883 6692 jugement
1910 6647 2003 6692 sûr,
2035 6645 2141 6685 d’un
2171 6645 2312 6696 esprit
2341 6651 2668 6700 organisateur,

1646 6699 1782 6742 d’une
1815 6700 2100 6752 intelligence
2135 6704 2379 6757 dépassant
2411 6705 2456 6748 la
2490 6720 2671 6762 moyen¬

1643 6771 1711 6809 ne,
1738 6772 1827 6802 aux
1850 6762 1971 6804 idées
1992 6762 2154 6816 larges,
2177 6790 2232 6794 —
2252 6767 2352 6817 trop
2375 6766 2523 6819 larges
2546 6770 2668 6820 quel¬

2774 511 2965 562 quefois,
2996 536 3052 542 —
3080 515 3289 567 pratique
3320 518 3468 568 plutôt
3497 532 3584 570 que
3615 522 3800 563 tournée

2774 582 2873 611 vers
2900 571 2939 612 le
2992 574 3284 623 mysticisme,
3313 576 3358 615 la
3409 579 3640 629 scriptrice
3667 582 3802 622 serait

2774 631 2961 680 capable
2983 635 3040 674 de
3060 633 3232 682 diriger
3254 647 3344 676 une
3367 638 3525 680 affaire
3548 640 3696 680 même
3720 641 3800 680 im¬

2776 690 2994 736 portante,
3024 694 3059 732 si
3113 691 3159 732 la
3184 695 3363 735 volonté
3417 698 3537 737 avait
3589 698 3695 748 plus
3748 700 3800 739 de

2773 748 3026 790 constance.

2828 808 2925 848 Elle
2951 810 3168 852 s’affirme
3209 816 3428 862 pourtant
3450 816 3562 856 cette
3603 818 3797 866 volonté,

2774 866 2945 922 parfois
2975 870 3123 910 même
3168 883 3273 911 avec
3301 873 3492 915 vivacité
3536 876 3579 915 et
3605 876 3800 917 obstina¬

2776 926 2867 964 tion
2895 930 3211 971 momentanée
3240 943 3246 969 :
3272 932 3389 972 mais
3413 934 3584 984 l’esprit
3608 935 3663 975 de
3687 936 3801 976 suite

2776 983 2858 1023 fait
2890 986 3059 1027 défaut.
3093 1011 3148 1016 —
3178 990 3441 1032 Nullement
3471 1006 3620 1043 avare,
3654 994 3804 1046 plutôt

2776 1044 2817 1084 le
2839 1045 3077 1086 contraire.

2833 1103 2887 1143 Le
2920 1115 3043 1145 cœur
3075 1107 3139 1147 est
3171 1109 3381 1158 sensible,
3416 1110 3531 1155 mais
3564 1112 3801 1154 l'affection

2779 1163 2889 1203 n’est
2912 1176 2996 1212 pas
3019 1166 3229 1214 toujours
3251 1168 3586 1212 désintéressée.
3615 1173 3805 1223 L’esprîc

2777 1220 2968 1271 critique
2996 1224 3063 1264 est
3088 1236 3211 1266 assez
3239 1227 3500 1279 développé.
3533 1231 3681 1278 Quant
3709 1232 3735 1271 à
3762 1232 3804 1271 la

2781 1280 3023 1330 franchise,
3052 1283 3188 1325 Fleur
3209 1287 3287 1327 des
3312 1288 3420 1327 Pins
3444 1288 3620 1338 préfère
3643 1292 3805 1343 garder

2780 1351 2849 1382 ses
2876 1343 3040 1382 secrets
3072 1355 3081 1382 :
3108 1344 3216 1384 c’est
3240 1357 3320 1385 son
3350 1347 3508 1388 affaire
3540 1351 3548 1386 !
3580 1348 3676 1391 Elle
3704 1351 3804 1390 n’en

2782 1399 2895 1439 reste
2926 1412 3008 1451 pas
3038 1402 3187 1443 moins
3221 1416 3307 1447 une
3339 1418 3561 1454 personne
3592 1408 3803 1458 aimable,

2781 1459 2947 1506 habile,
2984 1460 3258 1508 légèrement
3292 1464 3574 1515 ambitieuse,
3612 1468 3808 1519 quelque

2781 1527 2869 1567 peu
2892 1519 3032 1566 gênée
3055 1520 3117 1560 du
3141 1522 3237 1561 côté
3260 1522 3316 1563 de
3340 1523 3386 1562 la
3408 1524 3585 1571 bourse,
3612 1527 3656 1566 et
3679 1528 3757 1578 qui
3783 1542 3810 1567 a

2781 1576 2843 1616 dû
2873 1576 3069 1627 inspirer
3099 1579 3153 1620 de
3184 1582 3480 1624 nombreuses
3509 1587 3803 1636 sympathies.

2840 1636 2972 1676 Fleur
2995 1638 3073 1678 des
3096 1639 3245 1687 Alpes.
3268 1663 3321 1668 —
3344 1642 3439 1682 Une
3461 1644 3615 1684 moitié
3639 1646 3692 1686 de
3715 1658 3807 1687 car¬

2782 1695 2825 1734 te
2849 1695 3022 1744 postale
3048 1698 3116 1736 est
3155 1699 3385 1740 vraiment
3409 1702 3510 1752 trop
3552 1703 3690 1752 petite
3716 1716 3808 1744 ma¬

2781 1752 2891 1794 tière
2947 1766 3064 1805 pour
3094 1767 3182 1798 une
3241 1759 3373 1799 étude
3431 1762 3804 1814 graphologique.

2784 1814 3062 1855 Néanmoins
3116 1826 3341 1864 essayons.
3374 1819 3431 1860 Le
3487 1819 3709 1872 scripteur
3737 1823 3808 1863 n’a

2783 1872 2880 1911 rien
2906 1872 2961 1914 de
2984 1874 3160 1915 l’ascète
3190 1888 3197 1915 :
3225 1876 3254 1915 il
3280 1879 3400 1918 aime
3425 1891 3494 1920 ses
3518 1882 3646 1922 aises.
3677 1883 3807 1923 Intel¬

2784 1931 2955 1980 ligence
2980 1946 3217 1982 moyenne,
3247 1947 3368 1976 assez
3393 1938 3544 1987 claire,
3571 1951 3656 1990 peu
3683 1954 3808 1992 orga¬

2784 1991 3008 2033 nisatrice.
3040 1994 3193 2035 Bonne
3221 1995 3452 2036 mémoire.
3484 1999 3716 2041 Caractère
3743 2014 3808 2041 as¬

2783 2060 2854 2090 sez
2876 2051 3011 2099 doux,
3039 2052 3200 2094 nature
3223 2066 3309 2103 peu
3332 2058 3693 2108 entreprenante,
3720 2071 3807 2111 peu

2784 2108 2925 2150 active
2975 2111 3341 2162 physiquement.
3381 2115 3640 2158 Sensibilité
3689 2131 3807 2160 com¬

2784 2168 2950 2217 battue,
2983 2182 3064 2220 pas
3092 2171 3300 2222 toujours
3328 2185 3433 2215 avec
3463 2178 3629 2226 succès,
3661 2191 3736 2220 car
3765 2180 3807 2219 la

2782 2227 2960 2268 volonté
2985 2242 3184 2279 manque
3208 2232 3446 2283 d’énergie.

2835 2287 2985 2335 Esprit
3019 2288 3075 2330 de
3133 2288 3309 2333 coterie.
3375 2293 3807 2338 Désintéressement

2780 2347 2869 2386 très
2895 2345 3054 2388 limité.

2833 2406 3001 2445 Nature
3032 2407 3141 2450 faite
3171 2422 3286 2458 pour
3316 2412 3408 2454 être
3438 2414 3647 2455 dominée
3676 2418 3720 2456 et
3748 2427 3804 2456 ne

2781 2467 3033 2514 manquant
3068 2479 3151 2515 pas
3184 2468 3499 2520 d’originalité.

3345 2531 3393 2570 G.
3424 2531 3747 2575 LEFRANCK.

2833 2644 2887 2684 Je
2912 2648 3116 2697 rappelle
3141 2649 3167 2688 à
3194 2659 3291 2690 mes
3317 2652 3517 2696 abonnés
3544 2654 3600 2694 de
3626 2655 3803 2696 vouloir

2781 2703 2884 2744 bien
2914 2716 2959 2747 se
2988 2706 3100 2750 faire
3129 2709 3361 2752 connaître
3389 2711 3480 2753 lors
3507 2714 3561 2753 de
3590 2715 3635 2754 la
3661 2716 3804 2756 trans¬

2780 2763 2968 2805 mission
2995 2768 3073 2808 des
3099 2767 3263 2810 lettres.
3296 2771 3417 2811 Ceux
3444 2774 3523 2823 qui
3549 2787 3607 2815 ne
3631 2789 3676 2818 se
3702 2787 3803 2816 con¬

2780 2823 3032 2867 formeront
3051 2839 3132 2878 pas
3152 2828 3177 2868 à
3197 2830 3308 2872 cette
3331 2831 3451 2882 règle
3472 2844 3527 2874 ne
3548 2836 3700 2875 seront
3720 2848 3803 2887 pas

2780 2884 2957 2935 surpris
2980 2899 3068 2937 que
3091 2887 3189 2928 leur
3213 2892 3600 2943 correspondance
3624 2895 3708 2936 soit
3732 2896 3803 2936 dé¬

2778 2944 2998 2986 cachetée.

3488 3015 3527 3055 J.
3553 3015 3693 3057 Bach.

2807 3144 3063 3198 Lettres
3104 3145 3183 3199 de
3223 3147 3767 3207 Remerciements

2832 3276 2889 3319 Le
2910 3280 3044 3320 cadre
3064 3280 3120 3320 de
3140 3282 3268 3323 notre
3287 3282 3471 3332 journal
3492 3296 3548 3326 ne
3569 3297 3684 3327 nous
3703 3299 3800 3338 per¬

2777 3338 2968 3379 mettant
2991 3351 3072 3390 pas
3123 3339 3339 3383 d’insérer
3389 3343 3455 3384 les
3505 3344 3801 3387 nombreuses

2776 3396 2929 3438 lettres
2962 3398 3016 3440 de
3049 3399 3340 3446 félicitations
3373 3403 3603 3446 adressées
3636 3416 3693 3446 au
3727 3407 3800 3446 Di¬

2776 3456 2952 3504 recteur
2978 3458 3141 3510 depuis
3167 3460 3211 3500 la
3236 3462 3435 3503 création
3463 3463 3517 3504 de
3543 3464 3656 3504 cette
3682 3476 3800 3506 com¬

2779 3515 3004 3567 binaison,
3043 3528 3156 3559 ceux
3192 3520 3247 3560 de
3283 3532 3364 3562 nos
3401 3522 3603 3564 abonnés
3639 3524 3716 3576 qui
3755 3524 3795 3566 le

2776 3576 3072 3618 désireraient
3097 3582 3319 3628 pourront
3343 3594 3397 3622 en
3451 3584 3647 3632 prendre
3698 3598 3799 3626 con¬

2776 3635 3012 3678 naissance
3044 3638 3160 3679 dans
3191 3651 3274 3679 nos
3306 3640 3525 3692 bureaux,
3561 3655 3643 3684 rue
3675 3644 3799 3686 d’As¬

2775 3695 2888 3746 torg,
2915 3698 2980 3744 26,
3011 3696 3251 3739 Toulouse.

2879 3832 3348 3900 IMMORTEL
3405 3826 3690 3900 PASSÉ

2772 3975 2817 4004 Le
2838 3976 2897 4003 flot
2921 3977 2980 4006 des
3001 3979 3181 4007 souvenirs
3202 3982 3335 4012 gronde
3357 3988 3398 4009 en
3422 3990 3501 4011 mon
3525 3991 3620 4012 cœur
3642 3991 3765 4014 sonore

2773 4017 2810 4044 El
2836 4018 2871 4044 la
2891 4018 3078 4050 splendeur
3099 4021 3143 4046 du
3167 4022 3247 4051 jour
3269 4023 3422 4055 n’apaise
3443 4030 3510 4056 que
3532 4031 3601 4052 mes
3622 4031 3712 4057 yeux
3739 4032 3745 4053 !

2768 4057 2896 4088 Ailoris,
2920 4059 2939 4085 ô
2963 4066 3020 4087 ma
3044 4060 3202 4092 douleur,
3228 4063 3335 4092 douce
3359 4069 3488 4094 comme
3512 4072 3581 4094 une
3604 4073 3741 4099 aurore,

2772 4095 2913 4127 Presser
2937 4100 3022 4128 d’un
3046 4108 3108 4134 pas
3131 4103 3225 4134 léger
3247 4103 3279 4131 le
3303 4106 3399 4135 sable
3420 4106 3612 4136 lumineux.

2773 4161 2820 4188 La
2844 4168 2916 4187 mer
2937 4163 3017 4192 tisse
3040 4163 3060 4190 à
3086 4171 3145 4191 nos
3166 4163 3264 4196 pieds
3285 4173 3318 4192 sa
3344 4167 3493 4195 dentelle
3517 4170 3557 4195 de
3582 4168 3691 4200 neige,

2772 4201 2815 4228 Le
2839 4202 2893 4228 vol
2917 4203 2975 4230 des
2998 4204 3164 4235 goélands
3188 4206 3284 4233 vibre
3307 4208 3395 4235 dans
3417 4208 3451 4236 la
3475 4208 3593 4236 clarté.

2773 4243 2808 4268 El
2840 4251 2916 4270 mon
2943 4251 3039 4272 cœur
3064 4246 3213 4279 rajeuni,
3239 4247 3348 4279 qu'un
3371 4255 3459 4282 sang
3483 4251 3561 4284 plus
3586 4258 3652 4284 pur
3676 4251 3799 4284 allège,

2772 4283 2865 4311 Croit
2885 4283 3020 4312 revivre
3040 4287 3088 4313 les
3108 4287 3207 4319 jours
3228 4288 3432 4318 d'autrefois
3455 4292 3599 4320 reflétés.

2774 4363 2868 4388 Dans
2889 4368 2927 4388 sa.
2949 4363 3030 4390 robe
3051 4363 3151 4392 tissée
3172 4372 3216 4391 en
3235 4365 3302 4391 l’or
3323 4367 3383 4394 des
3403 4366 3545 4396 anciens
3566 4370 3672 4401 rêves.

2773 4402 2816 4428 Le
2841 4403 2939 4434 passé
2963 4403 3110 4431 radieux
3134 4412 3168 4432 se
3193 4406 3264 4432 lève
3289 4406 3310 4433 à
3335 4414 3415 4434 mon
3440 4409 3552 4441 appel,

2773 4442 2811 4469 Et
2836 4443 2869 4474 je
2891 4444 3013 4475 revois,
3036 4445 3185 4476 glissant
3207 4452 3267 4472 sur
3289 4446 3321 4474 le
3344 4448 3437 4475 sable
3461 4450 3519 4476 des
3540 4451 3670 4482 grèves,

2772 4483 2843 4512 Mes
2864 4484 2976 4512 beaux
2996 4491 3119 4518 songes
3140 4487 3299 4514 d’enfant
3320 4489 3513 4519 enluminés
3536 4492 3577 4518 de
3596 4491 3672 4519 ciel.

2772 4561 2845 4587 Une
2868 4560 2991 4590 intime
3015 4563 3200 4595 allégresse
3223 4572 3244 4592 a
3269 4566 3409 4596 pénétré
3435 4574 3513 4594 mon
3541 4568 3628 4599 âme,

2771 4601 2837 4628 Car
2860 4601 2923 4634 j’ai
2947 4609 2991 4630 vu
3017 4604 3105 4631 dans
3129 4604 3177 4632 les
3200 4611 3292 4638 yeux
3317 4608 3376 4635 des
3399 4613 3521 4640 songes
3546 4610 3703 4638 réveillés

2774 4642 3017 4677 Nostalgiques
3043 4644 3075 4671 et
3101 4646 3192 4673 doux
3220 4653 3352 4676 comme
3379 4650 3436 4675 des
3460 4655 3553 4681 yeux
3580 4651 3620 4678 de
3646 4651 3783 4686 femme,

2774 4683 2919 4714 Revivre
2946 4685 2981 4712 la
3009 4686 3117 4713 clarté
3146 4688 3204 4715 des
3231 4688 3329 4720 jours
3357 4688 3560 4719 ensoleillés.

2774 4760 2819 4787 Ils
2845 4762 2979 4793 rodent,
3005 4762 3176 4791 familiers
3201 4765 3329 4792 autour
3356 4766 3396 4792 de
3421 4771 3478 4793 ma
3504 4767 3667 4800 tristesse,

2769 4801 2859 4828 Leur
2884 4803 2989 4830 faible
3014 4804 3091 4830 voix
3116 4810 3151 4832 se
3175 4806 3261 4832 mêle
3285 4811 3356 4833 aux
3380 4814 3539 4836 rumeurs
3564 4810 3605 4836 de
3628 4810 3663 4837 la
3688 4818 3760 4838 mer

2771 4842 2812 4868 Et
2834 4842 3141 4876 l’enveloppement
3168 4846 3260 4878 léger
3284 4847 3324 4872 de
3345 4847 3440 4875 leurs
3463 4855 3613 4877 caresses

2771 4883 2824 4910 Me
2844 4884 2930 4911 rend
2953 4883 3055 4913 l’âme
3076 4887 3188 4915 moins
3209 4887 3308 4915 triste
3328 4887 3363 4915 et
3382 4888 3415 4916 le
3435 4896 3532 4918 cœur
3552 4891 3665 4920 moins
3686 4899 3793 4920 amer.

2804 4924 2948 4951 Janvier
2980 4927 3055 4952 Iî>i2.

3477 4973 3564 5000 Jean
3588 4975 3756 5002 RACINE.

3396 5012 3541 5046 Afrique
3564 5014 3793 5046 Occidentale.

2832 5134 3146 5232 Annonces
3200 5138 3264 5232 et
3314 5135 3462 5235 Avis
3516 5138 3722 5239 divers

2824 5319 2857 5356 1.
2886 5340 2940 5346 —
2967 5318 3032 5358 On
3061 5319 3285 5372 demande
3312 5322 3425 5372 petit
3449 5324 3616 5374 capital
3658 5336 3784 5376 paya¬

2768 5367 2840 5408 ble
2863 5381 2916 5410 en
2941 5372 3068 5412 rente
3088 5371 3281 5423 viagère.
3309 5375 3441 5417 Faire
3461 5378 3599 5418 offres
3620 5379 3664 5419 et
3685 5379 3792 5419 don¬

2767 5433 2848 5463 ner
2866 5423 2968 5464 tous
2987 5426 3377 5478 renseignements
3396 5442 3454 5471 au
3475 5431 3709 5473 Directeur
3729 5432 3787 5474 du

2769 5474 2896 5518 Trait
2919 5478 3126 5519 d’Union.

2817 5548 2856 5586 2.
2885 5550 2940 5587 —
2985 5551 3247 5594 Professeur
3292 5553 3428 5595 dame
3470 5558 3789 5599 recommandé

2765 5611 2881 5650 pour
2903 5602 3053 5652 leçons
3074 5604 3129 5643 de
3149 5604 3300 5655 piano.
3327 5607 3436 5647 Prix
3457 5610 3676 5653 modérés.
3704 5612 3789 5652 Bu¬

2764 5664 2871 5693 reau
2899 5654 2959 5695 du
2987 5656 3184 5706 journal.

2815 5727 2853 5764 3.
2881 5727 2918 5766 —
2963 5728 3229 5770 Demoiselle
3257 5731 3380 5772 seule
3406 5734 3457 5771 45
3484 5744 3580 5782 ans,
3609 5734 3787 5786 adopte¬

2762 5777 2852 5816 rait
2869 5779 3006 5827 jeune
3027 5780 3120 5822 fille
3142 5782 3352 5826 fortunée
3369 5796 3427 5825 ou
3449 5787 3609 5827 enfant
3627 5790 3787 5839 orphe¬

2763 5830 2853 5871 line
2872 5844 2927 5871 ou
2949 5833 3260 5876 abandonnée.
3287 5836 3487 5881 Prendre
3507 5840 3687 5883 adresse
3708 5843 3786 5883 bu¬

2765 5896 2867 5923 reau
2896 5886 2955 5926 du
2984 5887 3111 5927 Trait
3135 5890 3345 5932 d’Union.

2814 5956 2851 5995 4.
2872 5958 2925 5994 —
2947 5958 3136 5999 Famille
3158 5960 3248 6000 très
3265 5961 3527 6011 honorable,
3551 5965 3784 6014 prendrait

2764 6008 3085 6059 pensionnaire
3117 6012 3252 6055 dame
3284 6027 3341 6056 ou
3392 6016 3627 6059 Monsieur
3679 6018 3784 6067 aisé,

2763 6063 3004 6106 s’adresser
3032 6066 3204 6107 bureau
3235 6067 3296 6107 du
3325 6068 3524 6117 journal.

2813 6135 2851 6171 5.
2958 6136 3024 6175 On
3052 6135 3279 6179 demande
3305 6140 3453 6180 bonne
3480 6142 3733 6183 couturière
3760 6143 3784 6183 à

2763 6186 2805 6224 la
2819 6186 3022 6235 journée.
3043 6188 3148 6228 Voir
3164 6191 3332 6232 bureau
3351 6194 3411 6233 du
3428 6194 3556 6235 Trait
3568 6193 3779 6238 dîUrîion.

2812 6260 2850 6299 7.
2875 6260 2905 6298 -
2955 6261 3092 6300 Dame
3116 6263 3255 6312 ayant
3277 6262 3425 6304 loisirs
3449 6264 3672 6307 demande
3700 6268 3783 6308 tra¬

2759 6327 2875 6356 vaux
2907 6318 3146 6360 d’écriture
3175 6332 3229 6360 ou
3267 6323 3426 6362 travail
3459 6326 3640 6364 manuel
3673 6327 3780 6366 chez

2757 6374 2855 6414 elle.

2809 6455 2928 6494 8..—
2953 6456 3215 6498 Professeur
3240 6456 3293 6499 de
3320 6459 3519 6510 français
3540 6460 3780 6504 donnerait

2755 6511 2905 6559 leçons
2938 6514 2994 6555 de
3040 6517 3379 6561 conversations
3411 6521 3453 6559 et
3500 6521 3777 6574 d’orthogra¬

2753 6571 2843 6621 phe
2876 6571 2901 6611 à
2935 6584 3157 6623 personne
3189 6576 3437 6629 étrangère.
3476 6579 3590 6631 Cinq
3625 6580 3776 6623 francs

2754 6640 2836 6679 par
2860 6630 2988 6673 mois.

2804 6708 2841 6747 9.
2872 6710 2924 6749 —
2956 6711 3120 6758 Leçons
3151 6712 3204 6754 de
3236 6712 3433 6764 français
3463 6716 3503 6757 et
3535 6716 3769 6769 d’anglais.

2751 6767 2815 6808 De
2840 6770 2887 6807 15
2911 6768 2936 6807 à
2957 6771 3009 6809 30
3033 6769 3187 6812 francs
3208 6784 3292 6822 par
3316 6774 3443 6815 mois.

3933 518 3995 556 10.
4021 518 4076 556 —
4099 518 4243 560 Jeune
4268 518 4365 560 fille
4392 520 4528 568 ayant
4552 521 4719 572 emploi
4748 522 4900 562 Sténo-

3879 575 4255 627 Dactylographe,
4319 578 4452 619 ferait
4500 579 4661 620 travail
4723 582 4901 631 supplé¬

3879 634 4099 674 mentaire
4122 647 4239 686 pour
4264 636 4566 687 particuliers.

3934 712 3995 750 11.
4028 735 4083 739 —
4112 711 4340 754 Véritable
4386 711 4607 754 occasion.
4639 715 4693 755 —
4725 716 4901 755 GRAN¬

3883 772 3953 808 DE
3989 771 4355 812 CHAPELIERE
4388 772 4503 812 osier
4549 774 4693 823 verni,
4727 776 4752 815 à
4784 786 4901 815 com-

3896 828 4163 878 >artiments,
4208 829 4400 872 doublée
4427 831 4547 880 toile,
4592 833 4732 876 belles
4759 844 4904 875 serru¬

3879 900 3948 931 res
3976 888 4143 935 cuivre,
4173 890 4351 931 vendue
4377 891 4532 932 moitié
4558 892 4675 943 prix.
4708 894 4903 935 S’adres¬

3880 958 3949 987 ser
3975 947 4148 988 bureau
4176 948 4303 990 Trait
4328 950 4537 991 d’Union.

3935 1026 3996 1063 12.
4027 1025 4081 1062 —
4108 1025 4237 1072 Veuf,
4268 1030 4589 1076 commerçant,
4620 1030 4767 1072 désire
4794 1031 4903 1070 s’en¬

3881 1083 4037 1124 tendre
4063 1094 4168 1123 avec
4192 1097 4413 1134 personne
4439 1087 4492 1126 de
4516 1089 4567 1127 30
4592 1100 4673 1128 ans
4697 1088 4900 1138 environ,

3883 1143 4092 1190 honnête,
4140 1146 4403 1190 présentant
4430 1146 4549 1194 bien,
4597 1148 4745 1191 bonne
4772 1150 4904 1190 cuisi¬

3883 1202 4019 1252 nière,
4052 1202 4153 1251 apte
4182 1202 4207 1242 à
4236 1203 4403 1252 diriger
4435 1206 4637 1258 ménage.

3940 1278 4001 1318 13.
4032 1278 4219 1318 Landes.
4244 1303 4297 1307 —
4321 1280 4462 1322 Dame
4487 1284 4623 1331 seule,
4651 1286 4782 1333 ayant
4809 1298 4908 1326 ren¬

3885 1336 3964 1383 tes,
3998 1338 4173 1378 maison
4207 1339 4249 1378 et
4304 1339 4472 1387 jardin,
4531 1342 4742 1384 habitant
4771 1346 4907 1395 petite

3888 1395 4008 1442 ville,
4046 1396 4203 1437 climat
4236 1397 4349 1445 sain,
4388 1399 4533 1441 désire
4567 1402 4763 1452 prendre
4796 1406 4903 1445 chez

3888 1454 3970 1494 tlle
3999 1466 4113 1503 pour
4170 1456 4295 1498 avoir
4323 1470 4412 1499 une
4468 1459 4628 1500 société
4685 1471 4908 1511 personne

3887 1514 4024 1561 seule,
4051 1514 4155 1554 bien
4180 1515 4343 1564 élevée,
4371 1519 4510 1567 ayant
4532 1519 4692 1570 petites
4716 1523 4879 1562 rentes.

3943 1590 4004 1631 14-,
4037 1590 4165 1631 Midi.
4194 1616 4248 1620 —
4303 1594 4441 1636 Dame
4495 1595 4584 1636 très
4639 1596 4907 1650 distinguée,

3888 1648 3991 1689 bien
4015 1651 4176 1699 élevée,
4203 1651 4412 1695 habitant
4432 1656 4604 1705 grande
4625 1656 4747 1707 ville,
4773 1659 4911 1710 ayant

3887 1707 4105 1751 intérieur
4133 1711 4427 1760 confortable,
4475 1715 4688 1755 voudrait
4714 1721 4909 1768 prendre

3885 1778 4063 1810 comme
4115 1770 4448 1822 pensionnaire,
4508 1773 4641 1815 dame
4696 1787 4754 1816 ou
4784 1790 4909 1818 mon¬

3887 1826 4008 1867 sieur
4036 1828 4148 1873 seul,
4179 1828 4509 1874 fonctionnaire
4536 1845 4593 1875 ou
4621 1835 4803 1876 rentier.

3940 1904 4003 1944 15.
4035 1906 4172 1946 Dame
4199 1914 4354 1956 veuve,
4411 1910 4547 1958 ayant
4568 1923 4625 1952 eu
4679 1922 4829 1956 revers
4855 1917 4909 1956 de

3888 1962 4081 2010 fortune,
4115 1967 4165 2003 37
4197 1978 4292 2014 ans,
4327 1979 4432 2010 sans
4463 1969 4656 2020 enfants,
4691 1975 4909 2015 excellen¬

3888 2021 3951 2062 tes
3976 2022 4215 2064 éducation
4241 2026 4283 2066 et
4311 2026 4595 2079 instruction,
4624 2032 4728 2082 apte
4752 2034 4776 2073 à
4801 2034 4909 2074 diri¬

3884 2092 3962 2130 ger
3994 2080 4225 2131 intérieur,
4260 2084 4497 2127 désirerait
4526 2088 4708 2131 trouver
4739 2094 4907 2144 emploi

3885 2138 4092 2182 caissière
4121 2154 4179 2182 ou
4208 2144 4407 2194 gérante,
4440 2147 4560 2188 hôtel
4591 2160 4647 2190 ou
4677 2152 4789 2192 café.
4823 2154 4908 2192 En¬

3885 2198 4041 2240 trerait
4066 2212 4123 2242 au
4149 2203 4317 2244 service
4341 2204 4396 2248 de
4421 2207 4653 2248 monsieur
4680 2212 4790 2260 seul,
4819 2214 4909 2254 mê¬

3885 2270 3956 2298 me
3984 2270 4089 2299 avec
4114 2260 4308 2303 enfants.
4340 2263 4448 2306 Très
4476 2267 4668 2308 sérieux.

3941 2334 4001 2372 16.
4013 2334 4493 2380 Bouches-du-Rhône.
4527 2366 4584 2372 —
4617 2344 4900 2397 Célibataire,

3884 2395 3933 2434 70
3959 2405 4056 2440 ans,
4100 2396 4246 2438 comte
4273 2399 4584 2451 authentique,
4630 2404 4908 2448 descendant

3881 2452 4015 2495 d’une
4042 2455 4260 2498 ancienne
4288 2459 4329 2499 et
4357 2458 4532 2502 illustre
4560 2463 4749 2514 famille,
4779 2466 4905 2507 habi¬

3887 2512 3983 2553 tant
4016 2513 4140 2562 villa,
4177 2515 4391 2559 voudrait
4423 2519 4609 2570 adopter
4645 2523 4804 2564 enfant
4837 2538 4895 2566 ou

3880 2571 4016 2619 jeune
4039 2572 4224 2615 homme
4246 2575 4300 2616 de
4324 2576 4500 2620 famille
4522 2580 4660 2631 riche,
4686 2595 4792 2624 avec
4814 2586 4907 2635 pri¬

3883 2640 3968 2670 me.
3988 2631 4195 2675 Céderait
4220 2634 4345 2678 titres
4375 2638 4636 2683 nobiliaires
4664 2642 4706 2682 et
4720 2646 4905 2693 parche¬

3884 2689 4017 2731 mins.
4049 2690 4179 2735 Faire
4205 2694 4353 2736 offres.

3936 2770 3997 2808 17.
4028 2771 4061 2807 A
4087 2771 4253 2812 vendre
4278 2783 4392 2819 pour
4415 2784 4546 2817 cause
4571 2779 4623 2819 de
4649 2778 4808 2828 départ
4829 2781 4904 2822 ob¬

3881 2826 3967 2874 jets
3997 2828 4180 2871 anciens
4216 2844 4223 2871 :
4255 2833 4473 2884 meubles,
4506 2835 4732 2888 tableaux,
4767 2840 4904 2883 livres

3881 2888 4145 2935 argenterie,
4176 2890 4406 2934 dentelles.
4433 2895 4676 2938 Collection
4708 2899 4911 2943 timbres.

3930 2944 4180 2988 S’adresser
4211 2951 4384 2993 bureau
4412 2954 4540 2994 Trait
4559 2956 4768 2998 d’Union.

4051 3103 4746 3195 APOLLO-THÉATRE

3932 3227 3997 3266 En
4020 3228 4185 3270 dehors
4205 3231 4283 3272 des
4307 3234 4688 3284 représentations
4709 3236 4904 3280 cinéma¬

3879 3287 4204 3339 tographiques
4255 3291 4346 3331 très
4374 3294 4542 3334 suivies
4569 3296 4612 3336 et
4664 3296 4744 3340 des
4764 3298 4903 3339 -CON¬

3877 3346 4061 3387 CERTS
4105 3348 4566 3400 SYMPHONIQUES
4609 3355 4644 3394 si
4671 3359 4904 3408 appréciés

3877 3404 3955 3444 des
3980 3407 4223 3455 amateurs,
4268 3410 4541 3451 L’APOLLO
4584 3414 4708 3454 vient
4732 3416 4904 3467 d’orga¬

3877 3464 4010 3511 niser,
4040 3467 4160 3506 deux
4188 3467 4274 3508 fois
4299 3479 4384 3516 par
4408 3471 4623 3521 semaine,
4652 3474 4764 3515 DES
4792 3476 4901 3515 SOI¬

3877 3523 4021 3564 REES
4076 3523 4149 3564 DE
4205 3526 4356 3567 GALA
4395 3553 4452 3558 —
4492 3530 4716 3572 CINEMA
4771 3535 4901 3575 CON¬

3877 3583 4027 3623 CERT
4051 3607 4106 3615 -—
4132 3598 4237 3626 avec
4263 3588 4303 3627 le
4329 3600 4547 3631 concours
4575 3594 4651 3631 des
4677 3594 4903 3635 éminents

3876 3642 4053 3684 artistes
4076 3644 4139 3683 du
4164 3644 4519 3690 Conservatoire.

3931 3702 4052 3744 Cette
4085 3704 4307 3749 heureuse
4340 3707 4601 3749 innovation
4635 3711 4808 3754 obtient
4838 3726 4899 3754 un

3877 3762 4029 3800 succès
4080 3762 4393 3807 considérable
4414 3766 4455 3804 et
4479 3767 4609 3808 attire
4660 3783 4721 3810 un
4746 3774 4903 3822 public

3876 3819 3930 3859 de
3952 3819 4100 3861 choix.
4128 3822 4244 3863 C’est
4267 3824 4306 3864 le
4331 3826 4627 3868 rendez-vous
4648 3830 4704 3869 de
4727 3830 4772 3871 la
4794 3833 4902 3872 bon¬

3876 3890 3930 3918 ne
3952 3879 4127 3920 société.

3931 3938 4105 3979 Soirées
4126 3940 4179 3980 de
4201 3940 4311 3981 Gala
4328 3952 4336 3981 :
4351 3944 4401 3983 30
4421 3944 4552 3994 avril,
4573 3948 4597 3986 3
4619 3947 4724 3997 mai,
4747 3952 4772 3990 8
4791 3950 4899 3999 mai,

3880 4000 3917 4036 11
3950 3997 4057 4043 mai,
4087 3999 4113 4038 à
4137 4002 4161 4038 8
4188 4000 4352 4042 heures
4376 4004 4455 4043 3/4.

3931 4056 4140 4100 Concerts
4171 4062 4531 4112 symphoniques
4563 4076 4572 4105 :
4605 4066 4828 4110 Mercredi
4860 4071 4895 4110 el

3876 4118 4048 4159 samedi
4072 4119 4127 4159 de
4149 4120 4324 4170 chaque
4348 4123 4548 4168 semaine
4571 4126 4597 4166 à
4619 4128 4644 4166 5
4667 4127 4844 4170 heures.

3948 4363 4249 4410 Manufacture
4279 4367 4499 4407 d'articles
4527 4368 4680 4407 KATO

3877 4442 3907 4473 !x
4376 4442 4399 4475 à
4423 4439 4591 4485 fenêtre
4612 4439 4825 4486 diaphane

4052 4576 4445 4645 Enveloppes
4471 4580 4495 4600 *
4516 4581 4675 4634 Kato

3873 4659 3909 4723 1
4052 4666 4223 4727 Papier
4253 4670 4277 4718 à
4314 4670 4457 4719 lettre
4493 4670 4719 4720 “KATO”

3872 4708 3910 4775 I

3871 4765 3908 4818 J

3871 4802 3908 4868 Ü
3957 4808 4193 4846 Demander
4221 4812 4512 4849 Echantillons

3877 4878 3904 4905 X
3955 4872 4109 4908 LOUIS
4137 4875 4335 4912 CASSAN
4365 4879 4460 4914 aîné

3870 4905 3909 4934 W

3871 4946 3907 4986 ;sc!
3957 4939 4015 4979 37,
4044 4948 4116 4974 rue
4142 4942 4214 4976 des
4241 4943 4472 4978 Couteliers

3876 4984 3905 5048 g
3959 5002 4236 5040 TOULOUSE

3868 5092 4449 5139 LSMWWNMêSlMMKWMZ
4457 5102 4671 5138 KMeUMHS

4060 5224 4464 5258 EXCELLENTE
4516 5230 4709 5260 PRIME

4316 5293 4365 5319 DE
4391 5294 4439 5320 LA

3931 5351 4836 5472 MICHELINE

3903 5546 3947 5574 La
3976 5547 4108 5575 Maison
4144 5547 4287 5576 Michel
4321 5549 4525 5585 Sabatier,
4563 5554 4604 5583 de
4639 5554 4888 5591 Carcassonne,

3867 5580 3959 5610 vient
3973 5581 4014 5611 de
4029 5584 4127 5613 créer
4142 5591 4210 5612 une
4224 5584 4334 5614 caisse
4349 5592 4532 5623 composée
4551 5590 4591 5618 de
4609 5590 4661 5616 six
4676 5588 4869 5621 bouteilles.

3975 5647 4005 5671 1*
4036 5648 4080 5674 La
4109 5650 4301 5680 Micheline,
4331 5651 4433 5678 Reine
4460 5655 4516 5680 des
4543 5655 4721 5686 Liqueurs.

3972 5682 4005 5707 2*
4040 5684 4148 5709 Cacao
4181 5685 4472 5715 Puerto-Cabello.

3971 5718 4004 5744 3*
4037 5720 4147 5746 Rhum
4176 5720 4365 5748 St-Michel.

3973 5754 4005 5778 4*
4044 5755 4124 5779 Fine
4162 5755 4311 5795 Martoti.
4714 5778 4733 5796 s

3969 5788 4004 5814 5”
4028 5789 4111 5814 L'Or
4134 5790 4220 5816 Kina
4241 5792 4435 5827 Sabathier,
4459 5795 4520 5823 Vin
4541 5795 4683 5828 apéritf.

3969 5823 4003 5848 6*
4029 5824 4145 5850 Grand
4171 5825 4360 5858 Mousseux,
4383 5831 4487 5858 cuvée
4508 5830 4671 5862 réservée,
4692 5831 4771 5864 plus
4791 5834 4883 5868 quel¬

3969 5864 4053 5890 ques
4073 5858 4200 5890 primes
4220 5868 4263 5890 an
4285 5863 4385 5892 choix
4408 5867 4453 5894 du
4476 5866 4593 5894 client.

3972 5904 4052 5932 Prix
4077 5904 4197 5935 franco
4220 5910 4260 5936 de
4283 5911 4360 5942 port
4381 5912 4413 5939 et
4437 5914 4512 5940 tous
4535 5912 4644 5940 droits
4665 5919 4771 5949 payés
4795 5919 4881 5946 dans

3862 5939 3896 5966 la
3918 5940 4047 5967 France
4067 5942 4208 5970 entière.

4204 5999 4397 6037 Vingt-cinq
4420 6003 4537 6031 francs

3966 6130 4427 6195 Mesdames,

4096 6224 4562 6268 Demandez
4612 6231 4884 6275 toutes

3861 6308 3944 6386 LE
3977 6297 4348 6388 BRÉVIAIRE
4381 6307 4574 6388 DELA
4605 6303 4884 6393 BEAUTÉ

3893 6467 3982 6492 Dans
4007 6471 4052 6492 un
4077 6468 4136 6495 but
4161 6471 4200 6497 de
4224 6468 4477 6499 vulgarisation
4500 6468 4730 6507 scientifique,
4757 6475 4880 6501 l'envoi

3853 6516 3893 6535 en
3916 6509 3964 6534 est
3988 6509 4051 6535 fait
4072 6511 4192 6538 franco
4215 6517 4292 6536 sous
4316 6510 4361 6539 pli
4385 6511 4503 6540 fermé,
4525 6515 4643 6540 contre
4661 6515 4679 6540 0
4699 6516 4741 6541 fr.
4765 6514 4799 6546 40
4819 6514 4879 6546 (re¬

3853 6551 4055 6576 commande
4079 6552 4084 6576 :
4104 6552 4120 6576 0
4140 6551 4181 6578 fr.
4203 6548 4248 6582 50)
4268 6558 4309 6576 en
4330 6551 4472 6576 timbres
4495 6552 4535 6578 de
4553 6556 4629 6581 tous
4651 6563 4745 6588 pays,
4768 6558 4879 6583 adres¬

3851 6589 3901 6615 sés
3927 6588 3945 6615 à
3971 6590 4140 6624 CLARKS,
4165 6592 4227 6623 130,
4252 6592 4387 6618 Galerie
4411 6594 4449 6619 de
4475 6594 4587 6623 Valois
4611 6594 4877 6631 (Palais-Royal)

3856 6630 3963 6655 Paris.

4241 6709 4295 6746 Le
4327 6708 4483 6747 3érant
4513 6721 4523 6746 :
4551 6711 4804 6751 ROUSSEL.

3900 6789 4164 6835 Imprimerie
4193 6789 4375 6835 spéciale
4404 6791 4457 6827 du
4491 6791 4607 6830 Trait
4636 6795 4828 6834 d'Union.
