5176 7176
2383 365 2456 404 LE
2487 366 2664 407 TRAIT
2700 369 2946 412 D'UNION

536 452 654 492 6080.
686 454 938 492 Bordeaux.
963 475 1017 480 —
1040 455 1184 493 Jeune
1209 454 1311 492 fille
1331 455 1384 493 24
1408 465 1504 502 ans,

484 511 643 559 brune,
671 511 795 552 taille
833 520 1072 563 moyenne,
1118 513 1207 553 très
1247 512 1442 554 sérieuse
1467 515 1507 554 et

483 571 771 619 affectueuse,
822 572 969 613 bonne
1016 571 1206 622 famille,
1239 573 1507 623 accepterait

483 631 707 670 Monsieur
734 631 787 669 de
816 631 871 668 in
894 632 916 668 à
947 635 996 667 35
1026 642 1108 670 uns
1139 632 1341 679 environ,
1364 631 1509 671 bonne

480 693 623 738 santé,
639 694 780 731 lionne
798 692 1023 739 situation,
1039 693 1300 742 affectueux,
1315 694 1505 740 sérieux,

480 755 648 793 aimant
669 755 736 792 vie
759 753 811 791 de
836 754 1014 792 famille.

534 826 651 864 6033.
678 827 771 865 Lot.
791 826 843 864 —
865 826 1132 867 Demoiselle
1152 827 1203 865 35
1224 838 1319 875 ans,
1343 826 1503 874 brune,

479 886 593 936 gaie,
618 886 831 932 aimante,
855 884 1025 935 pieuse,
1050 887 1187 935 ayant
1208 886 1344 936 petite
1365 885 1443 926 dot
1463 886 1506 925 et

479 944 675 995 grandes
698 944 907 995 qualités,
931 943 1144 986 voudrait
1164 946 1354 996 épouser
1379 945 1504 984 Mon¬

479 1004 602 1043 sieur
647 1004 733 1044 bon
782 1003 1040 1055 catholique
1087 1007 1225 1055 ayant
1270 1004 1499 1045 situation.

480 1062 683 1104 Sérieux.

530 1141 648 1180 6087.
680 1140 892 1180 Gironde.
919 1164 973 1169 —
999 1143 1140 1183 Dame
1166 1142 1314 1190 noble,
1342 1151 1499 1188 veuve,

476 1202 528 1239 40
558 1210 652 1247 ans,
687 1200 846 1248 brune,
879 1198 1148 1251 distinguée,
1182 1199 1404 1251 française
1434 1211 1502 1240 ca¬

476 1259 695 1310 tholique,
719 1259 900 1311 parlant
922 1259 1026 1311 cinq
1047 1260 1251 1310 langues,
1276 1260 1422 1299 14.000
1442 1258 1498 1300 fr.

477 1318 625 1358 rentes
677 1318 927 1365 annuelles,
971 1318 1119 1360 désire
1158 1319 1348 1370 épouser
1374 1318 1502 1359 Mon¬

476 1378 598 1418 sieur
616 1378 670 1418 de
688 1380 739 1418 45
755 1377 781 1419 à
798 1380 848 1418 50
868 1390 964 1428 ans,
985 1379 1123 1427 ayant
1140 1378 1166 1418 à
1183 1390 1270 1429 peu
1288 1379 1392 1429 près
1411 1378 1500 1418 mê-

476 1436 706 1477 situation.
1407 1471 1411 1489 ,

524 1515 643 1554 6093.
674 1515 915 1555 Toulouse.
945 1515 998 1553 —
1028 1514 1296 1555 Demoiselle
1323 1515 1376 1553 32
1403 1523 1499 1561 ans,

471 1574 620 1614 bonne
654 1573 845 1620 famille,
881 1574 1014 1623 goûts
1072 1573 1275 1624 simples,
1311 1574 1499 1624 grande,

470 1632 740 1683 distinguée,
772 1632 920 1674 désire
946 1634 1136 1683 épouser
1167 1634 1415 1683 monsieur,
1447 1634 1502 1675 si¬

469 1691 643 1732 tuation
671 1694 791 1741 sûre,
822 1692 902 1743 âge
931 1692 1106 1734 assorti.

523 1768 658 1809 6.094.
672 1767 814 1809 Aude.
836 1770 891 1807 —
914 1770 1053 1810 Dame
1075 1770 1279 1812 abonnée
1299 1782 1405 1812 sans
1427 1783 1502 1811 an¬

473 1838 629 1868 nonce.

524 1907 572 1943 4°
600 1906 660 1944 Ne
682 1904 889 1945 déchirez
911 1915 991 1955 pas
1012 1916 1058 1947 ce
1080 1907 1279 1955 journal.
1299 1909 1498 1947 Donnez-

474 1965 511 2004 le
534 1963 559 2003 à
582 1975 660 2003 vos
680 1965 812 2004 amis.

522 2050 640 2088 6096.
667 2050 1100 2090 Tarn-et-Garonne.
1123 2075 1177 2079 —
1218 2050 1496 2099 Demoiselle,

465 2119 515 2155 35
539 2126 632 2163 ans,
659 2116 860 2156 instruite
878 2117 979 2156 bien
997 2118 1162 2166 élevée,
1183 2118 1348 2158 famille
1363 2118 1498 2158 hono¬

467 2178 604 2226 rable,
633 2178 776 2219 iO.OjO
800 2179 848 2219 fr.
874 2179 948 2219 dot
976 2183 1018 2219 et
1046 2182 1328 2231 espérances,
1352 2179 1498 2220 désire

465 2239 663 2290 mariage
684 2247 792 2280 avec
817 2242 1044 2280 Monsieur
1066 2242 1306 2297 distingué,
1332 2244 1496 2283 intelli¬

464 2306 582 2353 gent,
604 2303 922 2343 fonctionnaire
943 2304 995 2343 de
1019 2303 1287 2355 préférence.

519 2375 638 2414 6103.
667 2375 909 2415 Toulouse.
934 2399 989 2404 —
1015 2376 1206 2416 Famille
1231 2376 1511 2424 honorable,-

467 2432 736 2484 distinguée,
764 2435 998 2475 marierait
1021 2435 1128 2484 jolie
1150 2435 1288 2486 jeune
1312 2435 1419 2485 fille,
1448 2439 1496 2476 17

467 2503 564 2542 ans,
591 2493 739 2532 bonne
762 2493 888 2534 santé
915 2495 1155 2542 ,caractère
1177 2495 1414 2546 gai,.7.000
1438 2496 1492 2536 fr.

465 2551 555 2600 dot,
586 2552 811 2601 mobilier,
842 2554 1079 2595 trousseau
1106 2556 1151 2595 et
1176 2555 1443 2607 espérances
1470 2558 1496 2596 à

466 2623 691 2663 personne
716 2612 966 2656 honorable
992 2616 1129 2663 ayant
1156 2615 1387 2656 situation.

519 2689 636 2728 6104.
666 2690 907 2730 Toulouse.
932 2714 985 2719 —
1011 2691 1294 2741 Demoiselle,
1320 2695 1371 2733 38
1396 2706 1492 2743 ans,

464 2747 675 2797 sérieuse,
706 2748 854 2790 bonne
910 2749 1100 2800 famille,
1159 2752 1307 2792 bonne
1354 2752 1494 2792 situa¬

465 2806 574 2857 tion,
610 2808 742 2858 goûts
774 2807 976 2859 simples,
999 2850 1002 2854 ,
1040 2811 1315 2855 affectueuse
1347 2812 1390 2856 et
1421 2812 1494 2854 dé¬

464 2866 619 2915 vouée,
654 2867 865 2908 voudrait
923 2869 1114 2919 épouser
1174 2871 1407 2912 monsieur
1440 2873 1495 2913 do

463 2927 514 2964 40
540 2926 566 2965 à
591 2927 642 2966 50
668 2938 764 2975 ans,
823 2926 1168 2978 fonctionnaire,
1226 2931 1407 2972 retraité
1434 2943 1491 2973 ou

463 2987 786 3036 commerçant.
1456 3015 1474 3031 ✓

516 3070 634 3110 6105.
662 3070 903 3113 Toulouse.
929 3074 978 3111 —
1007 3074 1291 3125 Demoiselle,
1318 3079 1370 3116 27
1394 3088 1488 3127 ans,

462 3128 567 3170 bien
597 3130 760 3180 élevée,
792 3131 956 3175 établie
987 3146 1092 3175 avec
1122 3135 1238 3176 belle
1268 3136 1487 3187 clientèle,

462 3188 608 3232 désire
686 3193 1012 3243 correspondre
1074 3206 1180 3236 avec
1258 3199 1491 3239 monsieur

461 3248 599 3299 ayant
633 3247 848 3291 situation
884 3252 1086 3294 assortie.
1127 3255 1397 3307 Impossible
1433 3257 1487 3299 de

460 3318 506 3351 se
531 3307 754 3359 déplacer.

516 3385 634 3425 6110.
667 3387 856 3427 Landes.
880 3411 935 3417 —
960 3390 1102 3433 Dame
1156 3392 1294 3442 seule,
1351 3395 1486 3444 ayant

464 3443 627 3492 rentes,
653 3445 828 3486 maison
855 3448 896 3488 et
920 3447 1088 3499 jardin,
1118 3451 1327 3492 habitant
1349 3454 1484 3504 petite

462 3502 583 3552 ville,
610 3503 767 3546 climat
791 3507 904 3554 sain,
933 3508 1079 3550 désire
1129 3511 1327 3560 prendre
1376 3514 1485 3552 chez

463 3562 547 3603 elle
569 3574 683 3614 pour
704 3564 830 3604 avoir
851 3578 939 3608 une
960 3568 1122 3610 société
1143 3581 1367 3620 personne
1388 3583 1485 3614 seu¬

462 3619 518 3670 le,
546 3620 650 3662 bien
676 3622 839 3675 élevée,
868 3627 1006 3676 ayant
1030 3627 1190 3678 petites
1215 3631 1378 3672 rentes.

510 3700 559 3736 5°
590 3700 650 3739 Ne
677 3702 885 3750 craignez
911 3712 990 3752 pas
1031 3704 1084 3743 de
1127 3715 1239 3746 vous
1279 3717 1482 3756 compro¬

458 3760 618 3798 mettre
649 3769 703 3799 en
737 3760 887 3800 disant
919 3771 1006 3811 que
1038 3774 1151 3804 vous
1181 3763 1273 3806 êtes
1304 3767 1482 3808 abonné

456 3826 514 3856 au
539 3818 664 3858 Trait
688 3819 899 3860 d’Union.

511 3894 631 3934 6111.
652 3917 708 3923 —
727 3895 999 3939 Demoiselle
1020 3899 1292 3944 institutrice
1315 3903 1407 3944 état
1427 3903 1482 3946 de

459 3951 608 3994 bonne
635 3953 824 4003 famille,
854 3958 907 3995 33
934 3970 1030 4008 ans,
1061 3959 1187 4001 taille
1239 3971 1476 4012 moyenne,

459 4010 605 4052 brune
634 4012 756 4064 jolie,
790 4014 1060 4067 distinguée,
1092 4018 1331 4060 éducation
1391 4022 1480 4064 très

458 4071 652 4122 soignée,
714 4073 1010 4127 musicienne,
1043 4079 1168 4119 avoir
1224 4082 1374 4121 25.000
1402 4082 1476 4131 fr.,

455 4130 713 4180 épouserait
761 4135 994 4176 monsieur
1020 4137 1074 4177 de
1101 4139 1249 4180 bonne
1302 4140 1478 4182 famille

458 4189 538 4240 âge
570 4191 745 4240 assorti,
777 4194 939 4244 grand,
974 4195 1243 4250 intelligent,
1277 4199 1476 4249 instruit,

455 4250 543 4299 gai,
567 4251 836 4301 affectueux,
860 4254 1008 4296 bonne
1027 4258 1168 4305 santé,
1191 4260 1370 4300 surtout
1390 4261 1478 4301 très

455 4307 699 4360 distingué,
733 4312 869 4363 ayant
898 4312 1079 4356 fortune
1108 4328 1166 4356 ou
1195 4317 1311 4359 belle
1342 4320 1476 4360 situa¬

454 4366 563 4407 tion.
597 4369 837 4418 Quitterait
891 4371 1198 4416 l’Instruction
1227 4377 1295 4417 s’il
1325 4378 1366 4419 le
1394 4379 1476 4419 fal¬

455 4426 548 4467 lait.
578 4428 730 4470 Ecrire
754 4431 807 4472 de
834 4430 965 4472 suite!

507 4507 624 4546 6112.
655 4508 896 4549 Toulouse.
923 4534 977 4539 —
1003 4510 1272 4555 Demoiselle
1298 4516 1348 4554 35
1375 4527 1471 4565 ans,

453 4564 632 4614 blonde,
692 4566 962 4619 distinguée,
1021 4572 1159 4622 ayant
1240 4573 1471 4626 situation,

455 4626 600 4666 10.000
619 4624 674 4667 fr.
696 4627 787 4676 dot,
808 4627 1063 4679 épouserait
1084 4630 1318 4673 Monsieur
1336 4634 1470 4683 brun,

451 4683 539 4723 bon
566 4686 806 4735 caractère,
863 4687 1207 4731 fonctionnaire.
1264 4691 1366 4733 Etat
1418 4694 1471 4735 de

450 4742 726 4795 préférence.

500 4831 618 4870 6114.
644 4831 902 4873 Sud-ouest.
922 4858 975 4862 —
996 4834 1343 4879 Fonctionnaire
1362 4839 1466 4888 état,

448 4890 495 4928 41
522 4900 618 4938 ans,
644 4890 854 4942 honnête,
881 4893 1091 4944 sérieuse,
1118 4895 1388 4948 distinguée,
1414 4898 1468 4939 si¬

447 4948 620 4988 tuation
647 4951 770 4991 3.500
795 4951 850 4991 fr.
880 4951 984 5002 l’an,
1012 4954 1159 4995 désire
1185 4956 1386 5007 mariage
1412 4968 1464 4998 en

448 5007 648 5058 rapport.

495 5095 613 5134 6121.
643 5095 854 5136 Gironde.
879 5099 934 5139 —
955 5099 1099 5140 Jeune
1122 5101 1220 5142 fille
1244 5101 1298 5143 de
1322 5102 1470 5143 bonne

444 5147 632 5198 famille,
667 5151 719 5190 23
751 5162 847 5199 ans,
884 5151 1063 5201 blonde,
1098 5154 1206 5203 jolie
1239 5155 1280 5196 et
1312 5156 1470 5196 distin¬

440 5202 567 5250 guée,
600 5203 690 5243 très
721 5203 944 5253 instruite,
1003 5207 1158 5247 brevet
1214 5210 1464 5259 supérieur,

440 5254 631 5304 anglais,
661 5258 892 5307 espagnol,
923 5259 1070 5300 désire
1097 5262 1288 5310 épouser
1343 5274 1468 5303 mon¬

440 5307 562 5348 sieur
582 5310 635 5350 de
655 5312 706 5350 25
724 5311 750 5351 à
768 5314 820 5350 36
839 5323 932 5360 ans,
958 5314 1091 5363 ayant
1112 5313 1342 5356 situation.
1394 5316 1467 5356 Sé¬

440 5359 582 5400 rieux.

491 5443 609 5484 6123.
667 5444 908 5485 Toulouse.
936 5471 991 5475 —
1019 5447 1127 5487 Père
1183 5448 1236 5487 de
1289 5450 1467 5490 famille

438 5495 547 5535 dont
577 5496 832 5539 l’influence
863 5499 905 5539 et
936 5500 999 5539 les
1032 5502 1191 5541 hautes
1250 5503 1464 5543 relations

436 5548 587 5589 seront
611 5550 699 5591 très
722 5551 858 5593 utiles
879 5552 904 5592 à
927 5564 1007 5594 son
1031 5554 1159 5595 futur
1182 5556 1364 5607 gendre,
1392 5557 1463 5599 dé¬

434 5602 523 5643 sire
553 5604 720 5643 marier
778 5616 828 5647 sa
858 5606 964 5654 fille,
998 5610 1049 5647 38
1079 5619 1175 5656 ans,
1210 5610 1366 5659 douce,
1399 5612 1463 5652 sé¬

435 5655 595 5704 rieuse,
624 5657 724 5697 bien
752 5658 915 5708 élevée,
943 5662 1019 5701 dot
1048 5663 1192 5703 10.000
1218 5663 1291 5711 fr.,
1320 5663 1460 5704 mobi¬

435 5708 517 5749 lier
541 5709 583 5751 et
605 5712 857 5759 trousseau,
911 5723 1018 5755 avec
1042 5715 1275 5756 monsieur
1326 5719 1463 5768 ayant

432 5762 648 5804 situation
679 5764 796 5814 sûre,
828 5764 910 5815 âgé
938 5767 1112 5808 assorti.

492 5842 590 5884 Lire
612 5854 664 5884 en
687 5847 727 5884 4"
750 5855 863 5895 page
911 5848 948 5887 le
971 5849 1170 5888 courrier
1218 5852 1455 5900 grapholo¬

431 5903 582 5951 gique.

484 5990 602 6028 6126.
626 5991 680 6030 —
704 5991 894 6033 Famille
934 5993 1182 6036 honorable
1220 5995 1456 6038 désirerait

429 6047 598 6088 marier
636 6048 775 6100 jeune
814 6050 922 6100 fille,
947 6075 1003 6081 —
1025 6054 1078 6092 24
1118 6064 1214 6103 ans,
1259 6055 1454 6105 qualités

429 6107 624 6148 morales
678 6108 720 6150 et
772 6110 1036 6163 physiques,
1083 6112 1451 6166 libre-penseuse,

426 6167 559 6215 goûts
603 6167 806 6220 simples,
838 6171 963 6212 avoir
992 6173 1141 6212 20.000
1172 6174 1226 6215 fr.
1260 6175 1302 6215 et
1331 6175 1466 6226 espé-,

427 6237 585 6267 rances
625 6230 753 6269 sûres
774 6252 829 6258 -—
852 6230 880 6270 à
919 6242 1145 6284 personne
1186 6234 1447 6284 honorable,

427 6285 564 6337 ayant
589 6287 736 6331 bonne
763 6290 976 6331 situation
1004 6292 1119 6332 dans
1144 6292 1184 6333 le
1211 6293 1340 6334 Midi.

478 6383 524 6420 6°
552 6382 677 6422 Lisez
698 6393 751 6423 en
775 6386 799 6423 4
802 6390 814 6405 e
837 6394 950 6435 page
975 6386 1011 6427 le
1035 6388 1235 6428 courrier
1255 6389 1448 6438 grapho¬

426 6440 619 6491 logique.

474 6536 591 6576 6128.
623 6537 864 6579 Toulouse.
895 6542 947 6579 —
988 6542 1259 6584 Demoiselle
1304 6543 1442 6592 seule,

418 6596 444 6635 5
451 6614 467 6632 j.
492 6606 588 6643 ans,
613 6599 751 6648 ayant
771 6598 984 6640 situation
1010 6611 1062 6640 en
1087 6600 1208 6650 ville,
1234 6602 1445 6643 mobilier

417 6655 461 6695 et
497 6655 657 6706 petites
693 6656 963 6706 économies,
987 6659 1245 6711 épouserait
1282 6662 1445 6702 céliba¬

419 6714 530 6755 taire
556 6727 613 6756 ou
640 6716 762 6767 veuf,
792 6718 874 6768 âge
900 6717 1176 6761 indifférent.

1638 458 1755 497 6130.
1782 458 1906 498 Gers.
1925 459 1979 498 —
2000 460 2268 500 Demoiselle
2287 460 2340 498 30
2359 470 2455 508 ans,
2478 460 2610 510 goûts

1585 515 1786 566 simples,
1828 516 1984 566 douce,
2027 518 2240 568 aimante,
2283 519 2492 567 sérieuse,
2534 531 2609 570 pa¬

1584 576 1706 616 rents
1730 576 1943 618 situation
1968 578 2299 628 commerciale,
2326 579 2606 630 espérances,

1556 629 1565 636 *
1582 635 1839 684 épouserait
1865 635 2125 678 célibataire
2149 648 2208 678 ou
2237 637 2358 687 veuf,
2390 639 2526 688 ayant
2552 639 2607 678 si¬

1582 694 1756 735 tuation
1807 698 1924 736 sûre.
1951 696 2006 737 Se
2055 695 2344 747 déplacerait.
2386 698 2496 738 Très
2544 699 2606 738 sé¬

1583 752 1726 792 rieux.

1634 831 1751 870 6135.
1779 832 2031 872 Bordeaux.
2051 835 2106 871 —
2128 835 2411 883 Demoiselle,
2434 836 2486 874 30
2506 846 2602 883 ans,

1580 888 1852 931 institutrice
1903 891 2031 939 libre,
2085 893 2336 944 orpheline,
2379 893 2605 945 physique

1580 948 1804 998 agréable,
1849 951 2036 1000 grande,
2064 951 2335 1003 distinguée,
2364 952 2604 994 musicien^

1580 1019 1648 1056 ne,
1683 1008 1984 1051 honorabilité
2016 1009 2224 1062 parfaite.

1634 1095 1688 1132 Le
1722 1111 1740 1130 «
1768 1095 1895 1135 Trait
1947 1096 2140 1136 d’Union
2172 1115 2190 1133 »
2218 1102 2282 1139 est
2310 1110 2368 1138 un
2423 1099 2603 1148 journal

1578 1156 1773 1196 honnête
1802 1160 1843 1197 et
1872 1160 2097 1207 n’accepte
2128 1168 2218 1207 que
2245 1159 2324 1200 des
2378 1170 2607 1203 annonces

1576 1219 1811 1261 sérieuses.

1630 1292 1747 1331 6135.
1773 1315 1825 1321 —
1850 1295 1926 1332 £53
1950 1295 2007 1333 fr.
2035 1294 2088 1336 de
2115 1306 2308 1339 revenus
2331 1308 2384 1337 en
2413 1297 2602 1338 immeu¬

1579 1349 1671 1391 bles
1696 1351 1951 1402 épouserait
1975 1354 2235 1395 célibataire
2260 1368 2317 1396 ou
2344 1356 2464 1404 veuf,
2493 1358 2602 1398 hon¬

1577 1409 1691 1456 nête,
1737 1411 1928 1460 sérieux,
1976 1416 2113 1463 ayant
2155 1415 2371 1456 situation
2415 1419 2520 1459 sûre
2559 1418 2603 1458 et

1577 1468 1724 1509 bonne
1748 1471 1888 1510 santé.

1628 1550 1746 1592 6139:
1802 1553 2188 1596 Lot-et-Garonne.
2239 1558 2293 1596 —
2344 1559 2498 1608 Dame,
2546 1560 2602 1599 35

1575 1622 1671 1659 ans,
1695 1622 1802 1652 sans
1822 1612 2016 1663 enfants,
2040 1615 2144 1655 bien
2167 1627 2272 1658 sous
2293 1618 2394 1659 tous
2414 1616 2479 1660 les
2500 1630 2600 1670 rap¬

1574 1671 1714 1720 ports,
1740 1671 1877 1723 petite
1901 1674 1991 1723 dot,
2019 1675 2277 1724 épouserait
2301 1676 2601 1718 fonctionnai¬

1575 1742 1620 1770 re
1644 1742 1702 1770 ou
1726 1731 1906 1772 ouvrier
1931 1732 2108 1775 sérieux
2134 1738 2271 1787 ayant
2292 1736 2523 1778 situation.

1627 1807 1744 1846 6142.
1780 1807 1908 1847 Midi.
1939 1831 1995 1837 —
2027 1811 2166 1852 Dame
2195 1820 2352 1862 veuve,
2403 1815 2454 1853 43
2500 1826 2596 1862 ans,

1573 1864 1725 1915 aspect
1765 1866 1915 1916 jeune,
1959 1868 2154 1920 qualités
2196 1871 2446 1923 physiques
2472 1874 2599 1919 intel¬

1572 1924 1803 1966 lectuelles
1855 1927 1897 1967 et
1950 1930 2160 1977 morales,
2205 1932 2343 1982 ayant
2394 1933 2595 1974 souffert.

1572 1984 1728 2027 Bonne
1774 1986 2004 2036 situation,
2054 1989 2272 2032 intérieur
2300 1991 2596 2041 confortable,

1573 2043 1712 2084 belles
1768 2046 1998 2096 relations,
2071 2047 2218 2090 désire
2274 2052 2599 2103 correspondre

1573 2114 1679 2143 avec
1708 2106 1942 2147 monsieur
1970 2108 2234 2159 honorable,
2267 2110 2460 2160 sérieux,
2494 2111 2597 2153 bien

1572 2162 1708 2211 élevé,
1736 2164 1990 2218 intelligent
2014 2168 2056 2207 et
2094 2168 2199 2218 bon,
2242 2170 2379 2220 ayant
2418 2170 2598 2213 fortune

1571 2232 1627 2262 ou
1658 2223 1872 2264 situation
1903 2227 2254 2278 indépendante.
2286 2230 2490 2271 Sérieux.

1631 2300 1711 2340 Les
1738 2302 1893 2342 dames
1918 2307 2020 2343 sont
2046 2304 2191 2355 priées
2217 2307 2270 2347 4e
2324 2307 2547 2356 répondre
2574 2307 2600 2350 à

1575 2371 1722 2409 toutes
1746 2370 1808 2410 les
1832 2371 1984 2411 lettres
2006 2375 2082 2420 qui
2109 2375 2206 2413 leur
2227 2378 2329 2415 sont
2350 2376 2595 2416 adressées.

1621 2446 1739 2489 6144.
1766 2447 1984 2488 Gironde.
2007 2470 2059 2476 —
2082 2450 2223 2490 Daine
2251 2453 2420 2500 veuve,
2454 2453 2599 2495 désire

1571 2508 1730 2548 marier
1746 2520 1795 2550 sa
1816 2510 1920 2558 fille,
1942 2513 2114 2558 28.ans,
2140 2511 2306 2552 famille
2335 2515 2596 2565 honorable,

1570 2568 1712 2610 bonne
1748 2570 1999 2623 éducation,
2040 2573 2201 2614 femme
2230 2575 2504 2627 d’intérieur,
2538 2579 2599 2618 sé¬

1571 2631 1731 2678 rieuse,
1750 2634 1976 2683 économe,
2000 2635 2076 2675 dot
2103 2639 2128 2675 5
2147 2647 2171 2675 a
2202 2638 2352 2679 10.000
2373 2640 2442 2691 fr.,
2481 2642 2600 2691 espé¬

1568 2704 1723 2735 rances
1743 2699 1891 2744 sûres;
1903 2699 2251 2739 avecMonsieur
2267 2702 2322 2740 de
2338 2703 2388 2742 30
2402 2703 2424 2742 à
2438 2703 2490 2742 40
2502 2715 2596 2752 ans,

1565 2762 1696 2807 ayant
1715 2759 1938 2799 situation.

1618 2820 1728 2862 6148
1786 2822 1910 2863 Midi.
1943 2823 1991 2863 —
2032 2823 2176 2864 Dame
2219 2816 2308 2866 très
2347 2826 2599 2877 distinguée

1567 2879 1664 2919 bien
1700 2880 1840 2931 élevé,
1872 2881 2072 2923 habitant
2105 2884 2276 2934 grande
2308 2886 2426 2934 ville,
2466 2892 2599 2939 ayant

1567 2942 1775 2982 intérieur
1826 2943 2112 2992 confortable,
2160 2948 2366 2988 voudrait
2406 2951 2596 3000 prendre

1564 3014 1736 3044 comme
1758 3007 2086 3058 pensionnaire,
2109 3010 2248 3050 Dame
2279 3022 2334 3051 ou
2371 3013 2598 3052 Monsieur

1563 3067 1675 3115 seul,
1695 3067 2016 3110 fonctionnaire
2034 3082 2089 3110 ou
2113 3072 2291 3112 rentier.

1616 3147 1626 3174 (
1645 3140 1733 3179 149.
1749 3140 2023 3183 Sud-Ouest.
2044 3144 2299 3184 —Famille
2316 3145 2596 3194 honorable,

1561 3200 1766 3240 voudrait
1784 3203 1950 3242 marier
1980 3204 2095 3243 belle
2126 3206 2256 3255 jeune
2283 3206 2387 3255 fille,
2418 3208 2466 3248 24
2498 3218 2592 3257 ans,

1562 3263 1711 3304 50.000
1731 3264 1783 3304 fr.
1807 3266 1860 3304 de
1878 3264 1968 3314 dot,
1987 3278 2168 3316 grosses
2186 3271 2468 3319 espérances,
2489 3281 2596 3310 avec

1561 3326 1786 3366 Monsieur
1821 3332 1954 3378 ayant
1986 3330 2199 3370 situation
2248 3334 2371 3379 sûre,
2415 3332 2471 3371 de
2511 3336 2534 3372 5
2570 3334 2595 3372 à

1564 3386 1709 3426 10.000
1732 3387 1780 3427 fr.
1806 3397 1888 3438 par
1909 3399 1978 3429 an.
2003 3390 2222 3430 Toulouse
2254 3391 2307 3430 de
2320 3391 2592 3443 préférence.

1612 3457 1728 3497 6150.
1772 3459 1907 3500 Nord.
1959 3460 2006 3501 —
2058 3460 2198 3503 Dame
2247 3474 2406 3503 encore
2446 3464 2591 3513 jeune,

1559 3519 1636 3559 üOO
1656 3521 1735 3560 000
1755 3520 1826 3568 fr.,-
1855 3522 2027 3561 fortune
2057 3524 2355 3573 personnelle,
2390 3524 2595 3566 voudrait

1559 3585 1707 3622 entrer
1716 3594 1766 3622 en
1783 3583 1967 3623 relation
1980 3595 2088 3625 avec
2099 3587 2591 3637 personnedistinguée,

1558 3654 1663 3684 sans
1684 3644 1868 3694 fortune,
1892 3649 2026 3696 ayant
2048 3647 2163 3688 belle
2183 3648 2411 3689 situation.

1610 3717 1727 3756 6loi.
1752 3719 1902 3758 Haute
1924 3720 2155 3760 Garonne.
2179 3722 2227 3760 —
2256 3722 2371 3762 Très
2391 3722 2591 3763 honora¬

1558 3779 1632 3819 ble
1654 3778 1858 3827 famille,
1880 3779 2029 3822 désire
2046 3783 2212 3822 marier
2236 3783 2327 3823 fille
2346 3783 2524 3836 unique,
2540 3786 2590 3823 22

1555 3851 1651 3892 ans,
1666 3842 1874 3882 65.000h\
1898 3846 2590 3896 comptant,avecjeunehomme

1556 3902 1610 3940 de
1632 3907 1681 3942 25
1703 3914 1726 3943 a
1746 3906 1795 3943 28
1818 3911 2059 3956 ans,ayant
2076 3907 2223 3947 bonne
2246 3907 2458 3948 situation
2480 3908 2590 3948 dans

1555 3966 1595 4004 le
1632 3966 1900 4015 professorat
1920 3979 1974 4008 ou
2000 3968 2111 4008 dans
2134 3968 2327 4011 l’armée.

1606 4046 1669 4087 La
1685 4047 2012 4090 combinaison
2042 4051 2258 4099 mariage
2275 4050 2458 4101 répond
2472 4050 2503 4092 à
2523 4061 2587 4092 nn

1556 4102 1716 4143 besoin
1738 4103 1904 4142 social.

1607 4183 1726 4225 6152.
1754 4184 1965 4227 Gironde.
1987 4188 2042 4227 —
2066 4187 2218 4229 Veuve
2240 4188 2295 4228 de
2316 4187 2580 4239 diplomate,

1554 4243 1604 4281 43
1630 4255 1726 4292 ans,
1770 4246 1907 4296 seule,
1936 4247 2051 4287 belle
2079 4248 2264 4296 femme,
2311 4247 2579 4298 distinguée,

1553 4304 1692 4352 ayant
1721 4304 1888 4360 capital
1920 4307 1976 4348 de
2007 4308 2184 4348 350.000
2218 4308 2290 4356 fr-,
2326 4308 2583 4359 épouserait

1555 4363 1788 4404 Monsieur
1813 4366 2079 4417 intelligent,
2107 4367 2211 4408 bien
2235 4368 2374 4416 élevé,
2399 4368 2536 4418 ayant
2558 4368 2583 4407 à

1554 4432 1639 4472 peu
1668 4424 1772 4473 près
1799 4426 1947 4466 même
1975 4426 2205 4468 situation.

1604 4501 1722 4540 6160.
1755 4502 1954 4543 Somme.
1983 4505 2039 4544 —
2064 4506 2210 4544 Jeune
2256 4504 2370 4555 fille,
2418 4505 2576 4551 brune,

1551 4558 1819 4611 distinguée,
1851 4563 1904 4600 27
1932 4573 2027 4611 ans,
2062 4563 2359 4616 intelligente,
2393 4564 2481 4604 bon
2512 4575 2581 4604 ca¬

1552 4620 1735 4668 ractère,
1758 4620 2045 4670 affectueuse;
2068 4624 2327 4674 épouserait
2347 4623 2580 4664 Monsieur

1551 4679 1652 4727 bon,
1683 4679 1816 4731 loyal,
1845 4681 2158 4732 désintéressé,
2188 4685 2270 4735 âge
2298 4683 2574 4724 indifférent.

1551 4738 1752 4780 Sérieux.

1602 4818 1720 4856 6165.
1743 4818 2043 4859 Toulouse.—
2059 4822 2205 4860 Jeune
2226 4822 2383 4869 veuve,
2404 4822 2456 4860 27
2474 4832 2571 4867 ans,

1550 4875 1666 4916 belle
1696 4875 1879 4925 femme,
1912 4879 2071 4928 brune,
2103 4882 2192 4920 très
2224 4882 2411 4931 adroite,
2443 4882 2574 4932 goûts

1550 4935 1750 4984 simples,
1778 4938 1915 4987 ayant
1936 4938 2011 4978 dot
2038 4942 2185 4978 10.000
2211 4940 2378 4988 francs,
2432 4938 2574 4979 mobi¬

1548 4994 1645 5042 lier,
1671 4994 1817 5037 désire
1840 4997 2031 5047 épouser
2054 4998 2294 5040 monsieur
2342 4999 2463 5047 bien,
2517 4998 2572 5038 dé

1546 5055 1596 5092 30
1618 5054 1643 5092 à
1664 5056 1715 5093 40
1736 5067 1832 5103 ans,
1858 5057 1992 5106 ayant
2015 5057 2230 5098 situation
2259 5061 2376 5098 sûre.

1599 5131 1716 5170 6166.
1744 5131 1984 5172 Toulouse.
2008 5135 2062 5174 —
2087 5135 2231 5175 Jeune
2256 5135 2370 5183 fille,
2397 5136 2447 5175 25
2472 5146 2567 5182 ans,

1546 5189 1704 5238 brune,
1738 5191 1828 5232 très
1858 5192 2058 5241 gentille,
2094 5195 2232 5244 ayant
2263 5195 2400 5244 petite
2434 5196 2569 5235 situa¬

1545 5247 1636 5287 tion
1668 5250 1711 5288 et
1739 5251 2019 5300 espérances,
2051 5251 2199 5294 désire
2228 5255 2432 5305 mariage
2463 5265 2568 5294 avec

1544 5308 1776 5348 monsieur
1798 5308 1903 5358 aisé,
1927 5322 1982 5351 on
2006 5313 2143 5364 ayant
2163 5313 2314 5354 bonne
2335 5312 2564 5354 situation.

1544 5367 1635 5415 Age
1654 5367 1927 5408 indifférent.

1594 5445 1711 5484 6168.
1758 5446 2143 5488 Lot-et-Garoftne.
2160 5472 2225 5480 —
2279 5450 2562 5498 Demoiselle,

1540 5504 1591 5540 33
1620 5514 1716 5551 ans,
1774 5506 2024 5555 orpheline,
2055 5507 2284 5559 physique
2340 5510 2563 5559 agréable,

1538 5563 1763 5604 caractère
1786 5564 1875 5605 très
1899 5564 1987 5615 gai,
2015 5568 2152 5619 ayant
2175 5579 2431 5611 commerce
2456 5568 2564 5608 don¬

1539 5623 1652 5661 nant
1675 5623 1781 5671 jolis
1807 5624 2043 5674 bénéfices,
2073 5628 2220 5667 désire
2248 5628 2452 5679 mariage
2507 5628 2564 5667 ci¬

1536 5679 1615 5728 vil,
1644 5692 1748 5722 avec
1801 5683 2032 5724 monsieur
2059 5686 2255 5735 sérieux,
2307 5687 2362 5728 de
2387 5689 2438 5727 30
2463 5687 2488 5728 à
2512 5688 2563 5726 35

1490 5750 1494 5776 !
1538 5751 1632 5788 ans,
1656 5744 1978 5792 commerçant,
2001 5755 2244 5796 voyageur,
2274 5747 2482 5798 employé
2503 5758 2559 5786 ou

1538 5798 1883 5841 fonctionnaire.
1907 5802 1971 5843 Ne
1992 5805 2101 5854 peut
2120 5816 2167 5845 se
2187 5804 2415 5855 déplacer.

1587 5876 1704 5916 6169.
1731 5876 1865 5916 Gard.
1885 5903 1940 5906 —
1960 5880 2100 5919 Dame
2119 5880 2259 5929 seule,
2283 5893 2391 5922 sans
2410 5882 2560 5922 famil¬

1535 5934 1594 5982 le!
1611 5936 1662 5974 45
1680 5947 1775 5982 ans,
1799 5936 1934 5987 petite
1952 5939 2159 5988 pension,
2182 5939 2411 5992 physique
2431 5942 2472 5983 et
2491 5952 2559 5982 ca¬

1535 5995 1727 6035 ractères
1750 5995 1923 6045 jeunes,
1950 5998 2159 6048 sérieuse,
2188 6001 2437 6043 excellente
2459 6013 2559 6042 san¬

1534 6054 1588 6099 té,
1618 6054 1719 6093 bien
1743 6054 1906 6103 élevée,
1932 6056 2221 6108 affectueuse,
2250 6060 2424 6100 femme
2447 6060 2558 6099 d’in¬

1535 6110 1714 6159 térieur,
1746 6114 1919 6155 aimant
1947 6116 2018 6156 vie
2044 6116 2188 6159 calme
2218 6120 2262 6159 et
2291 6119 2554 6170 tranquille,

1534 6170 1771 6212 recherche
1799 6172 2023 6223 affection,
2052 6176 2207 6216 amitié
2263 6178 2463 6218 sérieuse
2514 6178 2555 6216 et

1531 6229 1670 6270 union
1726 6232 1935 6282 durable,
1961 6246 2069 6277 avec
2095 6236 2332 6277 monsieur
2360 6237 2468 6286 aisé,
2500 6238 2555 6278 de

1528 6291 1579 6330 50
1603 6289 1627 6330 à
1650 6292 1701 6331 70
1724 6303 1807 6332 ans
1832 6291 1995 6342 (même
2019 6295 2276 6347 souffrant),
2304 6297 2423 6338 mais
2448 6297 2551 6336 bien

1528 6348 1648 6388 élevé
1671 6351 1712 6390 et
1734 6351 1927 6393 honnête
1947 6353 2147 6398 homme.
2175 6355 2285 6396 Irait
2308 6356 2551 6407 n’importe

1529 6407 1599 6447 où.
1630 6408 1740 6448 Très
1766 6408 1956 6451 sérieux.

1575 6486 1694 6525 6170.
1725 6486 2144 6528 Seine-Inférieure.
2172 6514 2227 6521 —
2273 6493 2547 6532 Institutrice

1526 6542 1640 6592 Etat,
1670 6546 1720 6585 25
1747 6556 1843 6594 ans,
1875 6547 2022 6588 bonne
2050 6549 2191 6598 santé,
2222 6551 2316 6592 très
2340 6552 2455 6603 gaie,
2487 6551 2550 6591 fa¬

1524 6603 1648 6644 mille
1678 6604 1940 6655 honorable,
1974 6608 2254 6658 espérances,
2290 6610 2548 6662 épouserait

1524 6662 1854 6706 fonctionnaire
1871 6666 2044 6716 grande
2063 6667 2172 6708 ville
2191 6671 2320 6711 ouest
2365 6682 2421 6711 ou
2443 6671 2547 6712 sud-

1523 6723 1662 6763 ouest.

2740 467 2858 507 6173.
2890 470 3028 510 Dame
3054 480 3208 523 veuve,
3237 476 3373 526 ayant
3397 489 3451 518 eu
3476 491 3627 520 revers
3652 481 3706 521 de

2688 523 2883 575 fortune,
2904 530 2955 567 37
2974 540 3071 579 ans,
3094 542 3200 572 sans
3219 534 3414 585 enfants,
3435 539 3705 580 excellentes

2686 583 2923 626 éducation
2950 589 2996 628 et
3019 590 3302 641 instruction,
3331 596 3432 646 apte
3486 599 3511 638 à
3536 598 3704 650 diriger

2687 642 2918 694 intérieur,
2943 647 3180 691 désirerait
3201 651 3383 694 trouver
3405 658 3573 707 emploi
3595 658 3704 699 cais¬

2684 703 2798 743 sière
2821 715 2879 745 ou
2903 707 3103 756 gérante,
3157 712 3276 752 hôtel
3302 725 3374 754 ou.
3386 715 3494 757 café-
3550 718 3704 758 Entre¬

2686 762 2852 803 rait'au
2880 766 3049 808 service
3076 768 3128 808 de
3156 772 3387 812 monsieur
3415 776 3525 825 seul;
3556 778 3703 817 même

2684 831 2790 861 avec
2808 823 3002 865 enfants.
3026 826 3135 868 Très
3154 830 3346 875 sérieux.

2735 898 2771 934 T
2775 902 2852 943 ouf
2858 910 2877 940 2
2903 902 3029 943 lettre
3054 904 3219 947 devant
3241 907 3333 948 être
3356 912 3599 953 transmise
3624 923 3706 962 par

2684 958 2744 998 les
2763 960 2886 1001 coins
2907 962 2958 1003 de
2980 964 3021 1003 la
3043 966 3267 1007 Direction
3284 973 3330 1008 et
3349 982 3404 1010 ne
3424 975 3604 1019 portant
3625 984 3705 1022 pas

2683 1017 2720 1059 le
2746 1019 2851 1060 nom
2878 1020 2929 1060 de
2956 1023 3248 1072 l'expéditeur
3271 1030 3371 1069 sera
3395 1031 3602 1072 détruite.

2763 1164 3076 1241 ABONNÉS
3135 1176 3218 1243 ET
3275 1178 3624 1249 LECTEURS

2998 1261 3127 1302 Lisez
3158 1263 3265 1304 bien
3296 1267 3394 1307 ceci

2733 1327 2876 1370 Toute
2898 1342 3121 1380 personne
3145 1335 3223 1384 qui
3246 1347 3493 1386 procurera
3515 1340 3541 1379 à
3565 1341 3609 1382 la
3632 1342 3704 1381 Di¬

2683 1387 2850 1427 rection
2875 1390 2992 1430 deux
3018 1391 3218 1435 abonnés
3242 1406 3496 1446 nouveaux,
3524 1400 3706 1451 n’ayant

2678 1443 2930 1495 jamais.été
2952 1450 3132 1493 inscrits
3154 1452 3200 1491 ni
3222 1453 3248 1492 à
3267 1454 3311 1495 la
3336 1456 3506 1504 Rapide
3528 1460 3703 1508 Agence

2679 1503 2724 1543 ni
2753 1507 2811 1544 au
2838 1507 2966 1547 Trait
2994 1508 3020 1547 d
3045 1510 3207 1560 Union,
3239 1523 3352 1554 aura
3379 1513 3498 1556 droit
3529 1530 3539 1555 :
3566 1518 3652 1558 soit
3678 1519 3704 1559 à

2687 1572 2775 1602 une
2834 1564 3151 1617 prolongation
3212 1570 3564 1616 d’abonnement
3622 1577 3677 1618 de

2695 1622 2811 1664 deux
2840 1624 2970 1675 mois,
3000 1628 3086 1668 soit
3111 1628 3136 1669 à
3164 1642 3224 1671 un
3252 1631 3558 1686 abonnement
3584 1647 3682 1686 gra¬

2706 1683 2794 1724 tuit
2819 1683 2875 1725 de
2901 1688 3049 1728 même
3074 1688 3227 1731 durée.

2727 1782 2778 1788 —
2809 1762 2932 1802 Tous
2964 1774 3051 1804 nos
3076 1767 3287 1808 abonnés
3315 1773 3422 1810 sont
3448 1771 3578 1820 priés
3603 1774 3704 1813 d’a¬

2672 1820 2863 1864 dresser
2895 1826 3063 1868 lettres
3092 1831 3139 1869 et
3172 1830 3521 1880 observations,
3552 1844 3644 1875 non
3674 1836 3703 1876 à

2672 1883 2720 1923 la
2742 1898 2768 1920 U
2793 1887 2968 1935 Rapide
3000 1894 3179 1937 Agence
3270 1894 3391 1937 mais
3414 1906 3475 1937 au
3502 1898 3702 1947 journal

2673 1947 2736 1987 dn
2757 1960 2785 1984 44
2806 1948 2940 1989 Trait
2965 1951 3164 1994 d’Uiiion
3262 1955 3332 2003 26,
3352 1967 3440 1999 me
3467 1959 3699 2009 d’Astorg,

2672 2008 2919 2051 Toulouse.

2734 2083 2830 2121 «M-
2855 2083 2935 2124 Les
2955 2084 3158 2127 bureaux
3182 2088 3240 2128 du
3263 2090 3443 2131 TRAIT
3467 2093 3698 2135 D'UNION

2675 2152 2730 2182 ne
2751 2147 2852 2184 sont
2875 2151 3058 2188 ouverts
3080 2158 3167 2196 que
3192 2151 3502 2202 l’après-midi,
3528 2155 3583 2195 de
3605 2159 3629 2195 2
3651 2158 3696 2196 h.

2674 2203 2700 2244 à
2719 2207 2744 2243 5
2765 2206 2941 2256 heures,
2965 2211 3029 2256 26,
3054 2220 3135 2251 rue
3155 2211 3378 2262 d’Astorg.

2862 2279 2983 2318 Tous
3015 2279 3075 2319 les
3106 2283 3492 2330 renseignements
3522 2296 3699 2327 concer¬

2676 2339 2786 2376 nant
2820 2339 2860 2379 la
2894 2340 3204 2383 combinaison
3239 2346 3455 2396 mariage,
3491 2348 3554 2388 les
3588 2350 3699 2390 loca¬

2674 2398 2807 2446 tions,
2864 2401 3019 2448 offies,
3078 2403 3326 2447 demandes
3354 2410 3395 2448 et
3423 2410 3520 2448 avis
3549 2410 3698 2452 divers

2674 2462 2775 2499 sont
2806 2462 2979 2503 donnés
3007 2466 3332 2513 gratuitement
3363 2470 3476 2512 dans
3507 2482 3590 2512 nos
3619 2474 3699 2515 bu¬

2675 2531 2828 2570 reaux,
2861 2524 3171 2576 l’après-midi,
3204 2529 3257 2568 de
3286 2531 3310 2569 2
3339 2531 3382 2570 h.
3412 2531 3438 2571 à
3466 2534 3488 2572 5
3518 2534 3694 2583 heures,

2674 2584 2738 2630 26,
2766 2595 2844 2624 rue
2872 2586 3094 2638 d’Astorg,
3122 2591 3363 2632 Toulouse.

2727 2970 2783 3012 Le
2805 2970 3038 3014 Directeur
3060 2975 3130 3015 est
3146 2976 3351 3019 heureux
3374 2979 3646 3024 d’annoncer
3668 2983 3693 3024 à

2670 3040 2738 3071 ses
2763 3031 2963 3075 abonnés
2987 3034 3096 3084 qu’il
3112 3045 3138 3075 a
3154 3048 3208 3076 eu
3223 3036 3267 3076 la
3282 3037 3428 3079 bonne
3444 3039 3623 3084 fortune
3638 3043 3692 3084 de

2669 3090 2886 3131 s’assurer
2926 3091 2969 3134 le
3009 3105 3233 3136 concours
3253 3098 3308 3139 de
3332 3098 3567 3142 l’éminent
3591 3114 3691 3154 pro¬

2670 3148 2844 3192 fesseur
2888 3152 2942 3193 de
2991 3154 3306 3207 Graphologie,
3358 3158 3406 3199 G.
3440 3160 3688 3211 LefranCk,

2668 3210 2746 3259 qui
2771 3212 2878 3252 veut
2902 3211 3003 3252 bien
3031 3213 3190 3255 mettre
3203 3228 3264 3259 -.sa
3288 3218 3462 3259 science
3484 3219 3511 3259 à
3535 3220 3578 3261 la
3603 3222 3690 3263 dis¬

2667 3269 2845 3319 postion
2870 3271 2947 3313 des
2971 3272 3164 3315 lecteurs
3187 3275 3247 3316 du
3274 3277 3401 3319 Trait
3424 3279 3633 3321 d’Union.

2721 3328 2948 3372 Personne
2969 3333 3173 3383 n’ignoré
3197 3327 3262 3376 lès
3274 3337 3468 3380 services
3481 3351 3568 3390 que
3582 3342 3691 3391 peut

2667 3388 2830 3431 rendre
2881 3400 2970 3434 une
3010 3393 3143 3435 étude
3183 3397 3555 3451 graphologique,
3584 3400 3687 3442 bien

2667 3447 2788 3489 faite.
2812 3450 3045 3503 L’analyse
3064 3453 3119 3493 de
3140 3451 3363 3498 ï’écrituré
3384 3459 3530 3500 révèle
3551 3459 3595 3501 la
3615 3474 3687 3503 va¬

2665 3506 2764 3547 leur
2808 3508 2968 3552 intime
2994 3512 3050 3552 do
3077 3511 3334 3565 l’individu,
3364 3527 3434 3557 ses
3461 3519 3688 3568 aptitudes

2667 3565 3008 3610 intellectuelles
3032 3571 3075 3611 et
3100 3574 3306 3615 morales.

2718 3626 2816 3667 Non
2843 3628 3095 3671 seulement
3120 3633 3151 3672 il
3176 3635 3243 3675 est
3267 3635 3536 3679 intéressant
3560 3640 3615 3680 de
3642 3652 3686 3682 se

2666 3684 2767 3725 bien
2791 3690 3024 3730 connaître
3046 3691 3296 3743 soi-même;
3319 3696 3437 3738 mais
3459 3698 3491 3738 il
3514 3700 3581 3739 est
3602 3700 3687 3740 uti¬

2664 3743 2704 3786 le
2747 3746 2788 3786 et
2830 3749 3027 3799 prudent
3070 3751 3288 3799 d’étudjer
3331 3766 3444 3798 ceux
3471 3767 3578 3799 avec
3604 3759 3686 3800 les¬

2663 3803 2794 3855 quels
2828 3818 2885 3847 on
2907 3807 3051 3850 désire
3074 3812 3222 3852 entrer
3243 3826 3296 3854 en
3318 3815 3508 3856 relation
3530 3817 3684 3859 d’inté¬

2662 3864 2729 3904 rêt
2747 3875 2805 3905 ou
2827 3866 2881 3907 de
2902 3867 3158 3914 sentiment.

2716 3923 2774 3964 Le
2794 3924 3052 3976 professeur
3074 3930 3296 3980 Lcfrançk
3320 3933 3427 3975 dont
3448 3947 3562 3979 nous
3583 3950 3684 3978 con¬

2662 3982 2868 4026 naissons
2898 3986 2940 4027 la
2970 3988 3116 4029 sûreté
3161 3991 3214 4032 de
3259 3993 3524 4044 diagnostic,
3556 3998 3682 4038 satis-

2661 4041 2779 4083 faira
2802 4045 3140 4097 certainement,
3167 4048 3233 4091 les
3255 4051 3360 4103 plus
3386 4054 3610 4098 difficiles.

2715 4102 2980 4147 Conditions
3022 4106 3152 4150 faites
3195 4122 3282 4151 aux
3323 4112 3520 4156 lecteurs
3555 4116 3610 4156 de
3634 4129 3682 4158 ce

2659 4159 2842 4210 journal
2872 4175 2879 4203 :

2660 4240 2742 4278 Par
2764 4240 2815 4279 loi
2826 4244 2888 4280 Ire
2912 4254 2919 4279 :
2946 4242 3130 4294 Croquis
3151 4245 3514 4291 silhouelte.
3578 4254 3603 4291 0
3633 4255 3683 4293 7ü

2764 4316 2812 4322 —
2945 4296 3003 4334 Po
3011 4296 3096 4335 rira
3104 4298 3515 4344 il,...
3578 4308 3603 4342 3
3660 4319 3680 4345 »

2762 4370 2814 4376 —
2946 4351 3137 4400 AnaIyse
3151 4350 3282 4397 détaillée
3298 4360 3324 4396 et
3340 4354 3515 4407 complète..
3579 4360 3602 4399 5
3660 4375 3680 4399 a

2711 4416 2745 4455 A
2774 4419 2916 4468 partir
2943 4420 3002 4462 du
3031 4424 3047 4460 1
3057 4425 3087 4442 er
3112 4422 3362 4475 décembre,
3391 4430 3487 4468 tout
3515 4435 3675 4471 nouvel

2656 4476 2832 4518 abonné
2883 4490 2940 4520 ou
2982 4479 3222 4536 réabonné,
3263 4487 3342 4537 qui
3381 4488 3556 4531 voudra
3579 4502 3678 4532 sou¬

2656 4537 2816 4578 mettre
2870 4550 2948 4579 son
3004 4540 3195 4583 écriture
3238 4548 3523 4595 personnelle
3567 4562 3678 4590 aura

2655 4594 2775 4638 droit
2823 4598 2847 4639 à
2887 4610 2948 4639 un
3000 4602 3179 4652 croquis
3219 4603 3458 4658 silhouette
3508 4611 3677 4658 gratuit

2654 4655 2769 4696 dans
2808 4656 2849 4697 le
2888 4659 3086 4708 journal,
3115 4674 3220 4703 sous
3261 4676 3322 4705 un
3366 4667 3685 4720 pseudonyme,

2651 4714 2951 4770 Quelconque.

2707 4775 2742 4814 Il
2786 4778 2850 4819 est
2894 4782 3230 4831 expressément
3273 4787 3591 4828 recommandé
3620 4789 3674 4830 de

2652 4846 2708 4875 ne
2758 4847 2840 4886 pas
2890 4839 3160 4883 contrefaire
3199 4854 3280 4883 son
3321 4844 3515 4888 écriture
3553 4848 3596 4888 et
3619 4850 3674 4890 de

2652 4895 2839 4936 n’écrire
2861 4910 2948 4948 que
2972 4911 3050 4940 sur
3072 4900 3132 4942 du
3156 4903 3315 4954 papier
3339 4915 3426 4946 non
3452 4907 3571 4956 rayé.

2702 5047 2844 5086 Lettre
2867 5047 3019 5096 signée
3044 5051 3153 5089 Lux.
3175 5074 3219 5079 —
3251 5051 3312 5092 M.
3340 5054 3508 5095 Léonce
3532 5067 3556 5095 a
3580 5068 3667 5096 une

2651 5106 2896 5146 excellente
2922 5107 3106 5158 opinion
3134 5110 3188 5150 de
3216 5111 3462 5155 lui-même.
3494 5115 3528 5154 Il
3558 5116 3668 5156 n’est

2651 5163 2792 5204 certes
2826 5166 2951 5215 point
2984 5166 3216 5218 dépourvu
3252 5170 3306 5212 de
3340 5172 3510 5215 mérite.
3546 5176 3666 5218 Rusé

2651 5233 2715 5262 en-
2731 5224 2924 5273 affaires,
2955 5239 3007 5267 ne
3034 5228 3231 5270 confiant
3258 5243 3336 5283 pas
3362 5239 3430 5272 s'es
3454 5244 3523 5276 sec
3530 5236 3616 5277 rets
3642 5236 3666 5275 à

2650 5281 2745 5320 tout
2775 5284 2816 5322 le
2844 5285 3023 5333 monde,
3058 5287 3087 5324 il
3118 5288 3184 5327 est
3211 5290 3397 5339 capable
3426 5291 3479 5331 de
3509 5303 3663 5333 mener

2650 5352 2736 5379 une
2756 5342 3004 5392 entreprise
3022 5344 3047 5383 à
3066 5346 3235 5387 bonnes
3254 5347 3354 5388 fins.
3377 5350 3518 5390 D’une
3537 5353 3664 5393 natu¬

2649 5411 2694 5440 re
2720 5400 2928 5451 sensible,
2956 5403 3063 5444 d’un
3088 5406 3312 5448 caractère
3336 5419 3459 5449 assez
3483 5411 3660 5462 enjoué,

2649 5458 2678 5498 il
2700 5459 2891 5503 cherche
2913 5462 3145 5516 beaucoup
3167 5466 3193 5507 à
3214 5467 3356 5518 plaire
3378 5480 3468 5511 aux
3488 5471 3658 5512 dames.

2648 5518 2680 5556 Il
2714 5518 2831 5559 aime
2863 5519 3093 5564 d’ailleurs
3121 5521 3162 5566 le
3190 5526 3351 5577 plaisir
3380 5540 3485 5571 sous
3515 5529 3660 5572 toutes

3790 488 3858 518 ses
3884 479 4052 522 formes
4082 496 4088 522 :
4118 502 4135 519 «
4164 485 4251 526 bon
4279 499 4458 538 souper,
4486 490 4572 531 bon
4599 492 4736 543 gîte...
4766 494 4809 535 et

3787 538 3828 577 le
3852 540 3971 580 reste
3997 557 4032 589 »,
4061 543 4243 586 surtout
4265 548 4422 597 quand
4474 550 4514 590 le
4539 550 4699 601 plaisir
4750 563 4807 593 ne

3787 599 3915 639 coûte
3944 599 4054 640 rien.

3840 657 3951 699 Très
3974 659 4079 709 âpre
4102 674 4159 702 au
4179 664 4300 715 gain,
4326 666 4415 707 très
4436 667 4702 711 ambitieux.

3842 718 3931 757 Son
3963 724 4264 768 engouement
4292 726 4489 776 quelque
4518 739 4607 779 peu
4636 731 4802 780 étudié,

3788 775 3990 819 vis-à-vis
4019 779 4096 820 des
4127 782 4372 834 étrangers,
4404 797 4460 828 ne
4490 798 4534 828 se
4564 790 4804 832 manifeste

3786 847 3867 884 pas
3888 836 4095 887 toujours
4143 840 4167 880 à
4191 842 4359 893 l’égard
4380 846 4435 886 de
4458 858 4536 887 son
4559 848 4803 900 entourage

3785 892 4036 938 immédiat.

3842 956 4054 996 Brunette
4078 959 4223 999 Lison.
4249 985 4295 990 —
4316 962 4466 1004 Douée
4486 965 4620 1008 d’une
4640 967 4803 1008 intelli¬

3783 1024 3928 1065 gence,
3952 1027 4187 1068 moyenne,
4222 1022 4427 1071 cultivée,
4462 1026 4799 1078 organisatrice,

3785 1071 3887 1120 fine,
3914 1075 4056 1123 rusée,
4080 1077 4297 1122 Rrunette
4320 1083 4453 1123 Lison
4478 1084 4589 1125 n’est
4610 1098 4691 1137 pas
4712 1100 4803 1129 une

3787 1142 4007 1180 personne
4032 1136 4252 1186 vulgaire.
4285 1139 4379 1183 Elle
4404 1146 4587 1184 connaît
4612 1145 4677 1186 les
4702 1159 4802 1188 usa¬

3783 1202 3859 1238 ges
3885 1191 3926 1232 et
3950 1193 4033 1234 sait
4059 1195 4160 1236 bien
4187 1210 4232 1238 se
4258 1199 4387 1240 tenir.
4416 1203 4451 1241 A
4476 1203 4531 1245 de
4555 1204 4719 1256 l’idéal,
4747 1208 4800 1248 de

3783 1250 3988 1300 l’orgueil
4012 1256 4147 1295 caché
4170 1258 4212 1298 et
4236 1271 4324 1299 une
4348 1259 4495 1312 légère
4543 1263 4696 1315 pointe
4746 1267 4801 1307 de

3784 1309 3948 1351 vanité.

3839 1369 3972 1410 Cœur
3995 1374 4206 1424 sensible,
4233 1378 4348 1418 mais
4371 1391 4426 1420 ne
4451 1380 4682 1424 s’ouvrant
4720 1396 4802 1435 pas

3784 1427 3810 1466 à
3837 1428 3932 1468 tout
3960 1430 4000 1470 le
4028 1434 4207 1482 monde,
4239 1446 4287 1477 ce
4314 1440 4389 1487 qui
4420 1440 4557 1480 serait
4585 1455 4645 1483 un
4675 1455 4802 1484 man¬

3784 1498 3871 1536 que
3903 1488 3956 1528 de
3990 1490 4266 1535 distinction.
4299 1519 4354 1525 —
4387 1498 4639 1544 Généreuse
4671 1503 4713 1543 et
4743 1515 4800 1544 ne

3783 1545 4004 1589 détestant
4032 1560 4111 1599 pas
4140 1552 4194 1593 de
4220 1564 4374 1604 passer
4401 1570 4515 1607 pour
4570 1560 4687 1611 telle,
4744 1575 4799 1604 ne

3782 1605 3970 1647 s'oublie
3990 1607 4242 1660 cependant
4261 1625 4343 1664 pas
4363 1615 4630 1661 elle-même.

3836 1665 4024 1708 Volonté
4052 1668 4204 1720 faible,
4236 1678 4490 1727 manquant
4515 1679 4568 1720 de
4596 1683 4799 1732 persévé¬

3783 1735 3928 1772 rance,
3954 1727 4127 1777 malgré
4147 1730 4224 1771 des
4246 1735 4370 1775 accès
4391 1735 4726 1781 d’obstination.

3835 1783 3904 1823 Au
3935 1784 4046 1826 fond
4077 1788 4237 1830 nature
4294 1803 4415 1833 assez
4474 1795 4726 1850 distinguée
4755 1801 4799 1842 et

3781 1844 4116 1896 sympathique.

4414 1914 4461 1956 G.
4492 1916 4742 1962 Lefranck.

3808 2062 4063 2120 Lettres
4103 2070 4182 2124 de
4222 2072 4766 2136 Remerciements

3830 2203 3888 2244 Le
3907 2207 4042 2248 cadre
4062 2209 4117 2250 de
4138 2212 4265 2255 notre
4284 2214 4468 2264 journal
4489 2231 4545 2260 ne
4566 2233 4682 2263 nous
4701 2236 4798 2276 per¬

3776 2265 3967 2306 mettant
3990 2278 4071 2318 pas
4120 2269 4338 2314 d’insérer
4388 2276 4451 2318 les
4503 2282 4800 2327 nombreuses

3776 2320 3927 2365 lettres
3960 2325 4014 2367 de
4048 2327 4339 2376 félicitations
4371 2336 4600 2380 adressées
4634 2343 4691 2384 au
4724 2344 4799 2384 Di¬

3775 2383 3950 2424 recteur
3975 2385 4139 2438 depuis
4164 2389 4208 2430 la
4234 2394 4432 2435 création
4459 2396 4515 2438 de
4540 2399 4653 2440 cette
4679 2413 4798 2446 com¬

3778 2439 4001 2493 binaison,
4041 2453 4154 2488 ceux
4190 2450 4244 2491 de
4280 2463 4362 2494 nos
4399 2455 4599 2499 abonnés
4634 2460 4715 2511 qui
4752 2462 4793 2504 le

3774 2499 4068 2546 désireraient
4094 2514 4314 2558 pourront
4340 2524 4392 2555 en
4447 2519 4643 2567 prendre
4695 2531 4798 2563 con¬

3774 2560 4009 2605 naissance
4042 2566 4157 2608 dans
4189 2580 4271 2612 nos
4303 2572 4523 2627 bureaux,
4559 2591 4640 2620 rue
4672 2580 4797 2623 d’As¬

3773 2619 3885 2671 torg,
3913 2624 3978 2671 26,
4008 2624 4248 2670 Toulouse.

3773 2786 4070 2893 OFFICE
4137 2794 4246 2899 DE
4321 2796 4798 2914 LOCATIONS

3827 2994 3861 3030 A
3925 2995 4067 3038 Louer
4127 3000 4323 3050 meublé,
4387 3008 4589 3055 quartier
4651 3011 4796 3054 Saint-

3772 3051 3974 3103 Etienne,
4007 3058 4223 3102 chambre
4279 3065 4322 3103 et
4378 3066 4511 3112 salon,
4560 3080 4618 3111 ou
4676 3072 4796 3115 deux

3771 3114 4011 3159 chambres
4075 3119 4431 3174 indépendantes
4467 3130 4580 3171 dans
4616 3135 4794 3179 maison

3769 3175 3979 3227 sérieuse,
4012 3183 4208 3231 prendre
4236 3186 4448 3231 l’adresse
4504 3203 4563 3233 au
4619 3195 4790 3239 bureau

3770 3228 3828 3269 du
3852 3230 4035 3280 journal
4058 3234 4098 3276 le
4120 3238 4246 3278 Trait
4268 3240 4478 3284 d’Union.

3823 3286 3857 3323 A
3890 3286 4046 3336 Louer,
4080 3290 4193 3331 local
4250 3304 4327 3334 sur
4383 3307 4506 3346 cour,
4539 3311 4596 3339 au
4628 3306 4792 3344 rez-de-

3770 3335 4000 3388 chaussée,
4038 3352 4154 3391 pour
4217 3344 4405 3396 bureau,
4443 3352 4787 3400 garde-meuble

3768 3408 3824 3437 au
3854 3399 3988 3450 dépôt
4016 3403 4070 3443 de
4099 3407 4456 3452 marchandises.
4489 3414 4690 3458 Prendre
4719 3419 4775 3459 l'a
4795 3418 4804 3429 '

3764 3459 3918 3502 dresse
3943 3474 3999 3503 au
4024 3464 4206 3512 journal
4233 3469 4272 3510 le
4298 3472 4423 3512 Trait
4450 3476 4658 3518 d’Union.

3823 3529 4012 3574 Famille
4043 3533 4099 3575 de
4144 3538 4304 3587 quatre
4350 3552 4596 3591 personnes
4642 3548 4788 3592 désire

3767 3586 3892 3628 louer
3920 3591 4055 3640 petite
4081 3595 4255 3637 maison
4285 3599 4448 3643 remise
4475 3602 4499 3642 à
4524 3607 4648 3647 neuf.
4677 3610 4703 3649 8
4728 3620 4787 3651 ou

3768 3648 3815 3687 10
3847 3647 4008 3700 pièces,
4043 3663 4123 3694 rue
4156 3654 4416 3710 tranquille,
4454 3664 4655 3714 quartier
4687 3678 4787 3708 cen¬

3765 3704 3866 3746 tral.
3892 3707 4001 3750 Prix
4023 3711 4078 3752 de
4100 3714 4125 3751 8
4146 3713 4173 3753 à
4194 3716 4272 3755 900
4294 3716 4350 3756 fr.

3766 3857 3847 3934 LE
3880 3851 4251 3944 BRÉVIAIRE
4284 3867 4371 3948 DE
4396 3872 4479 3949 LA
4510 3866 4789 3959 BEAUTÉ

3931 4003 4122 4043 Madame,

3805 4048 3940 4088 Quelle
3964 4062 4039 4092 que
4062 4058 4139 4091 soit
4162 4062 4271 4095 votre
4294 4061 4498 4104 situation,
4526 4075 4573 4100 ne
4597 4072 4790 4108 gaspillez

3763 4100 3832 4131 pas
3863 4098 3971 4127 votre
3998 4100 4136 4135 argent
4187 4110 4232 4132 en
4264 4111 4450 4143 essayant
4503 4110 4556 4140 les
4588 4114 4787 4152 multiples

3763 4136 3940 4172 produits
3966 4139 4013 4171 de
4041 4141 4198 4180 Beauté,
4223 4145 4362 4178 vantés
4390 4155 4459 4186 par
4483 4151 4591 4182 force
4618 4153 4787 4187 réclame

3760 4178 3859 4208 dans
3884 4180 3971 4211 tous
3999 4181 4052 4214 les
4078 4183 4290 4224 journaux,
4319 4190 4418 4221 mais
4446 4191 4539 4223 lisez
4563 4194 4723 4227 d’abord
4751 4199 4787 4228 la

3763 4220 4034 4254 merveilleuse
4059 4224 4239 4258 méthode
4262 4230 4313 4260 du
4338 4231 4563 4268 spécialiste
4586 4235 4785 4270 CLARKS.

3763 4259 3810 4288 Le
3835 4260 4034 4295 Bréviaire
4056 4265 4103 4296 de
4128 4267 4164 4298 la
4190 4268 4344 4308 Beauté,
4371 4274 4435 4309 qui
4462 4282 4559 4307 vous
4584 4278 4787 4316 enseigne¬

3762 4306 3815 4336 ra,
3838 4308 3884 4331 en
3907 4305 4050 4335 termes
4072 4307 4190 4339 clairs
4213 4311 4249 4341 et
4271 4311 4411 4350 précis,
4436 4315 4520 4348 l’art
4542 4318 4590 4348 de
4611 4319 4786 4351 s’embel¬

3762 4339 3808 4370 lir
3838 4348 3930 4372 sans
3959 4347 4106 4380 grands
4134 4350 4271 4382 efforts
4300 4355 4337 4384 et
4364 4355 4556 4388 d’obtenir
4584 4359 4702 4391 d’une
4731 4363 4786 4392 fa¬

3760 4388 3832 4418 çon
3856 4384 3991 4420 rapide
4013 4388 4050 4417 et
4070 4391 4256 4428 certaine,
4279 4393 4426 4426 finesse
4448 4398 4499 4428 du
4523 4399 4633 4438 teint,
4656 4403 4786 4432 velou¬

3758 4422 3794 4454 té
3819 4423 3866 4454 de
3908 4424 4131 4462 l’épiderme
4156 4432 4192 4460 et
4231 4434 4418 4469 gracieux
4460 4436 4786 4479 développement

3759 4464 3826 4497 ds3
3849 4466 4008 4498 formes.

3799 4505 3904 4536 Cette
3933 4506 4065 4539 éditon
4094 4510 4219 4544 forme
4250 4521 4301 4544 un
4332 4515 4430 4548 beau
4460 4520 4616 4554 volume
4646 4523 4693 4556 de
4723 4523 4783 4556 168

3759 4554 3890 4584 pages,
3915 4548 4096 4587 imprimé
4120 4558 4187 4583 sur
4211 4555 4346 4592 papier
4370 4559 4476 4591 riche
4499 4564 4535 4593 et
4560 4563 4712 4596 illustré
4735 4566 4783 4596 de

3757 4587 3835 4620 très
3859 4590 4114 4623 nombreuses
4135 4600 4326 4631 gravures
4350 4600 4387 4630 et
4408 4600 4575 4634 dessins.
4602 4607 4704 4638 Dans
4730 4614 4781 4638 un

3758 4628 3824 4658 but
3838 4628 3884 4658 de
3899 4630 4186 4667 vulgarisation
4223 4636 4488 4678 scientifique,
4506 4642 4644 4675 l’envoi
4662 4651 4708 4674 en
4724 4648 4783 4679 est

3755 4670 3829 4702 tait
3851 4672 3990 4704 franco
4014 4680 4107 4705 sous
4131 4678 4184 4712 pli
4210 4678 4344 4717 fermé,
4370 4684 4506 4714 contre
4528 4684 4550 4715 0
4571 4687 4619 4716 fr.
4644 4686 4686 4717 40
4712 4687 4782 4726 (re¬

3755 4713 3987 4746 commandé
4012 4715 4019 4746 :
4042 4715 4060 4747 0
4082 4717 4128 4747 fr.
4152 4717 4203 4758 50)
4231 4726 4279 4751 en
4302 4719 4464 4755 timbres
4488 4726 4535 4756 de
4556 4728 4646 4758 tous
4670 4732 4780 4766 pays,

3753 4751 3934 4786 adressés
3958 4755 3983 4786 à
4029 4755 4227 4799 CLARKS,
4255 4759 4326 4800 130,
4354 4763 4507 4796 Galerie
4553 4767 4600 4798 de
4648 4768 4781 4799 Valois

3759 4794 4058 4835 (Palais-Royal)
4095 4800 4216 4831 Paris.

3796 4851 3933 4884 NOTA.
3956 4870 3998 4875 —
4022 4854 4125 4887 Vous
4171 4866 4218 4890 ne
4263 4866 4441 4892 recevrez
4487 4870 4555 4901 pas
4582 4872 4633 4896 un
4682 4865 4779 4898 livre

3754 4895 4010 4933 quelconque,
4035 4899 4133 4928 mais
4158 4907 4232 4931 une
4255 4902 4348 4938 jolie
4374 4902 4554 4936 méthode
4578 4907 4780 4946 descripti¬

3751 4940 3809 4971 ve,
3838 4935 4132 4973 indispensable
4155 4939 4180 4971 à
4203 4943 4332 4974 toutes
4359 4944 4413 4974 les
4438 4946 4586 4976 dames.

3795 4975 3896 5007 Vous
3922 4976 4054 5008 n’avez
4074 4979 4218 5016 jamais
4242 4989 4308 5014 ren
4333 4991 4383 5015 vu
4406 4984 4452 5018 de
4476 4987 4611 5023 pareil.

3794 5016 3896 5048 Vous
3926 5024 3973 5050 ne
4001 5020 4247 5053 retrouverez
4274 5024 4418 5060 jamais
4447 5034 4523 5059 une
4551 5030 4653 5062 offre
4680 5038 4779 5063 sem¬

3752 5056 3891 5088 blable.

3794 5097 3895 5130 Vous
3930 5099 4172 5134 n’achèterez
4203 5103 4347 5140 jamais
4381 5107 4464 5139 rien
4498 5107 4644 5142 d’aussi
4681 5112 4776 5144 utile

3748 5140 3772 5171 à
3798 5147 3848 5171 un
3876 5142 3960 5177 prix
3987 5144 4094 5174 aussi
4123 5144 4318 5183 modique.

3793 5183 3998 5215 D’ailleurs
4027 5191 4123 5215 vous
4153 5193 4199 5218 ne
4230 5188 4384 5226 risquez
4413 5191 4511 5230 rien,
4541 5200 4656 5231 parce
4685 5203 4774 5233 que,

3750 5224 3864 5255 rhose
3886 5224 4034 5261 unique
4053 5228 4090 5257 et
4111 5229 4395 5269 merveilleuse,
4418 5233 4570 5273 chaque
4594 5235 4774 5270 méthode

3747 5266 3803 5295 est
3828 5267 4118 5304 accompagnée
4143 5269 4234 5300 d’un
4262 5271 4336 5303 bon
4362 5274 4408 5303 de
4436 5276 4775 5311 remboursement

3750 5304 3929 5342 intégral.

3790 5344 3891 5375 Nous
3919 5352 4015 5376 vous
4044 5354 4270 5384 engageons
4299 5354 4400 5384 donc
4428 5355 4452 5386 à
4480 5359 4527 5385 en
4556 5356 4772 5388 demander

3747 5392 3798 5416 un
3823 5394 3919 5424 pour
3943 5387 4196 5424 aujourd’hui
4222 5392 4358 5426 même.

4131 5462 4186 5499 Le
4216 5464 4373 5503 Aérant
4403 5477 4412 5501 :
4439 5455 4694 5506 ROÜSSFL.

3791 5539 4055 5584 Imprimerie
4083 5542 4265 5585 spéciale
4293 5546 4347 5580 du
4381 5546 4496 5583 Trait
4525 5547 4716 5587 d'IJnion.

3020 5671 3508 5744 BULLETIN
3597 5680 4392 5753 D’ABONNEMENT

2724 5807 2773 5850 Je
2808 5812 3022 5864 soussigné
3053 5811 3210 5855 déclare
3243 5818 3443 5859 souscrire
3479 5819 3507 5859 à
3543 5831 3600 5858 un
3638 5819 3911 5864 abonnement
3946 5819 3995 5862 de
4038 5823 4155 5864 trois
4203 5827 4324 5867 mois
4370 5838 4424 5867 au
4466 5828 4652 5874 Journal
4690 5832 4723 5875 le

2672 5884 3103 5936 TRAIT-D’UNION,
3128 5886 3235 5936 pour
3254 5886 3295 5927 la
3313 5898 3465 5928 somme
3481 5887 3528 5928 de
3545 5902 3645 5931 onze
3664 5891 3820 5944 francs.

2724 5988 2832 6029 Nom
2855 5994 2897 6030 et
2918 5991 3165 6043 profession
3198 6018 4644 6040 ..-..

2723 6078 2786 6117 Ad
2796 6090 3138 6120 resse.-
3278 6108 3529 6129 -.•••••.
3565 6112 3800 6122 -..-
3851 6112 3986 6123 -.>
4130 6118 4252 6125 .
4260 6097 4265 6124 ;
4266 6106 4546 6129 .'•••••••

3420 6199 3821 6212 .
3840 6215 3848 6228 ,
3875 6182 3907 6223 le
4355 6190 4449 6227 -.
4499 6190 4547 6230 10
4626 6222 4633 6229 .

2666 6267 2831 6303 Libellé
2862 6270 2914 6305 de
2944 6270 3184 6310 l’Annonce
3214 6275 3236 6310 à
3267 6271 3438 6320 insérer
4182 6280 4439 6332 Signature,

2659 6640 2899 6680 Détacher
2928 6654 2982 6680 ce
3013 6644 3114 6683 Bon
3146 6651 3192 6684 et
3222 6646 3479 6698 l’envoyer
3499 6648 3524 6687 à
3555 6651 3619 6687 M.
3654 6651 3699 6689 J.
3740 6652 3903 6692 BACH
3940 6664 4059 6694 avec
4096 6655 4142 6692 le
4180 6662 4399 6696 montant
4431 6659 4490 6696 de
4527 6660 4709 6700 l'abon¬

3045 6703 3252 6750 nement,
3284 6711 3344 6739 en
3374 6703 3475 6742 Bon
3507 6702 3567 6742 de
3595 6710 3750 6756 poste,
3782 6707 3974 6748 Mandat
4004 6720 4064 6749 ou
4097 6711 4338 6752 Timbres.
