5184 7168
2434 379 2507 416 LE
2538 374 2719 416 TRAIT
2751 373 2999 414 D'UNION

534 500 624 541 sire
658 497 863 548 mariage
890 504 999 536 avec
1029 490 1264 534 monsieur
1295 488 1354 531 de
1378 488 1431 527 28
1457 487 1484 527 à
1511 487 1564 526 40

534 571 630 608 ans,
654 558 794 610 ayant
808 555 920 608 petit
938 551 1108 604 emploi
1127 562 1186 592 ou
1205 548 1422 592 situation
1441 547 1559 587 sûre.

587 663 707 704 6500.
730 660 973 700 Toulouse.
991 680 1047 687 —-
1067 657 1210 698 Dame
1230 652 1371 694 veuve
1391 651 1443 691 39
1467 660 1563 698 ans,

535 728 643 758 sans
660 711 848 767 ,enfant,
885 711 1006 752 belle
1044 710 1230 756 femme,
1268 704 1558 750 affectueuse,

531 770 667 823 goûts
702 766 907 819 simples,
942 762 1204 806 traitement
1234 755 1565 800 fonctionnaire

536 826 656 864 1.200
680 823 756 871 fr.,
783 819 930 862 désire
955 819 1147 869 épouser
1175 811 1410 856 monsieur
1435 811 1492 855 de
1515 811 1566 849 40

534 878 559 918 à
598 878 650 917 50
690 886 786 924 ans,
831 872 968 924 ayant
1011 879 1206 911 revenus
1244 879 1302 908 ou
1348 862 1563 907 situation

532 932 652 973 sûre.

586 1027 704 1068 6502.
749 1023 1140 1066 Haute-Garonne.
1180 1042 1236 1048 —
1274 1016 1387 1056 Fille
1426 1014 1564 1054 d’offi¬

533 1084 624 1123 cier
646 1080 899 1131 supérieur,
926 1079 978 1116 19
999 1086 1094 1124 ans,
1123 1074 1286 1121 brune,
1310 1067 1564 1118 intelligen¬

532 1137 590 1185 te,
626 1134 732 1176 bien
766 1131 931 1179 élevée,
974 1127 1227 1174 excellente*
1256 1122 1555 1168 musicienne,

532 1190 653 1231 1.000
674 1188 730 1227 fr.
754 1186 812 1228 de
835 1184 976 1235 rente,
998 1181 1282 1234 espérances,
1306 1174 1565 1228 épouserait

530 1242 764 1285 monsieur
790 1238 1020 1287 distingué
1071 1236 1130 1275 de
1179 1234 1328 1274 bonne
1386 1227 1563 1268 famille

529 1295 668 1347 ayant
710 1294 828 1336 belle
870 1290 1103 1333 situation.
1151 1286 1307 1328 Ecrire
1347 1294 1438 1324 aux
1486 1292 1563 1332 pa¬

530 1354 668 1391 rents.

576 1456 807 1502 Envoyez
827 1450 856 1490 à
874 1450 923 1488 la
942 1446 1188 1487 Direction
1214 1444 1296 1483 des
1316 1447 1557 1481 annonces

522 1507 787 1562 sérieuses,
838 1502 1012 1549 vraies,
1060 1497 1287 1543 sincères,
1330 1491 1555 1543 précises,

522 1573 647 1620 pour
666 1560 820 1600 éviter
846 1559 928 1598 des
948 1553 1190 1604 surprises
1217 1546 1490 1599 imprévues
1511 1546 1558 1583 et

521 1612 877 1676 désagréables.

574 1724 692 1765 6508.
726 1723 893 1762 Haute®
915 1715 1153 1766 Pyrénées.
1177 1735 1233 1741 —
1266 1707 1548 1755 Demoiselle,

519 1780 572 1819 32
592 1788 689 1826 ans,
715 1773 960 1815 excellente
982 1768 1172 1815 famille,
1195 1764 1329 1816 goûts
1347 1762 1549 1812 simples,

523 1827 826 1874 honorabilité
850 1823 1061 1878 parfaite,
1120 1829 1314 1861 revenus
1364 1827 1420 1856 en
1473 1814 1552 1853 im¬

523 1883 743 1931 meubles,
789 1880 1060 1931 espérances
1106 1876 1247 1920 sûres,
1297 1866 1555 1922 épouserait

523 1936 758 1980 monsieur
776 1935 834 1977 de
854 1935 906 1974 40
922 1931 950 1972 à
967 1933 1019 1971 45
1039 1939 1136 1979 ans,
1160 1927 1352 1972 sérieux,
1375 1922 1431 1963 de
1454 1931 1554 1971 par¬

524 1992 634 2033 faite
659 1987 915 2035 éducation,
947 1985 1084 2035 ayant
1111 1982 1260 2022 bonne
1294 1975 1524 2019 situation.

575 2092 695 2132 6514.
726 2090 970 2130 Toulouse.
993 2107 1048 2113 —
1071 2080 1355 2126 Demoiselle,
1380 2079 1432 2117 32
1455 2086 1551 2123 ans,

526 2147 686 2194 brune,
714 2144 770 2185 de
799 2144 891 2183 très
915 2141 1064 2182 bonne
1090 2134 1282 2184 famille,
1310 2128 1556 2172 excellente

525 2200 823 2246 musicienne,
858 2196 1029 2236 femme
1058 2188 1338 2235 d’intérieur,
1371 2184 1449 2224 dot
1478 2182 1556 2223 dix

526 2255 655 2296 mille
714 2252 884 2300 francs,
948 2247 1230 2297 espérances,
1294 2235 1553 2291 épousejrait

524 2307 760 2350 Monsieur
798 2304 904 2344 bien
964 2299 1103 2347 élevé,
1166 2290 1465 2348 propriétaire
1495 2300 1555 2330 ou

523 2359 871 2407 fonctionnaire,
905 2356 988 2407 âge
1013 2351 1291 2395 indifférent.

572 2467 691 2507 6515.
717 2466 942 2512 Aveyron.
961 2482 1016 2488 —
1038 2452 1307 2497 Demoiselle
1327 2451 1384 2492 de
1403 2450 1554 2490 bonne

522 2526 712 2576 famille,
739 2526 790 2564 31
818 2532 915 2570 ans,
941 2519 1046 2561 bien
1069 2527 1175 2558 sous
1200 2515 1303 2555 tous
1326 2508 1550 2562 rapports,

520 2586 819 2634 musicienne,
851 2578 1112 2632 épouserait
1140 2571 1373 2616 monsieur
1410 2570 1467 2611 de
1500 2569 1553 2607 35

519 2648 547 2688 à
571 2649 624 2687 50
650 2657 746 2694 ans,
776 2644 927 2684 bonne
952 2636 1184 2680 situation.

577 2763 639 2803 Ne
659 2760 868 2808 craignez
888 2766 971 2806 pas
992 2755 1049 2795 de
1071 2760 1184 2792 vous
1202 2746 1554 2798 compromettre

519 2833 575 2863 en
599 2822 751 2863 disant
778 2828 867 2868 que
890 2825 1003 2855 vous
1023 2814 1116 2855 êtes
1139 2807 1316 2852 abonné
1338 2817 1396 2848 au
1424 2803 1552 2845 Trait

521 2882 732 2923 d’Union.

574 2992 692 3034 6516.
726 2984 1104 3031 Maine-et-Loire.
1155 3005 1209 3011 —
1251 2981 1396 3020 Jeune
1439 2976 1549 3020 fille,

521 3055 572 3095 28
608 3063 704 3100 ans,
745 3051 906 3097 brune,
943 3042 1171 3100 physique
1207 3036 1432 3091 agréable,
1466 3035 1555 3075 dis¬

522 3112 719 3164 tinguée,
771 3107 1067 3159 intelligente,
1129 3099 1314 3154 parlant
1359 3095 1551 3147 anglais,

523 3174 694 3215 femme
738 3166 1018 3214 d’intérieur,
1067 3160 1246 3204 famille
1287 3155 1552 3203 honorable,

522 3230 780 3285 épouserait
809 3229 996 3268 homme
1023 3224 1079 3264 de
1108 3231 1250 3268 cœur,
1282 3214 1552 3266 intelligent,

526 3295 608 3344 âge
643 3303 698 3331 en
728 3287 930 3340 rapport,
964 3283 1102 3336 ayant
1138 3278 1368 3327 situation,
1408 3276 1556 3317 même

526 3365 616 3395 aux
644 3349 858 3392 colonies.

579 3455 699 3495 6517.
722 3452 964 3492 Toulouse.
984 3470 1040 3476 —
1058 3443 1198 3491 Mère,
1219 3440 1368 3483 désire
1390 3437 1559 3480 marier

527 3527 578 3556 sa
602 3514 711 3562 fille,
737 3512 828 3552 fort
848 3508 954 3550 bien
980 3517 1088 3548 sous
1107 3505 1210 3546 tous
1232 3499 1456 3553 rapports,
1482 3498 1559 3537 ho¬

527 3572 768 3615 norabilité
824 3566 1035 3624 parfaite,
1062 3562 1312 3607 excellente
1366 3555 1557 3605 famille,

528 3632 606 3677 dot
632 3643 756 3675 assez
811 3624 1138 3675 considérable,
1198 3631 1304 3664 avec
1327 3618 1560 3660 monsieur

527 3696 610 3745 âge
643 3694 762 3741 mûr,
808 3686 1072 3736 honorable,
1124 3681 1320 3735 qualités
1348 3675 1558 3724 morales,

528 3755 680 3796 bonne
704 3748 920 3793 situation
946 3748 991 3789 et
1022 3746 1171 3787 bonne
1198 3739 1452 3783 éducation.

582 3864 700 3904 6521.
728 3862 970 3903 Toulouse.
995 3879 1050 3887 —
1075 3852 1263 3895 Famille
1294 3850 1427 3898 amie,
1454 3858 1560 3889 vou¬

529 3923 650 3967 drait
703 3920 872 3964 marier
923 3914 1200 3962 demoiselle,
1253 3913 1304 3951 35
1330 3919 1425 3958 ans,
1468 3906 1562 3947 fille

528 3983 750 4025 d’officier
775 3978 1029 4031 supérieur,
1064 3971 1331 4022 distinguée,
1367 3964 1563 4019 qualités

528 4043 739 4092 morales,
795 4039 921 4080 rente
960 4032 1174 4076 annuelle
1214 4030 1342 4072 mille
1391 4028 1559 4074 francs,

529 4115 637 4148 avec
663 4100 851 4150 officier,
889 4093 1190 4151 propriétaire
1218 4102 1277 4132 ou
1308 4086 1475 4130 rentier
1506 4084 1561 4126 de

528 4167 681 4206 bonne
728 4159 920 4207 famille,
971 4158 1123 4198 bonne
1170 4150 1427 4199 éducation,
1479 4146 1563 4196 âge

527 4223 704 4267 assorti.

580 4331 700 4374 6522.
754 4327 1025 4371 Sud-Ouest.
1074 4347 1127 4352 —
1177 4322 1317 4361 Dame
1399 4325 1559 4363 veuve,

526 4395 579 4435 45
601 4403 699 4443 ans,
724 4391 815 4432 très
834 4388 976 4440 jeune
995 4381 1209 4435 d’aspect,
1235 4380 1381 4431 figure
1409 4376 1560 4427 agréa¬

527 4453 615 4503 ble,
642 4450 847 4502 élégante
867 4448 916 4491 et
938 4443 1119 4496 simple,
1147 4443 1299 4483 bonne
1326 4435 1558 4484 situation,

529 4512 678 4556 désire
710 4507 963 4552 contracter
998 4503 1203 4554 mariage
1238 4507 1347 4540 avec
1375 4498 1561 4536 homme

526 4570 584 4614 de
627 4582 767 4619 cœur,
814 4567 1009 4614 sérieux,
1062 4557 1376 4608 désintéressé,
1425 4552 1563 4606 ayant

527 4640 724 4674 revenus
765 4626 959 4675 assurés,
1006 4622 1182 4664 mêmes
1207 4618 1354 4670 goûts,
1401 4612 1560 4655 milieu

527 4692 666 4734 social
691 4688 867 4731 assorti.

579 4792 699 4835 6529.
747 4788 1140 4832 Haute-Garonne.
1179 4806 1234 4812 —
1274 4775 1559 4823 Demoiselle,

523 4857 578 4896 32
611 4864 708 4902 ans,
740 4863 796 4892 en
826 4848 977 4902 parait
1002 4847 1068 4895 25,
1102 4846 1263 4890 brune,
1300 4838 1419 4880 belle
1448 4836 1559 4876 fem¬

526 4924 616 4967 me,
663 4910 907 4954 charmant
932 4905 1172 4955 caractère,
1222 4901 1371 4942 bonne
1415 4896 1459 4937 et
1490 4894 1562 4936 dé¬

526 4974 680 5022 vouée,
727 4967 923 5022 parfaite
967 4964 1223 5015 ménagère,
1277 4956 1412 5010 goûts
1454 4955 1562 4996 sim¬

525 5034 638 5086 ples,
666 5031 763 5072 fille
785 5027 1050 5071 d’honnêtes
1071 5017 1419 5070 commerçants,
1446 5013 1560 5056 dési¬

526 5105 573 5135 re
591 5092 797 5143 mariage
816 5099 924 5131 avec
944 5084 1179 5127 monsieur
1198 5082 1255 5123 de
1273 5082 1324 5119 35
1343 5077 1370 5119 à
1387 5079 1440 5117 45
1458 5084 1555 5122 ans,

527 5154 706 5195 sérieux
734 5151 779 5191 et
800 5150 905 5197 bon,
932 5143 1232 5198 propriétaire
1258 5151 1315 5180 ou
1342 5134 1480 5187 ayant
1503 5131 1560 5175 si¬

527 5212 716 5256 tuation.

578 5318 716 5358 6.530.
746 5315 988 5355 Toulouse.
1009 5334 1066 5340 —
1083 5311 1229 5350 Jeune
1251 5304 1362 5352 fille,
1386 5303 1439 5343 38
1460 5310 1556 5347 ans,

527 5378 738 5424 sérieuse,
784 5372 963 5414 famille
1009 5367 1274 5414 honorable,
1326 5360 1562 5413 employée

526 5435 688 5490 depuis
713 5436 766 5476 20
794 5446 874 5475 ans
902 5431 1050 5472 même
1076 5427 1268 5473 maison,
1299 5422 1436 5474 ayant
1466 5419 1560 5460 éco¬

527 5496 716 5544 nomies,
763 5492 1022 5545 épouserait
1060 5485 1324 5528 célibataire
1349 5492 1408 5526 ou
1453 5475 1561 5522 veuf

527 5558 582 5599 de
603 5558 655 5597 38
679 5555 706 5596 à
731 5555 782 5595 50
846 5562 942 5600 ans,
968 5548 1150 5592 ouvrier
1215 5556 1272 5586 ou
1334 5538 1556 5592 employé,

527 5615 666 5668 ayant
695 5612 911 5656 situation
943 5610 1062 5651 sûre.

582 5728 700 5768 6535.
727 5724 939 5767 Gironde.
960 5746 1015 5752 —
1036 5720 1191 5767 Dame,
1214 5718 1266 5758 38
1286 5725 1379 5757 ans,
1407 5711 1559 5764 physi¬

530 5799 616 5839 que
642 5785 867 5839 agréable,
899 5780 1110 5823 habitant
1148 5778 1266 5818 belle
1290 5781 1555 5824 campagne,

528 5847 684 5899 pêche,
720 5845 893 5892 chasse;
923 5840 1072 5883 désire
1098 5834 1426 5888 correspondre
1454 5840 1560 5872 avec

530 5906 767 5951 monsieur
792 5904 848 5947 de
871 5905 923 5944 50
952 5911 1035 5942 ans
1059 5898 1264 5946 environ,
1291 5892 1430 5936 serait
1452 5892 1560 5931 heu¬

527 5978 662 6010 reuse
678 5964 733 6007 de
753 5961 1014 6006 rencontrer
1036 5970 1098 6000 un
1117 5955 1272 6009 guide,
1295 5966 1357 5996 un
1381 5950 1558 5992 soutien

528 6027 666 6075 doux,
695 6023 952 6066 affectueux
1001 6019 1048 6060 et
1072 6016 1268 6059 fortuné.
1319 6007 1562 6053 Prendrait

527 6099 587 6128 au
611 6079 771 6127 besoin
798 6079 1010 6124 vieillard
1036 6078 1234 6118 infirme.
1271 6071 1405 6114 Soins
1432 6069 1558 6111 abso¬

527 6144 707 6188 lument
730 6142 942 6186 dévoués.

1639 474 1814 524 cienne,
1855 468 2181 518 millionnaire,
2206 464 2463 519 épouserait
2499 462 2669 506 officier

1638 545 1699 575 ou
1722 532 1961 584 ingénieur
2013 530 2069 572 de
2094 526 2460 580 polytechnique.
2515 523 2671 564 Ecrire

1638 604 1729 634 aux
1776 591 1973 643 parents.
2028 589 2096 630 On
2118 599 2174 628 ne
2224 585 2451 639 répondra
2498 583 2667 636 qu’aux

1640 651 1887 694 messieurs
1911 647 2173 691 réunissant
2199 646 2268 687 les
2290 643 2547 686 conditions
2578 642 2668 682 exi¬

1638 712 1743 763 gées
1767 711 1809 751 et
1835 712 2039 762 pouvant
2063 708 2195 748 offrir
2219 707 2277 748 de
2305 704 2526 748 sérieuses
2555 702 2667 744 réfé¬

1640 782 1796 812 rences
1817 772 1861 812 et
1882 767 2113 821 garanties
2139 765 2350 808 morales.

1691 851 1810 891 6545.
1849 848 1903 887 —
1933 847 2174 887 Toulouse.
2212 868 2265 874 —
2306 843 2572 883 Demoiselle
2611 843 2662 881 40

1639 914 1735 952 ans,
1767 903 1928 950 brune,
1982 899 2195 943 situation
2242 899 2359 939 dans
2399 895 2663 946 l’enseigne¬

1642 958 1767 999 ment
1826 956 1956 1004 libre,
2011 953 2258 995 excellente
2286 951 2455 992 femme
2510 950 2664 991 d’inté¬

1640 1011 1776 1060 rieur,
1804 1008 1893 1050 très
1914 1008 2126 1056 sérieuse,
2152 1004 2408 1056 épouserait
2432 1002 2663 1045 monsieur

1638 1066 1719 1115 âge
1745 1062 1920 1110 assorti,
1947 1060 2206 1104 célibataire
2236 1071 2293 1100 ou
2351 1057 2460 1099 veuf
2513 1057 2661 1097 même

1639 1129 1747 1159 avec
1766 1116 1963 1164 enfants,
1991 1115 2192 1166 pouvant
2214 1122 2394 1155 assurer
2415 1111 2585 1152 avenir.

1690 1190 1807 1231 6546.
1838 1187 2078 1227 Toulouse.
2107 1210 2160 1215 —
2186 1183 2455 1224 Demoiselle
2481 1185 2532 1224 40
2562 1192 2656 1230 ans,

1636 1255 1692 1284 ne
1713 1243 1776 1284 les
1802 1240 2056 1292 paraissant
2078 1251 2172 1291 pas,
2200 1238 2380 1285 blonde,
2433 1235 2658 1288 physique

1642 1295 1864 1348 agréable,
1897 1295 2034 1345 petite
2063 1293 2154 1341 dot,
2181 1291 2403 1333 intérieur
2441 1290 2663 1330 conforta¬

1639 1350 1722 1395 ble,
1752 1350 1898 1390 désire
1920 1347 2121 1396 mariage
2144 1357 2251 1387 avec
2277 1343 2508 1385 monsieur
2530 1343 2584 1383 de
2612 1345 2662 1382 45

1636 1406 1663 1444 à
1685 1406 1736 1445 50
1761 1414 1856 1452 ans,
1883 1400 2022 1452 ayant
2045 1410 2241 1443 revenus
2266 1409 2324 1440 ou
2354 1396 2584 1439 situation.

1687 1475 1803 1515 6550.
1842 1473 2032 1522 Algérie,
2065 1473 2121 1515 -r.
2143 1471 2231 1511 Joli
2262 1472 2419 1516 brune,
2454 1470 2504 1508 20
2558 1478 2652 1514 ans,

1635 1528 1904 1579 distinguée,
1927 1526 2074 1567 bonne
2095 1524 2391 1573 musicienne,
2415 1519 2656 1562 excellente

1633 1583 1774 1630 santé,
1803 1581 2030 1622 caractère
2057 1579 2148 1619 très
2178 1576 2265 1629 gai,
2298 1578 2375 1617 dot
2400 1577 2550 1616 32.000
2576 1574 2651 1623 fr.,

1631 1637 1778 1679 désire
1805 1636 1956 1676 entrer
2011 1645 2064 1674 en
2092 1631 2308 1673 relations
2359 1639 2463 1671 avec
2518 1629 2654 1678 jeune

1631 1692 1816 1731 homme
1841 1686 2111 1735 affectueux,
2138 1686 2227 1736 gai,
2258 1683 2443 1725 docteur
2472 1682 2527 1723 de
2557 1681 2654 1732 pré¬

1638 1745 1830 1785 férence.

1691 1817 1807 1857 6551.
1832 1815 2072 1855 Toulouse.
2093 1836 2147 1842 —
2168 1809 2435 1852 Demoiselle
2454 1808 2556 1850 bien
2576 1806 2660 1848 éle¬

1630 1871 1722 1920 vée,
1750 1871 1801 1908 36
1827 1879 1923 1915 ans,
1952 1867 2059 1918 jolie
2086 1876 2323 1919 personne,
2354 1863 2520 1905 femme
2544 1863 2652 1903 d'in¬

1630 1924 1814 1972 térieur,
1846 1920 2087 1973 possédant
2116 1919 2296 1960 fortune
2330 1917 2385 1959 de
2414 1918 2562 1956 45.000
2596 1915 2636 1953 fr

1631 1990 1684 2019 en
1711 1975 1985 2019 immeubles
2010 1976 2055 2015 et
2076 1974 2216 2023 titres,
2245 1970 2501 2023 épouserait
2527 1980 2651 2010 mon¬

1631 2032 1766 2079 sieur,
1799 2031 1886 2071 bon
1918 2027 2176 2079 catholique
2204 2026 2339 2078 ayant
2366 2024 2579 2066 situation
2610 2025 2654 2063 et

1638 2087 1818 2126 fortune
1874 2082 2173 2133 équivalente,
2207 2092 2260 2120 ne
2315 2077 2525 2119 voudrait
2579 2087 2660 2126 pas

1635 2139 1804 2191 quitter
1830 2137 2070 2177 Toulouse.
2097 2134 2248 2176 Ecrire
2275 2133 2301 2174 à
2324 2134 2366 2174 la
2391 2130 2580 2172 famille.

1685 2212 1803 2252 6552.
1835 2209 2023 2250 Famille
2048 2205 2265 2247 d’officier
2291 2203 2523 2246 marierait
2545 2202 2652 2252 jolie

1633 2266 1772 2316 jeune
1805 2263 1911 2311 fille,
1950 2263 2000 2303 30
2034 2271 2130 2310 ans,
2164 2259 2322 2306 brune,
2356 2258 2459 2298 bien
2490 2255 2651 2303 élevée,

1632 2318 1911 2363 charmante,
1939 2315 2027 2356 bon
2082 2313 2316 2355 caractère,
2374 2310 2651 2361 espérances,

1635 2383 1741 2414 avec
1761 2370 2006 2418 monsieur,
2027 2370 2111 2418 âge
2128 2368 2303 2415 assorti,
2331 2367 2479 2407 même
2497 2364 2656 2406 éduca¬

1635 2427 1744 2474 tion,
1770 2424 1904 2475 ayant
1924 2421 2138 2463 situation
2159 2422 2276 2462 sûre.

1730 2579 2547 2631 ENVELOPPES-ADRESSES

1681 2755 1816 2793 Nous
1849 2754 2017 2792 tenons
2050 2749 2080 2790 à
2111 2751 2157 2789 la
2189 2747 2464 2798 disposition
2490 2746 2547 2787 de
2572 2756 2659 2787 nos

1629 2812 1871 2859 Abonnés,
1910 2812 1992 2851 des
2029 2810 2327 2859 Enveloppes
2359 2818 2419 2847 au
2455 2818 2567 2847 nom
2603 2807 2659 2845 de

1629 2876 1759 2914 Jean
1783 2871 1928 2918 Bach,
1958 2882 2017 2910 au
2043 2870 2156 2919 prix
2177 2869 2234 2909 de
2254 2870 2285 2907 O
2304 2868 2364 2908 fr.
2390 2869 2451 2907 15
2479 2867 2528 2907 la
2547 2867 2659 2907 dou¬

1630 2933 1778 2974 zaine.

1685 3089 1773 3185 La
1809 3088 2141 3185 Puissance
2185 3084 2257 3181 de
2297 3084 2609 3181 l’Annonce

579 6258 699 6302 6537.
728 6256 999 6299 Sud-Ouest.
1022 6276 1079 6283 —
1120 6248 1395 6291 Institutrice
1440 6244 1555 6290 Etat,

524 6322 579 6364 26
602 6330 700 6368 ans,
726 6316 953 6370 physique
1007 6310 1231 6363 agréable,
1287 6304 1462 6347 aimant
1484 6303 1559 6344 vie

525 6378 804 6427 d’intérieur,
834 6374 1030 6428 parfaite
1072 6366 1392 6415 honorabilité,
1434 6363 1557 6415 espé¬

525 6451 684 6482 rances
705 6439 755 6478 15
778 6438 804 6478 à
821 6436 972 6475 20.000
992 6432 1063 6478 fr.,
1089 6430 1238 6473 désire
1257 6428 1451 6480 épouser
1468 6420 1556 6464 col¬

525 6499 656 6551 lègue
680 6510 736 6540 ou
782 6492 1114 6537 fonctionnaire
1155 6490 1212 6532 de
1235 6490 1289 6528 27
1312 6486 1339 6528 à
1362 6486 1415 6527 29
1455 6494 1551 6532 ans,

524 6558 662 6611 ayant
689 6554 904 6603 situation
933 6564 990 6595 en
1014 6550 1215 6604 rapport.

575 6666 694 6711 6541.
759 6664 1031 6707 Sud-Ouest.
1079 6683 1136 6692 —
1192 6656 1304 6699 Fille
1362 6654 1548 6703 unique,

519 6731 572 6777 20
599 6740 694 6779 ans,
727 6726 783 6771 de
810 6722 988 6767 famille
1016 6720 1108 6764 tirés
1131 6714 1396 6766 honorable,
1425 6710 1548 6765 jolie,

518 6786 767 6832 excellente
820 6782 963 6834 santé,
1014 6780 1108 6823 très
1128 6776 1356 6830 instruite,
1409 6771 1551 6816 musi¬

1686 3296 1823 3336 Nolre
1843 3295 1979 3335 siècle
2006 3293 2042 3332 si
2074 3291 2227 3335 fécond
2255 3302 2307 3331 en
2331 3289 2583 3342 inventions
2615 3290 2658 3327 et

1631 3350 1922 3390 découvertes
1943 3348 1996 3387 de
2040 3350 2182 3386 toutes
2226 3347 2385 3393 sortes,
2435 3355 2459 3383 a
2507 3354 2560 3382 vu
2611 3351 2656 3380 se

1631 3403 1772 3450 créer,
1811 3413 1859 3442 se
1902 3399 2168 3456 développer
2206 3403 2248 3438 et
2284 3411 2332 3439 se
2374 3396 2658 3438 transformer

1632 3468 1717 3498 une
1738 3455 1836 3496 bien
1863 3455 2059 3495 modeste
2082 3454 2327 3493 nouveauté
2362 3465 2370 3492 :
2406 3452 2414 3490 1
2434 3459 2651 3491 annonce.

1684 3511 1716 3551 Il
1752 3522 1778 3561 y
1818 3522 1842 3548 a
1878 3510 2114 3560 cinquante
2150 3518 2243 3555 ans,
2290 3506 2514 3545 l'annonce
2554 3503 2658 3543 était

1635 3574 1746 3611 rare,
1781 3562 1971 3604 discrète
2026 3560 2203 3600 limitée.
2246 3555 2536 3611 Aujourd'hui
2575 3555 2659 3597 elle

1634 3618 1826 3668 remplit,
1847 3617 1871 3655 à
1894 3615 1976 3655 elle
1998 3615 2135 3661 seule,
2158 3614 2270 3653 deux
2299 3624 2355 3652 ou
2387 3611 2494 3652 trois
2522 3619 2658 3661 pages

1633 3671 1712 3712 des
1726 3669 1892 3720 grands
1906 3668 2174 3720 quotidiens,
2192 3667 2275 3707 elle
2296 3667 2447 3717 frappe
2469 3665 2493 3705 à
2516 3667 2659 3704 toutes

1634 3724 1699 3765 les
1718 3727 1882 3775 portes,
1903 3723 1986 3763 elle
2007 3733 2055 3761 se
2074 3722 2210 3772 glisse
2228 3720 2340 3759 dans
2360 3723 2460 3759 tous
2486 3720 2548 3757 les
2578 3718 2652 3757 mi¬

1634 3779 1769 3826 lieux,
1799 3777 1884 3817 elle
1910 3776 2087 3816 devient
2116 3774 2443 3818 envahissante,
2470 3773 2659 3823 gênante

1635 3831 1816 3884 parfois;
1840 3830 1924 3871 elle
1942 3832 2083 3879 trône,
2101 3828 2184 3868 elle
2207 3826 2448 3878 triomphe;
2468 3836 2518 3865 sa
2542 3826 2659 3875 puis¬

1633 3894 1767 3927 sance
1787 3887 1856 3925 est
1873 3883 2087 3924 illimitée.

1689 3938 1909 3988 Pourquoi
1945 3938 2060 3978 donc
2091 3935 2312 3976 s’étonner
2342 3932 2472 3984 qu’on
2514 3932 2657 3972 utilise

1633 3995 1747 4035 cette
1771 3995 1916 4031 même
1937 3990 2147 4040 publicité
2169 3999 2279 4040 pour
2297 3987 2468 4028 arriver
2495 3998 2551 4026 au
2586 3987 2657 4025 ré¬

1633 4046 1770 4088 sultat
1790 4044 1938 4086 désiré
1959 4055 2038 4096 par
2056 4046 2157 4084 tous
2171 4052 2280 4083 ceux
2314 4039 2388 4092 qui
2431 4042 2584 4080 rêvent
2603 4039 2658 4079 de

1634 4100 1783 4141 fonder
1807 4110 1864 4138 un
1885 4107 2008 4150 loyer
2025 4097 2045 4137 ?

1689 4155 1873 4195 Peut-on
1904 4152 2132 4203 employer
2168 4158 2325 4200 moyen
2366 4148 2467 4200 plus
2504 4148 2582 4187 sûr
2618 4148 2660 4186 et

1635 4207 1781 4249 moins
1800 4207 2055 4257 dangereux
2074 4214 2187 4257 pour
2205 4212 2388 4255 essayer
2407 4200 2463 4240 de
2483 4211 2659 4252 rappro¬

1634 4262 1740 4303 cher
1770 4261 1884 4301 deux
1913 4259 2139 4300 destinées
2158 4258 2177 4296 ?
2203 4256 2527 4296 Certainement
2555 4264 2656 4294 non.

1634 4315 1687 4355 Et
1707 4315 1808 4355 c’est
1835 4324 1947 4364 pour
1966 4315 2079 4354 cette
2103 4310 2247 4351 raison
2267 4320 2356 4361 que
2380 4306 2586 4349 s’affirme
2605 4308 2659 4347 de

1634 4370 1731 4420 jour
1751 4379 1804 4408 en
1826 4371 1923 4419 jour
1947 4367 1984 4406 le
2003 4366 2159 4407 succès
2176 4363 2229 4404 de
2259 4363 2435 4403 l’œuvre
2471 4372 2555 4414 que
2587 4360 2658 4413 j’ai

1634 4423 1879 4473 entreprise
1901 4423 1943 4461 et
1962 4430 2047 4473 que
2067 4421 2107 4470 je
2130 4429 2183 4457 ne
2203 4417 2351 4459 crains
2378 4427 2455 4467 pas
2476 4415 2529 4455 de
2551 4425 2658 4455 con¬

1634 4475 1804 4518 sidérer
1824 4486 1998 4516 comme
2020 4471 2316 4512 humanitaire
2336 4472 2379 4510 et
2398 4468 2577 4511 sociale.

1690 4530 1824 4571 Reste
1847 4528 2120 4569 maintenant
2139 4527 2162 4566 à
2184 4524 2378 4565 détruire
2419 4524 2458 4564 le
2478 4522 2660 4575 préjugé

1635 4584 1708 4635 qui
1730 4583 1863 4624 flétrit
1884 4585 1976 4623 tout
1995 4591 2044 4623 ce
2058 4580 2134 4631 qui
2152 4579 2308 4619 touche
2326 4589 2411 4618 aux
2431 4578 2661 4629 questions

1635 4635 1998 4679 matrimoniales.
2024 4635 2122 4677 Oui.
2146 4633 2175 4673 il
2198 4636 2262 4675 est
2283 4631 2363 4673 des
2398 4642 2586 4681 agences
2619 4632 2660 4671 et

1635 4690 1715 4732 des
1735 4692 2070 4731 entremetteurs
2090 4687 2196 4728 dont
2217 4687 2244 4726 il
2276 4686 2366 4726 faut
2403 4695 2450 4726 se
2490 4685 2658 4734 méfier;

1635 4744 1750 4786 mais
1772 4755 1826 4785 un
1854 4744 2046 4785 honnête
2082 4745 2123 4783 et
2157 4739 2374 4783 inoffensif
2410 4739 2583 4791 journal
2608 4747 2660 4778 ne

1634 4798 1803 4839 saurait
1822 4797 2015 4849 inspirer
2045 4795 2100 4836 de
2135 4794 2335 4835 défiance
2376 4793 2400 4832 à
2442 4802 2660 4843 personne

1634 4853 1814 4905 lorsque
1836 4862 1887 4891 sa
1904 4850 2119 4891 direction
2143 4851 2208 4888 est
2227 4857 2446 4888 reconnue
2462 4845 2659 4887 sérieuse

1634 4910 1678 4948 et
1698 4903 2045 4959 irréprochable.

1688 4959 1823 5000 D’une
1847 4960 1974 5008 façon
1999 4956 2204 5008 générale
2225 4966 2335 4996 ceux
2355 4955 2430 5007 qui
2463 4954 2657 5006 aspirent

1633 5024 1691 5053 au
1711 5014 1911 5063 mariage
1930 5014 2163 5064 acceptent
2193 5013 2236 5052 et
2267 5008 2508 5050 sollicitent
2534 5007 2660 5047 l’avis

1634 5067 1736 5108 d'un
1775 5068 1882 5118 ami,
1923 5064 2244 5108 l’intervention
2294 5063 2353 5103 du
2394 5062 2579 5110 notaire,
2623 5062 2659 5102 le

1632 5122 1800 5163 conseil
1823 5122 1882 5161 du
1904 5123 2065 5172 prêtre,
2089 5122 2171 5160 etc.
2203 5118 2319 5159 C’est
2343 5128 2431 5168 que
2468 5116 2564 5156 rien
2585 5115 2655 5156 ici-

1632 5175 1716 5217 bas
1733 5186 1788 5215 ne
1807 5179 1912 5227 peut
1930 5185 1979 5214 se
1999 5172 2183 5214 réaliser
2220 5181 2326 5212 sans
2371 5171 2412 5211 le
2446 5181 2660 5212 concours

1633 5230 1737 5271 d’un
1755 5229 1858 5270 aide
1878 5230 2139 5280 compétent.

1687 5282 1733 5325 Si
1754 5294 1866 5324 vous
1896 5292 2003 5323 avez
2041 5280 2080 5320 le
2118 5279 2321 5320 bonheur
2353 5278 2408 5320 de
2449 5278 2662 5330 posséder

1633 5338 1749 5379 amis
1775 5340 1819 5378 et
1853 5336 2079 5386 relations,
2109 5335 2151 5375 si
2182 5336 2306 5375 votre
2334 5332 2486 5375 milieu
2520 5332 2659 5373 social

1635 5402 1747 5432 vous
1767 5392 1939 5442 permet
1958 5390 2013 5429 de
2036 5392 2213 5428 trouver
2234 5390 2393 5427 autour
2414 5386 2468 5426 de
2490 5396 2600 5427 vous
2619 5386 2658 5425 la

1634 5455 1853 5498 personne
1886 5443 1962 5496 qui
2010 5442 2103 5483 doit
2148 5444 2357 5495 partager
2403 5443 2526 5480 votre
2574 5438 2656 5491 vie,

1633 5499 1927 5550 gardez-vous
1948 5497 2152 5547 d’égarer
2174 5495 2355 5535 ailleurs
2375 5504 2455 5535 vos
2482 5494 2656 5535 recher¬

1634 5554 1752 5595 ches.

1688 5606 1801 5647 Mais
1854 5605 1892 5646 si
1931 5617 2045 5657 pour
2083 5602 2303 5644 d’infinies
2338 5601 2514 5643 raisons
2551 5611 2662 5641 vous

1634 5662 1726 5702 êtes
1759 5659 2079 5707 embarrassés,
2115 5657 2248 5698 isolés
2282 5655 2394 5696 dans
2430 5656 2471 5695 la
2508 5655 2592 5703 vie,
2622 5655 2657 5694 si

1633 5718 1756 5756 votre
1795 5716 2038 5764 entourage
2072 5722 2126 5752 ne
2158 5722 2271 5751 vous
2304 5709 2472 5761 inspire
2502 5708 2661 5759 qu’une

1636 5769 1856 5809 médiocre
1878 5768 2116 5812 confiance,
2142 5774 2322 5815 essayez
2340 5763 2392 5803 de
2416 5763 2655 5804 l’annonce.

1633 5822 1730 5864 Elle
1750 5832 1861 5863 vous
1881 5822 2054 5872 promet
2083 5818 2252 5858 entière
2279 5820 2320 5856 et
2352 5815 2539 5856 absolue
2574 5815 2662 5855 dis¬

1634 5876 1815 5925 crétion,
1852 5878 1895 5915 et
1932 5874 2016 5915 elle
2052 5882 2164 5912 vous
2202 5870 2350 5912 donne
2389 5868 2568 5919 l’espoir
2606 5869 2662 5911 de

1632 5935 1814 5971 trouver
1830 5939 1879 5968 ce
1912 5938 1997 5979 que
2038 5936 2150 5967 nous
2170 5924 2419 5965 cherchons
2450 5926 2551 5964 tous
2585 5924 2661 5966 ici-

1633 5983 1715 6024 bas
1740 5996 1747 6023 :
1777 5982 1816 6023 le
1846 5981 2047 6022 bonheur
2079 5979 2192 6019 dans
2222 5979 2385 6019 l’union
2419 5975 2591 6018 désirée
2620 5982 2662 6019 et

1634 6034 1780 6082 rêvée.
2286 6032 2400 6074 Jean
2421 6030 2586 6073 BACH.

1662 6200 1919 6254 Lettres
1958 6198 2038 6252 de
2075 6196 2624 6253 Remerciements

1687 6342 1746 6386 Le
1766 6342 1900 6386 cadre
1920 6342 1976 6385 de
1996 6342 2124 6385 notre
2142 6342 2328 6394 journal
2349 6353 2407 6384 ne
2426 6351 2541 6383 nous
2559 6351 2658 6396 per¬

1633 6403 1826 6446 mettant
1847 6414 1930 6455 pas
1978 6400 2196 6445 d’insérer
2245 6403 2312 6444 les
2361 6400 2659 6444 nombreuses

1631 6463 1784 6508 lettres
1816 6462 1872 6505 de
1904 6460 2196 6505 félicitations
2228 6461 2460 6504 adressées
2491 6471 2550 6503 au
2582 6459 2656 6504 Di¬

1630 6523 1806 6565 recteur
1830 6521 1995 6574 depuis
2019 6522 2064 6564 la
2090 6521 2288 6565 création
2315 6520 2372 6563 de
2397 6520 2511 6563 cette
2535 6531 2654 6564 com¬

1631 6581 1858 6631 binaison,
1895 6591 2011 6623 ceux
2044 6582 2100 6624 de
2134 6592 2219 6623 nos
2254 6579 2456 6623 abonnés
2491 6579 2572 6634 qui
2607 6578 2650 6621 le

1626 6640 1925 6685 désireraient
1949 6642 2171 6693 pourront
2194 6651 2252 6684 en
2303 6640 2501 6692 prendre
2550 6651 2652 6684 con¬

1626 6702 1864 6745 naissance
1895 6699 2013 6744 dans
2042 6711 2126 6744 nos
2157 6700 2379 6751 bureaux,
2413 6712 2496 6744 rue
2526 6699 2651 6743 d’As-

1624 6762 1740 6816 torg,
1765 6762 1834 6812 26,
1861 6759 2104 6804 Toulouse.

2795 714 2854 756 Le
2875 713 3110 756 Directeur
3130 711 3197 755 est
3218 711 3423 754 heureux
3444 708 3720 752 d’annoncer
3741 707 3768 748 à

2740 796 2810 827 ses
2834 783 3035 827 abonnés
3059 780 3168 834 qu’il
3185 791 3211 822 a
3226 791 3281 823 eu
3294 778 3339 821 la
3351 778 3503 821 bonne
3517 776 3699 819 fortune
3710 775 3768 819 de

2740 855 2957 895 s’assurer
2998 851 3039 895 le
3080 860 3301 892 concours
3326 848 3380 891 de
3406 846 3640 889 l’éminent
3666 855 3766 898 pro¬

2740 921 2915 963 fesseur
2958 921 3013 963 de
3062 918 3379 971 Graphologie,
3429 915 3479 958 G.
3514 915 3763 964 Lefranck,

2738 990 2818 1043 qui
2842 991 2951 1032 veut
2971 988 3045 1031 hie
3047 1000 3076 1020 n
3102 986 3264 1030 mettre
3286 998 3339 1027 sa
3359 984 3535 1027 science
3558 983 3585 1024 à
3607 983 3653 1025 la
3676 982 3764 1027 dis¬

2740 1058 2915 1111 postion
2941 1058 3019 1100 des
3043 1058 3236 1099 lecteurs
3259 1055 3322 1098 du
3346 1052 3474 1096 Trait
3497 1051 3707 1095 d’Union.

2792 1127 3019 1168 Personne
3045 1125 3247 1176 n’ignore
3270 1123 3335 1164 les
3348 1122 3542 1163 services
3556 1131 3642 1172 que
3658 1120 3764 1172 peut

2738 1195 2901 1238 rendre
2953 1207 3043 1237 une
3082 1193 3216 1235 étude
3255 1190 3616 1244 graphologique
3658 1187 3760 1230 bien

2738 1263 2860 1305 faite.
2885 1262 3118 1314 L’analyse
3137 1262 3194 1302 de
3212 1260 3438 1303 l’écriture
3458 1259 3605 1300 révèle
3624 1257 3669 1299 la
3689 1268 3763 1299 va¬

2737 1331 2835 1373 leur
2879 1331 3039 1375 intime
3066 1330 3122 1372 de
3148 1328 3407 1379 l’individu,
3437 1336 3507 1368 ses
3534 1326 3762 1379 aptitudes

2736 1398 3080 1441 intellectuelles
3104 1399 3146 1440 et
3171 1396 3379 1440 morales.

2789 1467 2887 1509 Non
2914 1467 3167 1508 seulement
3191 1466 3223 1507 il
3248 1466 3315 1507 est
3339 1463 3611 1507 intéressant
3634 1461 3688 1505 de
3715 1474 3759 1504 se

2735 1535 2838 1579 bien
2862 1535 3096 1577 connaître
3117 1534 3371 1583 soi-même;
3393 1532 3511 1575 mais
3533 1532 3564 1574 il
3587 1531 3656 1573 est
3675 1530 3759 1572 uti¬

2735 1603 2776 1648 le
2818 1604 2861 1647 et
2902 1603 3100 1657 prudent
3141 1601 3363 1645 d’étudier
3403 1611 3519 1643 ceux
3545 1609 3652 1641 avec
3678 1599 3759 1641 les¬

2734 1672 2866 1726 quels
2899 1683 2958 1714 on
2978 1670 3125 1715 désire
3145 1672 3296 1712 entrer
3316 1681 3370 1711 en
3392 1668 3582 1711 relation
3603 1666 3759 1710 d’inté¬

2735 1743 2803 1783 rêt
2820 1752 2879 1783 ou
2898 1742 2953 1784 de
2974 1738 3232 1782 sentiment.

2788 1810 2846 1852 Le
2866 1809 3126 1862 professeur
3147 1807 3371 1851 Lefranck
3392 1806 3501 1848 dont
3523 1816 3637 1848 nous
3657 1815 3758 1847 con¬

2735 1878 2943 1920 naissons
2971 1876 3012 1919 la
3042 1876 3191 1918 sûreté
3234 1876 3289 1918 de
3333 1873 3601 1927 diagnostic,
3631 1871 3755 1914 satis¬

2735 1945 2850 1988 faire.
2874 1945 3214 1994 certainement,
3242 1943 3306 1985 les
3331 1942 3436 1994 plus
3459 1940 3686 1984 difficiles.

2786 2022 3052 2065 Conditions
3110 2020 3243 2063 faites
3299 2031 3387 2062 aux
3445 2019 3638 2060 lecteurs
3694 2018 3754 2060 du

2733 2090 2860 2134 Trait
2882 2090 3079 2132 d’Union
3106 2102 3116 2131 :

2731 2177 2856 2220 Dans
2885 2178 2928 2219 le
2956 2176 3140 2227 journal
3179 2200 3587 2223 .
3651 2174 3678 2215 0
3705 2174 3758 2213 50

2734 2255 2822 2297 Par
2850 2255 2979 2297 lettre
3014 2267 3022 2295 :
3054 2254 3588 2298 Portrait.
3651 2252 3676 2292 3
3704 2251 3756 2291 00

2733 2351 2821 2393 Par
2845 2351 2977 2393 lettre
3005 2364 3016 2391 :
3042 2350 3240 2402 Analyse
3291 2347 3502 2391 détaillée
3553 2348 3598 2388 et

2786 2418 3008 2470 complète
3046 2430 3054 2459 :
3096 2444 3587 2461 .....
3650 2417 3675 2456 5
3703 2415 3755 2456 00

2787 2503 3040 2546 S’adresser
3073 2514 3132 2544 au
3166 2502 3403 2544 Directeur
3435 2511 3488 2543 en
3523 2511 3756 2552 accompa¬

2731 2573 2875 2624 gnant
2895 2583 2946 2615 sa
2966 2571 3191 2613 demande
3214 2571 3319 2614 d’rn
3343 2571 3432 2612 bon
3455 2570 3511 2612 de
3531 2570 3671 2622 poste.

3909 474 4226 571 Annonces
4277 476 4344 571 et
4390 470 4540 570 Avis
4590 470 4802 572 divers

4046 616 4091 672 3
4115 616 4268 672 francs
4295 631 4401 685 pour
4423 619 4535 672 trois
4561 619 4669 673 mois

2904 2817 3155 2867 CROQUIS
3191 2817 3320 2856 D’UN
3355 2815 3588 2856 ABONNE

2787 2914 2991 2963 Qualités
3049 2914 3346 2954 nombreuses
3405 2913 3523 2952 dans
3552 2922 3601 2952 ce
3658 2922 3756 2962 gra¬

2733 2967 2915 3020 phisme
2936 2981 2944 3008 :
2963 2966 3250 3018 intelligence
3267 2967 3419 3015 claire,
3439 2963 3646 3016 cultivée,
3667 2966 3695 3005 à
3716 2965 3757 3006 la

2735 3023 2823 3065 fois
2846 3023 3056 3064 intuitive
3071 3022 3116 3063 et
3143 3020 3338 3071 logique,
3390 3031 3480 3060 aux
3530 3019 3756 3070 aptitudes

2735 3076 2983 3126 multiples,
3019 3075 3207 3126 capable
3243 3071 3615 3126 d’organisation;
3647 3076 3758 3113 ima¬

2733 3130 2936 3182 gination
2958 3129 3204 3180 gracieuse,
3227 3130 3338 3179 goût
3356 3127 3547 3178 marqué
3564 3138 3679 3178 pour
3693 3127 3757 3167 les

2739 3186 2832 3228 arts
2859 3198 2868 3224 :
2893 3185 2990 3230 riep
3012 3195 3068 3225 en
3098 3183 3195 3223 tout
3222 3183 3312 3223 ceci
3342 3182 3576 3232 n’indique
3606 3179 3762 3221 l’hom¬

2739 3250 2813 3280 me
2833 3239 3052 3288 vulgaire.
3073 3236 3138 3277 La
3157 3235 3407 3277 sensibilité
3426 3236 3491 3276 est
3510 3234 3615 3276 bien
3634 3234 3762 3275 déve¬

2739 3292 2912 3343 loppée,
2947 3290 3156 3332 l’avarice
3183 3290 3248 3331 est
3275 3289 3508 3331 absente...

2795 3345 2851 3387 Et
2868 3346 3084 3397 pourtant
3103 3355 3152 3384 ce
3172 3344 3320 3384 même
3339 3342 3606 3394 graphisme
3649 3351 3764 3381 nous

2743 3399 2888 3442 révèle
2913 3410 3003 3450 que
3028 3399 3097 3440 cet
3122 3399 3215 3440 être
3240 3397 3431 3438 brillant
3455 3407 3539 3447 par
3569 3395 3764 3436 certains

2739 3455 2857 3495 côtés
2879 3454 2947 3495 est
2970 3464 3030 3493 un
3059 3452 3151 3494 être
3180 3451 3438 3501 incomplet.
3471 3450 3571 3491 S’en
3597 3448 3759 3491 rend-il

2739 3508 2954 3559 compte?
2977 3507 3078 3551 Oui.
3110 3505 3344 3557 peut-être,
3371 3514 3447 3545 car
3503 3503 3532 3542 il
3561 3503 3627 3543 est
3654 3503 3760 3544 d’un

2743 3560 2882 3612 esprit
2907 3558 3094 3611 inquiet.
3122 3560 3157 3599 Il
3179 3570 3234 3600 ne
3254 3569 3299 3599 se
3320 3556 3492 3599 dévoile
3511 3566 3596 3608 pas
3615 3555 3765 3596 facile¬

2743 3616 2882 3657 ment.
2910 3614 2968 3654 Sa
2990 3613 3168 3654 volonté
3190 3614 3260 3654 est
3280 3611 3524 3652 inférieure
3546 3611 3571 3651 à
3595 3621 3674 3651 son
3701 3610 3766 3649 in¬

2736 3667 2986 3718 telligence.
3057 3666 3254 3708 Absente
3295 3665 3500 3712 souvent,
3566 3663 3755 3704 souvent

2738 3722 2979 3775 emportée,
3020 3721 3103 3761 elle
3136 3720 3247 3760 n’est
3276 3730 3358 3769 pas
3404 3717 3670 3766 l’indice.de
3716 3716 3759 3757 la

2739 3776 2862 3818 vraie
2886 3776 3010 3817 force
3035 3774 3197 3816 d’âme.
3230 3774 3267 3812 Il
3295 3773 3364 3814 est
3410 3772 3490 3813 des
3514 3772 3760 3813 caractères

2742 3831 2891 3872 moins
2916 3826 3227 3879 susceptibles.

2790 3883 3048 3931 Séduisant,
3079 3882 3256 3923 surtout
3283 3890 3400 3931 pour
3421 3880 3486 3923 les
3509 3880 3755 3930 étrangers,

2743 3950 2799 3979 au
2820 3938 2947 3989 point
2966 3935 3023 3977 de
3041 3947 3128 3978 vue
3151 3934 3427 3976 intellectuel
3447 3935 3489 3974 et
3510 3932 3760 3984 artistique,

2742 3992 2782 4032 le
2805 3990 3028 4042 scripleur
3051 4002 3106 4031 ne
3128 3990 3366 4031 rencontre
3381 3999 3464 4040 pas
3483 3999 3571 4037 que
3589 3986 3668 4027 des
3688 3998 3764 4036 pa¬

2734 4045 2984 4097 négyristes
3005 4044 3122 4084 dans
3139 4053 3219 4083 son
3236 4043 3484 4092 entourage
3501 4039 3752 4081 immédiat.

3380 4118 3428 4160 G.
3454 4118 3700 4160 Lefranck.

2814 4301 3130 4381 ABONNÉS
3188 4310 3273 4377 ET
3330 4306 3677 4377 LECTEURS

3051 4428 3183 4471 Lisez
3211 4427 3322 4469 bien
3349 4425 3449 4469 ceci

2788 4538 2931 4580 Toute
2955 4547 3178 4588 personne
3200 4536 3278 4588 qui
3303 4545 3549 4589 procurera
3571 4534 3598 4574 à
3620 4532 3664 4574 la
3687 4532 3742 4572 Di

2738 4595 2905 4638 rection
2930 4596 3047 4637 deux
3072 4595 3273 4637 abonnés
3299 4604 3552 4642 nouveaux,
3578 4592 3763 4644 n’ayant

2734 4655 2901 4707 jamais
2918 4655 2988 4696 été
3007 4654 3191 4696 inscrits
3210 4655 3256 4695 ni
3277 4655 3304 4695 à
3324 4655 3369 4695 la
3391 4653 3563 4703 Rapide
3583 4654 3761 4703 Agence

2736 4714 2783 4755 ni
2809 4716 2868 4756 au
2895 4714 3023 4756 Trait
3049 4714 3264 4763 d’Union,
3294 4723 3408 4754 aura
3434 4711 3555 4755 droit
3584 4723 3594 4751 :
3621 4711 3708 4752 soit
3735 4710 3760 4752 à

2770 4783 2856 4815 une
2914 4770 3231 4824 prolongation
3292 4771 3646 4815 d’abonnement
3702 4771 3759 4812 de

2739 4832 2857 4875 deux
2884 4832 3015 4882 mois,
3043 4831 3130 4874 soit
3155 4831 3182 4873 à
3207 4843 3268 4872 un
3298 4830 3604 4881 abonnement
3627 4840 3728 4880 gra¬

2744 4892 2832 4935 tuit
2857 4892 2914 4935 de
2938 4893 3087 4936 même
3111 4891 3266 4935 durée.

2783 5001 2835 5008 —
2866 4979 2988 5022 Tous
3020 4989 3108 5023 nos
3133 4978 3344 5022 abonnés
3371 4982 3480 5021 sont
3503 4978 3633 5029 priés
3658 4978 3758 5021 d’a¬

2732 5034 2920 5075 dresser
2952 5035 3119 5076 lettres
3148 5036 3195 5076 et
3227 5031 3576 5078 observations,
3607 5041 3701 5074 non
3730 5030 3759 5073 à

2732 5088 2781 5128 la
2799 5102 2828 5125 u
2851 5087 3027 5136 Rapide
3059 5092 3236 5136 Agence
3255 5100 3303 5134 »,
3326 5087 3447 5128 niais
3468 5095 3532 5127 an
3556 5085 3758 5136 journal

2731 5142 2795 5183 du
2814 5154 2843 5179 tt
2865 5142 2998 5183 Trait
3021 5140 3220 5184 d’Uition
3242 5154 3291 5189 »,
3318 5140 3391 5188 26,
3408 5149 3496 5182 rne
3522 5139 3756 5188 d'Astorg,

2731 5196 2976 5239 Toulouse.

2912 5277 2994 5317 Les
3012 5275 3217 5317 bureaux
3238 5275 3300 5316 du
3319 5275 3503 5315 TRAIT
3524 5274 3759 5315 D’UNION

2735 5341 2790 5372 ne
2811 5333 2913 5371 sont
2934 5332 3117 5372 ouverts
3139 5339 3226 5379 que
3250 5327 3562 5379 l’après-midi,
3587 5327 3643 5369 de
3665 5328 3690 5368 2
3711 5327 3756 5367 h.

2732 5383 2761 5424 à
2778 5387 2804 5423 5
2823 5384 3001 5432 heures,
3023 5384 3088 5431 26,
3111 5391 3193 5424 rue
3214 5382 3438 5432 d’Astorg.

2919 5465 3043 5505 Tous
3072 5463 3135 5504 les
3164 5462 3552 5512 renseignements
3583 5470 3759 5501 concer¬

2734 5520 2845 5558 nant
2877 5518 2920 5556 la
2951 5515 3264 5556 combinaison
3297 5515 3514 5564 mariage,
3550 5515 3615 5554 les
3646 5514 3759 5553 loca¬

2731 5571 2867 5618 tions,
2922 5569 3080 5615 offies,
3137 5567 3387 5608 demandes
3413 5570 3456 5607 et
3482 5567 3582 5607 avis
3608 5565 3760 5609 divers

2734 5628 2836 5665 sont
2866 5621 3039 5664 donnés
3068 5622 3394 5670 gratuitement
3423 5622 3539 5663 dans
3567 5631 3652 5662 nos
3680 5620 3760 5664 bu¬

2735 5687 2890 5724 reaux,
2922 5674 3233 5724 l’après-midi,
3264 5674 3319 5714 de
3346 5675 3371 5712 2
3398 5674 3444 5713 h.
3473 5673 3501 5714 à
3527 5675 3551 5713 5
3579 5674 3756 5721 heures,

2735 5733 2799 5777 26,
2826 5739 2907 5771 rue
2932 5729 3155 5777 d’Astorg,
3182 5727 3426 5768 Toulouse.

3894 818 3935 856 2.
3965 818 4019 857 —
4062 817 4327 859 Professeur
4369 818 4507 860 dame
4551 817 4871 860 recommandé

3842 879 3959 920 pour
3981 870 4133 921 leçons
4152 871 4208 911 de
4228 868 4379 923 piano.
4405 870 4515 912 Prix
4537 872 4758 915 modérés.
4783 872 4871 914 Bu¬

3844 933 3952 964 reau
3978 922 4040 964 du
4065 923 4265 973 journal.

3894 1011 3932 1048 3.
3962 1008 4014 1049 —
4042 1008 4311 1051 Demoiselle
4337 1009 4461 1051 seule
4486 1010 4538 1049 45
4563 1019 4660 1059 ans,
4689 1009 4867 1061 adopte¬

3843 1061 3929 1100 rait
3950 1061 4087 1111 jeune
4108 1062 4200 1104 fille
4223 1062 4431 1104 fortunée
4451 1074 4508 1104 ou
4531 1062 4688 1105 enfant
4709 1064 4866 1115 orphe¬

3842 1113 3933 1154 line
3951 1125 4010 1155 ou
4030 1115 4342 1156 abandonnée.
4370 1115 4567 1158 Prendre
4588 1116 4768 1159 adresse
4789 1117 4862 1157 bu¬

3843 1177 3948 1208 reau
3974 1168 4035 1209 du
4062 1166 4189 1209 Trait
4214 1167 4423 1210 d’Union.

3893 1258 3931 1297 4.
3951 1258 4006 1296 —
4026 1257 4216 1298 Famille
4238 1258 4326 1299 très
4346 1258 4609 1307 honorable,
4633 1258 4867 1309 prendrait

3842 1310 4163 1360 pensionnaire
4194 1311 4328 1353 dame
4362 1322 4417 1351 ou
4473 1311 4705 1352 Monsieur
4755 1310 4863 1360 aisé,

3839 1363 4081 1405 s’adresser
4111 1364 4283 1404 bureau
4313 1364 4372 1403 du
4403 1364 4602 1412 journal.

3891 1452 3930 1490 5.
3956 1472 4010 1479 —
4037 1451 4103 1491 On
4131 1450 4356 1492 demande
4384 1452 4531 1491 bonne
4559 1451 4812 1493 couturière
4840 1451 4864 1492 à

3838 1503 3882 1543 la
3895 1501 4100 1552 journée.
4120 1502 4227 1544 Voir
4242 1503 4412 1546 bureau
4430 1503 4490 1547 du
4506 1504 4632 1546 Trait
4647 1503 4858 1546 d’Union.

3889 1594 3928 1635 7.
3953 1614 4008 1622 —
4031 1593 4172 1633 Dame
4194 1594 4333 1642 ayant
4354 1592 4505 1635 loisirs
4527 1591 4752 1635 demande
4775 1593 4862 1635 tra¬

3837 1663 3957 1692 vaux
3986 1651 4227 1694 d’écriture
4254 1662 4312 1693 ou
4346 1651 4507 1692 travail
4538 1653 4721 1693 manuel
4753 1653 4863 1693 chez

3836 1709 3936 1751 elle.

3888 1807 3927 1847 8.
3955 1808 4007 1845 —
4034 1805 4295 1846 Professeur
4320 1804 4375 1846 de
4400 1804 4599 1855 français
4622 1805 4862 1848 donnerait

3837 1865 3987 1915 leçons
4020 1864 4076 1906 de
4123 1865 4461 1909 conversations
4494 1867 4536 1907 et
4583 1865 4859 1916 d’orthogra¬

3837 1925 3925 1976 phe
3958 1924 3984 1965 à
4018 1935 4240 1974 personne
4273 1923 4522 1974 étrangère.
4559 1924 4673 1976 Cinq
4708 1923 4860 1966 francs

3835 1995 3917 2034 par
3941 1982 4072 2024 mois.

3891 2080 3952 2119 10.
3979 2078 4032 2119 —
4056 2078 4201 2120 Jeune
4226 2077 4324 2120 fille
4350 2080 4486 2128 ayant
4510 2079 4676 2131 emploi
4706 2079 4855 2121 Sténo-

3836 2136 4213 2189 Dactylographe,
4278 2137 4407 2178 ferait
4459 2139 4619 2181 travail
4680 2139 4859 2192 supplé¬

3835 2196 4056 2240 mentaire
4080 2207 4196 2248 pour
4223 2196 4523 2247 particuliers.

3889 2294 3951 2332 11.
3984 2315 4038 2322 —
4068 2291 4296 2333 Véritable
4341 2291 4563 2333 occasion.
4595 2292 4650 2333 —
4680 2292 4858 2333 GRAN¬

3837 2353 3910 2393 DE
3943 2350 4311 2393 CHAPELIERE
4342 2351 4459 2392 osier
4507 2351 4650 2401 verni,
4683 2352 4709 2392 à
4739 2362 4854 2392 com-

3895 2410 4118 2459 rtiments,
4160 2409 4356 2453 doublée
4381 2410 4503 2459 toile,
4547 2409 4687 2453 belles
4713 2421 4859 2452 serru¬

3835 2482 3904 2512 res
3931 2468 4099 2519 cuivre,
4127 2470 4306 2512 vendue
4333 2470 4487 2512 moitié
4514 2470 4632 2522 prix.
4663 2470 4858 2512 S’adres¬

3835 2539 3906 2571 ser
3932 2529 4105 2571 bureau
4130 2529 4259 2571 Trait
4283 2528 4495 2571 d’Union.

3892 2627 3954 2664 13.
3983 2624 4172 2665 Landes.
4197 2646 4251 2654 —
4273 2625 4416 2666 Dame
4440 2626 4576 2673 seule,
4603 2626 4740 2675 ayant
4764 2635 4860 2665 ren¬

3837 2685 3916 2734 tes,
3950 2685 4126 2727 maison
4159 2683 4203 2725 et
4256 2683 4427 2735 jardin,
4484 2683 4695 2726 habitant
4725 2683 4860 2737 petite

3839 2743 3960 2791 ville,
3998 2743 4157 2786 climat
4187 2743 4302 2791 sain,
4339 2742 4486 2785 désire
4521 2743 4716 2795 prendre
4750 2743 4858 2785 chez

3838 2802 3921 2844 elle
3949 2814 4064 2851 pour
4122 2802 4246 2844 avoir
4275 2814 4363 2844 une
4420 2800 4581 2844 société
4638 2811 4860 2854 personne

3837 2863 3974 2911 seule,
4002 2861 4106 2903 bien
4131 2862 4295 2911 élevée,
4324 2862 4461 2912 ayant
4486 2860 4644 2915 petites
4670 2863 4831 2903 rentes.

3893 2954 3956 2993 14.
3987 2952 4117 2994 Midi.
4144 2953 4200 2993 —
4252 2952 4393 2996 Dame
4449 2953 4537 2994 très
4589 2950 4860 3004 distinguée,

3838 3012 3943 3054 bien
3964 3013 4128 3062 élevée,
4153 3011 4364 3054 habitant
4382 3011 4556 3065 grande
4577 3010 4700 3061 ville,
4725 3013 4864 3063 ayant

3838 3071 4056 3114 intérieur
4083 3071 4379 3119 confortable,
4426 3070 4640 3113 voudrait
4666 3074 4863 3123 prendre

3836 3142 4014 3173 comme
4066 3130 4401 3181 pensionnaire,
4459 3131 4594 3172 dame
4648 3142 4705 3172 ou
4738 3141 4860 3172 mon¬

3837 3191 3960 3232 sieur
3986 3191 4100 3237 seul,
4129 3190 4461 3232 fonctionnaire
4487 3201 4546 3232 ou
4574 3189 4755 3230 rentier.

3896 0 3959 3320 16.
3967 3279 4451 3321 Bouches-du-Rhône.
4484 3302 4537 3309 —
4573 3277 4858 3328 Célibataire,

3838 3344 3890 3382 70
3915 3351 4013 3387 ans,
4058 3342 4203 3383 comte
4230 3339 4544 3391 authentique,
4587 3339 4865 3381 descendant

3838 3402 3972 3441 d'une
3999 3400 4219 3441 ancienne
4245 3401 4287 3441 et
4314 3398 4490 3440 illustre
4518 3395 4708 3448 famille,
4738 3397 4863 3439 habi¬

3843 3460 3941 3501 tant
3972 3458 4099 3508 villa,
4134 3456 4348 3500 voudrait
4380 3458 4568 3508 adopter
4603 3457 4763 3498 enfant
4795 3467 4852 3498 ou

3838 3521 3974 3569 jeune
3998 3519 4182 3561 homme
4203 3517 4260 3560 de
4283 3518 4459 3560 famille
4482 3516 4620 3567 riche,
4645 3527 4752 3560 avec
4774 3518 4863 3570 pri¬

3841 3589 3927 3620 me.
3945 3578 4153 3620 Céderait
4178 3576 4305 3620 titres
4334 3574 4596 3619 nobiliaires
4623 3576 4667 3618 et
4678 3575 4864 3629 parche¬

3841 3638 3975 3679 mins.
4007 3637 4136 3681 Faire
4162 3637 4312 3678 offres.

3896 3729 3958 3767 17.
3986 3728 4020 3766 A
4044 3727 4213 3768 vendre
4236 3735 4351 3774 pour
4373 3734 4508 3765 cause
4529 3726 4585 3767 do
4607 3723 4769 3775 départ
4789 3724 4864 3765 ob¬

3838 3786 3929 3836 jets
3955 3787 4141 3831 anciens
4173 3799 4184 3828 :
4212 3784 4434 3835 meubles,
4466 3784 4694 3834 tableaux,
4727 3783 4865 3827 livres

3846 3846 4114 3896 argenterie,
4142 3845 4375 3888 dentelles.

3887 3906 4140 3947 S’adresser
4169 3906 4344 3947 bureau
4368 3903 4500 3948 'frait
4518 3902 4730 3945 d’Union.

3895 4002 3957 4041 19.
3988 4002 4023 4040 A
4052 3999 4220 4040 vendre
4247 4000 4362 4041 beau
4391 3999 4596 4048 chapelet
4623 3998 4793 4048 cristal,
4821 3998 4864 4038 et

3839 4059 3954 4103 livre
3980 4059 4120 4103 ivoire
4175 4059 4350 4103 ancien.
4383 4058 4634 4103 S’adresser
4688 4059 4861 4100 bureau

3840 4120 3966 4162 Trait
3988 4118 4198 4162 d’Union.

3889 4216 3959 4256 20.
3980 4238 4030 4245 —
4048 4217 4192 4259 Dame
4222 4216 4386 4267 veuve,
4409 4215 4611 4256 habitant
4632 4217 4657 4255 à
4682 4213 4726 4255 la
4746 4223 4864 4254 cam¬

3836 4279 3982 4320 pagne
4026 4280 4134 4310 avec
4184 4279 4258 4310 ses
4305 4270 4419 4308 deux
4462 4269 4591 4317 filles,
4635 4266 4866 4319 prendrait

3835 4322 4007 4371 darnes,
4031 4322 4316 4362 demoiselles
4336 4333 4392 4362 ou
4415 4322 4656 4363 messieurs
4675 4322 4784 4371 âgés
4806 4330 4859 4359 en

3837 4376 3989 4426 viager
4009 4386 4066 4416 ou
4083 4386 4136 4416 en
4155 4377 4358 4427 pension,
4384 4376 4452 4416 vie
4467 4375 4523 4414 de
4539 4373 4720 4425 famille,
4745 4374 4860 4415 beau

3834 4441 3946 4485 pays
3965 4429 4021 4471 de
4041 4434 4292 4479 montagne,
4319 4428 4443 4469 soins
4460 4427 4674 4470 dévoués.

3890 4518 3955 4556 22.
3984 4538 4035 4544 —
4067 4516 4222 4556 Bonne
4251 4514 4503 4563 corsetière,
4534 4526 4617 4557 rue
4642 4514 4699 4557 de
4726 4514 4860 4564 Metz,

3835 4576 3901 4623 62,
3927 4573 4288 4616 recommandée.
4342 4574 4520 4616 Corsets
4543 4575 4642 4616 tout
4690 4574 4798 4617 faits
4819 4573 4864 4614 et

3835 4646 3916 4679 sur
3940 4644 4135 4677 mesure.
4165 4631 4276 4675 Prix
4299 4632 4520 4676 modérés.

3883 4723 3950 4763 24.
3972 4723 4099 4763 Tarn
4122 4722 4170 4762 —-
4185 4719 4308 4763 Veuf
4323 4719 4377 4759 55
4398 4730 4494 4768 ans,
4518 4718 4614 4760 seul
4636 4719 4866 4771 prendrait

3832 4784 4008 4816 comme
4019 4777 4324 4826 gouvernante
4335 4773 4468 4815 dame
4485 4783 4592 4814 avec
4611 4773 4721 4824 petit
4742 4774 4867 4813 avoir

3832 4827 3888 4869 de
3903 4832 3956 4870 40
3973 4833 3999 4870 à
4016 4830 4071 4868 50
4090 4826 4461 4880 ans,affectueuse
4491 4831 4535 4867 et
4559 4827 4862 4868 travailleuse.

3894 4923 3960 4964 25.
3996 4922 4140 4963 Jeune
4200 4920 4399 4968 homme,
4432 4920 4486 4960 28
4513 4928 4609 4967 ans,
4670 4918 4864 4968 sérieux,

3840 4975 3975 5027 loyal,
4033 4975 4222 5025 dévoué,
4280 4972 4544 5016 meilleures
4595 4972 4863 5022 références,

3835 5028 4176 5079 sténo-dactylo,
4204 5027 4387 5080 parlant
4439 5027 4485 5069 et
4505 5025 4709 5068 écrivant
4759 5037 4859 5067 cou¬

3838 5084 4067 5124 ramment
4088 5081 4302 5131 français,
4327 5080 4504 5131 anglais
4558 5079 4600 5121 et
4626 5079 4858 5133 espagnol,

3838 5135 4030 5179 cherche
4050 5135 4221 5188 emploi
4247 5134 4490 5187 interprète
4515 5144 4571 5176 ou
4601 5143 4860 5185 correspon¬

3838 5190 3958 5235 dant.
4016 5189 4268 5234 S’adresser
4325 5190 4498 5232 bureau
4530 5205 4548 5226 «
4582 5187 4710 5231 Trait
4759 5187 4860 5230 d’U¬

3835 5246 3944 5287 nion
3972 5262 4007 5287 ».

3887 5333 3954 5373 26.
3984 5334 4137 5373 Bonne
4163 5331 4384 5372 occasion.
4412 5354 4466 5361 —
4488 5327 4691 5372 Colonial
4714 5327 4859 5371 désire

3835 5386 4008 5428 vendre
4030 5385 4261 5428 ensemble
4281 5395 4340 5425 ou
4361 5383 4649 5436 séparément
4667 5382 4861 5433 superbe

3838 5439 3904 5481 lot
3923 5439 4105 5491 plumes
4130 5437 4388 5489 d’aigrettes
4414 5440 4434 5477 1
4438 5442 4467 5460 er
4492 5435 4640 5477 choix.
4667 5435 4864 5476 S’adres¬

3838 5505 3911 5536 ser
3931 5494 3989 5536 de
4012 5494 4037 5532 3
4063 5492 4089 5533 à
4109 5494 4135 5533 5
4155 5492 4335 5541 heures,
4359 5491 4532 5532 bureau
4558 5506 4578 5525 «
4608 5487 4735 5530 Trait
4761 5487 4863 5529 d’U¬

3838 5546 3947 5587 nion
3976 5562 4011 5588 ».

4322 5646 4382 5687 Le
4407 5644 4574 5684 Gérant
4601 5655 4611 5682 :
4635 5641 4807 5683 BACH.

3885 5726 4151 5770 Imprimerie
4178 5723 4361 5767 spéciale
4387 5723 4444 5759 du
4474 5720 4592 5759 Trait
4619 5719 4812 5756 d'Union.

2907 5928 3770 6115 M11V-UM

2878 6176 2964 6231 La
2987 6174 3131 6243 plus
3155 6172 3320 6228 belle
3346 6172 3512 6229 Salle

2875 6265 2996 6319 Les
3017 6262 3188 6330 films
3209 6263 3307 6316 les
3330 6261 3473 6331 plus
3498 6260 3862 6329 artistiques

2874 6354 2963 6408 La
2986 6351 3315 6407 meilleure
3337 6350 3583 6405 société

2876 6442 2962 6496 La
2985 6440 3130 6511 plus
3154 6442 3392 6509 grande
3415 6438 3654 6494 variété

2873 6531 3265 6586 L'orchestre
3286 6529 3349 6584 le
3374 6530 3590 6585 mieux
3610 6523 3809 6593 dirigé

3768 6606 3872 6652 Vous
3899 6612 4113 6651 trouveras
4136 6611 4230 6650 tous
4268 6616 4331 6647 ces
4363 6604 4594 6656 agréments
4636 6607 4675 6643 et

3756 6668 3851 6713 bien
3883 6669 4068 6714 d'autres
4108 6671 4136 6712 à
4169 6661 4675 6717 FApollo»Thô§tre

2857 6745 3723 6795 WMWWWWWWWWMMMWMMW
3754 6732 3825 6778 <Ut
3849 6730 4104 6778 BouUwrdt
4206 6747 4210 6756 '
4235 6746 4239 6768 >
4330 6746 4355 6754 "
4435 6742 4614 6765 -r-,
4663 6743 4670 6762 .

4379 6435 4478 6498 w
