5132 7496
3587 345 3636 379 LO

3805 301 3847 344 /

432 487 659 534 Sixième
695 487 882 532 année.
912 512 973 518 —
996 486 1061 531 N°
1086 479 1118 523 5

2026 482 2099 526 Le
2136 476 2363 524 Numéro
2400 492 2412 523 :
2460 478 2478 531 |
2502 478 2559 531 O
2594 479 2851 523 centimes

3688 456 3736 512 Du
3763 455 3808 512 27
3835 454 4022 512 Novembre
4050 466 4094 512 au
4123 455 4146 511 4
4171 456 4354 514 Décembre
4387 455 4480 513 1910

607 708 916 742 PARAISSANT

2247 645 2457 743 LE

3935 695 4246 728 PARAISSANT

516 754 676 787 Toutes
703 754 764 786 les
792 751 1010 786 Semaines

3844 740 4003 774 Toutes
4031 740 4092 774 les
4119 738 4338 772 Semaines

312 856 1816 1560 Trait
2072 856 4572 1560 dunian

1387 1603 1645 1679 DES
1737 1581 2425 1677 INTÉRÊTS
2507 1581 3485 1693 RÉCIPROQUES

595 1738 1040 1791 Combinaison
1080 1735 1351 1798 Mariage
1390 1732 1571 1783 créée
1612 1746 1688 1782 en
1727 1726 1895 1783 1905
1967 1743 2002 1778 •
2038 1742 2072 1778 •
2108 1742 2143 1778 •
2216 1730 2503 1781 Bureaux
2543 1728 2602 1778 et
2638 1726 3151 1778 Administration
3188 1743 3203 1778 :
3242 1726 3350 1787 26.
3388 1742 3500 1779 rue
3539 1727 3826 1792 d’Astorg
3860 1755 3928 1762 —
3966 1730 4286 1784 Toulouse

370 1875 432 1910 LA
460 1874 591 1908 PLUS
618 1872 868 1907 HONNETE

370 1923 431 1955 LA
462 1920 594 1955 PLUS
623 1919 882 1954 DISCRETE

371 1970 432 2002 LA
460 1967 592 2000 PLUS
622 1966 818 1999 RAPIDE

371 2015 432 2047 LA
466 2012 598 2047 PLUS
631 2011 891 2046 SERIEUSE

371 2060 432 2094 LA
459 2059 591 2092 PLUS
616 2058 752 2095 SURE

371 2107 432 2139 LA
464 2104 628 2139 MOINS
658 2102 832 2139 CHERE

372 2152 467 2186 PAS
502 2152 530 2184 D
552 2148 984 2184 INTERMEDIAIRE

372 2199 467 2232 PAS
498 2198 562 2231 DE
592 2195 923 2232 COMMISSION

1618 1875 1947 1931 ABONNEMENT
1971 1890 2023 1930 au
2044 1875 2222 1930 Journal
2244 1873 2427 1928 donnant
2448 1872 2556 1926 droit
2586 1871 2614 1926 à
2632 1886 2712 1926 une
2734 1871 2935 1926 insertion
2958 1871 3008 1924 de
3031 1871 3058 1926 6
3080 1872 3214 1938 lignes
3235 1886 3247 1926 :

1844 1968 2016 2014 Mariage
2064 1968 2152 2010 (six
2194 1967 2322 2012 lignes
2379 1968 2424 2003 et
2471 1964 2736 2002 abonnement
2784 1975 2839 2000 au
2887 1963 3071 2010 journal)

1476 1972 1686 2006 Annonces
1739 1970 1791 2004 de

1550 2018 1654 2052 Deux
1699 2016 2691 2052 mois...

1476 2071 1619 2114 Lignes
1640 2067 2692 2114 supplémentaires...

1478 2125 1716 2158 Annnonces
1737 2126 1774 2159 et
1798 2122 2003 2158 Locations
2026 2120 2140 2161 (trois
2163 2120 2691 2160 mois).

1479 2176 1575 2211 Avis
1592 2175 1740 2218 divers,
1762 2175 1788 2211 O
1796 2176 1888 2211 lires
1911 2179 1948 2211 et
1970 2175 2188 2211 Demandes
2210 2174 2416 2219 d’emplois
2436 2171 2560 2213 (deux
2582 2171 2699 2213 mois)

3128 2011 3154 2046 1
3171 2011 3195 2046 \
3226 2011 3375 2048 francs,

3176 2068 3199 2100 i
3236 2078 3246 2087 •
3268 2086 3310 2091 —

3172 2118 3206 2154 G
3268 2139 3310 2144 -

3175 2171 3208 2206 3
3271 2191 3312 2199 -

3607 1862 3658 1896 Le
3684 1874 3702 1892 «
3728 1863 3846 1898 Trait
3871 1863 4050 1899 d’Union
4076 1878 4096 1898 »
4123 1868 4184 1902 est
4232 1866 4392 1907 envoyé
4440 1871 4586 1904 contre

3556 1910 3576 1943 0
3599 1910 3651 1943 fr.
3676 1911 3719 1944 10
3742 1908 3768 1944 à
3790 1914 3903 1947 toute
3928 1920 4135 1952 personne
4156 1915 4228 1955 qui
4252 1923 4306 1951 en
4327 1918 4407 1952 fait
4430 1916 4472 1954 la
4519 1918 4586 1953 de¬

3558 1956 3723 1990 mande.

3607 2002 3668 2036 Un
3695 2007 3739 2035 n°
3762 2002 3972 2042 spécimen
3998 2007 4060 2042 est
4084 2007 4207 2043 offert
4231 2010 4583 2050 gracieusement,

3556 2046 3580 2082 à
3607 2050 3696 2083 tout
3722 2048 3911 2091 visiteur,
3936 2051 4044 2086 dans
4070 2060 4146 2088 nos
4170 2054 4375 2091 bureaux.

3606 2095 3656 2128 Le
3704 2095 3882 2130 Journal
3932 2100 3994 2132 est
4019 2099 4191 2135 adressé
4216 2100 4242 2135 à
4292 2107 4370 2135 nos
4395 2099 4583 2136 abonnés

3558 2148 3655 2175 sous
3683 2143 3910 2182 enveloppe
3935 2144 4107 2187 fermée,
4134 2154 4236 2186 sans
4262 2152 4427 2182 aucune
4478 2147 4582 2182 indi¬

3560 2194 3699 2228 cation
3732 2199 3979 2234 apparente-

320 2343 494 2384 Extrait
528 2343 590 2383 du
624 2342 771 2392 grand
804 2339 986 2392 journal
1023 2339 1067 2379 la
1106 2339 1292 2387 Rapide-

268 2407 459 2456 Agence,
491 2407 552 2446 du
582 2406 826 2446 dimanche
855 2405 906 2443 30
934 2402 1114 2442 octobre
1143 2412 1199 2440 au
1230 2400 1294 2439 di¬

268 2470 460 2509 manche
483 2471 507 2507 6
531 2467 791 2514 novembre,
819 2471 872 2504 n°
899 2467 978 2504 266
1003 2476 1011 2502 :

267 2595 315 2671 A
351 2619 477 2671 mes
515 2595 757 2671 anciens

603 2697 883 2773 Abonnés
919 2699 977 2769 et
1011 2691 1293 2767 Lecteurs

322 2887 376 2926 Le
407 2886 595 2926 nombre
652 2886 730 2926 des
784 2884 972 2924 affaires
1000 2884 1182 2924 traitées
1211 2894 1292 2932 par

267 2958 372 2987 mon
406 2950 581 2996 Agence
639 2950 936 2996 augmentant
967 2948 1142 2995 chaque
1171 2947 1290 2994 jour,

267 3019 338 3048 me
364 3019 554 3058 procure
580 3019 667 3048 une
692 3008 939 3056 surcharge
992 3008 1046 3048 de
1099 3008 1292 3055 besogne

266 3071 290 3111 à
319 3072 512 3120 laquelle
539 3072 566 3110 il
595 3080 666 3110 me
691 3071 871 3108 devient
924 3071 1187 3118 impossible
1239 3068 1292 3107 de

266 3135 430 3174 suffire
458 3144 468 3182 ;
520 3134 640 3173 aussi
698 3142 811 3181 pour
836 3142 891 3171 ne
918 3140 998 3179 pas
1023 3131 1292 3171 disséminer

267 3207 362 3235 mes
394 3198 567 3243 efforts,
602 3196 708 3243 ai-je
742 3195 835 3243 pris
870 3195 910 3234 la
943 3192 1291 3232 détermination

266 3259 319 3298 de
376 3268 446 3298 me
502 3267 738 3297 consacrer
792 3256 1148 3296 exclusivement
1203 3264 1291 3294 aux

267 3322 454 3360 affaires
484 3319 823 3360 commerciales
854 3319 928 3366 qui
962 3328 1034 3358 me
1062 3320 1163 3358 sont
1192 3327 1292 3358 con¬

266 3383 376 3422 fiées
402 3387 443 3422 et
470 3382 736 3431 auxquelles
762 3380 804 3427 je
832 3380 976 3419 désire
1004 3382 1178 3420 donner
1206 3391 1291 3419 une

267 3444 499 3483 extension
527 3446 631 3491 plus
658 3440 979 3483 considérable.

323 3507 444 3544 Dans
467 3515 514 3543 ce
539 3506 632 3552 but,
659 3506 702 3552 je
727 3506 854 3544 viens
878 3506 930 3544 de
955 3503 1083 3543 céder
1110 3504 1151 3543 la
1175 3512 1290 3543 com¬

268 3568 475 3608 binaison
515 3584 532 3603 «
572 3567 772 3616 Mariage
811 3583 828 3602 »
866 3566 1099 3615 organisée
1135 3576 1215 3615 par
1251 3566 1294 3605 la

270 3648 288 3666 -<
322 3631 690 3680 Rapide-Agence
719 3647 736 3664 «
766 3628 792 3668 à
820 3639 907 3670 une
935 3638 1156 3676 personne
1184 3628 1294 3668 dont

271 3695 311 3734 la
331 3694 544 3734 situation
570 3692 854 3742 personnelle
874 3694 915 3731 et
938 3692 979 3730 la
1000 3691 1135 3731 haute
1158 3691 1292 3730 hono¬

270 3755 447 3796 rabilité
476 3758 686 3794 assurent
712 3754 739 3792 à
771 3755 779 3791 I
803 3763 958 3792 œuvre
988 3752 1176 3792 délicate
1207 3762 1292 3799 que

267 3818 342 3864 j’ai
367 3816 544 3862 fondée,
570 3818 716 3854 toutes
742 3815 803 3854 les
826 3815 1052 3863 garanties
1076 3812 1292 3851 nécessai¬

269 3890 339 3919 res
372 3879 424 3917 de
456 3879 546 3915 tact
578 3879 619 3916 et
652 3878 704 3918 de
739 3878 928 3926 probité.
963 3878 1014 3916 Je
1048 3875 1144 3923 prie
1178 3875 1292 3914 donc

270 3951 364 3982 mes
396 3939 648 3980 nombreux
686 3940 875 3979 lecteurs
907 3942 948 3978 et
980 3936 1207 3978 abonnées
1239 3938 1292 3978 de

270 4003 446 4043 vouloir
479 4003 580 4043 bien
616 4003 816 4050 reporter
848 4010 927 4040 sur
962 4000 999 4042 le
1032 4011 1294 4042 successeur

270 4076 355 4115 que
382 4066 456 4114 j’ai
486 4066 910 4114 scrupuleusement
938 4063 1094 4108 choisi,
1126 4064 1167 4102 la
1194 4072 1294 4100 con¬

268 4130 416 4168 fiance
440 4128 550 4168 dont
575 4128 628 4167 ils
652 4126 895 4166 m’avaient
919 4123 1087 4163 honoré
1111 4122 1294 4172 jusqu’à

270 4204 315 4234 ce
340 4195 459 4242 jour,
487 4191 643 4232 assuré
670 4191 882 4230 d’avance
908 4188 1043 4238 qu’ils
1068 4190 1168 4228 n’en
1194 4199 1294 4230 sau¬

270 4256 415 4296 raient
443 4255 663 4303 éprouver
691 4260 839 4291 aucun
870 4255 1031 4300 regret.

326 4316 595 4363 Désormais,
624 4315 686 4354 les
711 4314 875 4362 lettres,
903 4315 1115 4354 mandats
1138 4318 1179 4354 et
1202 4323 1294 4352 cor¬

270 4380 602 4428 respondances
631 4376 806 4418 relatifs
834 4387 920 4416 aux
952 4376 1191 4427 mariages,
1224 4375 1295 4415 de¬

270 4446 402 4482 vront
426 4442 516 4482 être
540 4439 744 4480 adressés
768 4439 794 4479 à
821 4440 880 4478 M.
911 4439 948 4479 le
978 4440 1208 4478 Directeur
1234 4439 1294 4478 du

270 4504 459 4544 Journal
486 4520 503 4539 «
528 4504 583 4543 Le
604 4503 731 4542 Trait
752 4500 946 4541 d’Union
971 4518 988 4536 »
1012 4500 1090 4540 des
1111 4499 1295 4540 intérêts

271 4566 574 4615 réciproques,
602 4575 680 4604 rue
704 4564 924 4612 d’Astorg,
951 4566 1015 4603 26.

956 4646 1007 4683 A.
1038 4643 1240 4683 FAVAS.

269 4829 443 4931 Aux
463 4827 835 4927 Abonnés
855 4857 913 4945 §
929 4825 1297 4925 Lecteurs

523 4987 599 5030 Du
638 4983 786 5028 Trait
819 4982 1042 5027 d’Union

332 5180 390 5222 Ce
422 5180 610 5234 journal
644 5178 755 5220 n’est
816 5190 896 5230 pas
960 5187 1047 5216 une
1082 5175 1298 5217 création.

272 5253 387 5294 Sous
414 5252 451 5294 le
480 5264 591 5292 nom
618 5251 670 5291 de
696 5247 1086 5303 Rapide-Agence,
1119 5247 1150 5288 il
1174 5251 1302 5300 porte

276 5323 435 5378 depuis
464 5324 570 5376 plus
602 5323 654 5363 de
687 5323 755 5363 six
786 5334 883 5370 ans,
919 5322 1031 5362 dans
1064 5322 1208 5362 toutes
1242 5320 1303 5360 les

276 5395 459 5449 régions
484 5395 545 5435 du
570 5395 682 5434 Midi
707 5398 747 5434 et
775 5395 827 5434 de
855 5395 896 5434 la
920 5395 1088 5434 France
1115 5392 1299 5440 entière,

275 5464 526 5507 l'heureuse
562 5464 884 5506 combinaison
947 5464 1070 5504 créée
1104 5476 1187 5515 par
1220 5476 1304 5504 son

275 5538 512 5578 Directeur
544 5539 585 5578 et
615 5536 880 5588 pouj’suivie
915 5547 1020 5575 avec
1056 5547 1118 5575 un
1150 5534 1303 5575 succès

278 5610 356 5663 qui
383 5622 436 5650 ne
462 5610 564 5650 s’est
587 5608 755 5662 jamais
782 5607 999 5648 démenti.

335 5679 628 5734 Transformé
658 5682 699 5719 et
732 5679 936 5731 modifié,
971 5692 1075 5720 sous
1110 5691 1196 5719 une
1227 5678 1304 5718 Di¬

278 5751 451 5792 rection
482 5751 708 5799 nouvelle,
743 5751 780 5791 le
839 5748 962 5791 Trait
991 5748 1191 5791 d’Union
1250 5760 1307 5788 va

280 5823 528 5863 désormais
560 5823 794 5872 s’occuper
824 5820 1150 5872 spécialement
1182 5820 1304 5860 d’an¬

283 5906 451 5934 nonces
483 5894 535 5934 de
570 5892 786 5945 mariage,
819 5891 918 5944 afin
948 5892 1000 5932 de
1034 5892 1211 5932 donner
1243 5904 1306 5932 un

279 5966 446 6006 nouvel
472 5978 594 6006 essor
619 5964 644 6006 à
670 5967 782 6004 cette
808 5975 963 6003 œuvre
992 5963 1303 6011 intéressante,

280 6036 604 6086 humanitaire,
652 6034 1064 6090 philanthropique
1131 6037 1172 6075 et
1238 6047 1307 6075 so¬

278 6108 404 6148 ciale.

342 6179 399 6220 Ce
424 6179 536 6232 petit
560 6179 750 6232 journal
778 6178 851 6218 n’a
873 6190 954 6230 pas
982 6176 1023 6218 la
1044 6178 1307 6230 prétention

284 6251 420 6291 d’être
450 6250 678 6291 littéraire.
711 6251 747 6290 Il
778 6250 850 6290 n’a
878 6248 924 6288 ni
954 6248 1307 6290 collaborateurs

287 6322 334 6363 ni
362 6322 592 6375 employés
622 6321 844 6362 d'aucune
900 6322 1032 6362 sorte.
1092 6320 1170 6360 Ses
1230 6322 1308 6362 bu¬

288 6404 424 6432 reaux
462 6405 516 6434 ne
552 6395 706 6434 seront
739 6392 908 6446 jamais
944 6391 1214 6432 encombrés
1252 6392 1304 6431 de

286 6464 474 6506 curieux
507 6464 743 6506 indiscrets
778 6464 824 6505 ni
856 6464 908 6504 de
943 6476 1052 6518 gens
1084 6460 1308 6515 d’affaires

284 6536 388 6587 plus
416 6549 475 6576 ou
504 6536 654 6576 moins
680 6536 862 6576 véreux.

348 6606 442 6648 Une
478 6607 791 6660 organisation
823 6607 1015 6660 parfaite
1051 6608 1090 6648 et
1128 6618 1214 6647 une
1252 6608 1310 6646 te¬

288 6691 375 6718 nue
406 6678 740 6731 irréprochable
774 6692 783 6718 :
811 6678 932 6719 voilà
956 6691 1006 6719 sa
1031 6678 1195 6720 devise.

342 6748 558 6791 Abonnés
591 6752 631 6791 et
664 6751 855 6791 lecteurs
915 6754 1019 6791 sont
1051 6751 1226 6792 assurés
1259 6751 1311 6792 de

290 6823 471 6863 trouver
495 6832 551 6860 en
576 6822 642 6860 lui
668 6832 730 6860 un
755 6822 990 6862 auxiliaire
1015 6824 1308 6875 scrupuleux,

1372 2339 1508 2382 d’une
1547 2338 1794 2379 discrétion
1831 2338 2032 2387 absolue,
2072 2339 2114 2379 et
2151 2336 2287 2379 d’une
2327 2336 2394 2378 in¬

1372 2410 1622 2451 discutable
1654 2408 1848 2462 loyauté.

1426 2479 1519 2530 Que
1552 2491 1666 2519 ceux
1698 2479 1776 2532 qui
1839 2491 1894 2520 ne
1958 2490 2072 2519 nous
2104 2478 2395 2519 connaissent

1366 2564 1446 2604 pas
1474 2551 1695 2591 viennent
1724 2551 1748 2590 à
1779 2562 1894 2590 nous
1922 2563 2026 2591 sans
2055 2550 2242 2591 crainte.
2274 2550 2395 2590 Nous

1367 2634 1522 2662 serons
1555 2622 1758 2662 heureux
1790 2620 1842 2660 de
1904 2620 1966 2662 les
2026 2620 2150 2662 aider
2182 2620 2234 2661 de
2268 2623 2394 2660 notre

1367 2704 1590 2732 concours
1652 2691 1843 2732 indirect
1872 2703 1955 2743 par
1984 2691 2023 2731 le
2051 2691 2239 2744 journal
2271 2694 2311 2732 et
2343 2691 2395 2731 de

1368 2774 1449 2803 nos
1512 2762 1706 2804 conseils
1738 2762 2006 2815 personnels
2068 2762 2244 2815 chaque
2306 2762 2395 2814 fois

1367 2832 1500 2884 qu’ils
1534 2832 1763 2874 voudront
1831 2831 1935 2872 bien
2000 2844 2115 2874 nous
2179 2832 2392 2871 accorder

1370 2906 1467 2944 leur
1503 2905 1743 2958 confiance
1780 2908 1820 2944 et
1860 2918 1974 2944 nous
2012 2904 2263 2944 demander
2300 2916 2383 2944 nos

1366 2988 1417 3015 av
1426 2976 1475 3015 is.

1423 3047 1518 3098 Que
1582 3059 1662 3088 nos
1724 3048 1915 3088 lecteurs
1975 3047 2252 3088 deviennent
2315 3047 2390 3087 des

1366 3119 1496 3159 amis.
1530 3119 1624 3171 Que
1651 3122 1836 3171 partout
1864 3120 1906 3158 et
1934 3118 1959 3159 à
1988 3122 2104 3167 tous,
2139 3120 2191 3160 ils
2218 3119 2388 3172 fassent

1369 3192 1622 3240 connaître,
1660 3203 1764 3232 sans
1800 3190 1972 3231 crainte
2011 3194 2051 3231 et
2087 3203 2191 3231 sans
2230 3191 2384 3239 honte,

1367 3264 1403 3303 le
1432 3264 1523 3303 bon
1544 3263 1948 3315 fonctionnement
1975 3264 2027 3304 de
2055 3267 2182 3304 notre
2207 3263 2390 3316 organi¬

1367 3336 1515 3375 sation
1554 3348 1567 3381 ;
1604 3335 1738 3387 qu’ils
1776 3347 1891 3375 nous
1924 3338 2174 3388 procurent
2211 3336 2250 3376 le
2283 3336 2388 3388 plus

1366 3410 1655 3451 d’adhésions
1686 3408 1902 3462 possible,
1935 3407 2058 3448 voilà
2091 3410 2218 3446 notre
2252 3406 2384 3446 désir.

1426 3486 1455 3524 A
1495 3488 1594 3524 tous
1626 3487 1667 3524 et
1699 3483 1723 3523 à
1757 3484 1918 3530 toutes,
1955 3491 2070 3520 nous
2100 3478 2386 3527 souhaitons,

1367 3568 1423 3598 en
1450 3558 1618 3602 retour,
1650 3554 1799 3594 bonne
1855 3552 2027 3594 chance
2083 3554 2124 3592 et
2178 3552 2390 3604 prompte

1368 3626 1627 3670 réalisation
1651 3626 1704 3666 de
1730 3626 1848 3666 leurs
1871 3626 1976 3678 plus
2002 3623 2156 3664 chères
2182 3622 2390 3674 espéran-

1914 3754 1984 3794 LA
2009 3752 2331 3794 DIRECTION.

1367 3939 1469 4037 Le
1495 3935 1845 4059 Mariage
1873 3931 2249 4031 moderne

1611 4083 1687 4177 et
1711 4077 1789 4175 la
1815 4071 2393 4199 Dépopulation

1428 4319 1504 4362 S’il
1536 4324 1602 4360 est
1632 4335 1723 4363 une
1782 4323 1991 4376 question
2054 4322 2078 4362 à
2139 4320 2303 4362 l’ordre
2335 4322 2396 4362 du

1368 4392 1491 4447 jour,
1527 4391 1634 4432 c’est
1692 4394 1979 4435 assurément
2039 4391 2150 4434 celle
2210 4392 2271 4434 du
2304 4406 2399 4432 ma¬

1370 4464 1508 4518 riage.

1428 4535 1547 4576 Tous
1576 4534 1639 4576 les
1667 4534 1906 4584 écrivains,
1940 4536 2256 4586 économistes,
2291 4548 2400 4590 pen¬

1371 4619 1511 4655 seurs,
1578 4604 1826 4654 médecins,
1892 4606 2106 4647 hommes
2139 4606 2288 4655 d’état,
2355 4619 2399 4646 se

1372 4682 1475 4718 sont
1507 4676 1782 4731 préoccupés
1816 4676 1871 4718 de
1904 4676 1946 4718 la
1980 4678 2094 4718 crise
2156 4690 2244 4730 que
2278 4675 2400 4718 subit

1371 4762 1428 4789 en
1458 4760 1507 4790 ce
1535 4751 1746 4788 moment
1774 4746 2070 4788 l’institution
2099 4760 2176 4788 sur
2206 4746 2400 4802 laquelle

1372 4834 1530 4875 repose
1560 4819 1750 4862 l’avenir
1782 4819 1835 4862 de
1866 4819 1907 4862 la
1938 4819 2103 4862 société
2132 4823 2176 4862 et
2206 4819 2247 4860 la
2279 4819 2400 4860 force

1374 4892 1450 4934 des
1484 4894 1682 4934 nations.
1751 4892 1830 4934 Les
1863 4892 2090 4946 mariages
2124 4891 2402 4934 deviennent

1374 4963 1428 5004 de
1454 4963 1556 5016 plus
1583 4977 1640 5004 en
1668 4963 1770 5016 plus
1798 4963 2024 5012 difficiles,
2055 4963 2118 5004 les
2145 4963 2402 5004 naissances

1375 5034 1639 5074 diminuent
1667 5032 1720 5074 de
1748 5034 1855 5086 jour
1883 5047 1940 5074 en
1967 5034 2090 5086 jour,
2122 5032 2239 5075 voilà
2268 5032 2310 5074 le
2338 5032 2400 5072 cri

1375 5104 1592 5146 d’alarme
1620 5104 1783 5159 poussé
1812 5118 1891 5158 par
1919 5108 2020 5146 tous
2048 5118 2160 5144 ceux
2188 5104 2267 5156 qui
2297 5103 2403 5144 s’in¬

1375 5178 1592 5219 téressent
1620 5178 1644 5218 à
1675 5176 1716 5218 la
1747 5175 1958 5231 question
1988 5174 2166 5216 sociale.

1434 5248 1596 5288 Toutes
1628 5248 1691 5289 les
1724 5248 1920 5290 théories
1982 5251 2062 5288 ont
2095 5247 2162 5287 été
2194 5244 2403 5299 dévelop¬

1376 5319 1494 5374 pées,
1528 5319 1604 5360 des
1636 5319 1756 5360 idées
1786 5320 2078 5372 ingénieuses
2107 5323 2211 5360 sont
2242 5318 2403 5359 émises

1375 5391 1751 5446 journellement,
1786 5391 1848 5432 les
1878 5392 2050 5446 projets
2080 5391 2143 5432 les
2174 5390 2275 5444 plus
2304 5390 2404 5431 fan¬

1375 5464 1567 5506 taisistes
1620 5468 1722 5506 sont
1780 5463 2036 5504 élaborés...
2098 5463 2195 5514 Que
2251 5460 2404 5503 faut-il

1376 5534 1487 5575 faire
1527 5534 1544 5575 ?

1435 5612 1571 5654 Point
1595 5611 1710 5654 n’est
1734 5612 1907 5663 besoin,
1936 5612 1959 5654 à
1984 5626 2096 5654 mon
2122 5611 2231 5662 avis,
2260 5611 2315 5654 de
2339 5611 2404 5652 ré¬

1376 5683 1550 5738 pandre
1575 5683 1651 5724 des
1679 5683 1780 5724 Ilots
1807 5683 1988 5724 d’encre
2014 5696 2130 5738 pour
2156 5683 2331 5736 répéter
2356 5695 2406 5723 ce

1378 5768 1466 5810 que
1494 5759 1594 5796 tout
1620 5754 1662 5796 le
1690 5754 1860 5796 monde
1889 5755 1988 5796 sait.
2051 5755 2108 5796 Le
2166 5768 2335 5808 moyen
2366 5754 2406 5795 le

1378 5826 1479 5880 plus
1514 5826 1736 5879 pratique,
1804 5823 1911 5866 c’est
1944 5824 1998 5866 de
2031 5826 2311 5879 rapprocher
2343 5824 2406 5866 les

1378 5898 1630 5947 intéressés,
1660 5896 1715 5939 de
1740 5895 1959 5939 favoriser
1984 5895 2046 5938 les
2072 5896 2322 5947 occasions,
2352 5896 2407 5938 de

1378 5968 1536 6011 tendre
1564 5968 1607 6010 la
1635 5970 1763 6010 main
1792 5982 1879 6010 aux
1907 5967 2055 6018 isolés,
2087 5982 2175 6008 aux
2203 5968 2402 6019 timides,

1379 6054 1467 6082 aux
1498 6040 1719 6090 craintifs,
1754 6042 1778 6082 à
1810 6054 1923 6082 ceux
1954 6040 2034 6094 qui
2064 6044 2323 6094 manquent
2352 6040 2407 6082 de

1378 6112 1594 6152 relations
1620 6125 1680 6152 ou
1710 6112 1787 6164 qui
1816 6112 2056 6164 craignent
2112 6124 2202 6152 une
2231 6111 2408 6152 démar¬

1380 6182 1463 6223 che
1499 6180 1814 6222 infructueuse
1848 6195 1908 6222 ou
1974 6186 2403 6236 compromettante.

1438 6252 1506 6294 En
1531 6252 1734 6307 agissant
1758 6266 1838 6307 par
1894 6252 1935 6294 la
1988 6254 2090 6295 voie
2115 6254 2176 6295 du
2202 6254 2403 6307 journal,

1382 6339 1484 6367 sous
1516 6324 1556 6366 le
1587 6330 1775 6367 couvert
1804 6324 1859 6367 de
1891 6324 2168 6380 l’anonyme,
2204 6340 2260 6368 en
2294 6339 2408 6367 nous

1383 6400 1620 6450 acceptant
1657 6410 1839 6438 comme
1904 6396 2266 6447 Trait-d’Union,
2306 6402 2408 6438 tous

1380 6467 1443 6508 les
1471 6467 1811 6522 désagréments
1839 6468 1915 6510 des
1943 6468 2279 6523 préliminaires
2308 6474 2411 6510 sont

1382 6539 1535 6580 évités.

1440 6610 1567 6652 Voilà
1598 6612 1826 6666 pourquoi
1858 6626 1974 6654 nous
2004 6611 2300 6654 considérons
2332 6627 2411 6655 no¬

1382 6686 1448 6722 tre
1508 6683 1830 6724 combinaison
1862 6696 2044 6724 comme
2104 6698 2196 6724 une
2255 6698 2412 6726 œuvre

1384 6752 1523 6803 saine,
1558 6754 1731 6796 morale
1760 6760 1803 6796 et
1834 6754 2026 6798 d’utilité
2055 6755 2294 6811 publique.

1926 6826 1997 6867 LA
2027 6826 2350 6868 DIRECTION.

2470 2350 3006 2458 NÔTRE
3078 2350 3350 2458 ROI

3406 2355 3471 2400 r'

2526 2576 2580 2619 Le
2611 2575 2694 2619 but
2723 2576 2776 2619 de
2806 2576 2847 2619 la
2878 2578 3110 2620 Direction
3142 2579 3195 2622 de
3226 2594 3282 2622 ce*
3302 2580 3488 2635 journal

2470 2654 2534 2689 est
2570 2649 2867 2703 simplement
2903 2650 2958 2692 de
2994 2651 3227 2706 s’occuper
3263 2652 3487 2692 d’annon¬

2466 2732 2535 2759 ces
2567 2719 2620 2760 de
2651 2720 2892 2774 mariages.
2928 2720 3014 2762 Par
3046 2735 3135 2763 une
3166 2722 3488 2764 combinaison

2466 2788 2647 2831 d’offres
2680 2796 2723 2831 et
2756 2791 2811 2831 de
2844 2791 3092 2832 demandes
3126 2798 3168 2832 et
3203 2804 3282 2844 par
3317 2792 3358 2832 la
3392 2806 3488 2834 cor¬

2464 2860 2775 2915 respondance
2808 2862 2976 2903 directe
3008 2867 3136 2904 entre
3169 2863 3230 2904 les
3264 2863 3483 2914 abonnés,

2467 2931 2527 2972 les
2564 2932 2787 2986 mariages
2823 2946 2868 2972 se
2904 2932 3004 2974 font
3039 2946 3142 2974 sans
3179 2934 3489 2975 intermédiai¬

2466 3015 2548 3044 res.

2540 3074 2659 3115 Nous
2698 3087 2754 3116 ne
2789 3075 2998 3117 saurions
3034 3088 3152 3117 assez
3188 3075 3364 3130 répéter
3400 3091 3487 3130 que

2467 3159 2580 3188 nous
2605 3146 2795 3200 n’ayons
2818 3147 2916 3188 rien
2942 3147 2994 3188 de
3018 3160 3242 3190 commun
3267 3162 3373 3189 avec
3398 3162 3487 3188 une

2467 3231 2635 3270 agence
2670 3218 3027 3260 matrimoniale.
3067 3218 3167 3260 Non
3232 3219 3487 3260 seulement

2471 3302 2584 3330 nous
2617 3302 2672 3330 ne
2703 3288 2874 3328 faisons
2907 3302 2984 3342 pas
3016 3290 3070 3330 de
3100 3291 3343 3344 mariages,
3378 3292 3492 3332 mais

2470 3372 2631 3400 encore
2664 3372 2778 3400 nous
2812 3372 2868 3399 ne
2899 3359 3156 3400 réclamons
3189 3374 3368 3402 aucune
3430 3376 3494 3403 es¬

2471 3432 2576 3486 pèce
2606 3432 2659 3472 de
2687 3431 2986 3472 commission
3016 3434 3058 3471 et
3088 3435 3217 3471 notre
3246 3432 3340 3472 rôle
3370 3431 3492 3472 d’au¬

2469 3502 2643 3543 xiliaire
2672 3503 2837 3543 discret
2866 3515 2984 3543 cesse
3043 3515 3099 3542 au
3156 3506 3366 3542 moment
3395 3507 3492 3555 pré¬

2470 3572 2532 3614 cis
2566 3574 2626 3614 où
2660 3572 2723 3614 les
2759 3574 2995 3615 intéressés
3032 3572 3159 3614 n’ont
3196 3571 3298 3626 plus
3332 3572 3492 3614 besoin

2470 3643 2523 3686 de
2550 3656 2630 3684 nos
2656 3643 2862 3684 services.

2531 3715 2664 3756 Notre
2700 3715 2896 3767 système
2934 3715 3006 3758 n’a
3042 3716 3139 3761 rien
3178 3716 3232 3759 de
3268 3731 3491 3759 commun

2472 3798 2564 3825 non
2595 3783 2696 3838 plus
2727 3798 2834 3826 avec
2863 3783 2924 3824 les
2955 3796 3186 3824 annonces
3216 3783 3292 3824 des
3324 3783 3492 3837 grands

2470 3856 2703 3908 journaux
2730 3855 2966 3911 parisiens.
3000 3855 3115 3896 Leur
3142 3855 3359 3898 méthode
3387 3868 3494 3896 con¬

2471 3928 2574 3968 siste
2602 3928 2624 3967 à
2653 3928 2824 3968 insérer
2852 3927 2927 3968 des
2955 3926 3203 3968 demandes
3262 3932 3304 3970 et
3359 3927 3495 3970 offres

2471 3998 2525 4039 de
2560 3998 2803 4052 mariages,
2843 3998 3187 4052 généralement
3222 4012 3490 4054 anonymes,

2471 4075 2513 4111 et
2542 4074 2724 4124 portant
2755 4070 3040 4112 l’indication
3078 4086 3084 4113 ;
3119 4088 3139 4110 «
3170 4076 3296 4126 poste
3326 4076 3495 4112 restan¬

2471 4146 2512 4183 te
2539 4159 2578 4182 ».

2531 4212 2654 4254 Cette
2686 4212 2931 4252 discrétion
2963 4212 3051 4252 très
3083 4212 3288 4266 légitime
3319 4218 3363 4255 et
3394 4227 3496 4254 sans

2472 4284 2667 4336 dangers
2702 4288 2828 4324 entre
2863 4283 3086 4324 honnêtes
3123 4296 3250 4338 gens,
3291 4285 3498 4338 présente

2472 4354 2512 4395 lé
2540 4354 2642 4408 plus
2700 4359 2894 4395 souvent
2952 4354 3006 4395 de
3064 4368 3223 4410 graves
3283 4355 3498 4396 inconvé¬

2475 4427 2639 4467 nients.
2690 4426 2762 4467 Un
2790 4427 3150 4482 correspondant
3176 4428 3255 4482 qui
3284 4427 3499 4468 dissimu¬

2474 4498 2514 4539 le
2542 4511 2625 4539 son
2655 4498 2844 4540 identité
2874 4512 2930 4540 ne
2959 4503 3067 4552 peut
3095 4498 3224 4540 offrir
3254 4499 3308 4540 de
3338 4511 3498 4552 garan¬

2474 4570 2555 4610 ties
2582 4568 2815 4610 sérieuses.
2846 4568 2962 4610 Neuf
2988 4569 3075 4610 fois
3103 4583 3180 4610 sur
3207 4570 3298 4620 dix,
3331 4570 3394 4611 les
3420 4571 3500 4611 let¬

2474 4643 2561 4680 tres
2616 4638 2842 4680 adressées
2895 4639 2919 4679 à
2975 4651 3046 4680 ces
3099 4651 3316 4680 coureurs
3343 4640 3398 4682 de
3423 4640 3502 4682 dot

2474 4714 2643 4751 restent
2666 4723 2770 4751 sans
2794 4711 3001 4764 réponse.
3032 4710 3088 4752 Le
3114 4710 3211 4750 naïf
3234 4723 3500 4764 correspon¬

2476 4782 2584 4823 dant
2615 4779 2853 4836 s’aperçoit
2883 4782 2995 4835 qu’il
3027 4795 3050 4823 a
3082 4782 3148 4823 été
3179 4780 3500 4823 l’amusement

2476 4854 2586 4895 d’un
2612 4852 2802 4895 fumiste
2827 4867 2887 4895 ou
2915 4854 3026 4895 d’un
3052 4854 3246 4895 farceur.

2536 4924 2724 4967 Pareille
2760 4924 3079 4967 mésaventure
3114 4924 3228 4967 n’est
3263 4939 3342 4979 pas
3376 4926 3400 4966 à
3435 4939 3502 4967 re¬

2476 4996 2651 5046 douter,
2684 4996 2816 5050 grâce
2844 4996 2867 5036 à
2896 4996 3152 5038 l’heureuse
3182 4996 3502 5038 combinaison

2478 5067 2539 5110 du
2566 5067 2686 5108 Trait
2714 5068 2928 5108 d’Union.
2959 5068 3099 5110 Grâce
3124 5069 3148 5110 à
3175 5068 3256 5118 lui,
3287 5067 3435 5110 riches
3462 5072 3504 5108 et

2478 5152 2670 5195 pauvres
2728 5139 2858 5180 n’ont
2885 5139 2988 5192 plus
3018 5139 3176 5180 besoin
3206 5139 3259 5180 de
3287 5139 3502 5180 relations

2479 5210 2788 5266 personnelles
2824 5224 2940 5264 pour
2975 5210 3120 5252 s’unir
3156 5210 3427 5264 dignement
3462 5215 3504 5252 et

2479 5282 2604 5324 selon
2638 5282 2736 5323 leur
2768 5281 2902 5322 désir.
2968 5279 3350 5330 Journellement,
3388 5295 3504 5323 nous

2482 5367 2696 5395 recevons
2734 5354 2810 5395 des
2846 5352 2998 5395 lettres
3035 5354 3090 5395 de
3125 5354 3499 5396 remerciements

2479 5430 2522 5467 et
2555 5426 2608 5467 de
2644 5426 2938 5467 félicitations
2974 5439 3090 5479 pour
3124 5426 3167 5466 la
3202 5426 3406 5466 manière
3439 5424 3504 5466 sé¬

2479 5498 2624 5536 rieuse
2648 5496 2760 5536 dont
2783 5496 2918 5550 opère
2940 5496 2982 5535 la
3005 5496 3254 5536 Direction.

2536 5566 2604 5608 En
2634 5580 2682 5608 ce
2711 5567 2790 5622 qui
2820 5580 3044 5608 concerne
3074 5567 3116 5608 la
3144 5566 3504 5622 correspondan¬

2479 5652 2543 5688 ce,
2578 5654 2694 5682 nous
2724 5654 2839 5682 nous
2869 5639 3040 5680 faisons
3072 5652 3162 5680 une
3192 5639 3252 5680 loi
3283 5639 3338 5680 de
3366 5643 3504 5680 rester

2480 5714 2662 5751 neutres
2698 5715 2739 5751 et
2775 5710 3007 5764 d’ignorer
3042 5722 3091 5750 ce
3127 5707 3407 5762 qu’écrivent
3442 5708 3504 5750 les

2480 5780 2732 5823 intéressés.

2535 5851 2592 5895 Le
2616 5858 2758 5894 secret
2782 5852 2857 5892 des
2884 5852 3034 5892 lettres
3058 5856 3124 5892 est
3147 5851 3283 5894 chose
3308 5852 3457 5892 sacrée
3498 5851 3504 5892 I

3020 5944 3091 5984 LA
3120 5943 3443 5986 DIRECTION.

2538 6162 3450 6274 FONCTIONNEMENT

2538 6399 2664 6442 Voici
2691 6414 2747 6441 en
2775 6399 2882 6454 quoi
2934 6399 3184 6440 consistent
3240 6398 3510 6439 l’économie

2482 6470 2543 6512 du
2571 6472 2767 6527 système
2792 6476 2835 6512 et
2860 6471 2923 6511 les
2951 6475 3195 6524 avantages
3223 6470 3284 6511 du
3312 6470 3463 6524 projet
3502 6483 3508 6510 :

2540 6542 2639 6584 Une
2668 6555 2895 6598 personne
2954 6542 3034 6595 qui
3094 6542 3238 6583 désire
3268 6540 3511 6582 s’abonner

2483 6612 2578 6656 doit
2608 6628 2807 6668 envoyer
2867 6627 2922 6654 au
2986 6612 3236 6664 Directeur,
3272 6627 3328 6655 en
3360 6612 3512 6655 même

2482 6690 2631 6739 temps
2662 6700 2750 6740 que
2779 6699 2862 6726 son
2892 6698 3102 6727 annonce
3131 6690 3174 6727 et
3203 6699 3286 6726 son
3315 6684 3507 6732 adresse,

2482 6755 2523 6799 le
2554 6758 2658 6812 prix
2687 6758 2743 6800 de
2771 6768 2858 6800 son
2894 6755 3236 6808 abonnement,
3275 6755 3366 6799 soit
3394 6766 3510 6798 onze

2484 6827 2636 6870 francs
2664 6843 2779 6883 pour
2806 6828 2925 6868 deux
2952 6828 3086 6870 mois.

3628 2336 3664 2378 Il
3702 2342 3766 2379 est
3802 2338 3986 2382 évident
4022 2339 4163 2394 qu’on
4200 2346 4308 2396 peut
4344 2340 4588 2383 s’abonner

3567 2422 3623 2450 au
3650 2408 3838 2463 journal
3864 2423 3968 2452 sans
3995 2410 4107 2452 faire
4134 2426 4224 2454 une
4251 2426 4478 2455 annonce.

3627 2479 3683 2522 Le
3710 2480 3959 2531 Directeur,
3988 2482 4084 2523 seul
4110 2484 4282 2536 occupé
4307 2498 4363 2524 au
4388 2484 4594 2541 dépouil¬

3567 2550 3739 2592 lement
3766 2552 3827 2592 du
3854 2554 4056 2595 courrier
4082 2559 4162 2603 est,
4192 2555 4451 2608 également
4477 2555 4590 2607 seul,

3567 2626 3590 2663 à
3623 2623 3860 2666 connaître
3922 2624 4132 2667 l’adresse
4194 2627 4412 2668 véritable
4444 2627 4499 2668 de
4531 2642 4599 2670 ses

3568 2694 3786 2735 abonnés.
3826 2695 3951 2736 Celte
4015 2696 4191 2738 adresse
4224 2703 4290 2739 est
4323 2698 4594 2754 remplacée,

3567 2766 3679 2806 dans
3710 2766 3751 2806 le
3779 2766 3983 2819 journal,
4019 2780 4099 2820 par
4159 2782 4223 2808 un
4256 2768 4452 2811 numéro
4482 2770 4598 2811 d’or¬

3566 2835 3659 2886 dre,
3700 2836 4040 2891 indispensable
4105 2852 4222 2892 pour
4259 2840 4298 2879 la
4332 2854 4598 2895 correspon¬

3566 2906 3723 2947 dance.

3627 2978 3687 3019 Ce
3742 2979 3939 3022 numéro
3991 2986 4056 3021 est
4111 2983 4447 3036 communiqué
4471 2983 4494 3024 à
4520 2983 4597 3024 l’a¬

3568 3048 3723 3091 bonné
3747 3064 3802 3090 en
3827 3050 3980 3091 même
4003 3055 4153 3104 temps
4179 3052 4320 3106 qu’on
4347 3054 4410 3094 lui
4438 3067 4596 3096 accuse

3568 3120 3800 3175 réception
3826 3120 3887 3162 du
3912 3122 4118 3164 mandat.

3624 3188 3887 3244 Supposons
3946 3191 4118 3244 qu’une
4144 3192 4198 3235 de
4227 3207 4310 3235 nos
4367 3195 4595 3238 abonnées

3567 3258 3734 3299 veuille
3760 3259 3902 3299 écrire
3927 3259 3951 3299 à
3979 3259 4036 3299 M.
4070 3259 4179 3310 X...,
4212 3261 4324 3302 dont
4352 3262 4595 3304 l’annonce

3570 3334 3696 3383 porte
3724 3330 3764 3371 le
3793 3331 3844 3370 n°
3876 3330 3916 3370 6.
3950 3330 4043 3371 Elle
4072 3332 4232 3372 inscrit
4260 3332 4542 3375 lisiblement
4571 3336 4594 3376 à

3568 3399 3610 3439 la
3642 3400 3802 3452 plume
3834 3415 3892 3442 ou
3926 3415 3983 3443 au
4015 3414 4185 3456 crayon
4218 3416 4299 3443 son
4335 3416 4446 3444 nom
4479 3410 4520 3444 et
4555 3404 4594 3446 le

3568 3471 3620 3510 n°
3650 3470 3672 3510 6
3702 3471 3814 3512 dans
3842 3472 4094 3512 l’intérieur
4118 3471 4171 3512 de
4198 3472 4236 3512 la
4266 3475 4492 3528 première
4519 3490 4595 3518 en¬

3567 3539 3774 3595 veloppe,
3811 3542 3922 3583 celle
3955 3544 4032 3596 qui
4066 3547 4194 3596 porte
4226 3543 4267 3584 le
4299 3559 4411 3587 nom
4444 3552 4487 3590 et
4519 3548 4595 3590 l’a¬

3568 3610 3719 3652 dresse
3754 3612 3815 3654 du
3850 3612 4086 3655 Directeur
4120 3615 4182 3656 du
4219 3616 4339 3658 Trait
4375 3619 4591 3660 d'Union.

3570 3682 3692 3726 Dans
3719 3688 3832 3726 cette
3858 3684 4111 3742 enveloppe
4136 3686 4221 3730 elle
4246 3687 4372 3742 place
4399 3687 4441 3730 la
4466 3688 4596 3731 lettre

3570 3754 3777 3792 cachetée
3812 3756 3891 3806 qui
3928 3755 4024 3794 doit
4058 3755 4150 3795 être
4184 3759 4350 3796 remise
4386 3770 4441 3796 au
4479 3763 4531 3796 n°
4570 3762 4594 3796 6

3568 3834 3649 3875 par
3683 3820 3962 3864 l’entremise
3996 3824 4058 3866 du
4092 3823 4343 3866 Directeur.
4383 3826 4452 3868 Au
4487 3840 4594 3879 reçu

3568 3892 3623 3934 de
3659 3899 3772 3936 cette
3807 3894 3950 3943 lettre,
3988 3894 4028 3936 le
4063 3894 4300 3939 Directeur
4335 3896 4520 3942 déchire
4555 3900 4595 3940 la

3570 3966 3795 4019 première
3830 3964 4096 4020 enveloppe,
4135 3967 4160 4007 à
4195 3982 4279 4010 son
4316 3982 4443 4020 nom,
4484 3971 4596 4012 dans

3571 4035 3824 4078 l’intérieur
3851 4036 3904 4078 de
3933 4035 4127 4090 laquelle
4156 4050 4203 4078 se
4229 4043 4391 4082 trouve
4419 4040 4531 4082 écrit
4559 4042 4599 4083 le

3571 4119 3683 4148 nom
3710 4107 3763 4148 de
3788 4107 4027 4150 l’abonnée
4051 4111 4094 4148 et
4118 4107 4159 4148 le
4184 4111 4380 4151 numéro
4406 4124 4514 4152 avec
4540 4112 4598 4152 le¬

3571 4178 3676 4231 quel
3702 4179 3786 4219 elle
3812 4184 3919 4222 veut
3943 4179 4283 4232 correspondre.

3632 4248 3718 4291 Sur
3744 4251 3786 4291 la
3815 4250 3944 4294 lettre
3972 4251 4179 4292 cachetée
4208 4250 4262 4291 de
4290 4250 4598 4306 l’expéditrice

3572 4322 3600 4360 il
3628 4322 3739 4362 écrit
3763 4322 3974 4364 l’adresse
3996 4322 4215 4366 véritable
4238 4322 4300 4364 du
4326 4325 4376 4363 n°
4404 4323 4428 4364 6
4454 4329 4496 4366 et
4520 4338 4598 4364 en¬

3571 4394 3672 4434 voie
3699 4398 3812 4435 cette
3839 4394 3968 4436 lettre
3995 4408 4098 4436 sans
4127 4395 4315 4438 l’ouvrir
4340 4395 4363 4435 à
4391 4407 4472 4436 son
4502 4395 4599 4436 des¬

3575 4463 3798 4512 tinataire,
3828 4464 3886 4504 M.
3918 4464 4008 4506 X...

3628 4532 3694 4575 De
3728 4539 3842 4576 celle
3878 4535 4027 4586 façon,
4067 4535 4108 4578 le
4143 4538 4379 4579 Directeur
4414 4538 4600 4579 connaît

3571 4606 3667 4647 seul
3703 4606 3912 4647 l’adresse
3950 4606 4026 4648 des
4063 4607 4182 4648 deux
4218 4610 4599 4663 correspondants

3572 4679 3651 4732 qui
3676 4683 3875 4732 peuvent
3899 4679 4142 4720 continuer
4166 4680 4188 4720 à
4214 4678 4390 4723 s’écrire
4413 4695 4494 4736 par
4518 4695 4599 4723 son

3572 4750 3834 4791 entremise.
3904 4750 4104 4803 Lorsque
4139 4750 4203 4791 les
4240 4751 4360 4792 deux
4396 4752 4599 4794 abonnés

3571 4826 3787 4863 trouvent
3818 4822 3879 4862 les
3914 4822 4310 4875 renseignements
4344 4824 4544 4866 mutuels
4579 4826 4602 4864 à

3572 4892 3671 4934 leur
3702 4906 4008 4942 convenance,
4046 4892 4099 4934 ils
4132 4900 4332 4948 peuvent
4364 4900 4515 4936 entrer
4546 4908 4602 4936 en

3572 4966 3788 5007 relations
3847 4964 4036 5006 directes
4098 4971 4140 5007 et
4171 4967 4343 5008 arriver
4403 4981 4459 5008 au
4522 4967 4604 5007 but

3574 5038 3810 5090 poursuivi
3839 5036 3892 5076 de
3919 5035 4018 5076 leur
4044 5038 4207 5078 union.

3634 5107 3694 5158 Si,
3735 5122 3791 5147 au
3827 5107 4068 5158 contraire,
4108 5107 4171 5150 les
4208 5110 4603 5163 renseignements

3575 5179 3800 5232 échangés
3830 5192 3887 5219 ne
3915 5178 3978 5220 les
4035 5179 4248 5222 satisfont
4305 5194 4398 5235 pas,
4431 5180 4484 5222 ils
4514 5195 4606 5222 ces¬

3575 5256 3675 5292 sent
3731 5251 3786 5291 de
3816 5252 4146 5304 correspondre
4206 5258 4248 5294 et
4308 5266 4491 5294 comme
4552 5252 4606 5292 ils

3575 5324 3792 5379 ignorent
3846 5323 3943 5364 l’un
3999 5328 4042 5364 et
4096 5323 4271 5372 l’autre,
4302 5324 4400 5364 leur
4427 5336 4538 5364 nom
4564 5335 4607 5364 et

3576 5396 3767 5444 adresse,
3806 5410 3956 5436 aucun
3991 5395 4124 5436 d’eux
4158 5395 4272 5436 n’est
4303 5396 4602 5448 compromis.

3635 5467 3668 5507 Il
3695 5472 3760 5512 est
3787 5467 3892 5507 bien
3920 5467 4123 5507 entendu
4180 5480 4268 5519 que
4326 5480 4442 5508 nous
4470 5467 4606 5508 décli¬

3576 5552 3692 5580 nons
3724 5543 3850 5579 toute
3881 5538 4229 5592 responsabilité
4263 5539 4458 5592 puisque
4490 5551 4606 5579 nous

3576 5624 3691 5652 nous
3715 5610 3887 5651 faisons
3912 5624 3976 5652 un
4002 5611 4158 5652 devoir
4183 5611 4238 5651 de
4262 5615 4400 5651 rester
4424 5616 4607 5652 neutres

3575 5687 3618 5723 et
3651 5682 3884 5735 d’ignorer
3919 5695 3968 5723 ce
4003 5682 4286 5736 qu’écrivent
4320 5695 4402 5722 nos
4438 5694 4606 5722 corres¬

3576 5754 3822 5807 pondants.

3635 5826 3806 5880 Depuis
3836 5826 3903 5867 six
3934 5838 4014 5865 ans
4070 5838 4159 5878 que
4218 5838 4267 5866 ce
4324 5824 4511 5878 journal
4543 5830 4608 5866 est

3578 5899 3691 5948 créé,
3724 5898 3756 5939 il
3787 5896 3888 5939 s’est
3943 5898 4176 5939 contracté
4234 5896 4288 5938 de
4348 5896 4608 5938 nombreux

3579 5971 3803 6024 mariages
3836 5974 3879 6010 et
3911 5973 4012 6011 tout
4044 5970 4084 6011 le
4116 5968 4287 6010 monde
4320 5968 4406 6008 sait
4438 5968 4479 6008 la
4512 5982 4608 6008 ma¬

3579 6043 3702 6083 nière
3736 6042 3931 6083 sérieuse
3964 6042 4076 6083 dont
4110 6042 4244 6095 opère
4279 6040 4319 6080 la
4354 6039 4604 6080 Direction.

3631 6114 3756 6151 Nota.
3784 6135 3839 6139 —
3868 6114 3928 6152 Ne
3960 6123 4040 6160 pas
4067 6112 4243 6151 oublier
4300 6111 4363 6148 les
4416 6110 4608 6150 timbres

3578 6178 4055 6218 d’affranchissement
4088 6175 4354 6223 obligatoire
4390 6184 4504 6223 pour
4567 6175 4610 6214 la

3578 6243 3800 6290 première
3830 6246 3871 6282 et
3903 6244 3943 6282 la
3972 6240 4210 6280 deuxième
4239 6240 4528 6288 enveloppes.

3763 6455 4429 6531 CONDITIONS

3703 6587 3755 6632 11
3790 6584 3975 6631 francs
4003 6596 4138 6642 pour
4174 6584 4311 6632 deux
4347 6584 4502 6631 mois.

3589 6698 3808 6739 Donnant
3842 6696 3963 6740 droit
3994 6699 4017 6740 à
4053 6714 4143 6742 une
4175 6712 4386 6742 annonce
4419 6699 4474 6740 de
4507 6699 4530 6740 6
4564 6699 4616 6740 li¬

3648 6771 3760 6811 gnes
3819 6760 4080 6802 maximum
4111 6764 4155 6802 et
4184 6760 4531 6800 l’abonnement
4559 6772 4616 6800 au

3646 6819 3849 6874 journal.
