5184 7176
2520 316 2591 354 LE
2624 317 2804 356 TRAIT
2839 320 3083 360 D’UNION

628 403 771 442 payées
795 403 818 435 à
840 404 973 436 raison
996 404 1044 436 de
1066 406 1080 436 1
1105 407 1218 436 franc
1242 406 1279 438 la
1302 405 1407 444 ligne
1431 413 1530 443 pour
1551 407 1647 439 trois

624 452 736 483 mois.
767 451 818 482 Ce
847 451 950 483 délai
982 450 1130 490 écoulé,
1163 452 1218 483 les
1250 452 1459 484 intéressés
1490 454 1651 486 doivent

623 504 838 536 demander
868 505 903 535 le
934 504 1272 536 renouvellement
1303 512 1314 543 ;

662 562 703 592 6°
739 560 788 591 Le
823 562 1003 592 montant
1035 560 1103 592 des
1135 560 1422 591 abonnements
1455 561 1537 592 doit
1570 560 1650 592 être

620 611 780 646 adressé
798 619 849 645 au
871 612 1071 645 Directeur
1091 613 1142 645 du
1161 612 1455 648 Trait-d’Union
1474 619 1523 644 en
1544 619 1650 646 man¬

622 667 723 704 dats,
750 667 847 698 bons
872 667 920 698 de
946 667 1055 704 poste
1082 674 1131 699 ou
1158 666 1320 698 timbres
1347 674 1356 704 ;

662 732 703 762 7°
732 731 783 763 La
809 731 1006 763 Direction
1034 731 1231 768 n’accepte
1255 737 1331 768 que
1354 732 1423 763 des
1447 738 1650 763 annonces

619 784 700 817 très
719 783 930 822 sérieuses,
950 784 1069 816 celles
1090 784 1187 816 dont
1208 785 1245 815 la
1266 784 1468 815 rédaction
1492 791 1539 816 ne
1560 791 1651 816 con¬

623 838 787 870 viendra
814 844 883 876 pas
912 839 1046 869 seront
1074 836 1248 868 refusées
1278 845 1287 876 ;

660 912 702 943 9°
730 911 787 944 On
814 914 906 950 peut
928 911 1215 948 correspondre
1238 911 1262 943 à
1287 912 1324 943 la
1348 911 1424 942 fois
1448 918 1543 943 avec
1568 911 1648 948 plu¬

620 964 748 995 sieurs
777 963 956 996 abonnés
981 970 995 1003 ;

661 1038 699 1068 10
706 1040 720 1058 °
758 1039 811 1067 La
848 1038 938 1075 plus
973 1035 1227 1068 élémentaire
1266 1036 1449 1075 politesse
1484 1037 1557 1068 fait
1594 1043 1646 1067 un

619 1091 755 1123 devoir
786 1096 864 1123 aux
895 1088 1072 1122 abonnés
1103 1090 1150 1122 de
1180 1091 1375 1128 répondre
1404 1096 1482 1120 aux
1515 1091 1646 1121 lettres

620 1150 767 1182 repues.
804 1144 878 1176 Pas
911 1144 1008 1175 n’est
1039 1143 1174 1175 besoin
1207 1143 1254 1174 de
1287 1144 1451 1180 longues
1483 1143 1647 1181 phrases

620 1199 719 1229 dans
741 1198 914 1230 certains
938 1202 1016 1228 cas.
1044 1196 1150 1228 Deux
1178 1198 1276 1227 mots
1300 1195 1488 1227 suffisent
1515 1203 1523 1234 ;

659 1263 720 1292 11°
752 1263 874 1294 Toute
904 1262 1015 1294 lettre
1043 1262 1109 1300 qui
1141 1266 1241 1292 nous
1269 1263 1327 1292 est
1353 1259 1535 1292 adressée
1566 1267 1646 1298 per¬

618 1316 908 1347 sonnellement
926 1316 963 1347 et
982 1314 1048 1351 qui
1068 1314 1263 1347 demande
1283 1320 1359 1346 une
1379 1312 1546 1351 réponse
1564 1312 1647 1344 doit

618 1368 699 1400 être
720 1367 1012 1407 accompagnée
1034 1367 1126 1399 d’un
1147 1367 1290 1399 timbre
1311 1368 1359 1399 de
1380 1367 1418 1398 10
1442 1367 1644 1398 centimes.

660 1435 719 1464 12°
752 1435 802 1465 Ne
832 1440 902 1472 pas
932 1432 1084 1466 oublier
1115 1433 1170 1464 les
1199 1433 1360 1466 timbres
1390 1432 1646 1470 obligatoires

618 1495 716 1525 pour
738 1487 774 1519 la
795 1486 987 1525 première
1009 1487 1047 1518 et
1067 1487 1104 1518 la
1123 1485 1332 1518 deuxième
1352 1484 1602 1523 enveloppes.

660 1563 720 1592 14°
746 1562 794 1592 Le
816 1561 1031 1598 Directeur,
1052 1560 1240 1591 soucieux
1263 1559 1310 1591 de
1330 1564 1540 1591 conserver
1560 1558 1586 1590 à
1608 1559 1644 1588 la

619 1610 894 1642 combinaison
926 1610 976 1639 du
1008 1609 1116 1640 Trait
1146 1607 1312 1639 d’Union
1343 1614 1415 1638 son
1446 1607 1644 1638 caractère

619 1658 952 1695 d'irréprochable
975 1655 1219 1694 délicatesse,
1244 1656 1327 1692 prie
1351 1656 1405 1686 les
1428 1659 1643 1692 personnes

618 1707 683 1744 qui
724 1704 1035 1743 correspondent
1074 1706 1122 1736 de
1147 1703 1302 1735 vouloir
1326 1703 1415 1735 bien
1440 1702 1597 1739 joindre
1619 1702 1643 1732 à

619 1756 703 1786 leur
723 1753 887 1786 numéro
908 1754 1118 1792 personnel
1140 1753 1224 1783 leur
1244 1758 1335 1783 nom
1355 1759 1404 1783 ou
1424 1752 1643 1782 seulement

620 1804 724 1834 leurs
752 1802 938 1833 initiales.
966 1801 1052 1832 Ceci
1079 1802 1163 1832 afin
1190 1799 1351 1832 d’éviter
1379 1800 1415 1830 la
1442 1798 1644 1829 transmis¬

618 1851 706 1882 sion
724 1851 772 1882 de
792 1851 924 1883 lettres
943 1848 1148 1882 adressées
1167 1848 1191 1880 à
1210 1848 1247 1879 la
1267 1847 1464 1879 Direction
1487 1853 1556 1885 par
1575 1847 1643 1878 des

615 1904 715 1937 gens
744 1898 1019 1930 malhonnêtes
1046 1899 1085 1930 et
1111 1903 1190 1928 non
1217 1895 1407 1927 abonnés.

660 1966 782 1996 Toute
814 1966 923 1997 lettre
954 1971 1002 1994 ne
1031 1963 1189 2002 portant
1218 1968 1287 1999 pas
1318 1968 1394 1992 une
1424 1960 1642 1991 indication

618 2012 768 2051 précise
787 2012 835 2044 de
856 2011 1112 2051 l’expéditeur
1132 2018 1219 2043 sera
1240 2010 1420 2042 détruite.

659 2080 719 2110 15°
757 2079 879 2111 Toute
915 2078 1172 2117 suppression
1208 2076 1440 2112 d’annonce,
1476 2075 1643 2111 change¬

618 2130 725 2159 ment
766 2133 816 2158 ou
859 2126 1135 2158 modification
1178 2124 1411 2155 d’insertion
1451 2128 1500 2152 en
1526 2128 1642 2154 cours

616 2176 934 2214 d’abonnement,
967 2175 1130 2206 nuisant
1160 2172 1183 2204 à
1215 2174 1251 2203 la
1282 2174 1411 2204 bonne
1442 2171 1642 2210 organisa¬

616 2225 698 2256 tion
722 2224 768 2255 de
791 2230 854 2255 ma
875 2222 1151 2255 combinaison
1175 2220 1384 2258 mariages,
1408 2220 1464 2250 les
1486 2224 1642 2257 person¬

618 2279 685 2303 nes
726 2271 792 2308 qui
834 2278 882 2303 en
922 2271 1054 2303 feront
1079 2271 1115 2302 la
1139 2270 1334 2300 demande
1359 2273 1556 2306 expresse,
1582 2267 1643 2296 de¬

616 2322 732 2352 vront
755 2326 796 2351 se
819 2320 1045 2352 conformer
1068 2325 1119 2350 au
1144 2317 1237 2348 tarif
1262 2316 1422 2348 suivant
1448 2323 1456 2346 :

658 2386 921 2423 Suppression
958 2384 1461 2416 d’annonce.
1510 2382 1528 2411 5
1551 2382 1599 2410 fr.

658 2434 930 2471 Changement
963 2433 1459 2471 complet.
1509 2430 1527 2459 3
1551 2430 1599 2458 fr.

659 2480 918 2519 Supplément
944 2482 1062 2512 d’une
1091 2480 1460 2518 ligne.
1511 2478 1526 2507 1
1552 2478 1599 2507 fr.

656 2548 779 2579 Toute
802 2552 999 2585 personne
1020 2544 1199 2578 abonnée
1222 2550 1315 2575 sans
1336 2550 1531 2580 annonce,
1554 2548 1642 2574 con¬

614 2603 726 2628 serve
759 2602 831 2627 son
867 2595 971 2627 droit
1003 2594 1235 2626 d’insertion
1270 2592 1431 2631 gratuit,
1467 2591 1640 2629 pendant

614 2646 720 2676 toute
739 2644 776 2675 la
794 2643 915 2675 durée
932 2644 980 2674 de
998 2648 1070 2674 son
1088 2643 1367 2674 abonnement.

1232 2707 1286 2738 LE
1312 2704 1598 2736 DIRECTEUR.

609 2870 981 2978 OFFRES
1041 2871 1249 2972 AUX
1309 2869 1641 2973 DAMES

662 3062 782 3100 5985.
811 3059 1066 3109 Ingénieur.
1086 3082 1140 3087 —
1160 3058 1445 3106 Célibataire,
1467 3060 1518 3097 33
1539 3068 1634 3105 ans,

610 3118 867 3170 industriel,
891 3119 1007 3160 belle
1027 3119 1242 3160 situation
1264 3118 1480 3166 d’avenir,
1503 3119 1632 3168 épou¬

610 3179 747 3220 serait
766 3178 1029 3219 demoiselle
1049 3178 1104 3219 de
1123 3179 1175 3218 20
1194 3178 1220 3218 à
1239 3179 1290 3217 28
1311 3188 1407 3226 ans,
1430 3176 1484 3216 de
1504 3178 1636 3227 goûts

608 3238 798 3290 simples
816 3239 956 3290 ayant
974 3239 1107 3279 25000
1126 3236 1279 3278 francs
1298 3236 1355 3276 de
1374 3236 1463 3276 dot.

660 3315 779 3355 5986.
804 3315 930 3356 Gers.
951 3338 1004 3343 —
1023 3315 1167 3355 Jeune
1216 3314 1414 3361 homme,
1434 3314 1488 3352 34
1535 3324 1631 3359 ans,

607 3374 760 3423 établi,
790 3375 984 3423 sérieux,
1015 3373 1140 3416 avoir
1167 3376 1192 3413 5
1219 3373 1244 3414 à
1270 3375 1374 3413 6000
1402 3374 1456 3411 fr.
1488 3372 1634 3412 désire

607 3435 748 3474 union
771 3445 880 3475 avec
900 3432 1163 3475 demoiselle
1185 3443 1244 3472 ou
1266 3443 1423 3479 veuve,
1448 3443 1555 3472 avec
1576 3443 1632 3470 ou

606 3504 711 3534 sans
731 3493 904 3543 enfant,
928 3495 1068 3544 ayant
1086 3492 1163 3534 dot
1182 3503 1297 3543 pour
1319 3492 1431 3531 faire
1452 3492 1632 3542 prospé¬

607 3563 677 3592 rer
699 3562 967 3593 commerce.

657 3630 776 3670 5989.
807 3628 1052 3679 Amérique
1106 3628 1166 3668 du
1223 3627 1358 3667 Nord.
1383 3650 1436 3655 —
1487 3628 1631 3667 Jeune

604 3690 803 3739 homme,
828 3691 880 3729 32
903 3700 1000 3737 ans,
1027 3688 1236 3728 habitant
1259 3686 1536 3736 l’Amérique
1559 3687 1631 3726 de¬

603 3749 707 3800 puis
726 3751 750 3787 6
770 3759 866 3798 ans,
890 3750 1028 3799 ayant
1047 3747 1278 3795 situation,
1302 3747 1447 3787 désire
1467 3756 1627 3786 maria¬

602 3819 655 3860 ge
675 3818 782 3848 avec
798 3807 935 3858 jeune
955 3807 1052 3848 fille
1071 3808 1126 3848 de
1144 3808 1195 3846 24
1215 3807 1240 3846 à
1258 3809 1308 3846 30
1328 3818 1424 3854 ans,
1447 3814 1552 3846 avec
1571 3815 1628 3844 ou

603 3878 708 3907 sans
727 3867 818 3907 dot.

651 3946 771 3994 5998,
810 3944 1022 3985 Gironde.
1056 3943 1111 3984 —
1143 3943 1411 3984 Célibataire
1444 3944 1495 3983 38
1527 3952 1623 3990 ans,

599 4003 838 4055 négociant
862 4006 904 4044 et
927 4003 1240 4055 propriétaire,
1270 4003 1372 4042 bien
1398 4012 1503 4043 sous
1527 4004 1626 4042 tous

599 4064 824 4115 rapports,
852 4063 1110 4115 épouserait
1134 4060 1404 4103 Demoiselle
1429 4071 1487 4103 ou
1515 4060 1626 4100 Veu¬

596 4134 651 4163 ve
674 4134 779 4163 sans
802 4123 999 4171 enfants,
1026 4133 1133 4163 avec
1156 4122 1246 4170 dot,
1273 4123 1476 4172 pouvant
1498 4121 1540 4160 le
1562 4131 1626 4160 se¬

596 4182 763 4223 conder
791 4182 906 4224 dans
934 4192 1016 4223 son
1041 4191 1308 4223 commerce.
1340 4180 1396 4220 Se
1423 4179 1623 4232 déplace¬

596 4240 684 4282 rait
710 4252 768 4282 au
796 4241 967 4283 besoin.

650 4339 698 4376 2°
727 4338 786 4378 Le
826 4338 954 4378 Trait
993 4337 1188 4378 d’Union
1231 4338 1296 4376 est
1338 4346 1398 4376 un
1439 4335 1622 4384 journal

596 4398 791 4438 honnête
816 4401 859 4437 et
882 4399 1108 4447 m’accepte
1150 4407 1235 4447 que
1279 4397 1355 4436 des
1395 4406 1623 4435 annonces

594 4456 831 4498 sérieuses.

645 4539 765 4587 6001,
795 4537 1036 4579 Toulouse.
1064 4538 1118 4576 —
1147 4536 1415 4578 Célibataire
1443 4538 1494 4576 43
1520 4547 1618 4586 ans,

592 4596 808 4638 situation
832 4599 938 4639 sûre
960 4596 1015 4638 de
1038 4599 1160 4647 3,000
1185 4597 1259 4647 fr.,
1284 4596 1450 4648 capital
1473 4596 1622 4644 2ü,00o

599 4657 767 4706 francs,
804 4658 951 4699 désire
984 4658 1187 4708 mariage
1222 4667 1327 4696 avec
1362 4656 1622 4696 demoiselle

598 4728 656 4758 ou
680 4727 823 4759 veuve
849 4728 955 4758 sans
980 4716 1152 4766 enfant,
1180 4719 1318 4766 ayant
1342 4716 1418 4756 dot
1442 4716 1623 4767 équiva¬

597 4776 730 4816 lente.

646 4852 764 4892 6007.
795 4852 996 4894 Hérault.
1020 4875 1075 4883 —
1099 4852 1383 4902 Célibataire,
1427 4853 1478 4892 30
1518 4863 1614 4903 ans,

594 4915 612 4952 1
640 4923 701 4951 m.
730 4914 795 4960 75,
824 4912 1163 4964 sympathique,
1191 4912 1407 4955 situation
1435 4911 1488 4952 de
1518 4914 1619 4951 1000

592 4970 744 5011 francs
779 4982 864 5022 par
902 4983 975 5021 an,
1015 4971 1160 5014 désire
1184 4971 1386 5023 mariage
1408 4980 1515 5011 avec
1536 4971 1613 5010 De¬

591 5030 794 5072 moiselle
826 5043 883 5072 ou
914 5031 1067 5074 Veuve
1096 5033 1300 5083 pouvant
1330 5030 1371 5071 le
1402 5030 1610 5071 seconder

590 5090 703 5132 dans
722 5100 800 5130 son
819 5100 1087 5132 commerce.

642 5167 760 5206 6013.
787 5167 1178 5208 Haute-Garonne.
1199 5190 1254 5195 —
1274 5168 1404 5216 Veuf,
1428 5168 1541 5216 seul,
1564 5168 1615 5206 45

587 5236 683 5274 ans,
707 5226 796 5276 gai,
822 5227 911 5267 bon
934 5228 1172 5275 caractère,
1199 5226 1447 5268 excellente
1468 5226 1610 5275 santé,

588 5286 735 5326 16.000
774 5284 830 5326 fr.
871 5295 1064 5328 revenus
1087 5285 1280 5327 annuels
1304 5296 1359 5326 en
1382 5286 1532 5326 rentes
1554 5296 1608 5324 ou

587 5344 872 5394 immeubles,
900 5344 1047 5387 désire
1072 5346 1275 5395 mariage
1302 5355 1408 5384 avec
1434 5344 1608 5384 Demoi¬

584 5403 694 5444 selle
731 5414 788 5443 ou
827 5404 969 5444 Dame
1008 5415 1115 5445 sans
1152 5405 1348 5452 enfants,
1375 5404 1523 5443 bonne
1548 5403 1602 5443 fa¬

584 5463 726 5511 mille,
748 5466 886 5514 ayant
903 5464 959 5504 de
978 5467 1002 5503 5
1020 5463 1047 5504 à
1065 5466 1170 5504 6000
1190 5463 1245 5503 fr.
1269 5464 1323 5504 de
1343 5463 1492 5503 rentes
1512 5472 1604 5514 per¬

582 5520 823 5562 sonnelles.

635 5601 754 5640 6020.
788 5600 1032 5640 Marseille.
1101 5624 1119 5630 -
1148 5601 1396 5648 Monsieur,
1428 5602 1479 5640 45
1508 5610 1604 5650 ans,

581 5658 730 5700 bonne
758 5659 950 5708 famille,
982 5660 1072 5701 très
1102 5660 1219 5700 belle
1247 5660 1464 5701 situation
1494 5659 1607 5703 dans

579 5719 751 5771 grande
778 5719 900 5768 ville,
958 5720 1170 5760 voudrait
1222 5720 1412 5772 épouser
1442 5718 1603 5760 demoi¬

579 5778 687 5820 selle
722 5790 779 5819 ou
814 5776 947 5819 dame
982 5779 1246 5827 honorable,
1283 5779 1406 5830 jolie,
1444 5779 1600 5819 brune,

579 5839 716 5889 ayant
740 5838 936 5879 fortune.

624 5916 743 5955 6026.
770 5915 826 5955 —
851 5915 1120 5964 Sud-Ouest,
1149 5915 1308 5955 ancien
1335 5915 1527 5964 officier,
1558 5915 1601 5955 ti¬

571 5974 652 6024 tré,
674 5975 754 6027 âge
772 5986 892 6024 mur,
914 5974 1030 6015 mais
1050 5977 1138 6016 très
1155 5975 1292 6026 jeune
1311 5975 1516 6024 d’allure,
1539 5975 1582 6015 di

570 6034 748 6086 rigeant
772 6034 934 6075 affaire
959 6036 1227 6087 rapportant
1252 6035 1276 6075 8
1302 6035 1327 6075 à
1354 6036 1499 6075 10.000
1526 6035 1598 6074 fr..

569 6092 715 6135 désire
734 6093 938 6144 mariage
955 6104 1063 6135 avec
1082 6094 1344 6135 demoiselle
1363 6106 1421 6134 ou
1440 6104 1583 6135 veuve

567 6152 623 6194 de
643 6155 694 6193 30
714 6154 740 6194 à
759 6155 811 6193 35
832 6164 927 6202 ans,
952 6154 1255 6195 honorabilité
1277 6153 1478 6203 absolue,
1499 6155 1570 6205 gai

568 6211 656 6253 bon
680 6214 919 6262 caractère,
944 6212 1172 6254 vraiment
1195 6212 1303 6263 jolie
1326 6214 1368 6254 et
1391 6213 1444 6254 de
1466 6223 1576 6265 gran

567 6270 621 6312 de
639 6272 874 6317 tournure,
895 6282 1002 6314 avec
1019 6283 1077 6313 ou
1097 6284 1203 6312 sans
1223 6271 1418 6314 fortune.

619 6344 738 6383 6032.
782 6344 1006 6392 Aveyron.
1029 6367 1082 6373 —
1123 6344 1325 6384 Licencié
1362 6355 1416 6383 en
1457 6345 1572 6383 droit

564 6403 614 6441 29
636 6414 731 6452 ans,
756 6404 912 6451 grand,
936 6402 1064 6452 brun,
1083 6402 1302 6452 orphelin,
1331 6403 1410 6443 200
1429 6403 1507 6440 000
1522 6403 1568 6441 ir.

563 6463 748 6513 fortune,
766 6464 914 6504 désire
935 6467 1126 6515 épouser
1144 6464 1408 6505 demoiselle
1431 6470 1484 6504 Ou
1502 6467 1568 6516 jeu

562 6538 616 6567 ne
638 6536 779 6566 veuve
799 6530 933 6580 ayant
950 6527 1163 6567 situation
1188 6528 1405 6577 analogue

691 6610 897 6658 ■Envoyez
934 6607 960 6648 à
984 6610 1025 6648 la
1065 6609 1291 6649 Direction
1316 6610 1395 6650 des
1415 6619 1548 6648 annoi

560 6678 631 6709 ces
662 6667 898 6716 sérieuses,
932 6668 1094 6719 vraies,
1127 6668 1338 6718 sincères,
1372 6667 1543 6718 précise

2426 371 2497 407 R:.
2535 385 2538 394 '
2601 375 2607 413 ;

1726 422 1838 460 pour
1878 411 2017 453 éviter
2058 414 2134 455 des
2172 415 2399 464 surprises
2424 415 2683 466 imprévues
2707 420 2747 458 et

1724 470 2052 522 désagréables.

1775 560 1878 599 60j5
1918 563 1967 602 —
2002 563 2112 602 Val*.
2144 566 2194 603 —
2224 563 2524 611 Célibataire,
2561 567 2611 604 33
2650 575 2747 614 ans,

1723 620 1871 667 blond,
1902 622 2210 672 physionomie
2239 625 2460 675 agréable,
2493 627 2746 666 économies

1723 684 1844 732 0,000
1863 683 2026 736 francs,
2048 687 2256 727 situation
2274 690 2396 728 2..)00
2414 688 2559 728 francs
2575 700 2654 739 par
2671 700 2743 738 an,

1723 747 1867 787 désire
1887 747 2076 797 épouser
2095 748 2354 790 demoiselle
2376 762 2432 790 ou
2455 762 2595 791 veuve
2623 752 2676 791 de
2699 759 2746 790 ïô

1722 811 1746 848 à
1766 808 1813 848 31
1843 820 1938 858 ans,
1974 814 2134 850 même'
2151 823 2258 851 avec
2298 814 2459 863 enfant,
2501 819 2635 864 ayant
2671 814 2748 852 dot

1722 871 2012 922 équivalente,
2034 878 2228 923 pouvant
2250 886 2298 915 se
2319 875 2526 927 déplacer
2550 880 2591 915 et
2618 879 2746 927 gérer

1722 945 1970 984 commerce
1990 948 2048 975 au
2068 935 2240 976 besoin.

1771 1007 1890 1055 6048,
1927 1007 2319 1048 Haute-Garonne.
2350 1010 2404 1048 —
2462 1008 2745 1059 Célibataire,

1719 1066 1827 1110 seul,
1863 1068 1914 1108 60
1972 1079 2068 1116 ans,
2103 1079 2331 1120 voyageur
2363 1069 2418 1111 de
2477 1080 2744 1119 commerce,

1720 1124 1844 1166 avoir
1867 1127 2011 1167 10.000
2032 1127 2106 1175 fr.,
2128 1130 2276 1168 rentes
2296 1130 2374 1168 850
2394 1128 2467 1176 fr.,
2490 1129 2635 1170 désire
2656 1142 2747 1170 ma¬

1720 1184 1841 1235 riage
1868 1195 1976 1226 avec
2028 1186 2304 1235 demoiselle,
2361 1187 2494 1228 dame
2520 1199 2661 1230 veuve
2689 1200 2744 1230 ou

1719 1244 1925 1284 divorcée
1955 1245 1982 1285 à
2011 1256 2092 1286 son
2123 1247 2278 1296 profit,
2311 1248 2522 1296 honnête,
2555 1248 2610 1289 de
2640 1250 2691 1288 40
2720 1248 2747 1288 à

1719 1306 1768 1343 55
1798 1315 1892 1351 ans,
1924 1306 2062 1355 ayant
2091 1304 2305 1347 situation
2336 1308 2636 1357 personnelle.

1771 1384 1888 1433 6049,
1952 1384 2432 1426 Bouches-du-Rhône.
2463 1408 2518 1415 —
2577 1386 2747 1427 Céliba¬

1719 1443 1844 1490 taire,
1866 1446 1920 1482 70
1939 1455 2036 1492 ans,
2059 1445 2207 1485 comte
2228 1446 2540 1496 authentique,
2566 1446 2746 1487 descen¬

1718 1502 1826 1542 dant
1858 1502 1991 1543 d’une
2022 1503 2240 1544 ancienne
2272 1506 2314 1544 et
2345 1504 2520 1546 illustre
2554 1506 2742 1556 famille,

1719 1560 1924 1601 habitant
1960 1562 2083 1610 villa,
2121 1564 2332 1604 voudrait
2367 1565 2552 1615 adopter
2587 1566 2744 1607 enfant

1717 1631 1774 1659 ou
1802 1619 1938 1670 jeune
1968 1622 2151 1663 homme
2180 1623 2235 1663 de
2264 1622 2439 1664 famille
2470 1624 2606 1672 riche,
2639 1636 2744 1666 avec

1717 1679 1876 1728 prime.
1907 1679 2114 1720 Céderait
2139 1681 2266 1722 titres
2290 1683 2553 1724 nobiliaires
2578 1687 2619 1724 et
2646 1696 2743 1735 par¬

1716 1738 1935 1778 chemins.
1966 1739 2092 1779 Faire
2119 1739 2274 1780 offres.

1768 1813 1885 1853 6053.
1930 1813 2066 1854 Gard.
2091 1838 2144 1843 —
2170 1816 2511 1858 Contributions
2552 1816 2740 1859 indirec¬

1722 1875 1802 1911 tes.
1842 1872 2110 1915 Célibataire
2146 1874 2200 1915 de
2236 1876 2326 1915 très
2360 1876 2509 1918 bonne
2544 1878 2735 1927 famille,

1718 1934 1839 1971 4.000
1863 1932 1917 1972 fr.
1944 1944 2150 1982 revenus,
2178 1935 2418 1977 recherche
2442 1948 2555 1987 pour
2579 1938 2742 1978 maria¬

1718 2004 1771 2043 ge
1827 2003 2050 2042 personne
2095 1995 2282 2044 grande,
2331 1995 2524 2046 élancée,
2575 1998 2738 2046 mince,

1721 2054 1739 2090 1
1764 2063 1823 2091 m.
1847 2054 1898 2091 70
1936 2052 2199 2103 minimum,
2238 2056 2290 2095 27
2326 2055 2351 2095 à
2387 2058 2438 2096 35
2476 2067 2572 2103 ans,
2615 2056 2740 2096 intel¬

1716 2110 1895 2162 ligente,
1944 2112 2169 2162 instruite,
2218 2115 2307 2154 très
2353 2114 2500 2156 bonne
2547 2115 2736 2164 famille,

1715 2173 1851 2222 ayant
1867 2172 1991 2212 avoir
2010 2184 2067 2212 ou
2084 2173 2175 2214 dot.
2198 2174 2350 2215 Prière
2368 2174 2542 2215 donner
2560 2175 2739 2216 adresse

1715 2232 1756 2271 et
1795 2231 1932 2280 photo
1972 2232 2050 2282 qui
2091 2243 2190 2273 sera
2214 2233 2400 2274 rendue.
2428 2235 2490 2275 Ne
2515 2235 2738 2284 répondra

1715 2290 1818 2342 qu’à
1850 2290 1978 2332 lettre
2010 2291 2162 2342 signée
2196 2291 2452 2333 réunissant
2484 2294 2739 2335 conditions

1713 2349 1943 2391 énoncées.

1773 2436 1890 2475 6056.
1928 2438 2179 2478 Bordeaux.
2212 2462 2266 2466 —
2300 2439 2494 2487 Retraité
2528 2440 2654 2489 ,seul,
2688 2443 2739 2480 55

1720 2507 1815 2544 ans,
1847 2496 1947 2536 bien
1976 2499 2204 2547 conservé,
2235 2499 2322 2539 bon
2351 2500 2588 2547 caractère,
2619 2511 2738 2540 reve¬

1721 2566 1806 2595 nus
1835 2556 1958 2596 2.000
1990 2556 2063 2606 fr.,
2099 2558 2309 2599 voudrait
2339 2559 2530 2610 épouser
2562 2559 2738 2600 Demoi¬

1719 2615 1825 2655 selle
1846 2626 1902 2656 ou
1923 2615 2063 2656 Dame
2083 2627 2224 2658 veuve
2244 2618 2299 2658 de
2317 2619 2368 2658 40
2387 2619 2412 2659 à
2431 2622 2482 2659 50
2502 2631 2582 2659 ans
2603 2620 2738 2671 ayant

1719 2674 1932 2718 situation
1966 2686 2018 2716 en
2054 2678 2252 2726 rapport.

1771 2753 1888 2793 6057.
1938 2754 2327 2795 Haute-Garonne.
2356 2779 2408 2784 —
2451 2756 2733 2806 Célibataire,

1716 2814 1766 2851 46
1787 2824 1882 2860 ans,
1904 2812 1977 2854 fils
1998 2814 2182 2865 unique,
2205 2815 2448 2865 distingué,
2472 2816 2735 2866 propriétai¬

1719 2883 1778 2920 re,
1825 2883 2016 2914 revenus
2059 2875 2182 2914 2.500
2226 2874 2298 2922 fr.,
2344 2875 2488 2916 désire
2536 2887 2734 2926 mariage

1718 2943 1822 2971 avec
1844 2932 2114 2974 Demoiselle
2135 2944 2192 2973 ou
2216 2934 2366 2975 Veuve
2388 2935 2442 2975 de
2462 2938 2514 2974 35
2535 2935 2559 2974 à
2582 2937 2631 2975 45
2652 2947 2732 2975 ans

1718 2995 1852 3040 ayant
1880 2991 2095 3032 situation
2126 2993 2361 3039 analogue.

1838 3079 1898 3118 Ne
1919 3078 2126 3118 déchirez
2147 3089 2227 3128 pas
2248 3090 2294 3119 ce
2315 3082 2514 3128 journal.
2534 3082 2731 3121 Donnez-

1712 3139 1750 3178 le
1771 3136 1798 3178 à
1820 3147 1898 3177 vos
1919 3138 2050 3178 amis.

1756 3228 1874 3267 6069.
2167 3230 2221 3270 —
2238 3230 2566 3279 Sous-officier,
2582 3240 2732 3280 comp¬

1712 3287 1843 3335 table,
1887 3289 1936 3327 34
1983 3299 2078 3336 ans,
2127 3287 2244 3337 bien,
2276 3288 2391 3330 libre
2419 3290 2487 3329 s’il
2516 3290 2556 3330 le
2586 3289 2729 3331 désire

1709 3347 1823 3387 dans
1846 3350 1867 3386 7
1894 3347 2023 3396 mois,
2051 3348 2231 3388 retraite
2254 3352 2276 3388 7
2303 3350 2327 3388 à
2351 3351 2428 3388 800
2453 3348 2620 3397 francs;
2646 3361 2728 3390 em¬

1711 3406 1800 3456 ploi
1824 3406 1929 3447 civil
1954 3407 2092 3448 début
2115 3409 2251 3456 2.000,
2278 3409 2542 3459 espérances
2569 3411 2728 3456 10.000;

1708 3466 1852 3506 désire
1883 3466 2083 3516 mariage
2114 3479 2219 3508 avec
2249 3468 2510 3509 demoiselle
2539 3470 2594 3511 de
2623 3471 2675 3508 22
2703 3470 2728 3508 à

1707 3527 1756 3564 32
1780 3536 1876 3573 ans,
1903 3526 2022 3575 bien,
2048 3527 2138 3566 très
2159 3528 2370 3575 honnête,
2395 3530 2534 3578 ayant
2555 3527 2644 3568 dot.

1759 3606 1876 3646 6070.
1911 3606 2163 3647 Bordeaux.
2192 3631 2246 3635 —
2275 3608 2420 3648 Gentil
2467 3611 2631 3658 garçon
2676 3611 2727 3648 25

1706 3676 1801 3714 ans,
1823 3666 2020 3715 châtain,
2041 3666 2167 3708 taille
2186 3670 2206 3706 1
2226 3678 2286 3707 m.
2307 3668 2372 3716 70,
2395 3667 2571 3708 famille
2590 3668 2727 3708 hono¬

1707 3724 1844 3773 rable,
1895 3726 2167 3776 catholique,
2220 3727 2411 3775 sérieux,
2464 3727 2586 3775 actif,
2638 3728 2724 3767 très

1706 3784 1840 3833 doux,
1871 3786 1959 3827 très
1987 3786 2256 3835 affectueux,
2287 3787 2376 3828 état
2403 3787 2602 3836 lucratif,
2634 3788 2725 3828 éco¬

1706 3844 1892 3893 nomies,
1928 3846 2183 3896 épouserait
2212 3847 2348 3896 jeune
2380 3847 2472 3887 fille
2503 3848 2639 3898 ayant
2671 3848 2723 3887 si¬

1705 3904 1877 3944 tuation
1903 3915 1957 3945 en
1984 3907 2184 3957 rapport.
2214 3906 2427 3947 Bonheur
2452 3906 2620 3948 assuré.
2651 3907 2723 3947 Sé¬

1706 3963 1845 4003 rieux.

1752 4042 1868 4080 6072.
1894 4042 2215 4084 Deux-Sèvres.
2231 4067 2286 4071 —
2306 4043 2395 4085 Fils
2412 4046 2464 4086 de
2483 4046 2606 4087 riche
2626 4055 2722 4095 pro¬

1699 4102 1924 4152 priétaire,
1943 4104 1994 4142 24
2014 4115 2110 4151 ans,
2131 4103 2234 4144 bien
2253 4115 2359 4144 sous
2377 4107 2478 4145 tous
2495 4106 2719 4156 rapports,

1698 4160 1911 4202 situation
1953 4162 2287 4214 indépendante
2326 4163 2351 4203 à
2375 4163 2517 4212 Paris,
2543 4163 2598 4206 de
2622 4165 2722 4204 cent

1699 4219 1824 4260 mille
1867 4220 2019 4262 francs
2061 4232 2143 4272 par
2170 4234 2242 4271 an,
2272 4223 2528 4274 épouserait
2555 4223 2722 4264 demoi¬

1698 4280 1804 4320 selle
1828 4280 1882 4320 de
1909 4283 1956 4321 18
1981 4282 2007 4322 à
2028 4283 2080 4320 25
2106 4293 2201 4331 ans,
2230 4283 2365 4334 ayant
2390 4295 2447 4323 au
2474 4283 2719 4324 minimum

1695 4341 1844 4380 30.000
1870 4339 2025 4382 francs
2050 4340 2139 4382 dot.

1751 4403 1966 4442 Annonce
1991 4402 2082 4442 très
2107 4400 2302 4443 sérieuse
2330 4402 2371 4441 et
2396 4402 2587 4453 pressée.

1748 4486 1865 4527 6073.
1919 4486 2426 4530 Charente-Inférieure.
2475 4512 2521 4517 —
2521 4512 2528 4516 -
2575 4490 2718 4529 Jeune

1695 4547 1877 4587 homme
1908 4549 1960 4588 28
1993 4559 2089 4596 ans,
2125 4548 2436 4600 propriétaire,
2472 4550 2587 4588 beau
2619 4561 2718 4600 gar¬

1694 4618 1790 4658 çon,
1818 4607 2059 4659 distingué,
2087 4608 2310 4650 caractère
2335 4608 2527 4657 sérieux,
2555 4608 2718 4650 désire¬

1695 4668 1780 4707 rait
1806 4667 1995 4718 épouser
2022 4668 2283 4710 demoiselle
2311 4668 2364 4708 de
2392 4669 2540 4708 bonne
2568 4668 2715 4709 famil¬

1694 4726 1747 4776 le,
1779 4726 1992 4777 aimante,
2023 4727 2094 4768 bel
2124 4727 2263 4777 avoir,
2295 4727 2387 4768 fille
2417 4728 2471 4770 de
2498 4739 2715 4770 commer¬

1691 4788 1808 4836 çant,
1835 4787 1872 4827 si
1895 4786 2106 4836 possible.

1751 4874 1867 4915 6075.
1938 4874 2188 4914 Bordeaux.
2224 4899 2278 4903 —
2315 4874 2598 4924 Célibataire,
2663 4876 2715 4915 36

1697 4943 1791 4981 ans,
1872 4931 1974 4972 bien
2052 4931 2419 4986 physiquement,
2498 4934 2712 4976 situation

1695 4992 2023 5042 commerciale,
2055 4993 2180 5034 avoir
2207 4995 2356 5038 30.000
2402 4992 2553 5035 francs
2581 4995 2624 5036 et
2650 5005 2714 5035 es¬

1695 5054 1923 5103 pérances,
1955 5052 2211 5103 épouserait
2267 5051 2402 5103 jeune
2434 5052 2602 5094 femme
2659 5054 2714 5094 de

1692 5115 1743 5152 26
1768 5112 1794 5152 à
1819 5114 1870 5152 34
1896 5123 1992 5160 ans,
2047 5111 2247 5154 modeste
2275 5114 2316 5153 et
2343 5111 2396 5154 de
2423 5114 2555 5164 goûts
2607 5112 2712 5155 sim¬

1695 5172 1804 5223 ples,
1887 5173 2023 5224 ayant
2100 5171 2314 5212 situation
2395 5172 2709 5214 commerciale

1693 5230 1975 5280 quelconque
1999 5242 2057 5271 ou
2082 5229 2171 5271 dot.

1743 5307 1860 5348 6077.
1926 5307 2095 5348 Guinée
2160 5308 2411 5358 Française.
2443 5333 2498 5338 —
2532 5310 2710 5350 Institu¬

1690 5371 1787 5408 teur
1814 5367 2020 5416 colonial,
2048 5370 2100 5408 24
2124 5379 2220 5417 ans,
2247 5368 2407 5420 grand,
2437 5368 2570 5418 brun,
2598 5370 2710 5421 phy¬

1689 5428 1817 5481 sique
1849 5427 2058 5479 agréable
2117 5428 2332 5469 situation
2367 5428 2556 5470 actuelle
2588 5430 2710 5470 5.000

1690 5488 1854 5536 francs,
1915 5488 2063 5528 rentes
2092 5490 2170 5528 500
2216 5488 2382 5538 francs,
2443 5484 2707 5539 espérances

1687 5551 1834 5588 50.000
1864 5547 2030 5596 francs,
2080 5547 2335 5599 épouserait
2391 5548 2592 5599 collègue
2648 5559 2706 5590 ou

1686 5609 1820 5659 jeune
1852 5607 1948 5648 fille
1979 5608 2155 5648 aimant
2208 5618 2416 5658 voyager.
2480 5608 2703 5650 Situation

1686 5678 1739 5708 en
1771 5668 1970 5718 rapport.

1736 5747 1854 5786 6079.
1918 5746 2170 5787 Bordeaux.
2200 5746 2254 5786 —
2311 5746 2592 5796 Célibataire,
2652 5748 2703 5786 40

1684 5816 1779 5855 ans,
1814 5805 1946 5855 brun,
1980 5805 2188 5857 employé
2234 5806 2347 5847 dans
2376 5806 2548 5857 grande
2579 5806 2699 5855 ville,

1683 5865 1792 5916 petit
1825 5865 1964 5914 avoir,
1999 5866 2263 5915 espérances
2323 5866 2448 5907 sûres
2482 5866 2535 5906 de
2596 5868 2644 5906 16
2677 5866 2703 5904 à

1683 5927 1827 5965 18.000
1858 5924 2024 5972 francs,
2056 5924 2312 5975 épouserait
2356 5936 2579 5978 personne
2625 5927 2699 5966 ho¬

1683 5983 1882 6033 norable,
1947 5983 2152 6026 tailleuse
2188 5984 2243 6026 de
2278 5985 2552 6036 préférence,
2618 5986 2698 6036 âge

1679 6047 1720 6085 et
1747 6043 1961 6085 situation
1990 6055 2044 6083 en
2075 6047 2274 6095 rapport.

1806 6154 1866 6194 Ne
1892 6152 2100 6200 craignez
2126 6162 2205 6201 pas
2246 6152 2299 6193 de
2342 6163 2452 6194 vous
2492 6163 2694 6203 compro¬

1674 6216 1832 6252 mettre
1864 6223 1918 6252 en
1952 6212 2102 6252 disant
2135 6220 2219 6262 que
2252 6223 2363 6252 vous
2395 6213 2484 6254 êtes
2516 6214 2692 6254 abonne

1672 6282 1728 6312 au
1754 6271 1879 6311 Trait
1903 6272 2112 6314 d’Union.

1742 6351 1862 6392 6081.
1917 6352 2186 6392 Sud-Ouest.
2238 6351 2291 6390 —
2344 6351 2689 6392 Fonctionnaire

1672 6414 1784 6460 Etat,
1822 6411 1932 6461 seul,
1970 6414 2020 6452 44
2056 6423 2151 6461 ans,
2190 6411 2308 6462 bien,
2345 6411 2534 6454 environ
2569 6413 2691 6454 6.000

1670 6472 1820 6513 francs
1864 6482 2057 6512 revenus
2103 6470 2378 6520 (traitement
2422 6472 2464 6512 et
2507 6470 2686 6520 rentes),

1667 6531 1923 6585 épouserait
1954 6530 2223 6572 Demoiselle
2253 6531 2374 6584 bien,
2407 6531 2543 6572 d’une
2572 6532 2689 6573 tren¬

1667 6591 1787 6634 taine
1814 6591 2039 6640 d’années,
2071 6593 2207 6642 ayant
2234 6592 2323 6634 dot.
2355 6591 2466 6632 Très
2492 6591 2683 6633 sérieux.

1718 6671 1835 6711 6082.
1872 6668 2382 6721 Pyrénées-Orientales.
2415 6667 2468 6708 —
2515 6667 2686 6711 Céliba¬

2824 424 2951 472 taire,
2974 425 3023 463 37
3044 436 3140 472 ans,
3164 426 3266 465 bien
3290 439 3394 468 sous
3415 427 3514 469 tous
3536 427 3759 480 rapports,
3784 440 3844 468 re¬

2824 494 2967 523 venus
3010 484 3063 525 de
3103 487 3127 524 3
3154 486 3179 524 à
3204 487 3326 527 4.000
3351 487 3516 533 francs,
3547 489 3633 528 bon
3662 499 3843 540 garçon,

2824 542 2970 583 désire
3004 546 3205 596 mariage
3240 556 3346 587 avec
3379 548 3514 598 jeune
3547 550 3655 598 fille,
3692 550 3772 600 âge
3806 550 3847 590 et

2823 602 2899 643 dot
2927 615 2981 643 en
3012 606 3211 656 rapport.

2875 691 2994 730 6085.
3026 691 3080 728 —
3112 691 3447 743 Ex-négociant,
3496 697 3548 735 56
3594 707 3690 742 ans,
3742 695 3842 735 bien

2822 751 3050 799 conservé,
3095 750 3274 791 divorcé
3316 764 3368 792 en
3414 764 3462 793 sa
3503 754 3676 802 faveur,
3720 755 3844 795 avoir

2824 811 2971 848 10.000
2991 809 3063 859 fr.,
3087 811 3391 852 émoluments
3413 814 3604 855 annuels
3627 814 3840 863 1.500'fr.,

2822 867 2967 909 désire
3007 870 3208 921 mariage
3248 882 3355 912 avec
3395 883 3618 923 personne
3659 874 3844 914 assortie

2822 928 2958 979 ayant
2984 928 3199 970 situation
3227 942 3284 971 ou
3311 942 3579 973 commerce.
3612 931 3814 974 Sérieux.

2874 1013 2991 1052 6089.
3018 1013 3216 1054 Canada.
3237 1016 3291 1055 —
3308 1016 3454 1055 Jeune
3475 1015 3659 1056 homme
3671 1017 3724 1055 33
3746 1028 3839 1066 ans,

2822 1070 3029 1111 habitant
3052 1071 3349 1114 merveilleux
3373 1084 3498 1124 pays,
3524 1075 3680 1115 climat
3703 1075 3844 1116 excel¬

2822 1130 2928 1178 lent,
2962 1131 3050 1172 bon
3082 1132 3240 1172 métier
3272 1132 3539 1184 rapportant
3567 1138 3619 1175 20
3648 1135 3674 1174 à
3702 1135 3754 1174 22
3784 1135 3839 1175 fr.

2821 1202 2902 1241 par
2924 1191 3043 1240 jour,
3071 1191 3215 1234 désire
3240 1192 3440 1244 mariage
3463 1204 3570 1235 avec
3592 1195 3728 1244 jeune
3752 1195 3843 1235 fille

2820 1249 2875 1291 de
2895 1252 2947 1290 24
2969 1250 2995 1290 à
3015 1252 3068 1292 30
3091 1263 3186 1301 ans,
3213 1263 3319 1293 avec
3340 1264 3399 1294 ou
3423 1263 3528 1294 sans
3551 1254 3639 1295 dot.

2868 1338 2986 1376 6091.
3026 1338 3411 1377 Lot-et-Garonne.
3444 1340 3499 1378 —
3534 1339 3844 1379 Fonctionnai¬

2815 1398 2860 1438 re
2886 1397 2999 1446 Etat,
3026 1399 3147 1445 veuf,
3172 1399 3223 1437 40
3247 1410 3343 1446 ans,
3370 1399 3470 1438 bien
3498 1411 3602 1440 sous
3624 1403 3724 1440 tous
3748 1412 3844 1451 rap¬

2817 1458 2954 1507 ports,
2988 1458 3249 1498 traitement
3278 1460 3400 1498 2.000
3431 1458 3486 1497 fr.
3521 1470 3628 1499 avec
3659 1471 3844 1500 avance¬

2816 1518 2954 1563 ment,
2988 1516 3244 1568 épouserait
3302 1516 3563 1560 demoiselle
3595 1532 3651 1559 ou
3686 1531 3840 1567 veuve,

2816 1586 2920 1615 sans
2947 1576 3142 1624 enfants,
3172 1577 3227 1618 de
3252 1579 3304 1618 28
3331 1579 3356 1618 à
3383 1579 3434 1618 38
3460 1590 3556 1627 ans,
3587 1581 3722 1628 ayant
3750 1582 3839 1620 dot.

2816 1634 2980 1676 Inutile
3012 1635 3049 1676 si
3080 1647 3162 1686 pas
3192 1635 3384 1679 sérieux.

2866 1713 2984 1752 6092.
3018 1713 3239 1763 Aveyron.
3267 1738 3322 1743 —
3350 1715 3632 1764 Célibataire,
3663 1719 3714 1758 40
3742 1728 3838 1766 ans,

2815 1770 3030 1812 militaire
3066 1773 3339 1822 retraitable,
3403 1776 3480 1815 768
3516 1776 3572 1816 fr.
3611 1778 3840 1818 annuelle¬

2815 1831 2952 1879 ment,
2986 1832 3122 1882 ayant
3152 1831 3270 1874 droit
3299 1834 3324 1874 à
3356 1846 3415 1874 un
3448 1835 3614 1886 emploi
3648 1837 3837 1886 réservé,

2812 1890 2958 1932 désire
2988 1892 3190 1943 mariage
3221 1904 3328 1934 avec
3357 1894 3618 1936 demoiselle
3649 1908 3704 1936 ou
3737 1908 3840 1938 veu¬

2814 1961 2864 1990 ve
2894 1962 2998 1990 sans
3026 1952 3206 1992 enfants
3234 1953 3287 1994 de
3316 1955 3367 1994 35
3395 1955 3420 1994 à
3448 1957 3499 1995 40
3526 1967 3622 2004 ans,
3654 1956 3739 1997 bon
3770 1970 3838 1999 ca¬

2815 2010 2996 2059 ractère,
3024 2011 3100 2052 dot
3128 2014 3175 2052 10
3200 2012 3226 2053 à
3250 2015 3398 2054 20.000
3423 2015 3478 2054 fr.
3507 2027 3563 2056 ou
3591 2016 3758 2067 emploi
3786 2019 3839 2058 de

2812 2068 2957 2111 l’Etat.
2994 2071 3102 2111 Très
3134 2073 3299 2119 pressé.

2866 2166 2983 2206 6095.
3018 2166 3270 2216 Dordogne.
3296 2191 3348 2196 —
3376 2171 3607 2211 Monsieur
3662 2171 3838 2212 abonné

2814 2234 2918 2264 sans
2942 2235 3158 2266 annonce.

2870 2311 2988 2351 6097.
3020 2312 3406 2355 Lot-et-Garonne.
3432 2337 3487 2344 —
3512 2318 3656 2359 Jeune
3711 2319 3836 2359 hom¬

2814 2380 2899 2419 me,
2926 2370 3000 2411 fils
3024 2372 3210 2424 unique,
3235 2375 3286 2413 28
3307 2386 3402 2423 ans,
3430 2376 3562 2424 brun,
3590 2378 3702 2418 beau
3726 2380 3836 2430 phy¬

2812 2428 2954 2480 sique,
2983 2431 3106 2472 taille
3160 2435 3178 2472 1
3207 2445 3267 2474 m.
3294 2436 3358 2484 70,
3414 2435 3488 2476 dot
3512 2439 3660 2478 50.000
3712 2439 3767 2478 fr.
3796 2440 3836 2478 et

2810 2491 3004 2540 grandes
3032 2494 3296 2543 espérances
3323 2496 3578 2546 épouserait
3603 2498 3836 2540 demoisel¬

2812 2549 2851 2591 le
2876 2551 2930 2591 de
2958 2554 3004 2591 18
3029 2551 3055 2592 à
3078 2554 3128 2592 22
3154 2565 3251 2602 ans,
3277 2554 3378 2595 bien
3403 2556 3566 2607 élevée,
3594 2558 3767 2600 aimant
3792 2560 3837 2600 la

2810 2619 3060 2662 campagne
3087 2614 3130 2653 et
3155 2616 3290 2664 ayant
3315 2615 3546 2658 situation.

2862 2690 2966 2728 6098
2992 2690 3034 2728 et
3060 2691 3177 2730 6099.
3211 2691 3600 2735 Haute-Garonne.
3627 2718 3680 2724 —
3710 2699 3832 2738 Deux

2812 2745 2966 2795 frères,
2992 2748 3161 2798 nobles,
3186 2750 3227 2790 le
3275 2752 3471 2803 premier
3518 2756 3570 2795 20
3591 2767 3685 2803 ans,
3711 2757 3750 2796 le
3772 2768 3832 2798 se¬

2808 2807 2923 2847 cond
2946 2808 2996 2847 24
3019 2819 3115 2857 ans,
3143 2812 3279 2860 ayant
3301 2812 3391 2851 l’un
3418 2813 3460 2853 et
3482 2813 3639 2855 l’autre
3664 2816 3831 2868 emploi

2808 2864 3006 2918 lucratif,
3035 2868 3232 2910 désirent
3284 2871 3483 2923 mariage
3535 2886 3640 2916 avec
3666 2876 3832 2918 demoi¬

2808 2925 2914 2967 selle
2939 2938 2995 2967 ou
3023 2927 3155 2968 darne
3182 2932 3316 2980 ayant
3343 2931 3536 2974 fortune.
3568 2935 3687 2975 Pour
3712 2936 3752 2978 le
3780 2940 3794 2976 I
3804 2944 3832 2960 er

2808 2984 2947 3026 écrire
2971 3000 3024 3027 au
3052 2995 3103 3028 n°
3130 2991 3247 3038 6098,
3272 3003 3386 3042 pour
3409 2992 3448 3034 le
3470 2995 3495 3034 2
3497 2999 3510 3015 e
3530 2995 3671 3036 écrire
3694 3008 3749 3038 au
3775 3006 3827 3037 n"

2806 3045 2922 3084 6099.

2938 3132 3058 3172 Lisez
3079 3145 3132 3174 en
3155 3138 3180 3174 4
3183 3142 3195 3158 e
3219 3146 3330 3187 page
3355 3139 3392 3178 le
3415 3143 3614 3183 courrier
3635 3146 3827 3193 grapho¬

2808 3191 3001 3240 logique.

2856 3283 2973 3323 6102.
3030 3283 3251 3325 Charente
3270 3308 3284 3316 -
3307 3287 3568 3331 Inférieure.
3591 3315 3645 3320 —
3695 3294 3824 3343 Veuf,

2803 3345 2907 3376 sans
2931 3335 3124 3386 enfantà,
3151 3340 3202 3378 39
3226 3351 3320 3388 ans,
3378 3344 3395 3380 1
3422 3354 3482 3383 m.
3508 3346 3574 3392 58,
3628 3347 3824 3395 châtain,

2803 3388 3011 3438 charron,
3044 3392 3179 3432 établi
3212 3392 3372 3444 depuis
3405 3399 3452 3435 10
3483 3410 3578 3447 ans,
3611 3399 3824 3441 situation

2801 3443 2923 3482 2.000
2950 3442 3007 3483 fr.
3038 3444 3225 3495 liquide,
3255 3447 3401 3490 désire
3427 3451 3618 3501 épouser
3646 3464 3827 3503 person¬

2802 3506 2856 3535 ne
2884 3496 3071 3538 environ
3099 3502 3150 3539 30
3178 3511 3274 3551 ans,
3305 3503 3452 3544 bonne
3479 3507 3619 3552 santé,
3678 3507 3826 3548 bonne

2802 3548 3026 3596 conduite,
3063 3552 3199 3602 ayant
3230 3552 3339 3603 petit
3371 3555 3495 3595 avoir
3552 3559 3594 3598 et
3624 3562 3826 3608 pouvant

2803 3600 2840 3643 le
2866 3603 3094 3645 seconder.
3124 3605 3311 3647 Sérieux
3335 3608 3376 3648 et
3400 3611 3566 3658 pressé.

2856 3675 2973 3713 6106.
3001 3675 3431 3720 Tarn-et-Garonne.
3454 3703 3509 3710 —
3530 3682 3674 3723 Jeune
3697 3684 3822 3726 hom¬

2806 3742 2875 3772 me
2899 3734 2950 3771 33
2975 3745 3070 3783 ans,
3098 3735 3272 3776 famille
3296 3739 3544 3783 honorable
3570 3743 3610 3783 et
3635 3752 3739 3784 sans
3763 3746 3822 3784 tâ¬

2803 3792 2898 3842 che,
2928 3792 3152 3845 physique
3179 3796 3402 3847 agréable,
3432 3802 3655 3842 caractère
3682 3802 3818 3852 doux,

2803 3850 2892 3891 très
2912 3852 3104 3902 sérieux,
3130 3855 3407 3906 agriculteur
3427 3859 3481 3901 de
3504 3863 3523 3899 1
3528 3864 3558 3882 er
3578 3860 3723 3910 ordre,
3748 3874 3820 3913 pe¬

2803 3910 2879 3951 tite
2906 3912 2995 3963 dot,
3023 3914 3243 3956 sérieuses
3267 3918 3535 3968 économies,
3566 3922 3821 3974 épouserait

2803 3969 3076 4023 demoiselle,
3107 3984 3248 4015 veuve
3274 3988 3331 4018 ou
3387 3978 3606 4030 divorcée,
3636 3983 3690 4023 de
3716 3984 3767 4022 24
3795 3982 3820 4022 à

2802 4031 2852 4070 35
2872 4043 2967 4079 ans,
2991 4035 3127 4084 ayant
3146 4034 3260 4077 belle
3280 4035 3494 4078 situation
3516 4050 3572 4079 ou
3594 4040 3700 4091 jolie
3720 4054 3819 4094 pro¬

2802 4091 2943 4142 priété
2966 4091 2991 4131 à
3014 4091 3057 4135 la
3080 4106 3344 4147 campagne.

2852 4186 2971 4226 6107.
3003 4186 3214 4228 Gironde.
3241 4211 3295 4218 —
3319 4190 3552 4232 Monsieur
3579 4193 3686 4232 veuf
3713 4207 3818 4236 sans

2802 4254 3018 4286 annonce.

2851 4351 2968 4391 6108.
2995 4351 3104 4392 Gers
3122 4376 3175 4380 —
3197 4353 3464 4396 Célibataire
3483 4359 3536 4397 40
3556 4367 3651 4406 ans,
3678 4368 3732 4398 ne
3753 4358 3816 4399 les

2799 4408 3055 4459 paraissant
3134 4423 3229 4463 pas,
3287 4415 3495 4456 habitant
3571 4416 3812 4468 propriété,

2799 4471 2935 4520 ayant
2962 4469 3038 4511 dot
3064 4472 3106 4512 et
3132 4474 3411 4524 espérances,
3442 4475 3544 4516 bien
3572 4476 3815 4528 physique¬

2795 4533 2934 4578 ment,
2977 4530 3181 4571 conduite
3228 4534 3555 4583 irréprochable
3576 4570 3584 4582 ,
3631 4536 3816 4576 catholi¬

2796 4602 2883 4642 que
2934 4591 3211 4644 pratiquant,
3266 4595 3411 4638 désire
3463 4599 3663 4650 mariage
3715 4599 3814 4640 reli¬

2795 4651 2929 4702 gieux
2956 4662 3062 4694 avec
3088 4654 3350 4696 demoiselle
3376 4667 3434 4696 ou
3460 4669 3603 4700 veuve
3628 4658 3814 4700 catholi¬

2796 4720 2896 4763 que,
2923 4713 3058 4763 ayant
3080 4715 3219 4755 avoir.

2847 4791 2963 4830 6109.
2993 4792 3086 4831 Lot.
3107 4815 3162 4820 —
3185 4792 3304 4834 Veuf
3351 4794 3448 4834 seul
3471 4797 3524 4836 50
3573 4807 3668 4845 ans,
3722 4798 3809 4838 bon

2788 4858 2923 4898 cœur,
2960 4851 3050 4890 très
3088 4851 3276 4902 sérieux,
3310 4852 3512 4904 honnête,
3549 4854 3635 4894 bon
3668 4866 3813 4896 carac¬

2788 4911 2892 4959 tère,
2920 4911 3044 4959 brun,
3072 4918 3087 4951 1
3116 4926 3171 4952 ni.
3202 4916 3267 4964 65,
3300 4915 3540 4964 possédant
3572 4918 3623 4956 20
3642 4919 3719 4959 000
3742 4919 3808 4968 fr.,

2790 4973 3052 5015 immeubles
3071 4987 3126 5015 ou
3147 4976 3368 5026 capitaux,
3387 4978 3637 5027 épouserait
3652 4979 3812 5020 demoi¬

2786 5037 2894 5077 selle
2919 5048 2972 5076 ou
2994 5049 3134 5078 veuve
3158 5038 3295 5088 seule,
3326 5039 3531 5082 situation
3564 5054 3619 5082 ou
3650 5044 3730 5092 âge
3758 5055 3808 5083 en

2786 5103 2978 5151 rapport.
3003 5099 3058 5140 Se
3080 5100 3348 5151 déplacerait
3370 5112 3424 5142 au
3449 5102 3615 5144 besoin.

2843 5175 2960 5215 6113.
2997 5175 3427 5218 Tarn-et-Garonne.
3461 5180 3515 5220 —
3573 5180 3807 5222 Monsieur

2790 5235 2980 5284 abonné,
3003 5247 3111 5278 sans
3127 5248 3344 5280 annonce.

2840 5330 2958 5370 6115.
2982 5330 3106 5370 Gers.
3123 5354 3178 5359 —
3195 5331 3478 5381 Célibataire,
3498 5332 3551 5372 30
3570 5344 3664 5382 ans,
3687 5344 3804 5375 com¬

2783 5390 3315 5440 merçant-propriétaire,
3342 5402 3528 5431 revenus
3551 5392 3663 5434 deux
3684 5394 3805 5432 mille

2781 5441 2892 5482 deux
2905 5446 3028 5483 cents
3047 5444 3114 5492 fr.,
3135 5443 3233 5483 bien
3250 5444 3603 5495 physiquement,
3621 5447 3805 5498 parfaite

2786 5505 3100 5556 honorabilité,
3131 5507 3387 5558 épouserait
3439 5508 3575 5559 jeune
3603 5509 3696 5551 fille
3747 5509 3802 5550 de

2784 5564 2835 5606 20
2862 5564 2887 5604 à
2911 5567 2962 5606 27
2988 5578 3084 5616 ans,
3114 5566 3324 5620 sérieuse,
3352 5567 3567 5610 situation
3595 5582 3647 5611 en
3703 5580 3802 5620 rap¬

2784 5626 2899 5676 port,
2927 5628 3128 5676 pouvant
3154 5627 3310 5670 l’aider
3336 5628 3450 5670 dans
3476 5639 3556 5669 son
3583 5640 3800 5671 commer¬

2782 5695 2843 5726 ce.

2828 0 2960 5802 6116.
2969 5764 3110 5804 Tarn.
3131 5767 3184 5806 —
3219 5766 3450 5807 Monsieur
3486 5776 3590 5804 sans
3617 5766 3782 5806 famille

2776 5827 2824 5867 60
2842 5839 2937 5878 ans,
2971 5828 3067 5870 n’en
3101 5831 3351 5881 paraissant
3388 5841 3474 5883 que
3511 5831 3575 5879 50,
3623 5831 3798 5872 robuste

2773 5896 2911 5935 santé,
2979 5896 3285 5936 universitaire
3340 5894 3517 5937 retraité
3590 5899 3693 5939 2000
3744 5898 3794 5936 fr.

2772 5959 2826 6000 de
2846 5964 2991 6000 rentes
3012 5966 3054 6002 et
3087 5963 3263 6012 capital,
3299 5963 3446 6002 désire
3478 5964 3796 6014 correspondre

2771 6037 2876 6066 avec
2914 6027 3042 6068 dame
3079 6039 3231 6075 veuve,
3266 6028 3520 6076 honorable,
3576 6032 3792 6078 instruite,

2771 6091 2820 6132 50
2836 6093 2860 6131 à
2882 6092 2931 6131 60
2950 6103 3043 6142 ans,
3069 6098 3198 6143 ayant
3224 6104 3427 6134 revenus.
3450 6092 3651 6133 Sérieux.

2822 6166 2940 6204 6117.
2980 6166 3366 6206 Lot-et-Garonne.
3401 6189 3455 6195 —
3488 6167 3631 6207 Jeune
3668 6168 3792 6208 hom¬

2770 6219 2839 6257 me
2860 6219 2912 6256 25
2935 6228 3030 6268 ans,
3055 6218 3346 6268 agriculteur,
3372 6219 3570 6267 instruit,
3594 6231 3676 6270 pas
3696 6220 3794 6262 vul¬

2767 6271 2904 6320 gaire,
2960 6273 3096 6322 ayant
3148 6283 3339 6314 avances
3392 6275 3434 6315 et
3459 6272 3684 6324 propriété
3738 6274 3792 6314 de

2768 6327 2914 6366 15.000
2934 6324 3007 6374 fr.,
3030 6326 3288 6377 épouserait
3304 6326 3441 6376 jeune
3461 6338 3698 6377 personne,
3722 6339 3792 6368 ca¬

2766 6378 2949 6427 ractère,
2980 6379 3062 6431 âge
3090 6380 3131 6420 et
3160 6379 3374 6421 situation
3405 6391 3457 6421 en
3490 6382 3676 6431 rapport
3731 6392 3787 6422 ou

2766 6431 2887 6472 riche
2914 6443 3018 6474 sans
3043 6434 3270 6485 préjugés.

2816 6518 2932 6555 6118.
2964 6516 3349 6556 Lot-et-Garonne.
3374 6517 3427 6555 —
3454 6517 3583 6566 Veuf,
3612 6520 3662 6558 49
3688 6528 3784 6564 ans,

2762 6568 3052 6620 agriculteur,
3080 6570 3306 6612 chevalier
3332 6571 3394 6611 du
3420 6570 3580 6612 Mérite
3606 6572 3786 6622 Agrico¬

2760 6621 2815 6671 le,
2843 6622 2959 6663 belle
2983 6622 3210 6675 propriété
3235 6622 3290 6664 de
3315 6626 3502 6675 rapport
3552 6624 3594 6664 et
3616 6624 3786 6676 d’agré¬

2760 6677 2899 6726 ment,
2922 6676 3067 6719 désire
3087 6676 3227 6718 union
3250 6688 3356 6720 avec
3376 6688 3599 6730 personne
3619 6679 3784 6722 sérieu¬

3922 441 3980 479 se,
4007 431 4060 471 de
4083 432 4134 471 38
4156 434 4182 474 à
4203 435 4255 472 50
4278 444 4372 482 ans,
4400 434 4501 484 apte
4524 435 4549 474 à
4572 436 4740 487 diriger
4764 447 4812 476 sa
4835 438 4944 478 mai¬

3922 495 4000 524 son
4027 485 4068 524 et
4092 487 4228 534 ayant
4252 486 4328 527 dot
4355 490 4499 527 10.000
4526 488 4579 528 fr.

3973 574 4091 611 6119.
4117 574 4359 615 Toulouse.
4381 600 4434 604 —
4457 576 4587 627 Veuf,
4611 580 4664 618 59
4686 590 4782 627 ans,
4808 582 4947 628 ayant

3922 626 4188 678 profession,
4214 628 4387 670 maison
4411 643 4464 670 en
4488 630 4594 671 ville
4615 634 4656 674 et
4676 643 4940 682 campagne,

3924 690 4115 719 revenus
4148 683 4271 721 2.500
4307 680 4362 731 fr,
4401 682 4666 726 sentiments
4702 684 4938 735 religieux,

3920 732 4066 772 désire
4091 735 4290 784 mariage
4315 747 4420 778 avec
4446 746 4670 787 personne
4694 740 4782 779 très
4807 739 4944 779 liono-

3912 784 4059 834 •rable,
4086 787 4211 839 d’âge
4235 790 4410 840 assorti,
4435 791 4567 842 goûts
4588 792 4790 843 simples.
4816 791 4944 833 Réfé¬

3920 844 4072 879 rencés
4106 842 4295 892 exigées.

3972 920 4090 959 6120.
4124 921 4539 971 Basses-Pyrénées.
4569 947 4622 953 —
4651 927 4780 976 Veuf,
4830 926 4940 974 seul,

3919 971 4088 1012 certain
4144 974 4240 1026 âge,
4300 974 4630 1017 fonctionnaire
4686 979 4740 1019 de
4795 979 4941 1027 l’Etat,

3917 1027 4040 1066 2.000
4066 1026 4122 1067 fr.
4150 1028 4333 1079 jusqu’à
4359 1030 4403 1071 la
4429 1031 4495 1070 fin
4523 1031 4579 1071 de
4605 1044 4674 1072 ses
4699 1032 4841 1083 jours,
4872 1032 4943 1072 bel

3919 1080 4116 1129 homme,
4151 1083 4275 1123 avoir
4306 1083 4560 1132 personnel,
4622 1087 4747 1127 santé
4804 1086 4944 1128 excel¬

3919 1132 4052 1182 lente,
4090 1135 4298 1176 habitant
4332 1138 4438 1179 ville
4474 1139 4649 1187 d’eaux,
4687 1139 4943 1190 épouserait

3920 1187 4188 1230 Demoiselle
4214 1202 4270 1230 ou
4298 1190 4438 1232 Dame
4464 1192 4518 1232 de
4544 1194 4594 1230 40
4619 1192 4644 1231 à
4668 1195 4719 1232 56
4744 1207 4839 1244 ans,
4868 1195 4944 1234 ho¬

3918 1240 4104 1281 norable
4130 1245 4172 1284 et
4197 1243 4301 1284 bien
4329 1243 4490 1294 élevée,
4522 1245 4659 1295 ayant
4684 1248 4832 1289 rentes
4884 1259 4942 1288 ou

3916 1295 4183 1337 économies.

3970 1375 4087 1414 6122.
4122 1376 4459 1418 Haute-Marne.
4488 1403 4542 1407 —
4571 1379 4758 1420 Officier
4787 1383 4942 1423 minis¬

3916 1426 4058 1476 tériel,
4086 1430 4132 1467 31
4163 1442 4259 1477 ans,
4288 1431 4590 1472 honorabilité
4616 1434 4824 1484 parfaite,
4854 1436 4942 1475 très

3917 1479 4183 1532 intelligent,
4216 1486 4439 1526 caractère
4468 1487 4556 1538 gai,
4590 1490 4833 1536 possédant
4859 1500 4939 1528 son

3915 1534 4047 1575 étude
4069 1535 4227 1578 valeur
4247 1538 4396 1579 30.000
4418 1540 4471 1579 fr.
4498 1539 4540 1580 et
4562 1540 4712 1582 autres
4734 1543 4940 1595 espéran¬

3914 1597 3999 1636 ces,
4027 1588 4263 1630 désirerait
4287 1603 4488 1643 mariage
4514 1603 4619 1633 avec
4672 1595 4940 1636 Demoiselle

3916 1640 4034 1691 bien,
4071 1643 4124 1683 de
4158 1645 4306 1684 bonne
4366 1645 4555 1696 famille,
4590 1648 4642 1691 20
4674 1648 4700 1687 à
4730 1651 4782 1690 25
4842 1660 4937 1698 ans,

3914 1696 4051 1746 ayant
4078 1696 4156 1738 dot
4183 1696 4240 1738 de
4264 1700 4316 1738 25
4344 1699 4371 1739 à
4398 1702 4547 1740 30.000
4576 1700 4630 1742 fr.
4663 1702 4707 1742 et
4733 1705 4939 1754 espéran¬

3911 1758 3995 1789 ces.

3966 1827 4083 1866 6124.
4115 1827 4336 1877 Aveyron.
4363 1853 4416 1859 —
4440 1831 4584 1871 Jeune
4638 1832 4834 1884 homme,
4888 1836 4939 1875 27

3913 1890 4008 1927 ans,
4040 1880 4143 1919 bien
4175 1892 4280 1922 sous
4308 1883 4408 1924 tous
4438 1885 4661 1936 rapports,
4720 1889 4940 1929 ancienne

3914 1931 4103 1981 famille,
4142 1936 4290 1975 50.000
4326 1935 4382 1976 fr.
4421 1939 4692 1979 immeubles
4755 1951 4939 1992 person¬

3912 1984 4008 2026 nels
4031 1987 4074 2027 et
4098 1990 4362 2039 espérances
4384 1992 4524 2040 sûres,
4551 1993 4807 2043 épouserait
4858 1996 4939 2035 De¬

3914 2039 4130 2090 moiselle,
4158 2043 4295 2093 ayant
4320 2042 4396 2084 dot
4422 2047 4656 2096 analogue.
4687 2051 4755 2088 Au
4782 2048 4936 2090 besoin

3911 2103 3955 2132 se
3983 2092 4234 2144 déplacera.

3964 2178 4080 2212 6125.
4115 2177 4517 2218 HillUe-Garoime.
4540 2179 4585 2220 —
4608 2180 4743 2231 Veuf,
4764 2186 4812 2222 kk
4836 2195 4931 2231 ans,

3910 2236 4127 2286 physique
4156 2240 4299 2287 jeune,
4335 2240 4512 2280 retraité
4539 2242 4592 2283 de
4615 2242 4756 2292 l'Etal,
4782 2246 4859 2286 «00
4880 2245 4931 2284 fr.

3914 2298 4102 2338 Possède
4134 2299 4210 2349 joli
4242 2300 4482 2343 immeuble
4510 2306 4610 2344 neuf
4640 2309 4680 2344 et
4716 2308 4932 2359 propriété

3908 2360 4039 2399 d’une
4063 2363 4215 2402 valeur
4235 2363 4290 2402 de
4310 2369 4459 2404 20.000
4478 2366 4639 2407 francs.
4671 2367 4935 2418 Epouserait

3910 2433 4047 2463 veuve
4070 2434 4126 2463 ou
4146 2425 4406 2467 demoiselle
4428 2439 4501 2478 qui
4526 2431 4670 2469 aurait
4690 2431 4934 2472 l'intention

3908 2483 3962 2523 de
3983 2490 4188 2536 partager
4212 2488 4279 2528 vie
4299 2491 4523 2538 agréable.

3959 2570 4077 2606 6127.
4112 2570 4259 2610 Haute
4279 2572 4513 2611 (htroime.
4547 2594 4599 2603 —
4632 2572 4930 2624 Célibataire,

3904 2628 3955 2665 42
3989 2639 4086 2676 ans,
4119 2631 4275 2680 grand,
4313 2631 4442 2682 bran,
4479 2635 4643 2674 famille
4678 2638 4764 2675 très
4795 2639 4932 2679 hono¬

3907 2690 4042 2740 rable,
4068 2695 4191 2732 avoir
4218 2698 4267 2732 25
4290 2695 4367 2734 000
4388 2696 4456 2744 fr.,
4490 2698 4698 2737 situation
4727 2700 4932 2752 indépen¬

3907 2752 4036 2792 dante
4059 2761 4318 2807 rapportant
4334 2760 4456 2797 4.uOo
4475 2758 4528 2796 fr.
4547 2771 4626 2810 par
4645 2772 4714 2810 au,
4731 2762 4934 2803 s’unirait

3903 2826 4012 2855 avec
4046 2816 4306 2859 demoiselle
4340 2831 4396 2859 ou
4432 2832 4567 2861 veuve
4603 2827 4736 2875 ayant
4767 2827 4848 2876 âge
4888 2831 4930 2866 et

3903 2879 4094 2928 position
4114 2881 4403 2931 équivalente.

3899 2996 3903 3002 ,
3958 2960 4076 2999 6129.
4108 2960 4310 3002 Hérault.
4335 2986 4389 2991 —
4416 2964 4683 3008 Célibataire
4725 2967 4836 3018 seul,
4880 2971 4931 3010 38

3905 3028 4000 3067 ans,
4033 3019 4135 3059 n’en
4165 3023 4424 3072 paraissant
4451 3036 4540 3075 que
4567 3026 4632 3075 30,
4665 3027 4929 3078 propriétai¬

3903 3087 3950 3118 re
3972 3078 4250 3130 viticulteur,
4276 3082 4474 3135 instruit,
4502 3083 4603 3124 bien
4628 3087 4764 3135 élevé,
4791 3088 4930 3128 musi¬

3903 3137 4016 3186 cien,
4052 3139 4226 3183 famille
4274 3143 4538 3194 honorable,
4572 3146 4828 3197 épouserait
4858 3148 4930 3188 de¬

3904 3198 4107 3240 moiselle
4128 3200 4184 3242 de
4206 3203 4358 3243 bonne
4380 3203 4555 3246 famille
4578 3216 4635 3246 ou
4659 3218 4800 3249 veuve
4823 3218 4928 3249 sans

3902 3257 4097 3307 enfants,
4122 3271 4231 3302 avec
4250 3263 4340 3303 dot.
4366 3264 4429 3305 De
4450 3266 4711 3315 préférence
4734 3268 4927 3310 Toulou¬

3901 3327 3946 3357 se
3968 3328 4026 3358 ou
4050 3320 4276 3363 environs.
4305 3323 4360 3363 Se
4383 3325 4671 3375 déplacerait.

3952 3405 4071 3445 6131.
4116 3406 4240 3447 Gers.
4282 3431 4336 3436 —
4388 3411 4671 3463 Célibataire,
4724 3417 4772 3454 41
4828 3427 4923 3464 ans,

3901 3463 4048 3503 15.000
4077 3463 4131 3504 fr.
4164 3479 4219 3508 en
4250 3470 4443 3520 espèces,
4475 3472 4625 3513 bonne
4654 3475 4923 3517 instruction

3899 3523 3941 3560 et
3982 3524 4238 3575 éducation,
4268 3527 4447 3567 sérieux
4474 3532 4515 3570 et
4541 3532 4768 3580 économe,
4799 3535 4924 3575 hom¬

3899 3591 3971 3622 me
4025 3583 4079 3624 de
4135 3595 4274 3635 cœur,
4320 3587 4463 3628 solide
4507 3590 4731 3642 affection,
4778 3592 4926 3635 désire

3901 3640 4039 3682 union
4087 3655 4195 3686 avec
4239 3646 4502 3690 demoiselle
4530 3660 4588 3692 ou
4616 3663 4759 3693 veuve
4788 3658 4924 3704 ayant

3898 3700 4046 3740 bonne
4080 3704 4296 3746 situation
4333 3709 4374 3747 et
4409 3710 4678 3752 excellentes
4711 3715 4918 3763 qualités.

3898 3759 3978 3800 Lui
4000 3763 4156 3804 écrire.

3950 3840 4066 3879 6132.
4092 3842 4230 3882 Tarn.
4251 3845 4306 3882 —
4324 3845 4468 3886 Jeune
4491 3847 4688 3899 homme,
4713 3850 4846 3899 brun,
4868 3852 4920 3890 27

3896 3906 3991 3947 ans,
4015 3898 4267 3951 négociant,
4291 3902 4507 3946 situation
4527 3910 4552 3947 7
4571 3907 4598 3949 à
4615 3911 4738 3950 8.000
4758 3907 4813 3949 fr.
4837 3922 4920 3962 par

3895 3967 3967 4004 an,
3991 3960 4256 4010 espérances
4276 3966 4377 4003 cent
4396 3966 4536 4008 mille.
4560 3967 4830 4020 Epouserait
4847 3971 4918 4011 de¬

3895 4016 4099 4058 moiselle
4119 4018 4172 4060 de
4192 4022 4244 4060 20
4264 4022 4290 4062 à
4308 4023 4360 4061 25
4382 4035 4478 4075 ans,
4499 4027 4622 4078 jolie,
4647 4027 4916 4080 distinguée,

3892 4083 4024 4127 ayant
4044 4079 4119 4116 dot
4143 4080 4196 4119 de
4216 4084 4266 4119 20
4288 4084 4311 4119 à
4328 4081 4379 4120 50
4399 4086 4476 4124 oü0
4496 4095 4658 4127 irancs.

3945 4168 4063 4208 6133.
4090 4168 4219 4210 Midi.
4238 4191 4294 4198 —
4314 4171 4443 4223 Veuf,
4467 4176 4515 4215 41
4539 4187 4635 4226 ans,
4659 4188 4720 4218 un
4742 4176 4914 4228 enfant,

3895 4228 4042 4275 16,090
4080 4229 4118 4266 fr
4180 4240 4372 4271 revenus
4419 4236 4606 4276 annuels
4652 4248 4704 4275 en
4755 4242 4915 4287 rentes,

3892 4284 4037 4328 désire
4058 4289 4259 4342 mariage
4279 4300 4387 4331 avec
4407 4291 4668 4338 demoiselle
4687 4308 4744 4338 ou
4766 4296 4914 4348 dame,

3891 4355 3998 4386 sans
4019 4347 4213 4399 enfants,
4239 4350 4358 4399 bien,
4383 4352 4516 4402 goûts
4538 4355 4740 4408 simples,
4767 4357 4916 4399 bonne

3891 4406 4114 4455 moralité,
4160 4411 4298 4460 ayant
4339 4413 4558 4463 quelques
4602 4426 4808 4456 revenus.
4842 4416 4916 4460 Sé¬

3890 4462 4032 4506 rieux.

3936 4552 4054 4594 6134.
4083 4554 4320 4596 Charente.
4344 4559 4399 4598 —
4436 4559 4581 4603 Jeune
4622 4564 4820 4612 homme,
4862 4567 4914 4606 35

3888 4620 3984 4659 ans,
4031 4616 4192 4666 grand,
4242 4616 4376 4666 brun,
4426 4618 4600 4666 famille
4647 4623 4910 4676 honorable,

3888 4671 4114 4721 propriété
4156 4679 4306 4716 20.000
4348 4675 4404 4717 fr.
4436 4680 4546 4730 qu’il
4591 4682 4784 4733 exploite
4830 4684 4912 4727 lui-

3888 4731 4050 4781 même,
4092 4734 4348 4787 épouserait
4387 4738 4648 4783 demoiselle
4687 4752 4744 4782 ou
4770 4753 4911 4787 veuve

3886 4791 4075 4834 voulant
4114 4795 4292 4837 habiter
4335 4795 4380 4836 la
4403 4810 4655 4852 campagne
4679 4802 4722 4840 et
4747 4802 4910 4846 s’occu¬

3887 4860 3964 4900 per
4007 4851 4068 4892 du
4111 4857 4302 4906 ménage
4342 4867 4399 4899 ou
4426 4860 4480 4902 de
4506 4859 4643 4912 petite
4670 4859 4907 4906 industrie.

3887 4911 3972 4951 Pas
3992 4912 4200 4963 exigeant
4219 4927 4298 4955 sur
4316 4915 4404 4959 dot.
4431 4919 4633 4962 Sérieux.

3936 4998 4054 5040 6136.
4093 5002 4519 5051 Hautes-Pyrénées.
4552 5030 4606 5035 —
4639 5006 4909 5052 Célibataire

3883 5058 3934 5096 37
3955 5068 4050 5109 ans,
4075 5059 4196 5103 idées
4216 5061 4378 5114 larges,
4403 5066 4479 5107 dot
4499 5068 4622 5107 5.000
4643 5067 4699 5107 fr.
4723 5067 4907 5118 épouse¬

3883 5118 3970 5157 rait
3994 5118 4254 5163 demoiselle
4279 5133 4336 5162 ou
4361 5136 4503 5167 veuve
4527 5126 4583 5168 de
4606 5128 4658 5167 26
4682 5127 4708 5167 à
4731 5128 4782 5167 35
4807 5141 4902 5171 ans.

3883 5175 4084 5219 Sérieux.

3934 5276 4051 5315 6137.
4086 5277 4211 5317 Gers.
4240 5299 4296 5304 —
4326 5279 4571 5331 Monsieur,
4603 5284 4655 5322 50
4686 5292 4782 5330 ans,
4815 5284 4904 5327 très

3880 5331 4072 5380 sérieux,
4100 5336 4225 5376 santé
4250 5335 4443 5387 parfaite
4467 5343 4510 5380 et
4532 5340 4763 5388 situation,
4791 5341 4904 5383 dési¬

3879 5402 3926 5434 re
3975 5392 4164 5443 épouser
4215 5395 4347 5436 dame
4387 5408 4443 5438 ou
4483 5399 4744 5442 demoiselle
4768 5396 4904 5453 àyant

3877 5451 4075 5504 éprouvé
4118 5455 4275 5505 peines
4318 5458 4526 5501 morales.
4558 5462 4716 5503 Bonne
4758 5463 4898 5512 santé,

3876 5512 4007 5561 goûts
4051 5511 4252 5565 simples,
4285 5516 4434 5556 rentes
4476 5520 4519 5560 et
4560 5530 4755 5560 revenus
4783 5523 4898 5572 sûrs,

3878 5570 3979 5612 d’au
4003 5572 4152 5613 moins
4174 5576 4295 5618 3.000
4319 5575 4374 5616 fr.

3927 5659 4045 5698 6138.
4073 5659 4381 5703 Haute-Loire.
4402 5667 4456 5704 —
4475 5667 4593 5706 Veuf
4613 5675 4721 5706 avec
4741 5667 4900 5710 enfant

3875 5716 3928 5759 de
3947 5720 3972 5759 6
3992 5730 4088 5769 ans,
4112 5720 4451 5774 entrepreneur,
4474 5727 4526 5766 39
4547 5736 4643 5774 ans,
4667 5724 4770 5766 bien
4793 5738 4898 5771 sous

3875 5778 3973 5818 tous
4003 5779 4226 5830 rapports,
4259 5782 4383 5823 taille
4414 5785 4432 5821 1
4464 5796 4524 5826 m.
4556 5787 4621 5834 71,
4654 5786 4899 5836 possédant

3875 5837 4019 5878 12.000
4043 5838 4116 5887 fr.,
4160 5839 4304 5883 désire
4346 5842 4547 5896 mariage
4598 5855 4704 5886 avec
4754 5856 4896 5889 veuve

3871 5907 3977 5938 sans
3995 5899 4179 5939 enfants
4195 5911 4253 5942 ou
4274 5902 4536 5946 demoiselle
4554 5904 4820 5948 au-dessous
4840 5908 4896 5948 de

3870 5955 3920 5995 35
3943 5967 4038 6008 ans,
4064 5959 4202 6010 ayant
4223 5960 4299 6003 dot
4320 5960 4557 6012 analogue.

3922 6044 4039 6086 6140.
4074 6046 4285 6087 Gironde.
4315 6070 4370 6076 —
4399 6048 4682 6100 Célibataire,
4711 6051 4763 6090 38
4792 6063 4890 6103 ans,

3870 6099 3972 6142 bien
3995 6115 4102 6145 sous
4125 6104 4226 6146 tous
4250 6107 4473 6159 rapports,
4516 6108 4732 6152 situation
4771 6122 4891 6154 com¬

3867 6164 4092 6212 merciale,
4119 6164 4244 6204 avoir
4266 6167 4307 6206 et
4330 6168 4608 6219 espérances,
4635 6170 4890 6220 épouserait

3867 6219 4127 6264 demoiselle
4147 6235 4204 6263 ou
4226 6236 4368 6267 veuve
4390 6230 4526 6276 ayant
4547 6227 4761 6270 situation
4784 6242 4891 6272 ana¬

3867 6278 3996 6331 logue
4021 6295 4079 6324 ou
4106 6282 4195 6324 dot.
4224 6284 4435 6326 Pourrait
4460 6299 4505 6330 se
4531 6287 4755 6340 déplacer.

3915 6378 4032 6419 6141.
4059 6379 4296 6419 Charente.
4318 6402 4372 6408 —
4394 6380 4484 6424 Fils
4504 6384 4690 6434 unique,
4714 6383 4766 6423 26
4786 6395 4883 6436 ans,

3863 6436 4056 6483 qualités
4082 6436 4331 6490 physiques
4358 6440 4400 6479 et
4426 6443 4635 6491 morales,
4666 6442 4886 6487 ancienne

3863 6492 4051 6547 famille,
4096 6497 4174 6538 dot
4216 6500 4389 6539 100.000
4432 6502 4487 6542 fr.
4518 6503 4627 6544 dont
4652 6503 4804 6552 55.00Q
4827 6518 4883 6547 en

3859 6556 4050 6606 espèces,
4083 6555 4228 6599 désire
4256 6559 4458 6612 mariage
4486 6573 4594 6603 avec
4620 6560 4883 6607 demoiselle

3860 6612 4120 6667 honorable,
4168 6616 4382 6659 situation
4411 6623 4536 6672 égale
4564 6631 4622 6662 ou
4651 6623 4882 6672 supérieu¬

3854 6680 3916 6715 re.
