5185 7176
2488 348 2562 386 LE
2592 348 2771 387 TRAIT
2804 350 3049 391 D'UNION

588 443 731 483 payées
755 443 778 475 à
800 443 934 475 raison
956 444 1004 475 de
1026 444 1042 474 1
1064 444 1178 476 franc
1202 445 1238 476 la
1262 444 1367 483 ligne
1391 449 1490 482 pour
1512 444 1608 475 trois

583 492 695 523 mois.
727 491 778 523 Ce
807 491 910 523 délai
942 490 1090 529 écoulé,
1123 492 1178 523 les
1210 491 1419 524 intéressés
1450 491 1610 523 doivent

582 544 798 576 demander
828 544 863 576 le
894 544 1232 576 renouvellement
1263 552 1272 582 ;

622 603 662 632 6°
699 602 748 632 Le
783 602 963 633 montant
994 600 1063 631 des
1094 600 1382 632 abonnements
1415 599 1496 631 doit
1528 599 1610 630 être

580 652 740 686 adressé
758 659 809 686 au
830 652 1032 685 Directeur
1050 652 1102 685 du
1121 652 1413 686 Trait-d’Union
1435 659 1483 683 en
1504 658 1610 683 man¬

582 708 682 746 dats,
710 707 807 738 bons
832 706 880 738 de
907 707 1016 744 poste
1042 711 1091 739 ou
1116 706 1280 739 timbres
1308 712 1317 743 ;

622 764 663 794 7°
692 763 743 795 La
769 762 967 794 Direction
995 762 1191 800 n'accepte
1215 768 1291 799 que
1315 762 1383 792 des
1407 766 1609 792 annonces

580 815 659 849 très
679 815 889 853 sérieuses,
910 814 1027 847 celles
1049 814 1145 847 dont
1167 815 1203 847 la
1226 814 1427 846 rédaction
1451 819 1498 844 ne
1521 819 1609 844 con¬

582 870 746 901 viendra
774 874 843 907 pas
872 869 1005 899 seront
1033 867 1207 899 refusées
1238 875 1247 906 ;

620 927 661 958 9°
688 926 747 959 On
774 927 866 963 peut
887 924 1174 961 correspondre
1198 923 1222 956 à
1247 924 1283 955 la
1307 923 1384 954 fois
1408 928 1503 954 avec
1527 921 1610 959 plu¬

580 979 708 1010 sieurs
738 975 915 1010 abonnés
943 983 954 1016 ;

622 1035 682 1065 10°
722 1035 772 1064 La
808 1034 898 1071 plus
932 1031 1188 1064 élémentaire
1226 1031 1410 1070 politesse
1444 1030 1519 1062 fait
1554 1036 1607 1060 un

579 1087 716 1120 devoir
747 1092 824 1119 aux
855 1083 1032 1118 abonnés
1063 1085 1111 1116 de
1142 1083 1335 1124 répondre
1364 1090 1442 1115 aux
1475 1082 1607 1114 lettres

580 1146 728 1179 reçues.
763 1140 839 1172 Pas
871 1139 968 1170 n’est
998 1139 1134 1171 besoin
1167 1138 1214 1169 de
1247 1138 1411 1175 longues
1444 1135 1607 1174 phrases

579 1195 679 1226 dans
703 1192 875 1226 certains
898 1197 976 1223 cas.
1003 1191 1111 1223 Deux
1136 1192 1236 1223 mots
1259 1188 1448 1222 suffisent
1475 1195 1484 1226 ;

620 1251 682 1281 11°
712 1250 835 1282 Toute
866 1248 976 1279 lettre
1004 1247 1070 1285 qui
1102 1252 1202 1279 nous
1229 1247 1288 1278 est
1314 1243 1498 1276 adressée
1527 1250 1608 1280 per¬

580 1303 870 1335 sonnellement
888 1302 924 1331 et
943 1299 1009 1338 qui
1030 1299 1224 1332 demande
1244 1304 1320 1330 une
1340 1296 1507 1335 réponse
1526 1295 1609 1327 doit

580 1356 660 1388 être
682 1351 973 1392 accompagnée
995 1352 1087 1384 d’un
1108 1352 1251 1384 timbre
1272 1351 1320 1383 de
1342 1351 1380 1382 10
1403 1348 1606 1382 centimes.

620 1412 680 1443 12°
713 1412 764 1442 Ne
793 1416 863 1450 pas
892 1408 1045 1442 oublier
1075 1408 1131 1440 les
1159 1407 1323 1440 timbres
1351 1403 1608 1443 obligatoires

579 1472 678 1503 pour
699 1464 735 1495 la
756 1462 949 1502 première
970 1463 1006 1493 et
1028 1461 1064 1493 la
1084 1459 1293 1494 deuxième
1313 1458 1563 1495 enveloppes.

622 1522 682 1551 14°
707 1520 755 1551 Le
778 1518 991 1554 Directeur,
1012 1516 1201 1548 soucieux
1224 1516 1271 1547 de
1291 1519 1502 1547 conserver
1523 1512 1547 1544 à
1570 1512 1606 1543 la

579 1567 855 1600 combinaison
886 1566 938 1596 du
970 1565 1078 1596 Trait
1107 1563 1274 1595 d’Union
1306 1568 1376 1594 son
1407 1559 1605 1592 caractère

580 1614 914 1652 d’irréprochable
935 1611 1180 1648 délicatesse,
1204 1610 1288 1648 prie
1312 1611 1367 1640 les
1390 1613 1604 1647 personnes

582 1664 646 1702 qui
687 1660 998 1699 correspondent
1036 1659 1084 1692 de
1108 1658 1263 1691 vouloir
1288 1658 1376 1690 bien
1403 1655 1559 1694 joindre
1582 1655 1606 1686 à

582 1713 666 1743 leur
686 1708 850 1742 numéro
871 1707 1079 1747 personnel
1103 1708 1186 1738 leur
1206 1712 1296 1738 nom
1318 1712 1366 1736 ou
1386 1704 1606 1735 seulement

582 1760 686 1790 leurs
711 1758 899 1790 initiales.
927 1755 1012 1787 Ceci
1039 1756 1124 1787 afin
1151 1753 1312 1786 d’éviter
1339 1753 1376 1784 la
1402 1751 1604 1783 transmis¬

580 1808 667 1839 sion
687 1808 735 1838 de
755 1806 887 1838 lettres
904 1803 1110 1836 adressées
1127 1803 1152 1835 à
1171 1803 1208 1834 la
1228 1800 1426 1832 Direction
1448 1806 1518 1838 par
1536 1799 1604 1830 des

580 1862 676 1892 gens
707 1852 980 1886 malhonnêtes
1008 1854 1046 1883 et
1074 1859 1151 1883 non
1179 1847 1367 1881 abonnés.

622 1911 744 1943 Toute
775 1911 886 1942 lettre
915 1915 963 1940 ne
993 1908 1150 1947 portant
1179 1912 1248 1947 pas
1279 1912 1355 1936 une
1386 1903 1603 1936 indication

581 1959 730 1996 précise
750 1958 797 1990 de
818 1955 1075 1995 l’expéditeur
1094 1962 1181 1987 sera
1202 1954 1382 1987 détruite.

621 2016 680 2046 159
718 2016 840 2047 Toute
875 2012 1133 2051 suppression
1168 2012 1402 2047 d’annonce,
1437 2008 1604 2045 change¬

582 2066 687 2096 ment
728 2070 777 2094 ou
822 2059 1095 2093 modification
1139 2058 1370 2091 d’insertion
1413 2062 1460 2087 en
1487 2062 1603 2087 cours

579 2112 895 2148 d’abonnement,
929 2109 1091 2140 nuisant
1121 2108 1143 2139 à
1176 2108 1211 2138 la
1243 2107 1371 2138 bonne
1403 2103 1604 2142 organisa¬

579 2160 659 2192 tion
683 2159 730 2191 de
752 2164 816 2190 ma
837 2155 1111 2190 combinaison
1135 2154 1346 2192 mariages,
1370 2152 1424 2183 les
1447 2158 1604 2190 person¬

580 2214 648 2239 nes
688 2206 754 2243 qui
795 2212 843 2238 en
883 2206 1014 2236 feront
1040 2204 1076 2235 la
1100 2203 1294 2235 demande
1319 2206 1517 2238 expresse,
1543 2199 1604 2230 de¬

579 2256 694 2287 vront
716 2260 758 2284 se
780 2254 1007 2284 conformer
1030 2258 1079 2283 au
1104 2250 1199 2282 tarif
1223 2250 1383 2280 suivant
1408 2255 1416 2278 :

620 2310 884 2347 Suppression
920 2307 1424 2339 d’annonce.
1472 2304 1490 2334 5
1514 2303 1560 2332 fr.

622 2358 891 2398 Changement
926 2354 1422 2393 complet.
1471 2351 1488 2380 3
1512 2351 1562 2381 fr.

622 2404 879 2443 Supplément
907 2403 1024 2435 d’une
1054 2403 1423 2440 ligne.
1472 2399 1487 2428 1
1512 2399 1560 2428 fr.

620 2463 743 2495 Toute
766 2466 962 2499 personne
983 2458 1162 2491 abonnée
1184 2464 1278 2488 sans
1299 2462 1492 2492 annonce,
1515 2460 1605 2486 con¬

579 2516 690 2542 serve
724 2516 795 2540 son
830 2508 934 2539 droit
966 2506 1198 2539 d’insertion
1232 2504 1395 2542 gratuit,
1430 2503 1604 2540 pendant

578 2559 684 2590 toute
704 2558 740 2588 la
758 2555 878 2590 durée
896 2555 943 2587 de
960 2561 1032 2586 son
1051 2554 1330 2587 abonnement.

1195 2620 1249 2650 LE
1275 2615 1561 2650 DIRECTEUR.

577 2787 945 2891 OFFRES
1009 2783 1213 2888 AUX
1273 2784 1605 2884 DAMES

628 2975 748 3015 6013.
775 2974 1166 3015 Haute-Garonne.
1186 2995 1240 3000 —
1260 2972 1392 3020 Veuf,
1414 2971 1526 3019 seul,
1550 2971 1600 3009 45

576 3047 672 3083 ans,
696 3034 784 3084 gai,
811 3035 898 3074 bon
922 3034 1162 3080 caractère,
1187 3031 1432 3072 excellente
1456 3030 1596 3078 santé,

579 3095 723 3134 16.000
763 3092 818 3132 fr.
860 3101 1052 3132 revenus
1075 3090 1268 3132 annuels
1291 3100 1346 3130 en
1371 3087 1519 3128 rentes
1540 3098 1594 3127 ou

576 3151 862 3200 immeubles,
891 3150 1036 3191 désire
1063 3150 1264 3200 mariage
1291 3159 1396 3188 avec
1423 3144 1599 3187 Demoi¬

575 3210 683 3251 selle
720 3221 778 3251 ou
816 3210 959 3250 Dame
998 3219 1103 3249 sans
1140 3207 1336 3256 enfants,
1363 3207 1511 3246 bonne
1536 3204 1591 3244 fa¬

575 3270 715 3319 mille,
739 3269 877 3322 ayant
894 3268 949 3310 de
967 3270 992 3308 5
1011 3267 1038 3308 à
1054 3270 1160 3308 6000
1179 3267 1234 3306 fr.
1258 3266 1312 3307 de
1332 3266 1482 3306 rentes
1501 3275 1595 3315 per¬

572 3327 812 3368 sonnelles.

621 3396 740 3446 6048,
778 3395 1167 3436 Haute-Garonne.
1200 3418 1254 3423 —
1312 3390 1596 3438 Célibataire,

568 3456 677 3501 seul,
712 3458 763 3496 60
822 3466 919 3503 ans,
954 3464 1180 3504 voyageur
1214 3454 1268 3493 de
1327 3462 1595 3498 commerce,

568 3515 692 3557 avoir
715 3516 860 3555 10.000
881 3514 955 3562 fr.,
978 3512 1126 3553 rentes
1144 3514 1223 3552 850
1244 3511 1316 3559 fr.,
1339 3510 1486 3551 désire
1506 3520 1596 3549 ma¬

568 3575 691 3624 riage
716 3584 826 3614 avec
878 3571 1154 3619 demoiselle,
1211 3571 1344 3610 dame
1370 3579 1511 3609 veuve
1539 3579 1595 3607 ou

567 3632 774 3673 divorcée
804 3631 831 3671 à
860 3642 942 3672 son
972 3630 1127 3682 profit,
1161 3630 1371 3678 honnête,
1406 3628 1459 3670 de
1491 3630 1540 3667 40
1571 3627 1596 3666 à

567 3694 617 3731 55
647 3703 742 3739 ans,
774 3691 911 3742 ayant
939 3688 1153 3731 situation
1187 3687 1487 3740 personnelle.

619 3760 738 3807 6049,
800 3755 1282 3798 Bouches-du-Rhône.
1313 3776 1368 3782 —
1427 3752 1596 3792 Céliba¬

564 3819 692 3866 taire,
716 3819 767 3858 70
789 3828 885 3864 ans,
910 3816 1056 3856 comte
1078 3815 1391 3866 authentique,
1416 3812 1596 3857 descen¬

564 3878 675 3916 dant
703 3876 840 3916 d’une
870 3873 1090 3915 ancienne
1120 3876 1163 3915 et
1194 3874 1370 3914 illustre
1402 3872 1591 3919 famille,

565 3934 773 3976 habitant
807 3934 931 3982 villa,
969 3933 1180 3975 voudrait
1215 3932 1402 3983 adopter
1437 3930 1594 3971 enfant

563 4006 620 4034 ou
649 3994 785 4043 jeune
815 3994 999 4034 homme
1028 3991 1083 4032 de
1113 3991 1287 4032 famille
1319 3991 1454 4036 riche,
1487 4002 1594 4031 avec

563 4052 727 4103 prime.
755 4051 962 4092 Céderait
987 4050 1113 4092 titres
1139 4050 1401 4091 nobiliaires
1427 4051 1468 4090 et
1494 4061 1592 4100 par¬

563 4111 783 4151 chemins.
814 4110 942 4150 Faire
968 4110 1122 4150 offres.

615 4178 734 4218 6053.
778 4178 915 4218 Gard.
939 4200 994 4206 —
1018 4177 1360 4219 Contributions
1402 4175 1590 4216 indirec¬

568 4240 650 4278 tes.
690 4235 959 4278 Célibataire
995 4235 1050 4280 de
1086 4238 1175 4278 très
1208 4236 1358 4277 bonne
1394 4235 1584 4284 famille,

564 4299 687 4337 4.000
710 4296 766 4336 fr.
792 4307 999 4344 revenus,
1026 4296 1267 4337 recherche
1290 4306 1404 4347 pour
1428 4294 1591 4336 maria¬

564 4368 619 4408 ge
675 4367 899 4408 personne
943 4355 1131 4407 grande,
1179 4355 1374 4403 élancée,
1424 4354 1587 4403 mince,

567 4419 586 4455 1
609 4427 670 4466 rq.
694 4418 745 4455 70
783 4415 1047 4465 minimum,
1086 4417 1138 4455 27
1174 4415 1199 4455 à
1235 4416 1287 4454 35
1324 4425 1421 4462 ans,
1463 4412 1589 4454 intel¬

561 4472 743 4526 ligente,
791 4474 1016 4523 instruite,
1065 4475 1155 4516 très
1199 4474 1348 4515 bonne
1396 4471 1585 4521 famille,

560 4535 698 4586 ayant
714 4535 839 4574 avoir
855 4546 913 4575 ou
932 4534 1022 4574 dot.
1045 4534 1197 4575 Prière
1216 4534 1390 4575 donner
1408 4532 1587 4572 adresse

560 4595 602 4636 et
640 4594 778 4646 photo
818 4594 896 4646 qui
938 4603 1038 4634 sera
1062 4592 1247 4635 rendue.
1275 4592 1338 4634 Ne
1362 4591 1586 4643 répondra

559 4652 663 4704 qu’à
695 4652 823 4694 lettre
855 4652 1008 4703 signée
1042 4652 1299 4695 réunissant
1331 4650 1586 4692 conditions

556 4712 790 4753 énoncées.

687 4791 747 4830 Ne
770 4790 976 4830 déchirez
998 4799 1079 4838 pas
1099 4800 1146 4830 es
1166 4791 1364 4839 journal.
1386 4791 1584 4830 Donnez-

562 4851 599 4890 le
620 4848 646 4890 à
668 4859 747 4890 vos
768 4848 899 4890 amis.

606 4919 724 4958 6069.
1018 4918 1071 4958 —-
1090 4918 1418 4966 Sous-officier,
1435 4927 1584 4966 comp¬

559 4976 691 5024 table,
736 4978 788 5015 34
832 4987 928 5024 ans,
976 4975 1095 5025 bien,
1127 4976 1240 5016 libre
1268 4975 1336 5016 s’il
1367 4976 1407 5016 le
1437 4975 1581 5016 désire

558 5036 672 5076 dans
695 5039 719 5075 7
743 5035 872 5084 mois,
900 5035 1081 5077 retraite
1104 5039 1128 5076 7
1152 5036 1178 5076 à
1202 5038 1279 5076 800
1304 5036 1471 5083 francs;
1497 5047 1581 5075 em¬

555 5095 648 5144 ploi
671 5095 778 5135 civil
801 5095 942 5135 début
963 5096 1100 5143 2.000,
1126 5096 1392 5146 espérances
1418 5096 1579 5139 10.000;

555 5154 700 5195 désire
731 5154 932 5206 mariage
962 5165 1069 5196 avec
1099 5155 1360 5196 demoiselle
1390 5154 1444 5195 de
1474 5155 1524 5194 22
1555 5154 1579 5194 à

553 5216 604 5254 32
627 5226 723 5262 ans,
750 5215 870 5263 bien,
896 5215 986 5255 très
1008 5215 1218 5263 honnête,
1246 5215 1382 5264 ayant
1405 5214 1495 5254 dot.

605 5286 724 5326 6070.
759 5285 1011 5326 Bordeaux.
1040 5309 1094 5315 —
1123 5287 1270 5326 Gentil
1318 5287 1482 5335 garçon
1527 5286 1578 5324 25

551 5355 648 5392 ans,
671 5344 868 5393 châtain,
890 5344 1014 5386 taille
1035 5347 1052 5384 1
1074 5357 1135 5384 m.
1158 5346 1222 5394 70,
1247 5343 1420 5384 famille
1440 5344 1578 5383 hono¬

552 5403 691 5452 rable,
743 5403 1016 5455 catholique,
1068 5404 1260 5452 sérieux,
1315 5403 1435 5451 actif,
1488 5404 1575 5443 très

551 5464 687 5514 doux,
718 5464 807 5504 très
835 5464 1106 5512 affectueux,
1136 5464 1226 5506 état
1252 5463 1451 5511 lucratif,
1483 5464 1575 5503 éco¬

551 5523 740 5571 nomies,
775 5523 1031 5574 épouserait
1060 5524 1196 5574 jeune
1228 5523 1322 5564 fille
1352 5523 1488 5574 ayant
1520 5523 1572 5563 si¬

548 5583 724 5624 tuation
750 5594 804 5624 en
831 5583 1032 5634 rapport.
1062 5584 1275 5624 Bonheur
1302 5582 1470 5623 assuré.
1502 5582 1574 5623 Sé¬

550 5642 692 5682 rieux.

595 5714 716 5754 6072.
738 5713 1062 5755 Deux-Sèvres.
1080 5738 1134 5743 —
1152 5714 1243 5755 Fils
1259 5715 1314 5755 de
1331 5715 1455 5754 riche
1474 5723 1571 5763 pro¬

543 5772 770 5824 priétaire,
789 5775 841 5814 24
859 5786 955 5823 ans,
978 5774 1078 5815 bien
1101 5786 1205 5815 sous
1225 5776 1323 5815 tous
1343 5774 1566 5824 rapports,

542 5832 758 5875 situation
797 5832 1134 5884 indépendante
1174 5833 1199 5873 à
1223 5832 1366 5882 Paris,
1391 5832 1446 5874 de
1470 5832 1571 5873 cent

542 5891 668 5932 mille
712 5892 864 5934 francs
906 5903 989 5944 par
1015 5904 1088 5942 an,
1119 5891 1375 5943 épouserait
1402 5891 1569 5932 demoi¬

539 5951 648 5993 selle
671 5952 726 5993 de
752 5954 802 5992 18
826 5951 851 5994 à
874 5954 926 5992 25
951 5962 1047 6002 ans,
1075 5952 1211 6004 ayant
1235 5962 1292 5992 au
1319 5950 1564 5991 minimum

538 6012 687 6052 30.000
714 6011 868 6054 francs
894 6010 984 6052 dot.

592 6072 810 6114 Annonce
835 6071 926 6112 très
951 6070 1148 6113 sérieuse
1175 6070 1218 6111 et
1242 6070 1434 6120 pressée.

590 6138 708 6180 6073.
762 6138 1272 6180 Charente-Inférieure.
1320 6162 1375 6167 —
1421 6139 1564 6178 Jeune

538 6199 722 6240 homme
751 6202 804 6239 28
838 6211 934 6247 ans,
969 6199 1282 6250 propriétaire,
1318 6199 1432 6239 beau
1466 6210 1565 6248 gar¬

535 6269 635 6311 çon,
660 6258 904 6310 distingué,
931 6259 1156 6299 caractère
1182 6258 1374 6307 sérieux,
1401 6256 1565 6298 désire¬

536 6319 623 6359 rait
647 6318 840 6368 épouser
866 6318 1130 6359 demoiselle
1156 6318 1211 6359 de
1239 6318 1386 6358 bonne
1415 6316 1563 6358 famil¬

534 6378 587 6426 le,
619 6377 834 6426 aimante,
866 6377 936 6417 bel
966 6377 1107 6426 avoir,
1139 6376 1231 6416 fille
1262 6376 1316 6418 de
1342 6387 1562 6418 commer¬

532 6436 650 6487 çant,
677 6437 714 6478 si
736 6434 950 6488 possible.

591 6507 710 6547 6075.
779 6506 1031 6546 Bordeaux.
1067 6530 1122 6535 —-
1158 6504 1442 6554 Célibataire,
1507 6506 1559 6543 36

535 6575 632 6612 ans,
711 6564 815 6606 bien
892 6562 1262 6617 physiquement,
1343 6563 1556 6607 situation

534 6624 864 6674 commerciale,
896 6624 1023 6666 avoir
1051 6626 1199 6665 30.000
1246 6624 1396 6667 francs
1426 6624 1558 6668 et-es¬

532 6684 764 6735 pérances,
796 6682 1054 6735 épouserait
1110 6682 1245 6733 jeune
1276 6682 1444 6724 femme
1503 6682 1557 6724 de

1685 448 1736 486 26
1762 446 1787 486 à
1811 447 1863 486 34
1890 458 1986 496 ans,
2041 446 2243 487 modeste
2270 448 2312 488 et
2338 447 2392 488 de
2419 448 2550 498 goûts
2604 447 2708 488 sim¬

1687 501 1798 556 ples,
1880 507 2016 556 ayant
2095 505 2307 548 situation
2390 506 2706 548 commerciale

1687 563 1968 615 quelconque
1995 577 2052 606 ou
2078 564 2168 606 dot.

1738 634 1856 672 6077.
1922 634 2092 674 Guinée
2156 635 2409 683 Française.
2443 659 2496 663 —
2531 635 2708 674 Institu¬

1685 694 1784 731 teur
1811 692 2018 740 colonial,
2046 695 2096 732 24
2123 704 2218 742 ans,
2246 694 2406 743 grand,
2436 694 2570 742 brun,
2599 695 2708 744 phy¬

1686 751 1813 802 sique
1847 751 2055 802 agréable
2116 751 2329 793 situation
2367 752 2556 795 actuelle
2588 754 2708 792 5.000

1686 810 1851 859 francs,
1915 812 2061 851 rentes
2091 814 2170 851 500
2216 811 2382 860 francs,
2442 814 2707 863 espérances

1683 872 1831 910 50.000
1862 871 2028 919 francs,
2079 871 2335 922 épouserait
2391 872 2592 923 collègue
2650 883 2706 911 ou

1684 930 1820 979 jeune
1851 928 1947 971 fille
1979 930 2154 970 aimant
2210 941 2418 982 voyager.
2482 931 2703 972 Situation

1684 999 1736 1028 en
1771 988 1972 1040 rapport.

1736 1059 1855 1096 6079.
1919 1058 2171 1098 Bordeaux.
2201 1081 2255 1086 —
2314 1059 2595 1107 Célibataire,
2656 1060 2707 1098 40

1686 1128 1780 1164 ans,
1815 1117 1948 1164 brun,
1983 1116 2190 1169 employé
2236 1117 2351 1158 dans
2380 1118 2552 1168 grande
2582 1118 2704 1166 ville,

1684 1175 1794 1227 petit
1826 1176 1966 1223 avoir,
2002 1177 2267 1227 espérances
2326 1179 2452 1218 sûres
2486 1176 2539 1217 de
2600 1179 2648 1216 16
2682 1176 2706 1216 à

1687 1236 1831 1275 18.000
1861 1235 2028 1283 francs,
2060 1235 2318 1286 épouserait
2361 1247 2584 1287 personne
2632 1236 2705 1275 ho¬

1687 1294 1887 1342 norable,
1952 1294 2158 1335 tailleuse
2194 1295 2248 1335 de
2284 1295 2560 1346 préférence,
2626 1296 2704 1345 âge

1684 1354 1726 1394 et
1752 1352 1966 1394 situation
1996 1364 2050 1392 en
2082 1355 2280 1403 rapport.

1813 1431 1872 1471 Ne
1899 1431 2107 1480 craignez
2133 1440 2213 1479 pas
2254 1431 2307 1471 de
2350 1441 2461 1471 vous
2502 1442 2703 1480 compro¬

1682 1494 1840 1530 mettre
1873 1500 1926 1530 en
1960 1491 2110 1530 disant
2143 1499 2230 1539 que
2262 1501 2374 1532 vous
2404 1491 2494 1531 êtes
2526 1492 2702 1531 abonné

1680 1559 1736 1588 au
1762 1550 1887 1588 Trait
1911 1550 2122 1588 d’Union.

1732 1626 1851 1664 6082.
1890 1624 2399 1675 Pyrénées-Orientales.
2431 1626 2485 1664 —
2532 1624 2703 1666 Céliba¬

1680 1686 1806 1732 taire,
1830 1687 1878 1723 37
1900 1696 1995 1732 ans,
2020 1686 2122 1724 bien
2144 1696 2248 1725 sous
2269 1686 2371 1726 tous
2391 1687 2615 1736 rapports,
2640 1695 2700 1723 re¬

1680 1755 1822 1784 venus
1864 1744 1918 1784 de
1959 1746 1983 1783 3
2010 1744 2035 1783 à
2059 1746 2180 1784 4.000
2207 1744 2372 1793 francs,
2403 1746 2488 1788 bon
2518 1756 2699 1796 garçon,

1680 1802 1826 1844 désire
1860 1804 2062 1855 mariage
2096 1815 2202 1844 avec
2236 1803 2370 1854 jeune
2404 1804 2511 1854 fille,
2548 1806 2628 1855 âge
2663 1805 2703 1844 et

1680 1863 1756 1903 dot
1784 1875 1836 1903 en
1869 1864 2068 1914 rapport.

1732 1932 1850 1971 6085.
1883 1931 1937 1968 —
1970 1931 2304 1981 Ex-négociant,
2354 1934 2404 1971 56
2451 1944 2547 1980 ans,
2598 1931 2698 1971 bien

1679 1991 1907 2039 conservé,
1951 1990 2131 2030 divorcé
2173 2002 2226 2030 en
2270 2003 2318 2032 sa
2361 1991 2533 2039 faveur,
2578 1990 2701 2035 avoir

1681 2051 1826 2090 10.000
1847 2049 1920 2099 fr.,
1944 2050 2248 2091 émoluments
2270 2051 2462 2092 annuels
2483 2052 2603 2091 1.500
2626 2050 2698 2098 fr.,

1678 2109 1823 2150 désire
1863 2110 2064 2160 mariage
2105 2120 2211 2150 avec
2252 2121 2475 2160 personne
2515 2108 2702 2150 assortie

1679 2169 1814 2219 ayant
1841 2167 2055 2208 situation
2084 2180 2140 2208 ou
2170 2179 2435 2209 commerce.
2470 2168 2670 2210 Sérieux.

1731 2236 1848 2275 6089.
1875 2236 2072 2276 Canada.
2094 2238 2147 2276 —
2166 2238 2310 2277 Jeune
2334 2238 2515 2276 homme
2530 2238 2580 2275 33
2603 2247 2698 2285 ans,

1679 2295 1887 2335 habitant
1911 2294 2207 2335 merveilleux
2231 2305 2355 2345 pays,
2382 2295 2538 2336 climat
2562 2295 2700 2335 excel¬

1679 2354 1786 2403 lent,
1820 2355 1906 2395 bon
1939 2354 2099 2395 métier
2130 2355 2396 2406 rapportant
2424 2358 2476 2395 20
2507 2354 2531 2394 à
2560 2358 2611 2395 22
2643 2354 2696 2394 fr.

1679 2426 1760 2464 par
1782 2414 1900 2464 jour,
1928 2414 2074 2455 désire
2096 2412 2298 2463 mariage
2322 2424 2426 2455 avec
2450 2415 2586 2464 jeune
2608 2412 2700 2453 fille

1679 2473 1732 2514 de
1754 2476 1803 2512 24
1827 2474 1852 2512 à
1875 2475 1926 2512 30
1949 2484 2044 2520 ans,
2071 2484 2176 2513 avec
2199 2484 2255 2513 ou
2282 2484 2384 2514 sans
2410 2474 2498 2514 dot.

1727 2541 1844 2579 6091.
1884 2539 2268 2578 Lot-et-Garonne.
2303 2540 2356 2577 —
2392 2538 2703 2578 Fonctionnai¬

1675 2600 1719 2640 re
1744 2600 1858 2650 Etat,
1885 2599 2006 2647 veuf,
2032 2602 2082 2638 40
2106 2610 2201 2646 ans,
2227 2598 2331 2638 bien
2355 2610 2460 2639 sous
2483 2602 2583 2639 tous
2607 2610 2702 2648 rap¬

1675 2659 1811 2709 ports,
1847 2658 2107 2699 traitement
2135 2659 2258 2697 2.000
2291 2659 2344 2698 fr.
2379 2669 2486 2699 avec
2517 2670 2700 2698 avance¬

1675 2719 1812 2767 ment,
1846 2718 2102 2769 épouserait
2160 2718 2421 2759 demoiselle
2454 2730 2510 2758 ou
2543 2730 2698 2766 veuve,

1674 2789 1778 2818 sans
1806 2778 2000 2826 enfants,
2031 2777 2086 2818 de
2111 2779 2162 2817 28
2190 2778 2215 2817 à
2240 2779 2291 2817 38
2319 2790 2414 2826 ans,
2446 2780 2580 2828 ayant
2609 2778 2695 2818 dot.

1675 2836 1838 2878 Inutile
1871 2837 1906 2878 si
1940 2848 2020 2887 pas
2051 2835 2242 2877 sérieux.

1726 2907 1843 2945 6092.
1878 2907 2099 2954 Aveyron.
2127 2927 2180 2933 —
2210 2905 2492 2955 Célibataire,
2523 2908 2574 2946 40
2602 2916 2696 2954 ans,

1675 2963 1888 3004 militaire
1924 2963 2198 3012 retraitable,
2262 2967 2339 3005 768
2376 2963 2431 3006 fr.
2470 2964 2698 3006 annuelle¬

1674 3026 1810 3072 ment,
1844 3024 1979 3075 ayant
2011 3023 2128 3066 droit
2158 3025 2183 3063 à
2215 3036 2273 3065 un
2308 3024 2473 3076 emploi
2508 3027 2696 3073 réservé,

1671 3083 1816 3125 désire
1848 3083 2048 3134 mariage
2079 3095 2186 3124 avec
2216 3084 2478 3127 demoiselle
2508 3096 2564 3126 ou
2599 3096 2698 3124 veu¬

1674 3155 1723 3184 ve
1752 3154 1858 3183 sans
1886 3143 2066 3183 enfants
2094 3143 2147 3183 de
2176 3145 2227 3183 35
2255 3143 2280 3183 à
2308 3147 2359 3184 40
2386 3156 2482 3192 ans,
2514 3146 2599 3184 bon
2631 3156 2698 3184 ca¬

1673 3203 1855 3250 ractère,
1884 3202 1959 3242 dot
1987 3206 2035 3242 10
2059 3203 2085 3243 à
2109 3205 2258 3242 20.000
2284 3202 2338 3244 fr.
2367 3216 2422 3244 ou
2451 3204 2617 3254 emploi
2644 3204 2698 3244 de

1670 3260 1815 3302 l’Etat.
1851 3263 1961 3303 Très
1994 3263 2158 3308 pressé.

1725 3331 1842 3369 6095.
1876 3330 2127 3378 Dordogne.
2155 3354 2208 3358 —
2235 3332 2467 3371 Monsieur
2522 3332 2696 3372 abonné

1672 3400 1777 3429 sans
1799 3399 2017 3428 annonce.

1728 3459 1846 3497 6097.
1879 3458 2264 3499 Lot-et-Garonne.
2291 3460 2346 3499 —
2371 3460 2514 3500 Jeune
2570 3460 2692 3500 hom¬

1674 3527 1758 3565 me,
1785 3516 1859 3556 fils
1884 3518 2068 3568 unique,
2094 3519 2144 3556 28
2167 3529 2262 3566 ans,
2289 3520 2422 3567 brun,
2448 3520 2560 3559 beau
2586 3520 2695 3570 phy¬

1671 3576 1814 3626 sique,
1842 3575 1964 3615 taille
2019 3579 2035 3615 1
2066 3588 2126 3616 m.
2154 3579 2218 3624 70,
2272 3577 2348 3618 dot
2371 3580 2519 3618 50.000
2571 3579 2626 3618 fr.
2655 3579 2695 3618 et

1668 3635 1863 3686 grandes
1891 3636 2155 3686 espérances
2182 3638 2437 3687 épouserait
2462 3638 2695 3680 demoisel¬

1672 3696 1711 3735 le
1735 3696 1788 3735 de
1816 3698 1863 3735 18
1888 3696 1914 3735 à
1936 3698 1987 3735 22
2011 3707 2107 3743 ans,
2135 3696 2235 3735 bien
2263 3698 2424 3746 élevée,
2454 3699 2626 3738 aimant
2652 3699 2695 3738 la

1670 3766 1920 3804 campagne
1946 3756 1988 3796 et
2014 3758 2150 3806 ayant
2175 3756 2405 3798 situation.

1722 3824 1825 3862 6098
1848 3824 1893 3863 et
1918 3824 2036 3863 6099.
2071 3824 2459 3866 Haute-Garonne.
2488 3851 2540 3855 —
2568 3828 2691 3866 Deux

1670 3881 1823 3930 frères,
1849 3882 2019 3930 nobles,
2045 3882 2085 3922 le
2132 3883 2331 3934 premier
2377 3887 2428 3924 20
2449 3896 2544 3932 ans,
2569 3886 2609 3924 le
2630 3898 2690 3927 se¬

1667 3941 1781 3982 cond
1804 3943 1854 3980 24
1878 3952 1974 3990 ans,
2002 3944 2139 3993 ayant
2160 3943 2251 3983 l'un
2278 3945 2319 3984 et
2342 3943 2499 3986 l’autre
2523 3944 2690 3996 emploi

1667 4000 1864 4051 lucratif,
1894 4001 2091 4042 désirent
2143 4002 2342 4055 mariage
2395 4016 2499 4046 avec
2524 4006 2691 4046 demoi¬

1667 4060 1774 4101 selle
1799 4072 1854 4100 ou
1882 4060 2014 4100 dame
2040 4062 2176 4112 ayant
2203 4062 2396 4104 fortune.
2428 4065 2547 4106 Pour
2572 4066 2612 4107 le
2640 4070 2656 4106 1
2663 4072 2691 4090 er

1667 4120 1807 4160 écrire
1828 4132 1883 4160 au
1911 4127 1963 4160 n°
1990 4124 2106 4170 6098,
2132 4134 2247 4172 pour
2268 4122 2308 4163 le
2330 4127 2354 4163 2
2356 4128 2370 4144 e
2390 4126 2530 4167 écrire
2552 4138 2608 4166 au
2634 4132 2686 4166 n°

1666 4180 1782 4219 6099.

1798 4259 1918 4298 Lisez
1939 4270 1992 4299 en
2015 4262 2039 4299 4
2042 4267 2054 4282 e
2078 4271 2190 4310 page
2214 4262 2251 4301 le
2275 4264 2474 4304 courrier
2495 4266 2687 4312 grapho¬

1667 4316 1860 4367 logique.

1716 4395 1832 4436 6102.
1890 4396 2110 4436 Charente
2131 4419 2144 4427 -
2168 4397 2428 4439 Inférieure.
2451 4424 2506 4428 —
2556 4402 2685 4448 Veuf,

1664 4457 1768 4489 sans
1791 4447 1985 4496 enfants,
2012 4451 2063 4488 39
2087 4462 2182 4498 ans,
2239 4454 2255 4490 1
2283 4464 2343 4492 m.
2371 4454 2435 4500 58,
2489 4454 2685 4500 châtain,

1662 4510 1871 4558 charron,
1904 4511 2040 4552 établi
2071 4511 2231 4563 depuis
2266 4516 2312 4553 10
2342 4527 2438 4562 ans,
2471 4515 2683 4556 situation

1660 4563 1782 4602 2.000
1811 4563 1865 4603 fr.
1898 4564 2084 4615 liquidé,
2115 4566 2260 4607 désire
2289 4568 2478 4619 épouser
2507 4580 2686 4619 person¬

1662 4627 1715 4656 ne
1743 4616 1931 4657 environ
1959 4619 2010 4660 30
2039 4630 2134 4667 ans,
2164 4619 2312 4663 bonne
2341 4622 2480 4671 santé,
2539 4623 2684 4663 bonne

1660 4670 1886 4718 conduite,
1921 4672 2056 4722 ayant
2089 4672 2198 4722 petit
2230 4675 2355 4714 avoir
2412 4675 2452 4715 et
2486 4678 2685 4726 pouvant

1663 4721 1699 4764 le
1724 4724 1952 4764 seconder.
1983 4724 2170 4765 Sérieux
2195 4726 2236 4766 et
2260 4728 2426 4776 pressé.

1715 4787 1833 4825 6106.
1862 4787 2292 4829 Tarn-et-Garonne.
2316 4812 2369 4819 —
2391 4790 2534 4830 Jeune
2558 4791 2683 4831 hom¬

1664 4855 1734 4883 me
1759 4846 1810 4883 33
1834 4856 1930 4890 ans,
1958 4846 2132 4886 famille
2156 4847 2404 4889 honorable
2430 4851 2472 4891 et
2495 4860 2600 4890 sans
2624 4850 2682 4890 tâ¬

1662 4904 1758 4951 che,
1788 4904 2012 4956 physique
2038 4906 2262 4956 agréable,
2292 4908 2516 4950 caractère
2543 4910 2679 4958 doux,

1663 4961 1751 5003 très
1771 4964 1963 5012 sérieux,
1989 4966 2267 5015 agriculteur
2287 4967 2341 5008 de
2366 4969 2383 5006 1
2389 4971 2419 4988 er
2438 4968 2584 5018 ordre,
2608 4980 2681 5020 pe¬

1663 5022 1738 5063 tite
1764 5023 1854 5074 dot,
1883 5024 2102 5065 sérieuses
2127 5026 2396 5076 économies,
2426 5028 2680 5079 épouserait

1661 5079 1936 5131 demoiselle,
1967 5094 2107 5124 veuve
2134 5096 2191 5125 ou
2247 5086 2467 5135 divorcée,
2497 5090 2551 5128 de
2576 5090 2628 5127 24
2655 5088 2680 5127 à

1658 5142 1710 5180 35
1728 5154 1824 5190 ans,
1848 5144 1983 5193 ayant
2004 5143 2118 5186 belle
2138 5143 2351 5186 situation
2374 5158 2431 5187 ou
2453 5146 2559 5198 jolie
2579 5159 2678 5199 pro¬

1659 5202 1799 5252 priété
1812 5202 1847 5240 *à
1871 5202 1913 5243 la
1937 5215 2201 5254 campagne.

1710 5271 1827 5311 6107.
1859 5271 2071 5311 Gironde.
2099 5295 2153 5300 —
2178 5272 2411 5314 Monsieur
2439 5274 2546 5314 veuf
2572 5286 2676 5315 sans

1659 5339 1875 5370 annonce.

1708 5402 1826 5443 6108.
1852 5402 1962 5443 Gers
1982 5427 2033 5431 —
2055 5402 2323 5446 Célibataire
2344 5406 2394 5444 40
2415 5416 2510 5455 ans,
2536 5416 2590 5447 ne
2608 5404 2675 5447 les

1656 5460 1912 5512 paraissant
1992 5475 2088 5514 pas,
2147 5464 2354 5505 habitant
2431 5466 2672 5516 propriété,

1655 5521 1791 5571 ayant
1818 5521 1895 5562 dot
1922 5523 1963 5563 et
1990 5523 2269 5572 espérances,
2300 5523 2402 5565 bien
2432 5524 2673 5576 physique¬

1651 5584 1790 5629 ment,
1832 5580 2038 5620 conduite
2086 5582 2675 5632 irréprochablecatholi¬

1652 5654 1739 5692 que
1791 5642 2069 5694 pratiquant,
2123 5644 2268 5686 désire
2321 5646 2521 5696 mariage
2573 5647 2671 5687 reli¬

1650 5702 1785 5753 gieux
1813 5711 1920 5743 avec
1946 5703 2207 5744 demoiselle
2234 5716 2291 5745 ou
2319 5716 2461 5747 veuve
2487 5706 2671 5747 catholi¬

1651 5772 1751 5812 que,
1778 5763 1914 5812 ayant
1935 5763 2075 5803 avoir.

1703 5832 1820 5871 6109.
1849 5832 1942 5871 Lot.
1965 5855 2019 5859 —
2042 5831 2158 5878 Vepf
2208 5832 2305 5875 seul
2328 5835 2380 5874 50
2430 5845 2526 5883 ans,
2579 5834 2666 5875 bon

1644 5899 1779 5939 cœur,
1819 5891 1907 5930 très
1946 5891 2134 5940 sérieux,
2166 5890 2370 5943 honnête,
2406 5892 2491 5936 bon
2526 5904 2670 5934 carac¬

1644 5953 1747 5999 tère,
1775 5952 1900 5998 brun,
1928 5957 1943 5991 1
1971 5964 2027 5992 m.
2058 5956 2124 6001 65,
2156 5953 2396 6003 possédant
2428 5955 2479 5993 20
2499 5956 2576 5995 000
2598 5956 2666 6004 fr.,

1646 6013 1910 6056 immeubles
1928 6027 1982 6055 ou
2003 6015 2224 6066 capitaux,
2244 6016 2670 6068 épouseraiLdemoi¬

1642 6079 1750 6116 selle
1775 6088 1828 6116 ou
1850 6090 1990 6118 veuve
2014 6076 2152 6127 seule,
2182 6079 2390 6119 situation
2422 6092 2476 6119 ou
2506 6083 2587 6128 âge
2615 6092 2664 6120 en

1644 6144 1834 6191 rapport.
1859 6142 1914 6180 Se
1936 6139 2205 6191 déplacerait
2226 6153 2280 6180 au
2306 6141 2472 6182 besoin.

1698 6205 1815 6244 6113.
1852 6203 2283 6244 Tarn-et-Garonne.
2317 6228 2371 6234 —
2431 6206 2663 6246 Monsieur

1645 6263 1835 6312 abonné,
1859 6275 1964 6304 sans
1984 6274 2200 6306 annonce.

1695 6332 1812 6372 6115.
1835 6332 1960 6372 Gers.
1980 6354 2033 6359 —
2050 6329 2334 6379 Célibataire,
2355 6330 2408 6371 30
2425 6342 2521 6379 ans,
2542 6342 2662 6371 com¬

1638 6388 2170 6440 merçant-propriétaire,
2198 6399 2384 6428 revenus
2406 6390 2519 6430 deux
2542 6390 2662 6428 mille

1635 6442 1746 6483 deux
1759 6446 1883 6483 cents
1903 6442 1970 6492 fr.,
1991 6440 2089 6481 bien
2106 6442 2459 6492 physiquement.
2476 6443 2662 6492 parfaite

1639 6504 1955 6552 honorabilité,
1987 6503 2243 6554 épouserait
2294 6505 2431 6555 jeune
2459 6504 2552 6544 fille
2603 6506 2658 6546 de

1638 6566 1688 6607 20
1714 6564 1740 6604 à
1764 6566 1816 6606 27
1842 6575 1938 6614 ans,
1968 6562 2179 6615 sérieuse,
2207 6562 2422 6606 situation
2450 6576 2503 6607 en
2558 6576 2658 6616 rap¬

1638 6625 1752 6676 port,
1782 6626 1983 6677 pouvant
2010 6623 2166 6664 l’aider
2191 6623 2306 6664 dans
2331 6636 2410 6665 son
2439 6635 2656 6665 commer¬

1636 6694 1698 6725 ce.

2795 451 2819 469 •'
2835 455 2939 492 6116
2962 455 3118 494 .Tarn.
3139 476 3192 482 —
3227 456 3458 497 Monsieur
3494 467 3598 496 sans
3626 456 3790 496 famille

2782 518 2832 556 60
2850 528 2944 568 ans,
2978 518 3075 559 n’en
3108 522 3359 570 paraissant
3395 532 3482 574 que
3519 524 3583 571 50,
3630 522 3808 563 robuste

2780 586 2920 629 santé,
2986 586 3294 626 universitaire
3348 588 3525 628 retraité
3600 590 3703 628 -000
3754 588 3804 630 fr,

2780 650 2835 690 de
2855 656 3000 692 rentes
3022 656 3063 692 et
3096 652 3274 704 capital,
3311 654 3455 694 désire
3488 655 3808 704 correspondre

2780 728 2886 761 avec
2923 718 3052 758 dame
3088 730 3242 769 veuve,
3275 719 3532 768 honorable,
3588 722 3804 771 instruite,

2779 783 2831 822 50
2846 783 2870 822 à
2890 784 2941 823 60
2959 795 3052 831 ans,
3079 788 3209 834 ayant
3234 794 3438 826 revenus.
3460 784 3642 824 Sérieux
3655 815 3662 824 .

2833 847 2951 887 6117.
2992 847 3378 887 Lot-et-Garonne.
3414 847 3468 887 —
3501 847 3644 888 Jeune
3683 849 3806 887 hom¬

2780 901 2852 939 me
2871 901 2923 940 25
2945 911 3042 948 ans,
3067 900 3358 951 agriculteur,
3386 901 3583 950 instruit,
3608 914 3690 953 pas
3711 902 3807 942 vul¬

2779 952 2916 1002 gaire,
2974 955 3108 1004 ayant
3162 966 3352 994 avances
3406 955 3447 994 et
3472 955 3699 1005 propriété
3753 955 3807 994 de

2782 1008 2927 1047 15.000
2949 1007 3022 1055 fr.,
3046 1007 3302 1058 épouserait
3320 1008 3456 1058 jeune
3476 1019 3714 1058 personne,
3739 1019 3807 1048 ca¬

2780 1059 2964 1108 ractère,
2995 1060 3076 1111 âge
3106 1062 3147 1102 et
3175 1060 3390 1102 situation
3422 1071 3474 1100 en
3506 1063 3693 1113 rapport
3748 1072 3806 1102 ou

2781 1112 2903 1153 riche
2928 1124 3034 1154 sans
3059 1114 3284 1165 préjugés.

2832 1176 2874 1214 2°
2894 1175 2950 1215 Le
2968 1176 3092 1215 Trait
3114 1176 3306 1215 d’Union
3327 1178 3391 1215 est
3412 1187 3472 1215 un
3492 1177 3672 1225 journal
3696 1179 3804 1216 hon¬

2781 1234 2880 1274 nête
2908 1239 2951 1275 et
2980 1236 3206 1284 n’accepte
3236 1247 3322 1284 que
3379 1236 3456 1275 des
3484 1246 3711 1278 annonces
3740 1236 3804 1278 sé¬

2780 1294 2964 1335 rieuses.

2832 1373 2949 1412 6118.
2982 1373 3367 1412 Lot-et-Garonne.
3392 1396 3446 1402 —
3472 1374 3602 1423 Veuf,
3630 1376 3681 1412 49
3707 1384 3803 1420 ans,

2778 1423 3070 1474 agriculteur,
3098 1424 3324 1470 chevalier
3350 1426 3411 1467 du
3439 1427 3598 1467 Mérite
3626 1426 3805 1476 Agrico¬

2778 1478 2833 1526 le,
2863 1478 2976 1518 belle
3000 1478 3227 1530 propriété
3253 1478 3307 1519 de
3332 1481 3520 1531 rapport
3570 1481 3612 1520 et
3637 1479 3805 1530 d’agré¬

2779 1532 2916 1579 ment,
2942 1531 3085 1572 désire
3106 1531 3247 1572 union
3270 1543 3375 1573 avec
3396 1543 3619 1583 personne
3640 1534 3805 1574 sérieu¬

2778 1595 2838 1632 se,
2863 1584 2916 1627 de
2939 1587 2990 1624 38
3014 1586 3038 1624 à
3059 1588 3111 1625 50
3135 1596 3230 1632 ans,
3258 1587 3359 1636 apte
3382 1587 3407 1626 à
3431 1585 3599 1637 diriger
3623 1599 3670 1631 sa
3694 1584 3803 1626 mai¬

2776 1647 2855 1676 son
2883 1638 2924 1677 et
2950 1640 3084 1687 ayant
3110 1638 3186 1678 dot
3211 1640 3356 1679 10.000
3383 1639 3437 1678 fr.

2830 1710 2947 1748 6119.
2975 1710 3215 1749 Toulouse.
3238 1734 3291 1738 —
3314 1711 3444 1758 Veuf,
3471 1711 3522 1751 59
3544 1722 3640 1760 ans,
3668 1712 3804 1762 ayant

2779 1759 3044 1811 profession,
3070 1762 3245 1802 maison
3268 1775 3321 1803 en
3346 1762 3452 1803 ville
3472 1763 3515 1804 et
3535 1775 3799 1815 campagne,

2782 1824 2971 1855 revenus
3006 1816 3128 1855 2.500
3164 1815 3219 1863 fr,
3259 1816 3525 1857 sentiments
3562 1817 3796 1868 religieux,

2778 1865 2922 1907 désire
2946 1868 3147 1918 mariage
3172 1880 3278 1908 avec
3304 1879 3527 1919 personne
3551 1872 3640 1911 très
3665 1871 3803 1910 hono¬

2778 1919 2916 1969 rable,
2942 1922 3068 1971 d’âge
3092 1922 3267 1971 assorti,
3292 1922 3424 1974 goûts
3447 1923 3648 1975 simples.
3676 1922 3804 1963 Réfé¬

2778 1983 2930 2016 rences
2963 1975 3152 2024 exigées.

2829 2047 2946 2087 6120.
2980 2047 3397 2096 Basses-Pyrénées.
3426 2071 3479 2079 —
3509 2050 3638 2096 Veuf,
3686 2048 3799 2096 seul,

2775 2098 2943 2139 certain
3002 2100 3096 2151 âge,
3155 2100 3487 2143 fonctionnaire
3542 2102 3596 2141 de
3652 2102 3798 2150 l’Etat,

2774 2154 2895 2191 2.000
2923 2153 2978 2192 fr.
3007 2154 3188 2204 jusqu’à
3215 2154 3259 2194 la
3286 2154 3351 2194 fin
3381 2155 3434 2195 de
3462 2165 3531 2195 ses
3556 2155 3698 2204 jours,
3730 2155 3797 2195 bel

2776 2207 2972 2255 homme,
3007 2207 3132 2247 avoir
3163 2208 3418 2258 personnel,
3479 2209 3604 2248 santé
3662 2208 3803 2250 excel¬

2776 2259 2908 2308 lente,
2947 2260 3154 2302 habitant
3188 2262 3296 2302 ville
3331 2261 3506 2309 d’eaux,
3545 2262 3800 2313 épouserait

2777 2313 3047 2355 Demoiselle
3071 2326 3128 2355 ou
3155 2315 3296 2355 Dame
3322 2314 3376 2354 de
3402 2316 3452 2354 40
3478 2314 3502 2354 à
3527 2318 3578 2356 56
3602 2328 3698 2364 ans,
3727 2318 3802 2358 ho¬

2777 2366 2960 2407 norable
2987 2368 3030 2408 et
3056 2367 3156 2408 bien
3187 2368 3348 2415 élevée,
3380 2368 3516 2418 ayant
3543 2370 3690 2410 rentes
3743 2382 3800 2410 ou

2775 2420 3042 2460 économies.

2827 2493 2944 2532 6122.
2979 2493 3318 2534 Haute-Marne.
3347 2518 3400 2522 —
3428 2494 3616 2535 Officier
3646 2496 3800 2535 minis¬

2774 2544 2915 2594 tériel,
2943 2548 2990 2585 31
3020 2558 3115 2594 ans,
3147 2547 3447 2587 honorabilité
3474 2548 3683 2598 parfaite,
3712 2550 3800 2588 très

2776 2598 3042 2651 intelligent,
3075 2600 3299 2640 caractère
3328 2601 3415 2651 gai,
3448 2603 3692 2651 possédant
3719 2614 3797 2642 son

2772 2651 2904 2693 étude
2926 2653 3083 2693 valeur
3104 2655 3254 2692 30.000
3275 2654 3330 2692 fr.
3355 2654 3397 2694 et
3418 2655 3570 2695 autres
3591 2656 3797 2706 espéran¬

2772 2714 2858 2752 ces,
2886 2704 3120 2746 désirerait
3145 2718 3346 2756 mariage
3371 2719 3476 2747 avec
3529 2708 3799 2750 Demoiselle

2775 2758 2891 2805 bien,
2928 2760 2982 2800 de
3015 2760 3163 2800 bonne
3224 2760 3412 2808 famille,
3447 2764 3499 2802 20
3531 2763 3557 2803 à
3588 2765 3639 2803 25
3699 2775 3795 2811 ans,

2773 2812 2908 2862 ayant
2936 2812 3012 2852 dot
3042 2812 3095 2853 de
3122 2815 3174 2852 25
3203 2814 3228 2852 à
3255 2815 3403 2854 30.000
3434 2814 3488 2855 fr.
3521 2816 3563 2856 et
3591 2816 3798 2867 espéran¬

2771 2875 2856 2905 ces.

2827 2939 2940 2978 6124.
2974 2940 3195 2987 Aveyron.
3220 2963 3274 2967 —
3297 2940 3442 2979 Jeune
3495 2941 3692 2990 homme,
3746 2944 3798 2982 27

2772 3002 2867 3038 ans,
2899 2991 3000 3032 bien
3032 3003 3138 3032 sous
3166 2991 3266 3034 tous
3296 2994 3519 3044 rapports,
3578 2994 3796 3036 ancienne

2774 3043 2962 3092 famille,
2999 3046 3147 3084 50.000
3184 3043 3239 3084 fr.
3280 3046 3550 3087 immeubles
3614 3058 3795 3100 person¬

2772 3095 2868 3135 nels
2891 3098 2932 3136 et
2955 3099 3219 3148 espérances
3242 3100 3383 3147 sûres,
3409 3096 3666 3150 épouserait
3715 3102 3796 3142 De¬

2773 3149 2987 3199 moiselle,
3016 3151 3152 3201 ayant
3178 3152 3253 3192 dot
3279 3153 3514 3202 analogue.
3546 3156 3612 3195 Au
3640 3155 3793 3195 besoin

2770 3214 2815 3242 se
2842 3202 3092 3253 déplacera.

2823 3270 2925 3308 6125
2974 3270 3375 3311 Hautr-Garonne.
3403 3273 3442 3313 —
3467 3273 3602 3322 Veuf,
3623 3276 3672 3312 44
3695 3286 3790 3324 ans,

2771 3329 2986 3380 physique
3014 3334 3155 3380 jeune,
3195 3333 3370 3372 retraité
3397 3334 3450 3374 de
3473 3334 3614 3383 l’Etat,
3640 3336 3718 3376 800
3739 3336 3788 3378 fr.

2771 3392 2960 3432 Possède
2992 3395 3065 3444 joli
3101 3395 3339 3436 immeuble
3368 3396 3468 3436 neuf
3498 3401 3539 3436 et
3574 3400 3791 3448 propriété

2767 3454 2897 3494 d’une
2920 3456 3071 3496 valeur
3091 3457 3146 3496 de
3167 3459 3315 3499 20.C00
3336 3458 3495 3500 francs.
3529 3460 3792 3511 Epouserait

2767 3528 2906 3559 veuve
2927 3530 2982 3559 ou
3003 3519 3262 3559 demoiselle
3284 3522 3359 3571 qui
3382 3522 3526 3563 aurait
3547 3522 3790 3566 l’intention

2767 3578 2820 3618 de
2842 3582 3047 3631 partager
3068 3580 3136 3621 vie
3156 3580 3379 3632 agréable.

2819 3654 2935 3694 6127.
2969 3655 3371 3695 Haute-Garonne.
3404 3656 3455 3695 —
3489 3654 3788 3704 Célibataire,

2764 3715 2813 3751 42
2847 3723 2943 3762 ans,
2977 3716 3130 3763 grand,
3170 3716 3298 3764 brun,
3335 3716 3499 3756 famille
3534 3720 3622 3758 très
3651 3720 3789 3759 hono¬

2765 3775 2900 3825 rable,
2926 3778 3048 3816 avoir
3076 3780 3124 3816 25
3146 3779 3224 3818 000
3246 3779 3312 3827 fr.,
3346 3778 3555 3819 situation
3583 3780 3790 3830 indépen¬

2764 3838 2893 3878 dante
2916 3843 3174 3891 rapportant
3191 3842 3312 3880 4.000
3331 3842 3384 3880 fr.
3403 3852 3483 3891 par
3502 3853 3571 3892 an,
3587 3842 3791 3883 s’unirait

2762 3911 2870 3940 avec
2905 3902 3163 3944 demoiselle
3198 3915 3254 3943 ou
3287 3914 3426 3943 veuve
3462 3909 3594 3954 ayant
3626 3908 3707 3955 âge
3747 3909 3788 3946 et

2763 3964 2951 4013 position
2971 3966 3262 4015 équivalente.

2815 4038 2932 4076 6129.
2964 4036 3165 4079 Hérault.
3190 4040 3244 4080 —
3270 4039 3538 4084 Célibataire
3580 4041 3692 4091 seul,
3735 4046 3786 4084 38

2763 4106 2859 4144 ans,
2891 4096 2992 4136 n’en
3023 4099 3280 4148 paraissant
3307 4112 3396 4152 que
3423 4102 3490 4151 30,
3521 4103 3784 4155 propriétai¬

2763 4167 2808 4195 re
2830 4155 3106 4207 viticulteur,
3132 4158 3331 4209 instruit,
3357 4159 3459 4200 bien
3484 4162 3620 4212 élevé,
3647 4163 3786 4204 musi¬

2762 4214 2874 4263 cien,
2911 4216 3083 4259 famille
3131 4219 3396 4262 honorable,
3428 4222 3684 4271 épouserait
3714 4224 3785 4264 de¬

2763 4274 2964 4318 moiselle
2987 4278 3041 4318 de
3064 4278 3215 4319 bonne
3236 4276 3412 4319 famille
3434 4291 3491 4319 ou
3515 4291 3657 4322 veuve
3680 4294 3785 4323 sans

2762 4334 2956 4384 enfants,
2980 4348 3087 4378 avec
3107 4338 3198 4378 dot.
3223 4338 3286 4379 De
3307 4338 3568 4390 préférence
3591 4340 3786 4382 Toulou¬

2762 4406 2807 4434 se
2828 4406 2885 4435 ou
2908 4396 3135 4438 environs.
3163 4396 3219 4438 Se
3241 4399 3530 4450 déplacerait.

2813 4483 2931 4523 6131.
2975 4483 3100 4523 Gers.
3140 4507 3194 4512 —
3246 4484 3528 4536 Célibataire,
3582 4488 3628 4527 41
3685 4498 3780 4532 ans,

2763 4541 2907 4580 15.000
2937 4542 2991 4581 fr.
3024 4554 3076 4584 en
3110 4544 3301 4595 espèces,
3334 4544 3482 4585 bonne
3511 4546 3780 4588 instruction

2760 4598 2800 4638 et
2842 4599 3096 4651 éducation,
3127 4603 3304 4644 sérieux
3331 4603 3374 4644 et
3399 4603 3626 4656 économe,
3656 4607 3782 4648 hom¬

2760 4671 2830 4699 me
2886 4659 2939 4700 de
2994 4671 3132 4709 cœur,
3179 4663 3320 4704 solidé
3366 4663 3588 4715 affection,
3636 4667 3782 4707 désire

2760 4718 2898 4759 union
2946 4730 3053 4760 avec
3098 4720 3359 4763 demoiselle
3388 4734 3444 4762 ou
3474 4734 3616 4765 veuve
3646 4727 3782 4776 ayant

2759 4779 2906 4819 bonne
2942 4780 3155 4820 situation
3192 4783 3232 4822 et
3268 4781 3536 4823 excellentes
3570 4784 3776 4833 qualités.

2759 4838 2839 4878 Lui
2862 4839 3017 4879 écrire.

2814 4907 3018 4955 Envoyez
3050 4906 3075 4946 à
3110 4909 3150 4947 la
3185 4908 3408 4947 Direction
3444 4909 3520 4948 des
3552 4920 3780 4952 annonces

2755 4966 2989 5014 sérieuses,
3015 4968 3172 5016 vraies,
3196 4968 3407 5014 sincères,
3432 4967 3639 5018 précises,
3666 4983 3778 5019 pour

2755 5024 2895 5066 éviter
2922 5027 2999 5066 des
3023 5027 3251 5075 surprises
3279 5027 3537 5075 imprévues
3563 5033 3603 5068 et
3656 5032 3778 5072 désa¬

2755 5086 2972 5132 gréables.

2806 5155 2922 5193 6132.
2947 5155 3086 5196 Tarn.
3106 5179 3160 5184 —
3179 5157 3322 5196 Jeune
3346 5157 3543 5205 homme,
3568 5157 3701 5208 brun,
3724 5162 3774 5199 27

2754 5224 2847 5262 ans,
2872 5213 3123 5264 négociant,
3147 5216 3360 5256 situation
3382 5219 3407 5256 7
3427 5215 3452 5256 à
3471 5218 3592 5256 8.000
3614 5218 3667 5258 fr.
3692 5231 3774 5269 par

2752 5283 2824 5319 an,
2847 5274 3111 5325 espérances
3132 5276 3232 5316 cent
3252 5276 3391 5318 mille.
3417 5276 3683 5326 Epouserait
3702 5278 3774 5318 de¬

2752 5331 2954 5372 moiselle
2975 5332 3028 5373 de
3048 5336 3100 5374 20
3120 5335 3146 5375 à
3164 5338 3215 5375 25
3236 5347 3332 5383 ans,
3355 5335 3477 5386 jolie,
3502 5335 3770 5386 distinguée,

2748 5394 2880 5441 ayant
2900 5391 2975 5431 dot
2999 5391 3054 5431 de
3074 5394 3122 5431 20
3144 5395 3165 5431 à
3184 5394 3234 5432 50
3255 5394 3332 5434 600
3353 5394 3514 5434 francs.

2802 5455 2919 5495 6133.
2947 5454 3075 5495 Midi.
3094 5459 3150 5496 —
3168 5458 3300 5507 Veuf,
3323 5459 3372 5496 41
3395 5467 3492 5506 ans,
3515 5468 3575 5497 un
3598 5456 3768 5507 enfant,

2752 5516 2798 5550 16
2818 5514 2897 5551 000
2938 5514 2974 5551 fi-
3036 5524 3226 5554 revenus
3272 5515 3459 5555 annuels
3507 5525 3559 5555 en
3612 5519 3770 5566 rentes,

2748 5571 2894 5615 désire
2914 5572 3115 5624 mariage
3135 5584 3242 5616 avec
3260 5574 3522 5618 demoiselle
3542 5587 3599 5616 ou
3621 5574 3767 5627 dame,

2747 5643 2852 5672 sans
2875 5634 3069 5682 enfants,
3096 5632 3213 5683 bien,
3239 5635 3370 5687 goûts
3393 5635 3595 5686 simples,
3623 5635 3770 5678 bonne

2747 5691 2969 5743 moralité,
3016 5692 3152 5744 ayant
3195 5695 3413 5747 quelques
3457 5704 3663 5735 revenus.
3696 5696 3769 5738 Sé¬

2745 5751 2887 5791 rieux.

2790 5821 2908 5861 6134.
2938 5821 3175 5862 Charente.
3199 5823 3252 5863 —
3290 5823 3434 5863 Jeune
3477 5822 3674 5872 homme,
3715 5824 3766 5864 35

2743 5891 2839 5928 ans,
2887 5880 3047 5932 grand,
3096 5882 3231 5928 brun,
3280 5882 3455 5927 famille
3500 5882 3763 5932 honorable,

2743 5938 2968 5990 propriété
3011 5942 3159 5981 20.000
3203 5939 3258 5979 fr.
3290 5942 3399 5991 qu’il
3444 5940 3638 5992 exploite
3683 5942 3764 5983 lui-

2742 5999 2903 6049 même,
2947 5999 3202 6052 épouserait
3242 5999 3502 6043 demoiselle
3542 6011 3598 6040 ou
3624 6011 3763 6043 veuve

2740 6059 2927 6100 voulant
2970 6058 3146 6100 habiter
3188 6059 3234 6100 la
3258 6070 3508 6111 campagne
3534 6060 3575 6100 et
3602 6060 3763 6100 s’occu¬

2740 6130 2818 6170 per
2860 6119 2921 6160 du
2965 6120 3154 6170 ménage
3196 6131 3252 6160 ou
3280 6118 3334 6160 de
3360 6119 3496 6171 petite
3523 6117 3759 6161 industrie.

2740 6179 2825 6219 Pas
2845 6180 3053 6231 exigeant
3072 6191 3150 6220 sur
3170 6179 3259 6220 dot.
3284 6176 3486 6220 Sérieux.

2791 6248 2907 6288 6136.
2947 6246 3374 6298 Hautes-Pyrénéss.
3405 6247 3459 6287 —
3493 6247 3760 6288 Célibataire

2736 6307 2787 6345 37
2808 6318 2904 6356 ans,
2930 6306 3051 6347 idées
3071 6306 3232 6358 larges,
3258 6306 3335 6346 dot
3355 6307 3475 6347 5.000
3498 6307 3552 6347 fr.
3577 6306 3760 6356 épouse¬

2736 6366 2823 6406 rait
2846 6366 3106 6407 demoiselle
3131 6378 3189 6407 ou
3213 6376 3355 6407 veuve
3381 6365 3435 6406 de
3458 6368 3511 6406 26
3534 6366 3560 6405 à
3583 6366 3635 6404 35
3659 6376 3754 6407 ans.

2735 6424 2938 6466 Sérieux.

2784 6503 2902 6544 6137.
2938 6504 3063 6544 Gers.
3094 6526 3148 6531 —
3178 6502 3424 6548 Monsieur,
3455 6503 3507 6542 50
3538 6512 3632 6549 ans,
3666 6503 3755 6544 très

2731 6560 2923 6612 sérieux,
2951 6562 3078 6603 santé
3103 6560 3295 6612 parfaite
3320 6559 3362 6603 et
3386 6558 3615 6610 situation,
3643 6560 3754 6603 dési¬

2731 6633 2778 6662 re
2827 6621 3016 6671 épouser
3067 6621 3199 6663 dame
3238 6634 3296 6663 ou
3335 6619 3596 6662 demoiselle
3619 6623 3754 6671 ayant

2730 6680 2926 6731 éprouvé
2971 6680 3126 6733 peines
3170 6679 3378 6722 morales.
3411 6679 3568 6723 Bonne
3610 6679 3750 6731 santé,

3880 455 4012 507 goûts
4056 455 4256 511 simples,
4290 458 4438 499 rentes
4482 460 4523 500 et
4567 472 4759 503 revenus
4787 464 4902 511 sûrs,

3880 515 3984 555 d’au
4008 518 4155 563 moins
4178 520 4299 563 3,000
4323 518 4376 558 fr.

3934 594 4051 631 6138.
4080 594 4386 636 Haute-Loire.
4408 619 4461 624 —
4484 598 4599 639 Veuf
4620 610 4726 640 avec
4747 599 4904 640 enfant

3880 651 3934 692 de
3955 653 3979 690 6
4000 663 4095 702 ans,
4119 655 4458 706 entrepreneur,
4479 659 4532 696 39
4552 670 4650 707 ans,
4674 658 4775 699 bien
4800 671 4904 700 sous

3880 711 3980 751 tous
4011 713 4234 763 rapports,
4267 714 4390 756 taille
4423 717 4440 754 1
4472 728 4532 758 m.
4564 719 4629 766 71,
4662 719 4904 770 possédant

3882 771 4028 810 12.000
4051 770 4124 818 fr.,
4167 773 4313 814 désire
4354 773 4555 826 mariage
4605 788 4712 818 avec
4762 787 4903 819 veuve

3880 842 3985 870 sans
4005 830 4186 872 enfants
4204 844 4261 874 ou
4283 834 4543 875 demoiselle
4564 837 4829 879 au-dessous
4849 838 4903 879 de

3878 891 3929 932 35
3952 899 4048 939 ans,
4074 893 4211 940 ayant
4232 894 4308 935 dot
4331 893 4567 944 analogue.

3932 967 4050 1006 6140.
4084 967 4296 1009 Gironde.
4326 994 4380 998 —
4410 971 4691 1023 Célibataire,
4723 975 4774 1014 38
4804 987 4899 1023 ans,

3879 1024 3981 1066 bien
4007 1035 4112 1065 sous
4136 1026 4236 1068 tous
4262 1029 4484 1080 rapports,
4530 1030 4742 1073 situation
4784 1045 4901 1074 com¬

3879 1084 4106 1133 merciale,
4132 1087 4256 1127 avoir
4279 1089 4320 1128 et
4343 1090 4622 1140 espérances,
4648 1093 4903 1143 épouserait

3879 1143 4140 1185 demoiselle
4160 1158 4217 1187 ou
4239 1158 4382 1188 veuve
4403 1150 4540 1199 ayant
4560 1150 4774 1192 situation
4799 1164 4902 1193 ana¬

3879 1200 4010 1251 logue
4035 1215 4092 1243 ou
4119 1203 4208 1245 dot.
4240 1207 4448 1248 Pourrait
4476 1219 4520 1248 se
4546 1208 4770 1258 déplacer.

3932 1280 4048 1320 6141.
4076 1282 4314 1323 Charente.
4382 1286 4390 1323 -
4335 1307 4386 1312 —
4411 1286 4500 1324 Fils
4524 1286 4707 1336 unique,
4731 1290 4782 1328 26
4804 1300 4899 1338 ans,

3879 1338 4074 1387 qualités
4100 1339 4347 1392 physiques
4376 1344 4418 1383 et
4444 1344 4653 1394 morales,
4684 1348 4902 1389 ancienne

3880 1395 4067 1446 famille,
4114 1399 4192 1441 dot
4235 1404 4408 1442 100.000
4451 1403 4506 1443 fr.
4536 1404 4646 1444 dont
4670 1408 4820 1447 55.000
4846 1420 4900 1448 en

3878 1456 4070 1506 espèces,
4102 1459 4246 1500 désire
4275 1460 4476 1512 mariage
4506 1474 4612 1503 avec
4640 1465 4901 1507 demoiselle

3879 1515 4140 1568 honorable,
4188 1519 4402 1560 situation
4432 1522 4557 1571 égale
4585 1534 4642 1564 ou
4671 1525 4902 1575 supérieu¬

3879 1583 3938 1614 re.

3934 1661 3990 1703 Le
4018 1663 4144 1704 Trait
4172 1666 4366 1706 d’Union
4396 1670 4461 1708 est
4506 1679 4566 1708 un
4610 1670 4792 1718 journal
4838 1672 4900 1715 sé¬

3878 1715 4006 1754 rieux
4027 1719 4070 1755 et
4091 1718 4199 1759 utile
4219 1718 4244 1759 à
4266 1723 4382 1761 tous.

3926 1800 4044 1839 6143.
4059 1800 4200 1842 Tarn.
4227 1824 4264 1829 —
4294 1802 4587 1854 Célibataire,
4607 1808 4654 1844 32
4668 1816 4764 1856 ans,
4782 1807 4898 1856 bien,

3875 1868 3980 1896 sous
4002 1863 4099 1900 tous
4122 1861 4185 1902 les
4206 1866 4424 1914 rapports,
4448 1867 4756 1918 propriétaire,
4775 1872 4892 1920 négo¬

3874 1920 4004 1970 ciant,
4044 1922 4291 1974 industriel,
4334 1926 4544 1968 situation
4585 1934 4899 1973 commerciale

3876 1983 4021 2024 10.000
4061 1985 4219 2036 francs,
4259 1988 4511 2038 épouserait
4549 1990 4708 2031 femme
4744 1992 4898 2033 d’inté¬

3875 2044 3990 2084 rieur
4011 2047 4066 2087 de
4095 2050 4146 2090 20
4167 2051 4191 2089 à
4213 2051 4262 2090 30
4283 2061 4379 2100 ans,
4412 2054 4543 2101 goûts
4563 2054 4763 2104 simples,
4795 2064 4899 2095 con¬

3874 2108 4071 2150 naissant
4093 2122 4355 2154 commerce.
4382 2114 4603 2155 Situation
4623 2126 4679 2155 en
4700 2123 4896 2168 rapport.

3926 2174 4043 2214 6145.
4067 2175 4312 2216 Charente.
4334 2178 4382 2216 —
4404 2176 4706 2226 Célibataire,
4730 2183 4778 2219 23
4800 2192 4896 2230 ans,

3874 2235 3927 2275 de
3951 2235 4114 2275 famille
4143 2238 4229 2276 très
4249 2238 4508 2290 honorable,
4534 2240 4634 2281 bien
4663 2241 4900 2293 physique¬

3874 2300 3992 2336 ment
4028 2299 4070 2336 et
4111 2297 4234 2346 libre,
4282 2299 4427 2340 désire
4475 2307 4652 2354 prompt
4700 2305 4898 2355 mariage

3874 2371 3978 2399 avec
3999 2359 4131 2410 jeune
4164 2360 4252 2400 fille
4292 2372 4346 2400 ou
4390 2374 4527 2402 veuve
4564 2370 4694 2414 ayant
4723 2367 4810 2408 dot.
4843 2368 4898 2408 Se

3872 2422 4140 2472 déplacerait
4163 2434 4215 2462 au
4247 2422 4418 2463 besoin.

3924 2483 4043 2524 0146.
4059 2487 4155 2525 Lot.
4166 2507 4205 2512 —
4216 2484 4344 2534 Veuf,
4360 2487 4472 2535 seul,
4487 2488 4584 2526 titre
4605 2488 4657 2526 de
4672 2494 4831 2540 comte,
4850 2496 4899 2531 66

3872 2555 3966 2595 ans,
3991 2547 4115 2583 santé
4136 2546 4338 2596 parfaite,
4375 2550 4599 2598 propriété
4630 2548 4684 2588 de
4715 2557 4896 2602 rapport

3872 2609 3912 2644 et
3934 2606 4219 2655 d’agrément,
4244 2607 4389 2648 désire
4412 2611 4604 2660 épouser
4636 2611 4896 2655 demoiselle

3870 2679 3925 2707 ou
3945 2668 4076 2707 dame
4098 2679 4254 2718 veuve,
4278 2682 4385 2711 avec
4409 2683 4460 2711 ou
4486 2684 4592 2711 sans
4612 2674 4798 2714 enfants.

3923 2734 4026 2770 6146
4058 2734 4139 2771 bis.
4163 2736 4359 2775 Laudes.
4391 2755 4440 2762 —
4466 2735 4691 2775 Monsieur
4723 2737 4896 2779 abonné

3869 2803 3975 2832 sans
3992 2804 4207 2835 annonce.

3924 2868 4042 2908 6147.
4075 2868 4288 2909 Gironde.
4315 2871 4370 2911 —
4411 2871 4556 2912 Jeune
4602 2874 4799 2923 homme,
4846 2876 4896 2916 32

3871 2936 3967 2975 ans,
4016 2928 4214 2980 châtain,
4262 2930 4455 2980 sérieux,
4504 2932 4607 2972 bien
4652 2933 4896 2984 physique¬

3871 2988 4010 3035 ment,
4039 2990 4092 3030 de
4120 2989 4295 3031 famille
4322 2991 4584 3032 honorable.
4614 2994 4893 3035 Mécanicien

3870 3047 4022 3094 établi,
4048 3059 4171 3088 assez
4195 3051 4280 3090 bon
4308 3054 4508 3103 rapport,
4535 3053 4681 3092 désire
4704 3053 4894 3103 épouser

3871 3106 4131 3148 demoiselle
4171 3111 4227 3151 de
4248 3112 4302 3150 24
4326 3111 4351 3151 à
4375 3115 4426 3150 30
4451 3123 4547 3160 ans,
4591 3111 4802 3160 aimable,
4830 3113 4894 3152 in¬

3870 3166 4112 3219 telligente,
4142 3168 4397 3214 couturière
4421 3172 4476 3212 de
4501 3172 4763 3222 préférence
4788 3183 4895 3213 avec

3869 3226 4005 3275 petite
4035 3227 4126 3267 dot.

3921 3304 4038 3342 6153.
4074 3305 4259 3345 Vienne.
4287 3308 4335 3346 —
4372 3307 4604 3346 Monsieur
4634 3310 4755 3355 veuf,
4787 3319 4892 3350 sans

3867 3362 4063 3411 enfants,
4088 3366 4361 3416 catholique,
4388 3367 4582 3407 honnête
4604 3367 4646 3406 et
4666 3368 4722 3407 de
4744 3370 4891 3411 bonne

3867 3420 4058 3474 famille,
4083 3428 4219 3474 ayant
4242 3426 4456 3464 situation
4481 3427 4736 3478 épouserait
4759 3430 4891 3468 dame

3866 3490 4007 3523 veuve
4035 3494 4091 3522 ou
4119 3483 4382 3527 demoiselle
4408 3487 4530 3536 âgée,
4575 3490 4714 3539 ayant
4755 3488 4890 3528 situa¬

3866 3540 3971 3580 tion.
4001 3543 4204 3583 Sérieux.

3918 3618 4035 3659 6154.
4066 3618 4303 3660 Charente.
4327 3644 4381 3648 —
4404 3620 4490 3668 Qui
4514 3623 4726 3663 voudrait
4748 3635 4794 3667 se
4819 3626 4889 3666 dé¬

3864 3677 4016 3727 placer
4058 3690 4174 3731 pour
4216 3682 4406 3732 épouser
4459 3682 4700 3732 charmant
4752 3686 4888 3733 jeune

3865 3738 4063 3787 homme,
4087 3740 4138 3776 32
4159 3751 4255 3788 ans,
4282 3752 4387 3783 sans
4408 3740 4639 3792 relations,
4664 3742 4888 3795 physique

3864 3795 4088 3846 agréable,
4147 3799 4416 3848 affectueux,
4471 3804 4694 3843 caractère
4750 3802 4886 3850 doux,

3863 3855 4069 3906 employé
4102 3857 4515 3898 d’administration
4548 3861 4602 3899 de
4635 3862 4780 3911 l’Etat,
4814 3874 4887 3911 ga¬

3862 3915 4006 3964 gnant
4023 3916 4145 3956 2.000
4166 3916 4223 3956 fr.
4246 3928 4327 3968 par
4350 3930 4422 3967 an,
4447 3920 4585 3970 ayant
4604 3919 4883 3970 espérances.

3862 3962 3944 4015 Lui
3963 3975 4119 4016 écrire.
4142 3976 4251 4018 Très
4270 3976 4462 4018 sérieux.

3911 4066 3974 4103 La
3987 4064 4312 4107 combinaison
4335 4064 4552 4111 mariage
4575 4066 4755 4114 répond
4776 4066 4804 4107 à
4822 4077 4886 4108 un

3860 4124 4021 4166 besoin
4040 4129 4208 4168 social.

3914 4192 4031 4235 6155.
4066 4199 4455 4239 Haute-Garonne.
4482 4222 4536 4226 —
4563 4199 4654 4239 Fils
4698 4200 4883 4250 unique,

3860 4255 4134 4306 célibataire,
4162 4260 4212 4298 39
4238 4271 4332 4308 ans,
4362 4260 4499 4310 ayant
4523 4258 4750 4310 propriété
4775 4262 4882 4302 mai¬

3860 4327 3939 4355 son
3967 4317 4009 4357 et
4032 4318 4302 4367 économies,
4331 4320 4478 4360 désire
4518 4319 4708 4369 épouser
4748 4319 4884 4371 jeune

3861 4375 3952 4414 fille
3978 4376 4031 4416 de
4054 4379 4105 4415 25
4128 4378 4155 4418 à
4177 4382 4228 4418 38
4252 4391 4348 4428 ans,
4376 4380 4512 4431 ayant
4536 4378 4591 4419 de
4617 4382 4664 4418 15
4687 4379 4714 4418 à
4735 4382 4884 4421 20.000

3860 4432 3916 4471 fr.
3939 4434 3994 4475 de
4015 4435 4104 4475 dot.

3911 4511 4030 4550 6156.
4057 4512 4199 4552 Aude.
4220 4516 4275 4553 —
4298 4515 4599 4564 Propriétaire
4622 4515 4883 4556 viticulteur

3858 4570 4027 4609 certain
4085 4571 4180 4623 âge,
4255 4574 4602 4616 d’honorabilité
4671 4575 4879 4626 parfaite,

3858 4640 3982 4670 cœur
4004 4630 4246 4682 généreux,
4272 4633 4407 4684 jeune
4432 4636 4631 4687 d’esprit,
4658 4635 4712 4675 de
4735 4646 4882 4676 carac¬

3858 4689 3962 4739 tère,
3991 4690 4044 4731 de
4071 4690 4214 4732 forcés
4239 4694 4502 4747 physiques,
4528 4696 4666 4747 ayant
4690 4706 4882 4738 revenus

3858 4751 3911 4790 de
3932 4752 4036 4790 3000
4060 4751 4115 4791 fr.
4142 4752 4286 4795 désire
4310 4756 4459 4796 entrer
4483 4768 4536 4796 en
4560 4755 4749 4796 relation
4775 4766 4882 4797 avec

3856 4810 4116 4850 demoiselle
4141 4822 4200 4852 ou
4227 4812 4359 4854 dame
4384 4826 4526 4856 veuve
4552 4815 4688 4867 ayant
4714 4815 4879 4865 capital

3855 4867 4112 4920 disponible
4142 4872 4198 4913 de
4227 4874 4372 4912 15.000
4402 4874 4458 4914 fr.

3907 4947 4024 4985 tu.57.
4048 4947 4186 4987 Tarn.
4204 4971 4258 4977 —
4278 4949 4534 5000 Négociant,
4555 4954 4607 4991 40
4624 4962 4720 4998 ans,
4743 4951 4879 4992 hono¬

3855 5003 3994 5052 rable,
4030 5004 4222 5056 sérieux,
4257 5008 4380 5058 actif,
4414 5010 4486 5051 bel
4519 5012 4717 5057 homme,
4752 5013 4877 5052 santé

3854 5063 4062 5114 parfaite,
4121 5066 4207 5107 très
4251 5071 4588 5122 sympathique,
4635 5070 4878 5119 possédant

3854 5126 4003 5164 30.000
4038 5123 4111 5173 fr.,
4152 5126 4256 5176 plus
4290 5139 4542 5171 commerce
4577 5130 4791 5179 prospère
4826 5134 4869 5172 et

3851 5183 4026 5233 ancien,
4059 5187 4326 5236 rapportant
4354 5192 4475 5230 5.Q00
4505 5190 4560 5228 fr.
4592 5187 4698 5237 l'an,
4730 5190 4874 5232 désire

3852 5244 4052 5295 mariage
4084 5243 4188 5285 civil
4222 5258 4328 5287 avec
4359 5247 4622 5290 demoiselle
4651 5259 4708 5288 ou
4741 5250 4873 5292 dame

3851 5306 3987 5353 seule,
4014 5304 4163 5346 même
4184 5307 4404 5358 divorcée,
4432 5309 4522 5350 très
4546 5306 4648 5347 bien
4674 5309 4715 5349 et
4738 5314 4874 5362 ayant

3850 5366 3939 5405 dot.
3978 5364 4024 5403 Si
4060 5364 4258 5413 possible
4294 5370 4588 5417 musicienne,
4626 5367 4742 5411 mais
4776 5383 4871 5412 sur¬

3848 5424 3944 5465 tout
3963 5435 4044 5475 pas
4062 5422 4188 5472 sotte,
4211 5424 4379 5468 femme
4398 5426 4676 5475 d’intérieur,
4699 5426 4872 5471 aimant

3848 5494 4114 5524 commerce.
4150 5483 4196 5523 Si
4228 5484 4355 5535 plaît,
4404 5487 4613 5538 qualités,
4645 5498 4746 5528 sera
4791 5501 4872 5539 pas

3847 5542 4066 5594 exigeant-

3899 5619 4016 5659 6158.
4051 5619 4323 5670 Cambodge.
4352 5624 4407 5663 —
4434 5624 4577 5663 Jeune
4607 5624 4790 5663 homme
4818 5627 4870 5664 27

3846 5691 3941 5727 ans,
3974 5678 4135 5730 grand,
4185 5679 4318 5730 brun,
4370 5683 4594 5734 physiqne
4642 5682 4866 5733 agréable,

3846 5738 4179 5779 fonctionnaire
4254 5740 4544 5794 Indo-Chine,
4608 5741 4868 5784 traitement

3842 5800 3963 5838 7.000
3995 5798 4069 5845 fr.,
4103 5796 4291 5840 brillant
4322 5802 4492 5850 avenir,
4527 5800 4771 5842 excellente
4803 5801 4864 5842 fa¬

3843 5856 3983 5904 mille,
4011 5855 4252 5900 recherche
4275 5872 4390 5911 pour
4414 5862 4615 5912 mariage
4639 5862 4775 5911 jeune
4800 5860 4867 5900 fil¬

3843 5918 3882 5956 le
3903 5917 3959 5958 de
3984 5918 4032 5955 18
4055 5916 4080 5955 à
4103 5918 4155 5957 24
4179 5931 4274 5968 ans,
4301 5922 4450 5963 bonne
4471 5922 4727 5968 éducation,
4755 5920 4864 5962 fem¬

3842 5987 3912 6016 me
3935 5974 4198 6018 d’intérieur
4223 5982 4359 6030 ayant
4382 5980 4575 6031 qualités
4598 5981 4652 6022 de
4675 5990 4799 6020 cœur
4823 5988 4864 6022 et

3840 6034 4039 6087 d’esprit.
4072 6035 4158 6076 Dot
4187 6040 4436 6080 nécessaire
4467 6052 4580 6090 pour
4611 6039 4778 6081 asseoir
4807 6040 4863 6080 si¬

3839 6093 4011 6136 tuation
4036 6093 4152 6136 dans
4172 6096 4362 6139 finance.
4388 6099 4598 6139 Timbrer
4620 6099 4646 6139 à
4666 6100 4691 6137 0
4714 6096 4768 6137 fr.
4794 6100 4858 6140 25.

3896 6174 3994 6215 Lire
4024 6182 4076 6212 en
4107 6174 4131 6210 4
4135 6178 4147 6194 e
4178 6184 4288 6224 page
4322 6176 4360 6216 le
4390 6178 4590 6218 courrier
4619 6175 4858 6226 grapholo¬

3838 6235 3988 6282 gique.

3888 6307 4007 6348 6159.
4035 6307 4226 6348 Vendée.
4247 6333 4301 6340 —
4319 6313 4463 6352 Jeune
4484 6311 4667 6351 homme
4688 6311 4739 6348 30
4760 6322 4855 6362 ans,

3834 6367 4042 6408 moralité
4095 6367 4303 6418 parfaite,
4360 6371 4450 6412 très
4492 6371 4685 6419 sérieux,
4731 6372 4856 6412 avoir

3835 6427 3980 6467 10.000
4012 6425 4085 6473 fr.,
4118 6423 4374 6476 épouserait
4402 6430 4538 6480 jeune
4568 6428 4662 6468 fille
4692 6427 4856 6471 sérieu¬

3831 6498 3891 6535 se,
3915 6484 4130 6527 situation
4154 6499 4207 6527 en
4231 6491 4430 6540 rapport,
4456 6490 4680 6542 physique
4704 6491 4855 6539 agréa¬

3831 6546 3916 6588 ble.

3875 6622 3994 6662 6161.
4040 6621 4251 6665 Gironde.
4293 6628 4348 6664 —
4390 6627 4519 6675 Veuf,
4563 6627 4614 6666 50
4639 6635 4735 6671 ans,
4763 6636 4852 6668 em¬

3828 6681 3959 6732 ployé
3986 6680 4040 6720 de
4067 6679 4200 6724 l’Etat
4225 6684 4339 6726 dans
4364 6684 4538 6738 grande
4563 6682 4684 6733 ville,
4715 6688 4852 6736 ayant
