5176 7160
2515 323 2586 362 LE
2618 323 2800 363 TRAIT
2832 323 3076 364 D'UNION

604 428 750 468 payées
771 428 794 462 à
816 430 950 462 raison
974 429 1022 460 de
1043 430 1058 459 1
1082 428 1195 459 franc
1219 428 1255 459 la
1279 427 1386 466 ligne
1408 432 1508 464 pour
1530 426 1626 458 trois

599 478 711 510 mois.
743 477 792 508 Ce
822 476 926 508 délai
958 474 1106 514 écoulé,
1138 475 1194 507 les
1226 472 1435 507 intéressés
1466 472 1627 504 doivent

598 531 814 563 demander
844 531 879 562 le
910 528 1247 560 renouvellement
1279 535 1288 566 ;

636 588 678 619 6°
715 588 763 618 Le
798 587 979 618 montant
1009 586 1079 616 des
1110 583 1398 615 abonnements
1431 580 1514 612 doit
1544 580 1626 612 être

596 638 756 672 adressé
774 646 824 671 au
846 638 1048 671 Directeur
1067 638 1118 670 du
1138 635 1431 668 Tralt-d’Union
1452 640 1500 666 en
1520 639 1627 666 man¬

598 694 699 731 dats,
726 694 824 724 bons
848 692 896 723 de
923 692 1032 730 poste
1058 698 1108 723 ou
1134 690 1298 722 timbres
1326 696 1334 726 ;

638 751 679 780 7°
707 750 759 782 La
784 748 983 780 Direction
1011 747 1208 783 n’accepte
1232 751 1307 783 que
1331 744 1399 775 des
1423 748 1627 775 annonces

596 802 676 835 très
696 802 907 839 sérieuses,
927 800 1046 832 celles
1067 799 1163 831 dont
1186 799 1223 830 la
1244 796 1446 830 rédaction
1468 802 1517 827 ne
1539 800 1628 827 con¬

600 856 764 887 viendra
791 860 862 894 pas
890 855 1023 886 seront
1051 850 1226 884 refusées
1255 859 1264 890 ;

638 914 679 944 9°
706 912 764 945 On
791 912 883 950 peut
904 908 1192 947 correspondre
1215 908 1240 940 à
1264 908 1302 939 la
1324 906 1403 938 fois
1424 911 1522 938 avec
1546 903 1628 942 plu¬

598 965 727 996 sieurs
755 962 935 996 abonnés
960 968 972 1002 ;

639 1022 699 1051 10°
739 1021 790 1051 La
827 1019 916 1058 plus
951 1015 1207 1050 élémentaire
1243 1015 1428 1054 politesse
1463 1012 1536 1044 fait
1572 1018 1626 1043 un

598 1074 734 1107 devoir
764 1080 842 1106 aux
874 1070 1051 1104 abonnés
1082 1070 1130 1102 de
1159 1067 1354 1107 répondre
1382 1074 1460 1099 aux
1494 1066 1627 1096 lettres

598 1134 746 1166 reçues.
782 1127 856 1158 Pas
888 1126 986 1156 n’est
1016 1123 1152 1155 besoin
1184 1122 1232 1154 de
1266 1122 1430 1158 longues
1462 1119 1626 1158 phrases

596 1182 698 1212 dans
719 1179 892 1212 certains
915 1183 995 1210 cas.
1021 1178 1129 1208 Deux
1155 1178 1255 1208 mots
1279 1172 1467 1206 suffisent
1493 1179 1502 1210 ;

639 1238 699 1267 11°
730 1235 852 1267 Toute
882 1234 994 1266 lettre
1022 1232 1088 1271 qui
1120 1236 1220 1263 nous
1247 1231 1307 1262 est
1332 1227 1515 1260 adressée
1546 1232 1627 1264 per¬

598 1290 887 1322 sonnellement
906 1288 942 1319 et
960 1286 1027 1324 qui
1047 1283 1243 1316 demande
1263 1288 1339 1314 une
1359 1280 1526 1319 réponse
1544 1279 1627 1311 doit

596 1343 678 1375 être
698 1338 991 1379 accompagnée
1012 1338 1104 1370 d’un
1127 1336 1270 1370 timbre
1291 1336 1339 1367 de
1360 1335 1399 1366 10
1420 1332 1623 1366 centimes.

638 1400 698 1430 12°
731 1399 782 1430 Ne
811 1403 880 1436 pas
910 1395 1063 1428 oublier
1094 1394 1148 1424 les
1176 1392 1339 1426 timbres
1370 1387 1624 1427 obligatoires

596 1459 696 1491 pour
718 1452 754 1483 la
774 1448 967 1490 première
988 1450 1027 1479 et
1047 1447 1083 1479 la
1103 1444 1312 1479 deuxième
1332 1443 1582 1479 enveloppes.

640 1509 699 1539 15°
738 1508 860 1538 Toute
895 1503 1152 1543 suppression
1188 1502 1422 1536 d’annonce,
1456 1499 1624 1535 change¬

600 1558 707 1588 ment
748 1562 798 1586 ou
842 1551 1116 1584 modification
1160 1548 1391 1580 d’insertion
1434 1552 1480 1576 en
1507 1551 1623 1576 cours

598 1604 916 1640 d’abonnement,
948 1600 1111 1632 nuisant
1142 1598 1164 1630 à
1196 1598 1232 1630 la
1264 1598 1394 1628 bonne
1423 1594 1624 1634 organisa¬

599 1654 680 1686 tion
703 1652 751 1684 de
772 1658 836 1683 ma
856 1648 1132 1683 combinaison
1156 1646 1366 1683 mariages,
1391 1644 1446 1675 les
1467 1648 1624 1682 person¬

600 1708 668 1732 nes
708 1699 775 1738 qui
815 1706 863 1730 en
904 1698 1035 1728 feront
1059 1696 1096 1727 la
1120 1692 1315 1726 demande
1340 1696 1538 1730 expresse,
1563 1690 1626 1720 de¬

599 1751 714 1780 vront
736 1754 778 1779 se
800 1747 1027 1779 conformer
1050 1750 1100 1775 au
1124 1741 1219 1774 tarif
1243 1740 1404 1772 suivant
1430 1747 1438 1770 :

640 1803 903 1843 Suppression
939 1802 1444 1834 d’annonce.
1492 1795 1510 1826 5
1534 1794 1582 1824 fr.

640 1852 912 1891 Changement
946 1848 1442 1887 complet..-
1491 1843 1508 1874 3
1533 1843 1582 1874 fr.

640 1899 900 1938 Supplément
926 1898 1044 1930 d’une
1072 1895 1443 1934 ligne.
1492 1891 1508 1920 1
1534 1891 1582 1920 fr.

639 1959 763 1990 Toute
786 1962 982 1995 personne
1002 1951 1182 1986 abonnée
1203 1956 1298 1982 sans
1319 1954 1514 1984 annonce,
1536 1952 1626 1978 con¬

596 2012 710 2038 serve
743 2011 815 2036 son
850 2003 954 2035 droit
987 1999 1222 2034 d’insertion
1252 1996 1415 2036 gratuit,
1439 1995 1625 2034 pendant

596 2056 704 2087 toute
723 2054 760 2084 la
778 2051 899 2084 durée
916 2051 963 2082 de
980 2056 1054 2082 son
1071 2047 1351 2080 abonnement.

1214 2114 1270 2144 LE
1295 2108 1582 2143 DIRECTEUR.

598 2314 966 2418 OFFRES
1030 2310 1234 2414 AUX
1294 2306 1626 2410 DAMES

652 2564 771 2604 6077.
836 2562 1008 2603 Guinée
1072 2560 1326 2608 Française.
1358 2559 1413 2595 —
1447 2556 1626 2596 Institu¬

599 2627 699 2664 teur
726 2622 934 2671 colonial,
962 2623 1014 2662 24
1039 2631 1135 2670 ans,
1162 2618 1323 2671 grand,
1352 2618 1486 2665 brun,
1515 2616 1626 2667 phy¬

600 2684 730 2736 sique
762 2682 971 2734 agréable
1031 2679 1246 2722 situation
1282 2675 1472 2718 actuelle
1504 2675 1626 2715 5.000

600 2744 768 2792 francs,
828 2743 979 2783 rentes
1008 2742 1087 2780 500
1132 2739 1299 2787 francs,
1360 2736 1626 2787 espérances

599 2804 748 2844 50.000
778 2803 946 2850 francs,
996 2798 1254 2851 épouserait
1308 2795 1511 2846 collègue
1567 2804 1624 2834 ou

599 2864 735 2915 jeune
767 2862 863 2903 fille
895 2860 1071 2902 aimant
1126 2868 1335 2910 voyager.
1399 2854 1623 2895 Situation

599 2935 654 2964 en
686 2922 888 2974 rapport.

649 2999 768 3040 6089.
794 2998 992 3040 Canada.
1014 3020 1067 3026 —
1084 2996 1231 3036 Jeune
1254 2992 1436 3034 homme
1451 2992 1502 3031 33
1524 3002 1620 3039 ans,

595 3059 806 3099 habitant
828 3056 1127 3098 merveilleux
1151 3064 1276 3104 pays,
1302 3051 1460 3092 climat
1482 3048 1623 3090 excel¬

596 3119 704 3168 lent,
736 3119 826 3159 bon
856 3116 1019 3159 métier
1048 3112 1318 3166 rapportant
1344 3114 1398 3152 20
1427 3110 1452 3150 à
1480 3111 1532 3150 22
1563 3108 1619 3148 fr.

594 3191 678 3232 par
699 3179 820 3230 jour,
846 3176 994 3219 désire
1015 3174 1218 3226 mariage
1242 3183 1347 3214 avec
1370 3171 1507 3222 jeune
1530 3168 1622 3208 fille

595 3239 651 3282 de
670 3240 722 3279 24
744 3238 771 3278 à
792 3239 844 3278 30
867 3247 963 3286 ans,
990 3246 1096 3276 avec
1118 3246 1176 3275 ou
1200 3243 1306 3274 sans
1330 3231 1419 3271 dot.

646 3318 764 3359 6120.
800 3311 1218 3363 Basses-Pyrénées.
1247 3332 1302 3338 —
1330 3308 1460 3355 Veuf,
1508 3304 1620 3353 seul,

591 3370 763 3412 certain
820 3370 916 3420 âge,
975 3363 1308 3407 fonctionnaire
1363 3362 1418 3402 de
1472 3359 1619 3406 l’Etat,

591 3427 714 3466 2.000
740 3423 798 3464 fr.
827 3421 1010 3474 jusqu’à
1036 3420 1080 3460 la
1107 3419 1174 3459 fin
1202 3418 1256 3459 de
1283 3427 1352 3458 ses
1378 3415 1520 3466 jours,
1551 3411 1619 3452 bel

591 3480 791 3527 homme,
826 3475 952 3517 avoir
982 3472 1239 3526 personnel,
1299 3470 1426 3510 santé
1483 3465 1623 3508 excel¬

591 3534 726 3581 lente,
764 3530 974 3571 habitant
1007 3527 1115 3568 ville
1151 3526 1327 3572 d’eaux,
1364 3520 1622 3572 épouserait

592 3584 866 3627 Demoiselle
888 3595 947 3623 ou
974 3583 1116 3622 Dame
1142 3579 1195 3620 de
1220 3580 1272 3618 40
1296 3578 1322 3618 à
1346 3579 1398 3616 56
1422 3587 1518 3623 ans,
1548 3575 1622 3614 ho¬

591 3639 778 3680 norable
804 3639 847 3679 et
874 3636 976 3678 bien
1006 3635 1168 3682 élevée,
1199 3632 1336 3682 ayant
1362 3628 1511 3670 rentes
1563 3639 1620 3668 ou

590 3692 860 3735 économies.

642 3762 762 3803 6131.
807 3762 932 3802 Gers.
972 3759 1027 3799 —
1080 3756 1363 3804 Célibataire,
1416 3756 1464 3795 41
1519 3766 1615 3800 ans,

592 3824 739 3863 15.000
768 3822 824 3862 fr.
856 3834 911 3863 en
943 3822 1135 3871 espèces,
1168 3818 1318 3858 bonne
1345 3814 1616 3855 instruction

590 3883 634 3923 et
672 3882 930 3930 éducation,
959 3879 1139 3920 sérieux
1166 3879 1209 3919 et
1235 3878 1462 3923 économe,
1492 3875 1618 3914 hom¬

591 3954 663 3983 me
718 3942 774 3983 de
827 3952 967 3990 cœur,
1014 3939 1155 3980 solide
1200 3935 1426 3984 affection,
1472 3932 1619 3975 désire

590 4000 731 4042 union
779 4011 887 4042 avec
930 3998 1195 4040 demoiselle
1223 4008 1280 4036 ou
1310 4006 1452 4035 veuve
1483 3992 1618 4043 ayant

590 4062 739 4102 bonne
774 4059 991 4102 situation
1026 4058 1070 4099 et
1103 4055 1374 4098 excellentes
1406 4052 1612 4103 qualités.

588 4120 672 4162 Lui
695 4119 851 4162 écrire.

642 4198 760 4238 6132,
785 4198 923 4236 Tarn.
946 4219 999 4223 —
1017 4196 1163 4235 Jeune
1186 4191 1383 4240 homme,
1407 4191 1542 4239 brun,
1566 4190 1616 4230 27

590 4270 686 4307 ans,
710 4256 963 4307 négociant,
987 4254 1202 4295 situation
1223 4255 1248 4292 7
1267 4252 1294 4292 à
1312 4254 1435 4291 8.000
1454 4250 1510 4291 fr.
1534 4260 1616 4300 par

590 4328 662 4366 an,
684 4318 952 4368 espérances
972 4314 1072 4355 cent
1092 4312 1234 4354 mille.
1258 4308 1526 4363 Epouserait
1543 4310 1616 4350 de¬

588 4375 795 4416 moiselle
815 4375 870 4416 de
888 4376 940 4415 20
960 4375 987 4415 à
1006 4375 1058 4414 25
1079 4384 1174 4420 ans,
1198 4371 1320 4422 jolie,
1343 4368 1614 4420 distinguée,

587 4438 720 4486 ayant
739 4435 815 4474 dot
839 4434 894 4474 de
914 4434 963 4471 20
986 4434 1008 4471 à
1026 4432 1076 4471 50
1096 4432 1174 4471 000
1194 4431 1355 4470 francs.

642 4510 682 4546 2°
703 4508 760 4546 Le
776 4504 904 4544 Trait
924 4503 1116 4544 d’Union
1139 4504 1204 4543 est
1224 4512 1283 4542 un
1304 4500 1486 4550 journal
1508 4500 1616 4539 hon¬

588 4567 691 4607 nête
718 4570 760 4606 et
790 4567 1016 4614 n’accepte
1047 4575 1132 4612 que
1190 4563 1267 4602 des
1296 4571 1524 4600 annonces
1552 4559 1615 4600 sé¬

588 4627 774 4667 rieuses.

640 4704 759 4744 6137.
794 4704 919 4744 Gers.
948 4726 1004 4733 —
1035 4700 1282 4747 Monsieur,
1314 4699 1366 4739 50
1396 4708 1491 4746 ans,
1526 4696 1615 4738 très

587 4762 780 4811 sérieux,
807 4762 935 4803 santé
960 4759 1155 4812 parfaite
1179 4759 1222 4801 et
1244 4756 1475 4806 situation,
1503 4752 1616 4798 dési¬

587 4835 635 4864 re
683 4823 874 4874 épouser
924 4820 1059 4862 dame
1096 4831 1154 4860 ou
1195 4816 1456 4859 demoiselle
1479 4816 1615 4867 ayant

586 4883 783 4934 éprouvé
828 4880 986 4934 peines
1028 4879 1239 4922 morales.
1271 4879 1428 4919 Bonne
1470 4875 1611 4924 santé,

584 4942 718 4995 goûts
760 4942 964 4994 simples,
995 4940 1146 4980 rentes
1188 4939 1231 4979 et
1274 4947 1467 4978 revenus
1495 4936 1611 4984 sûrs,

584 5002 688 5042 d’au
711 5002 863 5042 moins
883 5002 1006 5042 3.000
1028 4999 1084 5040 fr.

638 5080 755 5119 6140.
790 5079 1003 5119 Gironde.
1034 5078 1088 5118 —
1118 5076 1400 5126 Célibataire,
1431 5076 1483 5115 38
1514 5086 1608 5123 ans,

583 5139 687 5179 bien
712 5150 818 5179 sous
842 5139 943 5179 tous
968 5136 1192 5188 rapports,
1236 5135 1451 5176 situation
1491 5144 1610 5175 com¬

584 5198 811 5246 merciale,
838 5198 964 5238 avoir
986 5196 1028 5238 et
1048 5196 1330 5247 espérances,
1355 5194 1612 5246 épouserait

583 5256 847 5298 demoiselle
866 5268 924 5298 ou
946 5267 1090 5298 veuve
1111 5255 1247 5306 ayant
1268 5252 1482 5295 situation
1506 5264 1611 5294 ana¬

582 5317 715 5367 logue
739 5328 798 5358 ou
824 5316 915 5358 dot.
946 5315 1156 5356 Pourrait
1182 5326 1227 5356 se
1252 5312 1476 5364 déplacer.

634 5398 751 5436 6143.
766 5398 910 5438 Tarn.
932 5395 974 5434 —
1002 5392 1298 5440 Célibataire,
1316 5394 1364 5430 32
1379 5402 1475 5439 ans,
1491 5390 1608 5438 bien,

580 5471 687 5502 sous
708 5464 807 5499 tous
828 5459 894 5499 les
915 5459 1135 5508 rapports,
1161 5454 1470 5506 propriétaire,
1487 5455 1598 5503 négo

579 5524 711 5571 ciant,
751 5520 1002 5570 industriel,
1046 5519 1256 5559 situation
1296 5515 1611 5556 commerciale

582 5587 728 5628 10.000
763 5586 923 5633 francs,
966 5583 1219 5636 épouserait
1260 5583 1420 5623 femme
1456 5579 1610 5618 d’inté¬

579 5654 698 5694 rieur
718 5655 772 5695 de
802 5655 852 5695 20
874 5656 898 5694 à
920 5655 971 5695 30
992 5664 1088 5703 ans,
1120 5652 1250 5703 goûts
1275 5650 1475 5702 simples,
1504 5658 1610 5687 con¬

579 5718 779 5759 naissant
800 5722 1064 5759 commercé.
1091 5716 1310 5756 Situation
1332 5726 1384 5754 en
1408 5715 1606 5764 rapport.

628 5802 747 5842 6146.
763 5799 1051 5847 Lot.—Venf,
1068 5799 1179 5846 seul,
1194 5798 1292 5835 titre
1312 5796 1366 5834 de
1382 5797 1539 5842 comte,
1558 5796 1607 5832 66

575 5878 671 5916 ans,
696 5864 822 5904 santé
844 5862 1046 5915 parfaite,
1082 5859 1307 5912 propriété
1339 5858 1392 5898 de
1427 5859 1610 5908 rapport

575 5932 616 5968 et
638 5928 926 5976 d’agrément,
951 5924 1096 5963 désire
1118 5924 1312 5974 épouser
1347 5919 1607 5959 demoiselle

574 6003 630 6032 ou
651 5990 782 6031 dame
800 5998 960 6036 veuve,
984 5996 1092 6027 avec
1116 5996 1167 6026 ou
1195 5995 1300 6024 sans
1322 5983 1507 6023 enfants.

627 6064 746 6104 6153.
779 6063 967 6102 Vienne.
995 6083 1043 6088 —
1080 6058 1312 6099 Monsieur
1343 6058 1464 6103 veuf,
1495 6064 1602 6095 sans

572 6121 770 6171 enfants,
795 6120 1070 6172 catholique,
1095 6118 1291 6160 honnête
1312 6115 1355 6156 et
1375 6115 1431 6156 de
1451 6114 1600 6158 bonne

572 6182 763 6232 famille,
788 6183 928 6234 ayant
948 6179 1164 6222 situation
1188 6175 1444 6227 épouserait
1467 6176 1599 6216 dame

569 6252 714 6284 veuve
740 6254 799 6282 ou
826 6239 1088 6282 demoiselle
1116 6238 1238 6287 âgée,
1283 6236 1422 6286 ayant
1463 6234 1598 6275 situa¬

570 6302 676 6344 tion.
706 6300 910 6343 Sérieux.

626 6381 831 6431 Envoyez
863 6379 890 6419 à
923 6380 964 6418 la
996 6376 1224 6416 Direction
1260 6375 1336 6415 des
1368 6382 1596 6414 annonces

567 6440 803 6489 sérieuses,
827 6440 988 6490 vraies,
1012 6436 1223 6484 sincères,
1248 6435 1456 6485 précises,
1482 6443 1596 6483 pour

566 6500 708 6543 éviter
732 6500 812 6540 des
836 6498 1064 6547 surprises
1092 6495 1352 6546 imprévues
1378 6498 1419 6534 et
1472 6492 1595 6534 désa¬

566 6560 787 6610 gréables.

613 6647 736 6688 6158.
771 6647 1043 6696 Cambodge.
1073 6668 1126 6674 —
1154 6647 1299 6686 Jeune
1326 6643 1512 6683 homme
1540 6643 1591 6682 27

564 6720 662 6756 ans,
694 6707 855 6758 grand,
904 6707 1039 6755 brun,
1090 6704 1316 6756 physiqne
1363 6700 1588 6752 agréable,

1705 424 2039 467 fonctionnaire
2114 423 2406 476 Indo-Chine,
2471 423 2731 466 traitement

1704 487 1826 526 7.000
1858 486 1931 535 fr.,
1965 486 2155 527 brillant
2185 484 2355 533 avenir,
2391 483 2635 524 excellente
2667 484 2730 524 fa¬

1706 543 1846 594 mille,
1874 546 2115 586 recherche
2138 556 2254 596 pour
2278 544 2480 594 mariage
2503 544 2639 594 jeune
2664 542 2731 583 fil¬

1706 604 1746 646 le
1768 604 1823 646 de
1848 607 1896 644 18
1919 606 1944 646 à
1967 607 2019 646 24
2043 616 2138 654 ans,
2164 606 2315 646 bonne
2338 604 2592 652 éducation,
2619 603 2730 643 fem¬

1706 676 1778 706 me
1800 664 2064 706 d’intérieur
2088 666 2226 716 ayant
2247 664 2442 715 qualités
2463 664 2518 706 de
2542 675 2666 704 cœur
2690 666 2731 703 et

1706 724 1904 776 d’esprit.
1936 726 2023 764 Dot
2053 723 2303 766 nécessaire
2332 735 2447 775 pour
2478 723 2646 764 asseoir
2674 723 2730 764 si¬

1706 783 1878 824 tuation
1903 784 2019 824 dans
2038 784 2230 824 finance.
2255 783 2466 824 Timbrer
2488 783 2514 823 à
2534 784 2559 822 0
2580 783 2636 823 fr.
2662 784 2726 823 25.

1759 862 1876 902 6163.
1923 862 2147 911 Aveyron.
2174 862 2224 900 —
2255 862 2386 910 Veuf,
2431 862 2483 899 40
2524 871 2620 907 ans,
2667 860 2730 900 sé¬

1707 920 1850 970 rieux,
1878 923 1903 960 2
1944 920 2126 961 enfants
2171 923 2215 960 11
2244 922 2286 960 et
2311 923 2335 959 5
2376 931 2472 960 ans.
2503 919 2728 960 Situation

1707 983 1826 1020 1.200
1848 980 1903 1020 fr.
1930 992 2012 1031 par
2035 991 2091 1020 an
2116 981 2158 1020 et
2182 980 2279 1030 logé
2302 982 2327 1019 à
2350 980 2434 1019 vie.
2460 978 2726 1020 Economies

1704 1043 1824 1080 4.000
1850 1040 1906 1080 fr.
1934 1039 2103 1092 Depuis
2125 1040 2178 1080 20
2202 1051 2283 1082 ans
2307 1039 2422 1082 dans
2446 1039 2594 1080 même
2646 1039 2727 1078 im¬

1705 1099 1934 1150 primerie.
1964 1099 2231 1151 Epouserait
2256 1099 2518 1139 demoiselle
2543 1110 2600 1139 ou
2626 1110 2729 1139 veu¬

1704 1171 1756 1200 ve
1780 1159 1836 1200 de
1855 1162 1906 1199 30
1927 1160 1954 1199 à
1974 1162 2026 1199 40
2047 1171 2143 1210 ans,
2168 1171 2274 1200 sans
2295 1159 2492 1207 enfants,
2516 1158 2727 1206 honnête,

1704 1218 1916 1267 dévouée,
1943 1219 1984 1259 et
2006 1219 2209 1270 pouvant
2232 1231 2279 1259 se
2301 1218 2524 1270 déplacer.

1758 1296 1875 1335 6167.
1916 1295 2303 1334 Lbt-et-Garonne.
2307 1294 2362 1332 —
2382 1294 2727 1334 Fonctionnaire

1708 1355 1822 1403 Etat,
1855 1354 1978 1404 veuf,
2010 1356 2062 1394 40
2094 1366 2190 1402 ans,
2224 1354 2327 1394 bien
2360 1365 2465 1394 sous
2496 1354 2596 1394 tous
2627 1364 2727 1403 rap¬

1706 1412 1844 1464 ports,
1874 1413 2132 1455 traitement
2158 1415 2279 1454 2.000
2306 1412 2379 1462 fr.,
2407 1423 2514 1454 avec
2540 1423 2726 1452 avance¬

1708 1472 1846 1521 ment,
1884 1471 2140 1523 épouserait
2175 1471 2438 1514 demoiselle
2472 1484 2529 1512 ou
2564 1482 2722 1519 veuve,

1707 1543 1811 1572 sans
1834 1531 2030 1580 enfants,
2054 1532 2108 1571 de
2130 1534 2181 1571 34
2203 1532 2230 1571 à
2251 1534 2302 1571 38
2324 1543 2420 1580 ans,
2447 1531 2583 1582 ayant
2632 1530 2722 1571 dot.

1708 1590 1872 1632 Inutile
1892 1591 1930 1631 si
1948 1602 2030 1640 pas
2051 1591 2242 1631 sérieux.

1758 1670 1876 1708 6172.
1927 1668 2319 1708 Haute-Garonne.
2338 1691 2392 1696 —
2439 1666 2722 1715 Célibataire,

1706 1731 1755 1768 60
1774 1740 1870 1776 ans,
1892 1727 2083 1768 d’allure
2101 1727 2206 1778 plus
2224 1728 2374 1778 jeune,
2396 1727 2507 1775 seul,
2530 1727 2723 1774 sérieux,

1706 1788 1792 1827 bon
1810 1787 2048 1835 caractère,
2067 1787 2204 1838 ayant
2216 1786 2472 1827 économies
2487 1787 2632 1826 10.000
2648 1784 2722 1834 fr.,

1706 1848 1854 1887 rentes
1884 1848 2003 1887 1.000
2032 1846 2088 1886 fr.
2122 1847 2226 1896 l’an,
2259 1846 2406 1887 désire
2436 1844 2646 1896 partager
2676 1854 2726 1884 sa

1706 1906 1899 1947 solitude
1920 1916 2027 1946 avec
2048 1904 2310 1947 demoiselle
2331 1916 2388 1946 ou
2411 1904 2546 1944 dame
2564 1915 2722 1953 veuve,

1706 1964 1968 2013 honorable,
1996 1975 2103 2004 avec
2127 1976 2184 2004 ou
2211 1975 2316 2004 sans
2342 1963 2536 2012 enfants,
2564 1964 2726 2015 petites

1706 2026 1867 2066 rentes.
1892 2024 1948 2066 Se
1967 2023 2256 2075 déplacerait.

1754 2099 1859 2140 6175
1899 2099 2024 2140 Gers.
2047 2099 2102 2137 —
2126 2099 2254 2147 Veuf,
2279 2100 2330 2139 42
2352 2111 2448 2143 ans,
2500 2098 2723 2148 régisseur

1703 2159 1863 2211 depuis
1886 2162 1934 2199 10
1955 2171 2036 2199 ans
2058 2159 2172 2199 dans
2195 2159 2343 2199 même
2364 2156 2606 2211 propriété,
2656 2168 2724 2198 ca¬

1702 2220 1871 2260 ractère
1892 2219 2014 2259 doux
2036 2219 2078 2259 et
2099 2218 2187 2268 gai,
2212 2217 2467 2270 épouserait
2490 2216 2723 2258 demoisel¬

1702 2279 1741 2319 le
1767 2290 1824 2319 ou
1849 2288 2006 2328 veuve,
2035 2279 2172 2330 ayant
2224 2278 2312 2319 bon
2339 2288 2479 2326 cœur,
2535 2287 2640 2318 avec
2667 2288 2723 2316 ou

1702 2350 1807 2379 sans
1827 2338 1916 2388 dot,
1940 2338 2023 2390 âge
2043 2338 2319 2378 indifférent.

1754 2416 1871 2454 6179.
1931 2415 2319 2454 Lot-et-Garonne.
2347 2438 2397 2442 —
2426 2415 2570 2455 Jeune
2599 2415 2723 2454 hom¬

1703 2476 1788 2523 me,
1815 2476 1867 2514 32
1891 2484 1987 2522 ans,
2015 2472 2170 2522 blond,
2198 2474 2287 2514 très
2327 2472 2431 2514 bien
2481 2472 2722 2524 physique¬

1703 2535 1840 2582 ment,
1895 2532 2198 2574 honorabilité
2246 2532 2455 2585 parfaite,
2511 2532 2723 2584 indépen¬

1702 2594 1824 2642 dant,
1855 2592 1980 2634 avoir
2007 2595 2156 2632 80.000
2183 2592 2256 2640 fr.,
2287 2594 2444 2632 autant
2471 2592 2723 2644 d’espéran¬

1702 2664 1787 2700 ces,
1816 2652 2074 2703 épouserait
2098 2651 2359 2692 demoiselle
2386 2651 2643 2704 catholique
2671 2650 2724 2691 de

1702 2714 1752 2751 20
1774 2712 1798 2751 à
1820 2714 1871 2752 30
1894 2723 1990 2760 ans,
2043 2711 2268 2763 physique
2318 2711 2542 2762 agréable,
2594 2711 2724 2752 affec¬

1703 2772 1874 2817 tueuse,
1899 2772 1976 2812 dot
1998 2771 2247 2811 minimum
2268 2772 2418 2811 25.000
2440 2770 2496 2812 fr.

1755 2850 1898 2890 Toute
1922 2848 2048 2888 lettre
2072 2848 2238 2888 devant
2260 2849 2351 2888 être
2374 2848 2616 2887 transmise
2643 2856 2723 2896 par

1704 2911 1766 2950 les
1783 2910 1906 2950 soins
1926 2908 1979 2950 de
1999 2908 2040 2948 la
2062 2908 2287 2947 Direction
2307 2910 2348 2947 et
2368 2918 2422 2947 ne
2440 2910 2623 2956 portant
2643 2916 2723 2955 pas

1704 2970 1742 3008 le
1766 2978 1872 3007 nom
1896 2968 1952 3007 de
1975 2966 2270 3016 l’expéditeur
2291 2976 2391 3007 sera
2416 2966 2622 3007 détruite.

1754 3045 1872 3086 6181.
1906 3044 2158 3094 Dordogne.
2184 3068 2239 3074 --
2267 3043 2507 3084 Industriel
2563 3043 2724 3083 céliba¬

1701 3104 1812 3146 taire
1830 3106 1882 3144 36
1901 3116 1996 3153 ans,
2018 3103 2275 3155 paraissant
2292 3103 2456 3152 moins,
2478 3102 2568 3144 très
2587 3103 2724 3143 hono¬

1702 3164 1840 3214 rable,
1872 3164 1976 3206 bien
2008 3175 2112 3204 sous
2168 3163 2270 3204 tous
2324 3163 2548 3215 rapports,
2598 3162 2723 3203 avoir

1703 3226 1874 3264 100.000
1900 3223 2051 3267 francs
2078 3223 2120 3264 et
2144 3223 2424 3275 espérances,
2452 3232 2620 3263 revenu
2647 3232 2720 3262 an¬

1700 3284 1806 3324 nuel
1839 3284 1984 3323 10.000
2041 3283 2082 3322 fr
2107 3318 2115 3334 ,
2148 3282 2404 3334 épouserait
2462 3280 2722 3323 demoiselle

1700 3344 1870 3384 femme
1899 3342 2178 3393 d’intérieur,
2212 3342 2436 3391 instruite,
2470 3342 2630 3382 nature
2662 3339 2722 3380 ai¬

1700 3403 1867 3451 mante,
1899 3402 2080 3443 fortune
2138 3402 2263 3452 égale
2294 3414 2351 3442 ou
2383 3399 2627 3442 inférieure
2684 3402 2719 3440 si

1699 3474 1922 3514 personne
1944 3462 2071 3514 plaît.

1751 3530 1870 3570 6182.
1902 3530 2144 3570 Toulouse.
2171 3527 2226 3567 —
2282 3527 2612 3575 Commerçant,
2675 3531 2724 3568 33

1699 3602 1794 3639 ans,
1825 3591 1959 3638 brun,
1990 3590 2080 3630 très
2107 3588 2319 3637 aimable,
2350 3588 2440 3628 fort
2466 3587 2554 3638 gai,
2584 3590 2719 3641 ayant

1698 3650 1912 3691 situation
1934 3648 1987 3690 de
2008 3650 2058 3688 12
2077 3648 2103 3688 à
2124 3650 2270 3688 15.000
2290 3648 2442 3687 francs
2460 3659 2542 3698 par
2563 3658 2635 3695 an,
2658 3658 2719 3686 es¬

1698 3708 1912 3759 pérances
1934 3708 2083 3748 50.000
2106 3706 2179 3756 fr.,
2204 3706 2350 3748 désire
2372 3707 2562 3758 épouser
2583 3706 2719 3758 jeune

1698 3767 1803 3816 fille,
1836 3778 1979 3808 veuve
2007 3779 2064 3808 ou
2096 3767 2346 3819 orpheline,
2406 3768 2542 3818 ayant
2571 3766 2720 3806 30.000

1698 3828 1752 3868 fr.
1775 3828 1852 3868 dot
1872 3827 2132 3867 minimum.
2155 3827 2267 3867 Très
2287 3826 2479 3866 sérieux.

1748 3904 1867 3946 6183.
1902 3904 2112 3944 Gironde.
2143 3927 2196 3934 —
2226 3903 2508 3951 Célibataire,
2539 3904 2591 3942 40
2619 3914 2716 3950 ans,

1696 3964 1770 4006 fils
1789 3964 1975 4016 unique,
1999 3964 2192 4014 sérieux,
2216 3963 2350 4011 brun,
2375 3962 2582 4014 employé
2606 3962 2719 4003 dans

1696 4024 1934 4072 industrie,
1956 4023 2128 4074 grande
2148 4023 2270 4072 ville,
2295 4020 2596 4063 honorabilité
2618 4031 2718 4074 par¬

1696 4083 1816 4132 faite,
1847 4082 2102 4124 économies
2124 4084 2248 4123 3.000
2275 4080 2346 4131 fr-,
2376 4081 2640 4134 espérances
2670 4082 2718 4120 18

1695 4144 1720 4184 à
1744 4144 1894 4184 20.000
1919 4143 1992 4191 fr.,
2020 4142 2276 4194 épouserait
2302 4152 2526 4194 personne
2551 4141 2718 4182 honnê¬

1695 4203 1750 4252 te,
1778 4214 1859 4254 pas
1884 4200 2231 4243 fonctionnaire.

1747 4271 1866 4311 6185.
1898 4270 2330 4310 Tarn-et-Garonne.
2356 4271 2413 4308 —
2440 4270 2571 4319 Veuf,
2602 4268 2714 4319 seul,

1694 4332 1744 4370 56
1770 4342 1864 4379 ans,
1893 4331 1983 4371 très
2007 4328 2186 4371 sérieux
2211 4330 2254 4370 et
2276 4330 2504 4379 économe,
2534 4329 2622 4370 bon
2648 4339 2716 4370 ca¬

1696 4391 1879 4439 ractère,
1906 4390 2091 4431 homme
2118 4388 2395 4438 d’intérieur,
2424 4399 2718 4431 ex-commer¬

1695 4450 1812 4500 çant,
1844 4447 2147 4492 continuerait
2175 4458 2443 4496 commerce,
2475 4447 2599 4488 étant
2627 4448 2716 4488 très

1694 4508 1796 4548 actif
1807 4512 1848 4548 ei
1860 4512 1991 4559 ayant
2007 4508 2151 4547 bonne
2166 4507 2304 4556 santé,
2323 4507 2508 4558 possède
2532 4510 2651 4547 1.000
2668 4507 2719 4546 fr.

1694 4562 1747 4602 de
1802 4564 1944 4611 rente,
1995 4564 2036 4600 et
2091 4560 2302 4600 intérieur
2354 4562 2443 4602 très
2498 4560 2721 4599 conforta¬

1694 4626 1779 4667 ble.
1807 4626 2075 4676 Epouserait
2096 4624 2230 4666 dame
2251 4636 2309 4664 ou
2332 4623 2608 4672 demoiselle,
2635 4623 2715 4674 âge

1694 4686 1736 4727 et
1755 4683 1970 4726 situation
1991 4695 2044 4724 en
2067 4684 2266 4735 rapport.
2290 4684 2403 4724 Peut
2423 4695 2469 4724 se
2488 4683 2712 4734 déplacer.

1748 4762 1866 4802 6190.
1905 4760 2331 4811 Alpes-Maritimes.
2364 4783 2420 4790 —
2454 4760 2570 4802 Veuf
2603 4759 2715 4808 seul,

1694 4818 1746 4856 47
1768 4815 2024 4863 ans,retour
2048 4815 2127 4855 des
2151 4814 2362 4863 colonies,
2390 4824 2495 4856 sans
2520 4814 2715 4862 enfants,

1695 4879 1888 4911 revenus
1910 4867 2103 4908 annuels
2123 4870 2270 4910 18.000
2291 4867 2363 4915 fr.,
2387 4867 2534 4909 désire
2555 4867 2719 4908 maria¬

1691 4932 1747 4972 ge
1775 4934 1879 4963 avec
1923 4922 2186 4963 demoiselle
2238 4932 2296 4962 ou
2323 4931 2482 4970 veuve,
2512 4932 2618 4964 sans
2644 4932 2718 4962 en¬

1694 4976 1828 5024 fants,
1855 4976 1909 5016 de
1931 4976 1982 5015 30
2003 4975 2028 5015 à
2050 4976 2100 5015 35
2123 4986 2218 5023 ans,
2244 4974 2412 5018 femme
2436 4974 2714 5023 d’intérieur,

1691 5030 1823 5080 goûts
1848 5027 2050 5080 simples,
2079 5028 2218 5080 ayant
2242 5028 2296 5071 de
2321 5031 2346 5068 4
2370 5028 2396 5068 à
2420 5030 2542 5068 5.000
2567 5027 2623 5070 fr.
2652 5038 2716 5068 re¬

1692 5094 1835 5123 venus
1860 5082 2140 5134 personnels.

1744 5144 1862 5183 6191.
1892 5144 2031 5183 Tarn.
2058 5143 2111 5183 —
2136 5143 2280 5183 Jeune
2310 5143 2507 5190 homme,
2536 5143 2588 5183 24
2616 5152 2712 5190 ans,

1691 5198 1839 5238 bonne
1884 5195 2074 5244 famille,
2121 5195 2390 5246 intelligent,
2423 5196 2616 5246 sérieux,
2647 5206 2715 5235 ca¬

1691 5250 1910 5300 tholique,
1940 5248 2166 5310 physique
2195 5250 2419 5299 agréable,
2466 5250 2615 5290 bonne
2660 5248 2715 5290 si¬

1690 5303 1863 5344 tuation
1898 5303 2068 5352 avenir,
2102 5303 2327 5344 demande
2358 5303 2574 5352 mariage,
2608 5312 2714 5343 avec

1688 5358 1824 5407 jeune
1858 5358 1952 5400 fille
1983 5358 2258 5407 catholique,
2322 5358 2410 5396 bon
2471 5355 2711 5403 caractère,

1690 5411 1838 5453 bonne
1859 5410 2112 5459 éducation,
2139 5410 2432 5460 intelligente,
2455 5408 2587 5459 goûts
2608 5408 2712 5450 sim¬

1688 5464 1799 5515 ples,
1830 5464 2019 5504 voulant
2046 5466 2168 5504 créer
2198 5463 2322 5514 foyer
2350 5463 2579 5504 vraiment
2606 5463 2714 5503 heu¬

1688 5528 1814 5558 reux.
1840 5518 2067 5567 Moyenne
2091 5518 2306 5560 situation
2331 5518 2388 5559 de
2412 5516 2608 5558 fortune.

1740 5579 1858 5620 6192.
1886 5579 2099 5620 Gironde.
2122 5579 2176 5618 —
2199 5578 2315 5618 Veuf
2338 5588 2444 5618 avec
2466 5587 2631 5627 garçon
2656 5576 2712 5618 de

1686 5632 1790 5684 cinq
1810 5644 1906 5682 ans,
1927 5635 1979 5672 32
1998 5644 2092 5680 ans,
2115 5631 2219 5672 bien
2240 5642 2346 5671 sous
2364 5631 2464 5671 tous
2483 5630 2707 5682 rapports.

1687 5687 1918 5727 Excellent
1951 5695 2203 5726 commerce
2252 5684 2368 5725 dans
2399 5682 2536 5734 petite
2584 5682 2707 5731 ville,

1686 5740 1792 5782 d’un
1815 5751 1984 5781 revenu
2007 5739 2175 5780 annuel
2196 5738 2252 5779 de
2271 5739 2295 5777 3
2318 5738 2343 5778 à
2363 5739 2484 5779 4.000
2506 5736 2579 5786 fr.,
2603 5748 2708 5778 vou¬

1684 5794 1803 5834 drait
1828 5794 2019 5844 épouser
2046 5792 2307 5832 demoiselle
2332 5803 2390 5831 ou
2416 5800 2574 5838 veuve,
2603 5799 2708 5830 sans

1684 5844 1879 5896 enfants,
1923 5846 2060 5896 ayant
2099 5846 2154 5886 de
2178 5847 2203 5884 5
2227 5844 2252 5884 à
2280 5846 2426 5884 10.000
2450 5842 2504 5883 fr.
2534 5843 2578 5884 et
2599 5854 2707 5894 pou¬

1683 5901 1792 5941 vant
1820 5899 1860 5940 le
1890 5900 2104 5940 seconder
2132 5898 2247 5939 dans
2276 5898 2319 5939 la
2347 5899 2490 5939 vente-

1735 5971 1852 6011 6193.
1891 5967 2319 6016 Hautes-Pyrénées.
2351 5990 2405 5995 —
2438 5964 2706 6007 Célibataire

1682 6023 1794 6072 seul,
1840 6026 1891 6064 47
1948 6035 2044 6072 ans,
2103 6023 2191 6063 bon
2248 6019 2520 6071 catohliquè,
2580 6019 2704 6059 avoir

1679 6080 1828 6118 70.000
1854 6078 1927 6126 fr.,
1954 6075 2212 6127 épouserait
2234 6074 2495 6115 demoiselle
2519 6084 2576 6114 ou
2601 6082 2704 6113 veu¬

1680 6143 1747 6179 ve,
1772 6143 1879 6174 sans
1898 6130 2094 6178 enfants,
2119 6128 2177 6170 de
2194 6130 2247 6168 32
2267 6127 2292 6168 à
2327 6130 2380 6168 45
2428 6139 2526 6178 ans,
2565 6127 2704 6178 ayant

1678 6184 1752 6223 dot
1770 6184 1918 6226 20,000
1940 6183 1988 6222 fr,
2012 6178 2260 6223 minimum.
2284 6180 2466 6220 Sérieux

1732 6258 1787 6298 Le
1811 6256 1938 6296 Trait
1962 6255 2154 6296 d’Union
2180 6255 2286 6303 peut
2308 6252 2400 6295 être
2426 6248 2564 6300 copié,
2594 6251 2621 6288 il
2647 6260 2702 6290 ne

1675 6316 1820 6356 craint
1847 6326 1927 6363 pas
1955 6315 2016 6354 les
2043 6315 2311 6355 imitateurs,

1728 6392 1846 6434 6195.
1879 6391 2071 6432 Flandre
2099 6391 2242 6439 belge,
2267 6390 2322 6430 —
2347 6390 2491 6430 Jeune
2518 6388 2699 6427 homme

1672 6455 1725 6494 32
1780 6464 1878 6502 ans,
1936 6451 2108 6502 grande
2167 6448 2356 6498 famille,
2416 6447 2706 6499 espérances,.

1672 6515 1848 6554 400.000
1873 6512 2039 6559 francs,
2070 6511 2216 6551 désire
2242 6507 2566 6559 correspondre
2592 6516 2698 6546 avec

1672 6586 1895 6626 personne
1928 6571 2188 6622 catholique
2220 6567 2526 6619 pratiquante,
2562 6564 2698 6615 ayant

1670 6638 1695 6675 8
1723 6635 1748 6674 à
1779 6636 1923 6674 10.000
1951 6634 2104 6676 francs
2131 6631 2187 6671 de
2240 6628 2388 6670 rentes
2443 6624 2692 6674 annuelles,

1670 6698 1802 6748 goûts
1827 6694 2026 6747 simples.

2862 427 2979 466 6196.
3011 427 3438 478 Hautes-Pyrénées.
3463 455 3518 460 —
3540 432 3684 472 Jeune
3712 432 3836 472 hom¬

2810 487 2895 534 me,
2920 487 2971 525 27
2995 498 3090 536 ans,
3116 487 3280 538 capital
3304 491 3454 530 25.000
3492 491 3659 540 francs,
3702 491 3833 532 situa¬

2808 543 2902 584 tion
2923 547 3070 586 20-000
3093 547 3244 588 francs
3264 560 3347 599 par
3371 560 3442 596 an,
3467 550 3612 591 désire
3635 551 3835 602 mariage

2810 615 2915 645 avec
2936 604 3074 656 jeune
3097 606 3188 648 fille
3212 607 3266 648 de
3288 610 3340 647 20
3362 607 3388 648 à
3410 610 3462 648 25
3483 620 3579 650 ans.

2862 692 2979 732 6199.
3006 692 3263 732 Hérault,—
3280 696 3425 735 Jeune
3447 696 3644 747 homme,
3665 699 3718 738 30
3736 708 3832 746 ans,

2808 751 2898 792 très
2922 751 3114 802 sérieux,
3140 752 3243 792 bien
3270 766 3375 796 sous
3397 754 3500 796 tous
3521 756 3584 796 les
3609 756 3832 808 rapports,

2808 810 3016 851 moralité
3046 810 3255 863 parfaite,
3288 814 3547 865 épouserait
3575 815 3835 856 demoiselle

2808 870 3019 920 sérieuse,
3046 871 3100 914 de
3125 875 3174 912 18
3196 872 3222 912 à
3243 875 3295 914 28
3319 886 3414 923 ans,
3440 876 3579 926 ayant
3600 875 3676 917 dot
3698 888 3755 918 ou
3780 876 3835 916 si¬

2807 928 2998 979 tuation,
3027 943 3072 971 se
3098 931 3372 982 déplacerait
3399 946 3455 974 au
3484 935 3654 976 besoin.

2860 1007 2978 1047 6201.
3007 1007 3248 1048 Toulouse.
3274 1011 3328 1050 —
3352 1011 3636 1059 Célibataire,
3660 1015 3708 1052 31
3736 1024 3832 1060 ans,

2808 1064 2923 1107 libre
2943 1067 2987 1107 et
3008 1067 3331 1119 indépendant,
3356 1072 3559 1120 pouvant
3580 1071 3748 1123 diriger
3772 1074 3835 1112 in¬

2807 1126 2982 1167 dustrie
3012 1138 3070 1167 ou
3103 1128 3344 1178 propriété,
3395 1131 3534 1182 ayant
3579 1131 3727 1171 80.000
3776 1132 3832 1172 fr.

2807 1184 2884 1225 dot
2910 1186 2952 1226 et
2979 1187 3258 1236 espérances,
3288 1188 3500 1230 voudrait
3524 1190 3715 1240 épouser
3740 1191 3836 1242 jeu¬

2808 1255 2863 1284 ne
2891 1244 2983 1287 fille
3012 1246 3131 1295 bien,
3162 1247 3215 1287 de
3242 1248 3294 1287 20
3322 1248 3346 1288 à
3372 1251 3424 1288 25
3452 1260 3547 1298 ans,
3579 1250 3727 1291 bonne
3772 1251 3835 1291 fa¬

2808 1304 2948 1352 mille,
2979 1305 3110 1355 goûts
3138 1307 3376 1356 modestes,
3408 1307 3622 1350 situation
3652 1322 3705 1351 en
3736 1323 3836 1362 rap¬

2807 1363 2922 1412 port.

2860 1442 2978 1480 6202.
3008 1442 3395 1483 Lot-et-Garonne.
3422 1468 3475 1474 —
3502 1446 3631 1495 Veuf,
3659 1450 3710 1487 55
3735 1459 3831 1496 ans,

2808 1510 2912 1539 sans
2947 1500 3136 1550 famille,
3175 1504 3312 1552 ayant
3346 1504 3586 1555 propriété,
3640 1507 3832 1555 maison,

2807 1559 3062 1600 économies
3111 1562 3154 1603 et
3184 1562 3274 1604 bon
3326 1563 3484 1604 métier
3535 1564 3648 1606 dans
3699 1566 3834 1618 petite

2804 1616 2926 1667 ville,
2950 1619 3098 1660 désire
3116 1620 3316 1672 mariage
3338 1634 3444 1663 avec
3464 1635 3687 1674 personne
3708 1626 3834 1676 d’âge

2807 1678 2982 1727 assorti,
3011 1679 3146 1728 ayant
3172 1679 3387 1722 situation
3415 1682 3651 1732 analogue.

2859 1755 2976 1795 6206.
3003 1755 3154 1805 Congo
3175 1758 3390 1807 français.
3411 1782 3466 1786 —
3487 1759 3832 1802 Fonctionnaire

2806 1814 2860 1854 de
2887 1814 3019 1856 l’Etat
3044 1827 3134 1856 aux
3159 1816 3370 1866 colonies,
3399 1819 3450 1858 37
3476 1830 3572 1870 ans,
3603 1820 3736 1871 brun,
3767 1834 3834 1862 ro¬

2805 1872 2950 1923 buste,
2974 1874 3232 1915 traitement
3254 1878 3328 1916 net
3351 1879 3498 1918 12.000
3517 1890 3599 1930 par
3620 1891 3692 1927 an,
3717 1880 3828 1928 logé.

2804 1932 2955 1983 Congé
2972 1944 3031 1974 on
3054 1934 3223 1976 France
3244 1935 3526 1986 demi-solde,
3551 1940 3575 1978 6
3595 1938 3711 1979 mois
3732 1940 3834 1980 tous

2806 1991 2870 2034 les
2894 1994 2918 2031 2
2944 2004 3039 2032 ans.
3070 1994 3207 2034 Avoir
3231 1997 3380 2035 20.000
3406 1996 3572 2048 francs,
3602 1999 3832 2048 patrimoi¬

2806 2062 2860 2091 ne
2886 2051 2911 2091 à
2936 2054 3114 2092 revenir
3139 2056 3287 2094 60.000
3314 2055 3480 2097 francs.
3510 2058 3619 2098 Très
3644 2057 3832 2099 brillant

2807 2111 2979 2151 avenir.
3018 2114 3328 2154 Avancement
3363 2115 3532 2164 rapide.
3571 2116 3831 2168 Libre-pen¬

2802 2180 2920 2220 seur,
2938 2171 3084 2214 désire
3110 2174 3311 2223 mariage
3336 2174 3442 2214 civil
3468 2186 3575 2216 avec
3587 2176 3724 2227 jeune
3739 2177 3831 2218 fille

2805 2228 3156 2279 irréprochable,
3180 2234 3232 2272 23
3254 2232 3279 2272 à
3299 2235 3352 2274 28
3374 2244 3470 2282 ans,
3496 2234 3672 2276 famille
3694 2236 3831 2278 hono¬

2807 2290 2944 2338 rable,
2967 2291 3103 2340 ayant
3122 2291 3300 2332 aisance
3320 2295 3515 2342 assurée,
3538 2295 3615 2334 dot
3632 2306 3690 2335 ou
3710 2296 3832 2347 équi¬

2806 2348 3003 2398 valence,
3063 2350 3168 2391 telle
3198 2362 3286 2400 que
3316 2352 3568 2403 profession
3628 2354 3828 2395 libérale.

2806 2407 3104 2459 Intelligente,
3134 2410 3358 2460 instruite,
3386 2413 3610 2454 caractère
3636 2414 3828 2463 sérieux,

2806 2468 3063 2517 conciliant,
3114 2470 3262 2519 bonté,
3298 2471 3514 2522 droiture,
3547 2474 3679 2522 goûts
3727 2474 3832 2514 sim¬

2806 2526 2915 2578 ples.
2947 2527 3269 2579 Physionomie
3296 2531 3632 2582 sympathique,
3662 2532 3743 2583 joli
3770 2534 3831 2574 vi¬

2803 2596 2906 2635 sage
2922 2586 3115 2636 importe
3128 2599 3231 2638 peu,
3262 2588 3410 2632 moins
3436 2602 3524 2640 que
3551 2590 3687 2631 réelle
3698 2592 3831 2634 beau¬

2803 2645 2844 2684 té
2868 2644 2924 2684 de
2948 2656 3092 2696 corps.
3121 2647 3326 2698 Enovyer
3351 2650 3490 2700 photo
3514 2650 3567 2691 de
3591 2651 3720 2692 suite.
3748 2652 3830 2694 Dé¬

2803 2703 2902 2753 lais,
2932 2706 2958 2744 2
2987 2706 3102 2746 mois
3156 2718 3272 2758 pour
3302 2708 3506 2759 réponse.
3565 2708 3776 2752 Timbrer
3806 2712 3830 2752 à

2803 2764 2827 2802 0
2850 2763 2904 2804 fr.
2930 2764 2994 2803 25.

2858 2840 2974 2880 6208.
3012 2842 3402 2883 Haute-Garonne,
3448 2868 3503 2874 —
3562 2844 3830 2887 Célibataire

2804 2902 2856 2939 29
2884 2911 2980 2947 ans,
3027 2900 3306 2943 mécanicien
3349 2903 3488 2952 ayant
3514 2906 3728 2946 situation
3775 2907 3828 2948 de

2804 2960 2828 2998 3
2854 2959 2879 2999 à
2900 2960 3023 2999 4.000
3046 2956 3102 2999 fr.
3155 2971 3236 3010 par
3262 2972 3335 3010 an,
3388 2963 3644 3014 épouserait
3692 2966 3830 3016 jeune

2806 3018 2898 3059 fille
2922 3019 3026 3060 bien
3079 3019 3186 3063 faite
3211 3022 3267 3063 de
3314 3023 3366 3060 20
3388 3022 3414 3062 à
3436 3024 3488 3063 25
3512 3035 3608 3074 ans,
3663 3024 3826 3075 bonne,

2806 3078 2960 3124 douce,
3022 3079 3309 3128 affectueuse,
3344 3082 3638 3134 intelligente,
3698 3087 3828 3136 goûts

2806 3135 3007 3187 simples,
3054 3138 3226 3179 aimant
3254 3140 3298 3180 la
3326 3151 3590 3192 campagne,
3638 3154 3743 3184 avec
3770 3156 3827 3184 ou

2806 3206 2910 3236 sans
2932 3196 3022 3236 dot.

2859 3272 2976 3312 6209.
3032 3272 3543 3316 Charente-Inférieure.
3594 3300 3648 3306 —
3699 3279 3827 3319 Com¬

2804 3335 3008 3380 merçant
3038 3334 3230 3383 sérieux,
3264 3336 3315 3375 49
3347 3346 3443 3384 ans,
3476 3338 3626 3376 40.000
3658 3338 3712 3378 fr.
3746 3339 3827 3379 im¬

2804 3392 3023 3442 meubles,
3052 3394 3198 3435 désire
3223 3395 3412 3446 épouser
3438 3408 3662 3448 personne
3687 3399 3824 3448 seule,

2803 3451 2856 3492 de
2884 3454 2935 3492 38
2963 3452 2988 3492 à
3016 3455 3067 3492 45
3095 3464 3190 3504 ans,
3219 3455 3351 3506 goûts
3378 3456 3580 3508 simples,
3611 3458 3824 3499 situation

2803 3522 2856 3550 en
2880 3514 3080 3563 rapport.

2859 3590 2918 3628 La
2944 3590 3255 3630 combinaison
3286 3592 3486 3640 mariage
3514 3592 3684 3642 répond
3712 3594 3738 3634 à
3766 3607 3824 3635 un

2804 3648 2956 3688 besoin
2984 3650 3136 3688 social.

2855 3724 2972 3766 6210.
3011 3724 3118 3766 Près
3154 3726 3436 3766 Marmande.
3558 3727 3826 3768 Célibataire

2802 3784 2852 3823 40
2884 3795 2979 3835 ans,
3014 3795 3068 3824 en
3100 3784 3356 3835 paraissant
3387 3786 3546 3835 trente,
3580 3786 3671 3830 très
3700 3787 3822 3836 actif,

2800 3844 2948 3883 60.000
2979 3844 3035 3883 fr.
3067 3855 3122 3884 en
3152 3845 3403 3898 propriétés
3432 3847 3475 3887 et
3502 3847 3651 3888 20.000
3680 3848 3736 3888 fr.
3770 3860 3823 3890 en

2802 3903 3122 3954 négociations,
3154 3904 3363 3955 toujours
3391 3908 3464 3958 gai
3495 3906 3611 3948 mais
3642 3907 3731 3947 très
3762 3908 3826 3948 sé¬

2802 3962 2930 4003 rieux
2956 3966 3278 4016 commerçant,
3307 3964 3431 4006 taille
3460 3968 3479 4004 1
3508 3979 3567 4007 m-
3596 3968 3662 4015 72,
3691 3967 3824 4019 épou¬

2800 4023 2936 4063 serait
2968 4024 3231 4066 demoiselle
3260 4038 3319 4066 ou
3351 4035 3494 4066 veuve
3526 4026 3820 4078 intelligente,

2800 4082 3011 4135 sérieuse,
3042 4083 3123 4135 âge
3151 4084 3426 4134 indifférent,
3456 4085 3534 4126 dot
3575 4084 3822 4127 minimum

2802 4145 2948 4184 15.000
2970 4144 3138 4184 francs.

2852 4226 2970 4264 6215.
2996 4224 3239 4265 Toulouse.
3262 4248 3313 4254 —
3313 4250 3316 4252 -
3340 4224 3471 4274 Veuf,
3523 4227 3575 4266 53
3599 4236 3695 4274 ans,
3748 4235 3824 4266 ou¬

2799 4282 2919 4324 vrier
2943 4284 2970 4324 à
2994 4283 3038 4323 la
3062 4284 3331 4336 compagnie
3355 4286 3416 4326 du
3470 4284 3599 4335 midi,
3627 4295 3735 4326 avec
3760 4296 3824 4324 re¬

2799 4343 2930 4384 traite
2955 4344 3202 4398 prochaine
3228 4344 3282 4384 de
3310 4347 3430 4387 1.200
3455 4344 3530 4395 fr.,
3557 4344 3704 4387 désire
3730 4356 3823 4384 ma¬

2800 4403 2923 4454 riage
2950 4415 3055 4444 avec
3082 4415 3319 4455 personne,
3350 4406 3486 4456 ayant
3511 4407 3594 4456 âge
3620 4404 3663 4444 et
3687 4404 3823 4444 situa¬

2799 4463 2891 4504 tion
2916 4475 2971 4504 en
2998 4463 3198 4516 rapport.

2851 4552 2968 4591 6220.
3000 4550 3194 4591 Vendée.
3220 4574 3276 4579 —
3302 4549 3584 4596 Célibataire,
3630 4551 3678 4588 51
3723 4560 3818 4598 ans,

2798 4611 2910 4659 seul,
2965 4610 3144 4651 sérieux
3172 4610 3214 4651 et
3266 4609 3446 4659 simple,
3502 4610 3752 4663 propriétés
3779 4611 3823 4651 et

2799 4668 2998 4710 maisons
3036 4668 3171 4710 d’une
3194 4668 3352 4709 valeur
3375 4668 3431 4708 de
3467 4670 3518 4708 50
3539 4670 3566 4710 à
3590 4671 3738 4710 60.000
3762 4668 3818 4708 fr.

2796 4727 3054 4780 épouserait
3104 4739 3328 4778 personne
3382 4728 3436 4768 de
3462 4728 3512 4767 30
3566 4728 3591 4770 à
3616 4731 3667 4768 40
3720 4739 3816 4776 ans,

2796 4787 2934 4839 ayant
2959 4787 3174 4828 situation
3202 4785 3502 4838 équivalente.

2847 4872 2966 4912 6222.
2997 4872 3123 4914 Gers.
3149 4892 3197 4901 —
3197 4896 3203 4900 -
3227 4874 3371 4914 Jeune
3400 4872 3596 4922 homme,
3642 4874 3692 4914 24
3720 4882 3815 4920 ans,

2796 4934 2930 4983 brun,
2966 4931 3278 4982 propriétaire,
3314 4932 3404 4972 très
3436 4932 3551 4974 belle
3586 4932 3815 4979 situation,

2795 4992 2951 5033 vivant
2980 4991 3076 5032 seul
3107 5002 3215 5032 avec
3244 5002 3324 5032 son
3355 4991 3474 5040 père,
3507 4991 3655 5032 désire
3683 4992 3818 5043 épou¬

2795 5063 2864 5092 ser
2891 5051 3027 5100 jeune
3055 5051 3148 5092 fille
3190 5048 3482 5092 connaissant
3510 5050 3817 5100 l’agriculture

2794 5110 2835 5151 et
2858 5111 2995 5160 ayant
3018 5110 3156 5154 belles
3178 5110 3458 5159 espérances.

2846 5199 2962 5238 6224.
2998 5196 3267 5238 Sud-Ouest.
3300 5219 3355 5224 —
3386 5195 3516 5242 Veuf,
3576 5207 3686 5236 sans
3742 5207 3816 5235 en¬

2793 5256 2928 5304 fants,
2954 5258 3006 5295 42
3030 5267 3124 5303 ans,
3164 5256 3299 5303 brun,
3325 5255 3413 5295 bon
3438 5264 3619 5306 garçon,
3660 5255 3815 5296 indus¬

2791 5315 2907 5363 triel,
2933 5318 3082 5355 40.000
3106 5315 3162 5354 fr.
3191 5314 3339 5355 désire
3359 5314 3563 5364 mariage
3587 5326 3694 5355 avec
3716 5326 3814 5366 per¬

2791 5384 2931 5416 sonne
2983 5375 3210 5426 physique
3248 5374 3460 5424 agréable
3510 5375 3552 5414 et
3575 5373 3750 5415 aimant
3772 5374 3813 5414 le

2790 5446 3056 5475 commerce.

2848 5522 2946 5563 Lire
2975 5531 3028 5562 en
3059 5523 3084 5560 4
3086 5527 3099 5543 e
3130 5531 3242 5570 page
3274 5520 3314 5560 le
3342 5520 3542 5560 courrier
3571 5519 3808 5568 grapholo¬

2791 5583 2942 5631 gique.

2840 5675 2958 5715 6228.
2995 5672 3318 5714 Deux-Sèvres.
3347 5696 3401 5702 —
3431 5674 3547 5712 Veuf
3602 5674 3654 5712 56
3710 5684 3806 5722 ans,

2788 5735 2858 5774 bel
2920 5735 3118 5780 homme,
3178 5744 3286 5776 sans
3319 5731 3490 5781 enfant,
3553 5733 3643 5771 très
3702 5734 3806 5782 bon,

2787 5794 3019 5843 préférant
3043 5791 3283 5834 l’affection
3311 5792 3336 5831 à
3361 5791 3564 5843 l’argent,
3594 5790 3807 5831 situation

2786 5854 2842 5895 de
2864 5854 2987 5894 8.000
3010 5851 3067 5892 fr.
3096 5852 3206 5894 dont
3230 5854 3352 5891 3.000
3378 5851 3431 5890 fr.
3460 5859 3667 5899 revenus,
3696 5848 3810 5890 dési¬

2786 5926 2831 5955 re
2856 5912 3058 5962 mariage
3084 5922 3191 5952 avec
3216 5920 3440 5962 personne
3466 5910 3567 5951 bien
3596 5910 3804 5959 honnête,

2784 5970 3008 6019 instruite,
3067 5971 3246 6011 surtout
3302 5970 3471 6011 femme
3526 5967 3803 6010 d’intérieur.

2784 6031 3026 6082 Répondra
3056 6031 3082 6071 à
3111 6030 3232 6071 toute
3263 6030 3406 6071 lettre.

2834 6118 2952 6156 6230.
2988 6116 3420 6156 Tarn-et-Garonne.
3468 6138 3523 6143 —
3572 6111 3806 6151 Fonction¬

2782 6176 2906 6216 naire
2932 6176 3146 6223 finances,
3172 6178 3224 6215 29
3248 6186 3344 6223 ans,
3372 6174 3443 6215 bel
3470 6172 3642 6223 avenir,
3668 6171 3804 6214 situa¬

2780 6235 2872 6276 tion
2904 6237 3026 6275 4.000
3055 6235 3220 6280 francs,
3280 6233 3383 6274 bien
3414 6246 3519 6274 sous
3575 6233 3676 6274 tous
3704 6243 3803 6283 rap¬

2779 6295 2918 6346 ports,
2948 6295 3038 6335 bon
3083 6292 3320 6342 musicien,
3367 6290 3624 6343 épouserait
3666 6290 3802 6340 jeune

2778 6354 2871 6395 fille
2896 6366 2953 6395 ou
2978 6364 3135 6400 veuve,
3164 6364 3271 6394 sans
3295 6351 3490 6402 enfants,
3518 6350 3656 6402 ayant
3682 6350 3770 6391 dot.

2830 6442 2946 6483 6232,
2974 6442 3111 6484 Tarn,
3135 6463 3191 6468 —
3214 6440 3344 6486 Veuf,
3396 6450 3500 6479 sans
3552 6435 3723 6484 enfant,
3750 6439 3799 6477 67

2775 6512 2870 6546 ans,
2888 6499 3144 6550 paraissant
3156 6499 3262 6548 plus
3294 6499 3443 6549 jeune,
3479 6499 3570 6543 très
3579 6495 3686 6536 bien
3700 6507 3800 6547 por¬

2775 6560 2871 6600 tant
2896 6560 2938 6600 et
2991 6559 3260 6607 affectueux,
3315 6556 3427 6607 seul,
3483 6556 3632 6598 45.000
3658 6554 3714 6598 fr.
3743 6567 3796 6596 en

2776 6619 3047 6660 immeubles
3079 6618 3187 6659 d’un
3220 6627 3390 6659 revenu
3423 6616 3478 6658 de
3510 6616 3631 6656 2.000
3666 6614 3720 6656 fr.
3756 6614 3798 6655 et

2778 6678 2952 6719 maison
2988 6675 3302 6726 d’habitation,
3338 6672 3595 6726 épouserait
3627 6674 3796 6716 demoi¬

3916 428 4024 470 selle
4050 440 4107 470 ou
4132 442 4290 478 veuve,
4344 440 4450 471 sans
4475 430 4632 472 enfant
4684 432 4738 472 de
4763 434 4814 471 40
4839 442 4864 471 a
4890 434 4942 472 60

3918 499 4012 534 ans,
4046 488 4222 532 famille
4249 489 4498 530 honorable
4527 502 4635 531 avec
4662 492 4751 531 dot.

3968 563 4086 605 6234.
4118 563 4358 606 Toulouse,
4381 567 4440 622 «j-
4468 567 4583 607 Veuf
4610 579 4715 608 sans
4743 567 4938 615 enfants,

3914 626 3964 663 52
3991 635 4087 672 ans,
4116 635 4370 666 commerce
4395 626 4450 666 de
4471 626 4711 675 .pâtisserie
4764 627 4807 667 et
4859 626 4940 667 im¬

3916 683 4098 724 meuble
4119 694 4171 723 en
4196 686 4318 734 ville,
4344 684 4570 735 propriété
4594 686 4707 727 dans
4731 686 4938 736 l’Ariège,

3915 743 4060 783 désire
4088 744 4279 794 épouser
4304 755 4528 795 personne
4555 747 4608 787 de
4635 748 4686 786 40
4712 747 4738 786 à
4763 747 4815 784 50
4840 756 4936 794 ans,

3915 803 4059 852 ayant
4072 803 4286 844 situation
4311 816 4363 844 en
4388 806 4587 855 rapport.

3967 880 4086 919 6235.
4116 882 4358 921 Toulouse.
4384 904 4439 909 —
4466 882 4736 922 Célibataire
4763 883 4814 920 30
4841 894 4936 930 ans,

3916 937 4050 986 brun,
4087 938 4190 978 bien
4226 939 4594 991 physiquement,
4631 943 4940 991 commerçant

3915 1007 3967 1036 en
3996 1010 4115 1048 gros,
4146 999 4292 1040 désire
4320 1000 4522 1051 mariage
4550 1011 4656 1040 avec
4683 1000 4818 1050 jeune
4847 1001 4940 1040 fille

3914 1067 3971 1096 ou
3995 1068 4136 1099 veuve
4160 1071 4264 1099 sans
4315 1059 4510 1107 enfants,
4564 1063 4702 1110 ayant
4751 1060 4938 1101 environ

3912 1116 4062 1156 20.000
4082 1118 4248 1159 francs.

3967 1195 4084 1235 6236.
4114 1195 4288 1235 Centre.
4311 1218 4366 1222 —
4391 1196 4644 1246 Ingénieur,
4670 1199 4720 1236 30
4744 1208 4839 1246 ans,
4866 1210 4939 1247 ga¬

3914 1255 4056 1302 gnant
4075 1256 4224 1295 20.000
4246 1254 4299 1294 fr.
4325 1267 4407 1304 par
4427 1268 4499 1306 an,
4524 1257 4602 1298 dot
4623 1259 4795 1296 100.000
4817 1256 4872 1296 fr.
4898 1258 4939 1297 et

3914 1314 4194 1363 espérances,
4222 1315 4478 1364 épouserait
4530 1318 4667 1367 jeune
4691 1316 4799 1364 fille,
4829 1316 4939 1356 fem¬

3913 1380 3984 1411 me
4015 1372 4294 1423 d’intérieur,
4326 1375 4458 1423 goûts
4487 1375 4688 1426 simples,
4722 1376 4936 1416 situation

3911 1442 3966 1471 en
3991 1434 4191 1483 rapport.
4216 1432 4298 1474 Lui
4323 1434 4478 1477 écrire-.
4504 1435 4612 1478 Très
4636 1435 4828 1475 sérieux.

3966 1516 4083 1555 6237.
4136 1516 4562 1566 Hautes-Pyrénées.
4594 1542 4647 1546 —
4706 1519 4939 1559 Monsieur

3913 1575 4034 1626 veuf,
4066 1576 4242 1617 abonné
4264 1588 4374 1618 sans
4401 1587 4618 1618 annonce.

3967 1655 4028 1692 Ne
4058 1656 4267 1704 craignez
4299 1666 4379 1703 pas
4412 1656 4466 1696 de
4498 1667 4610 1698 vous
4640 1663 4938 1706 compromet¬

3910 1716 3975 1754 tre
4000 1726 4054 1754 en
4082 1716 4232 1755 disant
4286 1726 4371 1761 que
4398 1726 4508 1756 vous
4532 1716 4624 1758 êtes
4674 1716 4854 1759 abonné
4879 1728 4936 1758 au

3910 1774 4035 1813 Trait
4060 1775 4270 1814 d’Union.

3964 1860 4083 1898 6240.
4119 1859 4384 1908 Architecte,
4418 1862 4468 1899 32
4499 1872 4594 1910 ans,
4627 1863 4743 1904 belle
4800 1860 4936 1902 situa¬

3911 1916 4019 1966 tion,
4050 1918 4138 1961 très
4165 1919 4266 1959 bien
4298 1931 4402 1960 sous
4428 1920 4528 1959 tous
4556 1923 4779 1972 rapports,
4811 1922 4935 1962 santé

3912 1976 4119 2027 parfaite,
4158 1979 4302 2022 désire
4336 1979 4538 2030 mariage
4572 1991 4678 2022 avec
4712 1992 4935 2032 personne

3911 2037 4122 2078 sérieuse.

3960 2115 4079 2155 6243.
4111 2114 4286 2162 Ariège.
4312 2116 4366 2158 —
4392 2114 4676 2166 Célibataire,
4732 2120 4784 2160 50
4836 2128 4932 2164 ans,

3908 2174 4160 2224 profession
4194 2175 4380 2216 libérale
4410 2175 4678 2227 rapportant
4706 2179 4828 2218 2.000
4859 2176 4934 2224 fr.,

3908 2232 4034 2272 avoir
4062 2235 4210 2272 20.000
4252 2234 4396 2276 désire
4440 2236 4631 2275 éDonser
4674 2235 4935 2276 O^^olselie

3908 2304 3964 2332 ou
3988 2292 4120 2334 dame
4142 2292 4196 2334 de
4216 2295 4268 2332 30
4288 2294 4314 2332 à
4334 2296 4385 2332 40
4407 2306 4502 2343 ans,
4527 2295 4664 2346 ayant
4683 2295 4819 2347 petite
4842 2295 4931 2335 dot.

3960 2370 4079 2411 6244.
4116 2370 4240 2410 Gers.
4272 2395 4326 2399 —
4359 2371 4703 2411 Fonctionnaire
4735 2372 4851 2422 Etat,
4884 2374 4935 2411 45

3908 2440 4003 2476 ans,
4038 2430 4311 2478 célibataire,
4348 2430 4544 2479 instruit,
4580 2430 4775 2481 robuste,
4810 2431 4936 2472 avoir

3908 2498 3960 2527 en
3991 2488 4218 2538 propriété
4271 2491 4420 2528 20.000
4450 2490 4523 2538 fr.,
4580 2489 4836 2539 épouserait
4863 2491 4936 2531 de¬

3908 2547 4111 2588 moiselle
4139 2548 4350 2596 sérieuse,
4379 2548 4612 2596 gracieuse
4642 2550 4766 2590 santé
4794 2551 4935 2591 excel¬

3908 2606 4040 2655 lente,
4071 2608 4207 2658 ayant
4232 2608 4310 2648 dot
4335 2619 4387 2648 en
4418 2608 4616 2659 rapport.

3959 2694 4076 2731 6245.
4106 2694 4348 2732 Toulouse.
4372 2694 4425 2732 —
4450 2694 4732 2743 Célibataire,
4758 2696 4811 2734 28
4835 2707 4931 2743 ans,

3907 2752 4108 2802 gagnant
4134 2755 4158 2791 5
4186 2752 4241 2792 fr.
4288 2764 4371 2803 par
4398 2754 4516 2803 jour,
4548 2764 4654 2792 sans
4698 2754 4931 2806 chômage,

3908 2810 4067 2860 petites
4102 2811 4371 2859 économies,
4408 2812 4556 2854 désire
4589 2812 4790 2863 mariage
4826 2824 4932 2854 avec

3907 2870 4112 2910 ouvrière
4144 2882 4200 2911 ou
4232 2871 4325 2912 fille
4356 2871 4412 2912 de
4442 2871 4626 2923 service,
4658 2872 4931 2924 catholique,

3907 2930 3960 2970 de
3983 2931 4034 2968 20
4056 2930 4082 2968 à
4103 2931 4155 2968 28
4178 2942 4272 2971 ans.

3959 3006 4076 3046 6246.
4110 3006 4226 3046 Veuf
4252 3006 4363 3051 seul,
4419 3008 4566 3047 comte
4618 3008 4931 3059 authentique,

3906 3067 3955 3104 67
3982 3076 4077 3114 ans,
4107 3064 4296 3108 d’allure
4319 3066 4471 3115 jeune,
4500 3066 4727 3118 propriété
4754 3067 4808 3107 de
4834 3080 4934 3119 rap¬

3907 3127 4008 3175 port
4035 3126 4078 3164 et
4106 3124 4400 3172 d’agrément,
4431 3124 4578 3167 désire
4608 3126 4934 3178 correspondre

3906 3193 4012 3224 avec
4043 3183 4303 3226 demoiselle
4334 3195 4391 3226 ou
4421 3192 4563 3224 veuve
4594 3183 4731 3235 ayant
4759 3186 4848 3226 dot.

3934 3259 4070 3307 6,247.
4083 3262 4310 3309 Espagne.
4318 3283 4332 3287 -
4343 3259 4547 3303 Célibat»
4556 3260 4568 3301 I
4576 3262 4628 3302 re
4640 3260 4757 3311 français
4765 3262 4938 3312 .orphe¬

3906 3314 3984 3361 lin,
4003 3312 4106 3354 bien
4120 3324 4227 3354 sous
4240 3314 4340 3355 tous
4375 3315 4598 3366 rapports,
4615 3315 4860 3356 excellente
4876 3327 4932 3355 si¬

3904 3372 4078 3412 tuation
4112 3374 4138 3414 à
4170 3372 4425 3424 l’étranger;
4459 3374 4606 3416 désire
4636 3375 4827 3427 épouser
4859 3376 4932 3416 de¬

3904 3431 4108 3472 moiselle
4162 3432 4349 3474 environ
4376 3434 4428 3472 30
4455 3444 4551 3482 ans,
4580 3444 4687 3474 avec
4740 3446 4798 3474 ou
4826 3444 4931 3476 sans

3906 3491 3995 3539 dot,
4014 3491 4265 3540 orpheline,
4283 3492 4498 3540 modeste,
4515 3492 4727 3542 aimable,
4743 3492 4929 3534 catholi¬

3904 3560 4006 3600 que,
4040 3551 4127 3590 bon
4162 3551 4399 3598 caractère,
4434 3550 4575 3599 santé,
4610 3552 4927 3600 honorabilité,

3904 3608 4111 3648 moralité
4134 3610 4343 3658 parfaite.

3955 3667 4172 3707 Adresser
4199 3668 4336 3716 photo
4363 3668 4440 3718 qui
4468 3680 4567 3710 sera
4594 3670 4779 3712 rendue.
4808 3671 4930 3712 Tim¬

3904 3726 4006 3767 brer
4028 3726 4055 3767 à
4075 3728 4100 3767 0
4123 3726 4178 3768 fr.
4203 3727 4268 3767 25.

3955 3804 4072 3843 6251.
4104 3804 4344 3844 Toulouse,
4372 3827 4427 3831 —
4456 3804 4580 3850 Veuf,
4610 3806 4660 3843 60
4688 3815 4784 3854 ans,
4814 3806 4926 3854 seul,

3902 3862 4094 3910 sérieux,
4141 3863 4403 3911 honorable,
4436 3862 4746 3912 désintéressé,
4794 3872 4931 3915 ayant

3902 3920 4117 3962 situation
4138 3934 4195 3963 en
4218 3923 4326 3963 ville
4348 3923 4390 3964 et
4414 3934 4607 3963 revenus
4631 3923 4684 3964 de
4704 3926 4828 3964 2.500
4851 3923 4924 3973 fr.,

3900 3979 4158 4030 épouserait
4187 3982 4447 4024 demoiselle
4479 3994 4536 4023 ou
4568 3982 4716 4031 dame,
4750 3983 4831 4034 âge
4860 3995 4928 4023 as¬

3900 4039 4023 4088 sorti,
4088 4038 4298 4088 sérieuse,
4362 4042 4628 4082 sentiments
4690 4042 4924 4092 religieux,

3900 4099 4048 4142 bonne
4090 4097 4344 4146 éducation,
4387 4103 4518 4148 goûts
4546 4100 4746 4154 simples,
4791 4102 4928 4152 ayant

3900 4158 4059 4207 petites
4090 4160 4251 4200 rentes.
4300 4158 4568 4201 Références
4614 4162 4800 4211 exigées.

3954 4235 4071 4275 6253.
4138 4234 4646 4278 Charente-Inférieure.
4681 4238 4732 4276 —
4792 4238 4924 4284 Veuf,

3899 4295 3950 4332 45
3974 4306 4068 4342 ans,
4096 4295 4271 4335 abonné
4296 4304 4400 4335 sans
4424 4306 4642 4336 annonce.

3958 4372 4019 4410 Ne
4047 4370 4254 4411 déchirez
4282 4382 4362 4420 pas
4388 4382 4435 4412 ce
4460 4371 4658 4423 journal,
4690 4374 4924 4415 donnez-le

3900 4428 3927 4470 à
3951 4439 4030 4470 vos
4052 4430 4183 4471 amis.

3951 4508 4068 4548 6254.
4098 4508 4339 4547 Toulouse.
4366 4531 4419 4535 —
4446 4508 4575 4554 Veuf,
4620 4512 4671 4551 60
4712 4522 4807 4559 ans,
4852 4508 4923 4548 bel

3899 4566 4096 4616 homme,
4124 4567 4228 4607 bien
4255 4567 4482 4616 conservé,
4511 4571 4636 4611 santé
4662 4570 4922 4618 excellente,

3898 4626 4035 4675 ayant
4055 4627 4236 4668 retraite
4262 4627 4444 4667 assurée
4466 4627 4520 4668 de
4542 4631 4620 4668 700
4643 4630 4698 4670 fr.
4726 4629 4770 4670 et
4790 4627 4924 4679 petits

3898 4695 4104 4735 revenus,
4150 4684 4404 4736 épouserait
4432 4686 4694 4730 demoiselle
4735 4700 4792 4728 ou
4820 4699 4923 4727 veu¬

3896 4755 3963 4792 ve,
3994 4746 4214 4795 ouvrière,
4244 4744 4378 4796 goûts
4403 4744 4604 4798 simples,
4635 4750 4716 4800 âge
4743 4746 4919 4796 assorti,

3896 4804 4034 4854 ayant
4059 4804 4222 4846 travail
4248 4816 4307 4846 ou
4335 4803 4494 4854 petites
4522 4808 4683 4848 rentes.

3950 4882 4068 4922 6257.
4099 4882 4311 4922 Gironde.
4338 4882 4392 4920 —
4419 4882 4743 4931 Sous-officier,
4772 4894 4922 4934 comp¬

3896 4939 4028 4988 table,
4059 4943 4110 4982 35
4139 4954 4234 4990 ans,
4267 4940 4384 4988 bien,
4416 4940 4530 4983 libre
4559 4944 4674 4986 dans
4702 4942 4923 4994 quelques

3896 4999 4024 5050 mois,
4079 5000 4247 5050 emploi
4300 4999 4405 5039 civil
4438 5012 4444 5040 :
4471 5002 4731 5044 traitement
4782 5000 4922 5043 début

3893 5059 4015 5098 2.400
4042 5059 4115 5108 fr.,
4146 5059 4346 5100 arrivera
4372 5061 4494 5100 3.600
4522 5062 4576 5111 fr,
4607 5063 4712 5114 plus
4739 5062 4919 5102 retraite

3894 5116 4107 5163 militaire
4140 5122 4219 5160 800
4253 5118 4326 5166 fr.,
4362 5120 4628 5168 espérances
4663 5123 4808 5162 10.000
4843 5120 4918 5170 fr.;

3894 5176 4039 5219 désire
4070 5179 4271 5228 mariage
4302 5188 4408 5218 avec
4438 5180 4700 5223 demoiselle
4728 5180 4783 5222 de
4812 5182 4864 5220 22
4894 5182 4919 5222 à

3895 5238 3946 5275 33
3975 5248 4070 5286 ans,
4100 5239 4219 5286 bien,
4251 5236 4339 5278 très
4367 5238 4576 5290 honnête,
4608 5241 4744 5292 ayant
4771 5239 4860 5279 dot.

3948 5315 4052 5355 6258
4078 5315 4288 5355 Gironde.
4312 5314 4367 5352 —
4391 5314 4519 5363 Veuf,
4572 5320 4624 5358 40
4648 5328 4743 5367 ans,
4798 5315 4915 5358 deux

3894 5372 4088 5422 enfants,
4115 5378 4139 5414 7
4164 5376 4206 5415 et
4231 5376 4280 5414 10
4304 5384 4400 5422 ans,
4428 5375 4547 5426 bien,
4575 5376 4911 5428 sympathique,

3894 5431 4085 5479 sérieux,
4118 5432 4331 5475 situation
4390 5434 4591 5476 d’avenir
4648 5435 4916 5487 rapportant

3894 5489 4212 5534 actuellement
4233 5495 4257 5532 8
4279 5492 4305 5531 à
4330 5494 4475 5534 10.000
4498 5495 4552 5535 fr.
4578 5507 4660 5546 par
4683 5507 4755 5543 an,
4780 5495 4914 5544 épou¬

3891 5550 4028 5591 serait
4054 5550 4314 5594 demoiselle
4340 5563 4396 5592 ou
4423 5564 4563 5595 veuve
4591 5566 4698 5596 avec
4723 5564 4779 5594 ou
4807 5564 4912 5595 sans

3891 5608 4084 5659 enfants,
4114 5612 4233 5660 bien,
4260 5611 4391 5659 goûts
4418 5612 4618 5663 simples,
4646 5613 4908 5664 honorable,

3891 5668 4064 5712 aimant
4087 5680 4339 5712 commerce
4364 5671 4407 5711 et
4432 5675 4568 5723 ayant
4592 5675 4682 5715 dot.
4712 5674 4822 5712 Très
4847 5675 4911 5714 sé¬

3890 5728 4032 5768 rieux.

3942 5807 4059 5847 6259.
4095 5808 4236 5850 Paris.
4267 5808 4320 5846 —
4354 5807 4676 5855 Représentant
4708 5810 4762 5848 de
4792 5819 4908 5848 com¬

3888 5874 4050 5912 merce,
4076 5866 4198 5915 veuf,
4224 5868 4275 5907 46
4299 5878 4395 5912 ans,
4423 5867 4511 5907 très
4536 5870 4650 5911 belle
4674 5867 4906 5919 situation,

3890 5924 4036 5963 18.000
4064 5926 4118 5966 fr.
4151 5939 4232 5976 par
4260 5938 4332 5974 an,
4364 5924 4619 5974 épouserait
4647 5927 4908 5970 demoiselle

3886 5996 3942 6023 ou
3968 5983 4103 6027 dame
4127 5996 4283 6035 veuve,
4312 5986 4392 6035 âge
4419 5984 4459 6024 et
4486 5987 4699 6030 situation
4727 5999 4779 6028 en
4807 5999 4907 6039 rap¬

3886 6043 4000 6094 port.

3938 6122 4055 6160 6261.
4090 6123 4478 6163 Haute-Garonne.
4506 6147 4560 6152 —
4588 6124 4822 6174 Capitaine
4850 6134 4903 6163 en

3883 6179 4076 6227 activité,
4111 6184 4162 6222 43
4219 6195 4315 6229 ans,
4376 6182 4522 6224 désire
4579 6183 4904 6235 correspondre

3883 6250 3990 6280 avec
4019 6240 4280 6283 demoiselle
4310 6252 4367 6282 ou
4398 6251 4539 6283 veuve
4568 6255 4675 6285 sans
4706 6242 4900 6291 enfants,

3883 6299 4091 6339 habitant
4122 6302 4346 6344 Toulouse
4376 6311 4434 6342 ou
4466 6300 4530 6343 les
4560 6304 4788 6351 environs,
4822 6302 4902 6351 âge

3880 6360 3923 6399 et
3947 6358 4160 6400 situation
4186 6374 4239 6403 en
4266 6360 4466 6411 rapport.

3932 6438 4048 6476 6262.
4082 6438 4332 6478 Bordeaux.
4356 6460 4411 6464 —
4435 6436 4704 6480 Célibataire
4727 6440 4778 6478 40
4802 6448 4898 6486 ans,

3879 6495 3990 6543 seul,
4019 6496 4126 6544 aisé,
4156 6498 4335 6539 sérieux
4360 6495 4402 6535 et
4430 6496 4626 6550 instruit,
4655 6498 4792 6550 ayant
4819 6496 4899 6536 im¬

3878 6554 4083 6598 meubles
4114 6557 4155 6600 et
4187 6555 4404 6606 inférieur
4436 6556 4730 6608 confortable,
4763 6556 4899 6607 épou¬

3876 6615 4012 6657 serait
4044 6615 4306 6658 demoiselle
4364 6614 4419 6656 de
4451 6618 4664 6659 conduite
4710 6616 4898 6667 irrépro¬

3875 6675 4048 6725 chable,
4076 6676 4214 6727 ayant
4238 6674 4418 6715 fortune
4442 6687 4499 6718 ou
4522 6676 4612 6719 dot.
