5186 7176
3794 245 3873 313 vï

3857 335 3915 364 ri/

270 408 302 453 7
304 415 323 436 e
358 407 547 455 année.
577 438 640 444 —
662 414 728 458 N°
754 415 818 459 56
847 439 906 447 —
940 415 1032 470 |Q
1080 423 1222 463 cent.

1469 416 1822 535 EUVRE
1897 424 2022 537 DE
2093 426 2934 545 PHILANTHROPIE
3005 438 3438 554 SOCIALE

3835 452 3912 496 Du
3951 454 4011 498 15
4044 468 4111 499 au
4147 458 4204 502 31
4244 458 4465 517 Janvier
4501 462 4627 507 1912

517 642 721 700 Paraissant
745 643 777 701 le
807 645 821 701 1
827 653 857 669 er
883 646 917 702 et
941 646 973 703 le
1003 647 1045 703 15

2268 677 2273 711 |

2278 674 2477 774 LE

3856 691 4063 749 Paraissait
4084 693 4117 751 le
4148 695 4201 752 I"
4224 700 4259 754 et
4280 697 4313 755 le
4344 699 4385 756 15

298 796 1808 1513 Trait
2058 828 4591 1555 d'ünion

1384 1558 1645 1635 DES
1736 1560 2429 1644 INTERETS
2512 1570 3491 1675 RECIPROQUES

588 1682 1035 1736 Combinaison
1073 1687 1345 1752 Mariage
1383 1687 1568 1740 créée
1607 1703 1685 1742 en
1723 1687 1895 1743 1905
1963 1706 1999 1742 •
2035 1706 2071 1743 •
2106 1707 2142 1742 •
2214 1696 2503 1751 Bureaux
2543 1701 2603 1751 et
2637 1702 3152 1759 Administration
3189 1724 3204 1760 :
3244 1710 3351 1771 26.
3389 1728 3501 1766 rue
3541 1716 3582 1766 d
3599 1718 3828 1786 Astorg
3864 1750 3931 1756 —
3969 1724 4287 1781 Toulouse

362 1819 424 1852 LA
452 1819 583 1853 PLUS
610 1815 863 1855 HONNETE

361 1864 423 1898 LA
452 1866 586 1899 PLUS
615 1865 875 1900 DISCRETE

359 1911 423 1944 LA
450 1911 584 1946 PLUS
611 1912 810 1947 RAPIDE

359 1958 422 1992 LA
455 1959 588 1992 PLUS
620 1959 887 1999 SERIEUSE

357 2004 420 2041 LA
447 2006 581 2040 PLUS
606 2006 743 2044 SURE

358 2052 420 2086 LA
450 2052 616 2087 MOINS
646 2054 821 2088 CHERE

357 2099 454 2134 PAS
488 2099 972 2137 D’INTERMEDIAIRE

355 2146 453 2180 PAS
482 2147 547 2180 DE
578 2140 911 2182 COMMISSION

851 2187 876 2213 J

1614 1837 1946 1890 ABQftftEiENT
1968 1852 2020 1891 au
2042 1839 2219 1892 Journal
2242 1842 2427 1896 donnant
2447 1844 2558 1898 droit
2586 1844 2612 1899 à
2633 1860 2713 1900 une
2733 1850 2937 1903 insertion
2959 1852 3009 1904 de
3032 1852 3059 1907 6
3081 1852 3215 1919 lignes
3237 1870 3248 1909 :

1470 1930 1682 1966 Annonces
1733 1931 1786 1967 de
1839 1931 2013 1979 Mariage
2059 1934 2147 1976 (six
2188 1935 2318 1980 lignes
2375 1940 2419 1973 et
2468 1939 2735 1977 abonnement
2784 1954 2838 1979 au
2885 1942 3069 1990 journal)

1539 1977 1650 2013 Trois
1687 1978 3070 2032 mois...
3130 1995 3196 2031 ff
3228 1998 3376 2037 francs.

1467 2029 1612 2074 Lignes
1633 2031 3071 2086 supplémentaires....
3175 2055 3198 2084 t
3267 2072 3310 2078 —

1468 2085 1708 2119 Annnouces
1728 2088 1767 2120 et
1789 2086 1996 2123 Locations
2019 2088 2134 2129 (trois
2156 2090 3069 2139 mois)....
3169 2103 3204 2138 O
3265 2126 3309 2131 —

1467 2136 1567 2172 Avis
1582 2135 1731 2179 divers,
1752 2139 1880 2175 Offres
1901 2143 1939 2176 et
1959 2142 2180 2178 Demandes
2201 2143 2410 2190 d’emplois
2430 2143 2556 2187 (deux
2577 2147 3071 2192 mois).
3172 2156 3206 2191 8
3267 2178 3310 2184 —

3609 1858 3660 1886 Le
3687 1864 3707 1884 <(
3732 1859 3900 1895 Trait.d
3920 1860 4056 1895 Union
4083 1874 4103 1892 »
4128 1866 4189 1899 est
4239 1867 4399 1908 envoyé
4448 1872 4591 1907 contre

3559 1899 3580 1931 0
3601 1899 3654 1932 fr.
3680 1900 3723 1935 10
3744 1899 3772 1935 à
3793 1904 3907 1939 toute
3932 1912 4139 1946 personne
4162 1911 4233 1952 qui
4259 1920 4309 1947 en
4332 1915 4412 1951 fait
4436 1918 4477 1952 la
4524 1918 4588 1952 de¬

3559 1946 3725 1982 mande.

3608 1992 3669 2027 Un
3697 1999 3741 2028 n°
3764 1995 3976 2036 spécimen
4001 2003 4064 2036 est
4088 2003 4211 2040 offert
4235 2008 4588 2055 gracieusement,

3556 2035 3584 2071 à
3607 2041 3699 2075 tout
3723 2042 3912 2086 visiteur,
3938 2046 4048 2082 dans
4072 2055 4148 2085 nos
4173 2051 4377 2090 bureaux.

3605 2086 3657 2120 Le
3705 2087 3883 2123 Journal
3933 2094 3996 2127 est
4021 2094 4193 2131 adressé
4219 2096 4247 2132 à
4296 2107 4372 2136 nos
4399 2102 4587 2141 abonnés

3556 2137 3656 2166 sous
3682 2135 3910 2176 enveloppe
3935 2138 4108 2183 fermée,
4135 2149 4237 2180 sans
4263 2152 4429 2183 aucune
4479 2151 4585 2186 indi¬

3557 2186 3697 2220 cation
3731 2192 3979 2228 apparente.

330 2287 674 2380 Dépositaires
716 2290 780 2365 du
818 2287 962 2367 Trait
1000 2289 1206 2368 d’Onion

263 2460 373 2495 Paris
402 2469 411 2492 :
439 2462 603 2501 kiosque
630 2460 700 2498 136,
731 2470 799 2494 rue
827 2462 988 2503 Royale;
1015 2462 1179 2502 kiosque
1205 2462 1276 2499 224,

342 2503 558 2535 boulevard
591 2502 852 2542 Saint-Denis;
886 2504 1050 2543 kiosque
1083 2504 1152 2542 189,
1187 2505 1279 2536 bou¬

342 2544 476 2576 levard
511 2544 796 2583 Saint-Michel;
829 2546 992 2586 kiosque
1024 2546 1094 2583 196,
1149 2546 1279 2579 boule¬

342 2587 438 2618 vard
462 2586 704 2627 Sébastopol.

260 2640 366 2679 Lyon
398 2647 404 2671 :
434 2640 610 2680 kiosque,
639 2640 669 2676 8,
699 2639 811 2680 place
840 2643 908 2674 (les
936 2642 1148 2680 Terreaux;
1176 2643 1278 2675 kios¬

340 2688 426 2720 que,
446 2681 557 2720 place
574 2682 614 2714 la
630 2683 750 2720 Viste;
770 2683 933 2722 kiosque
951 2684 969 2715 1
987 2684 1059 2721 bis,
1079 2684 1191 2724 place
1207 2684 1276 2716 des

340 2723 572 2763 Cordeliers;
596 2723 761 2763 kiosque
784 2726 813 2762 1,
839 2726 931 2764 quai
955 2726 1002 2758 de
1026 2727 1118 2758 Retz

257 2778 454 2809 Marseille
475 2786 483 2807 :
503 2777 667 2816 kiosque
686 2778 879 2814 12,-allées
897 2780 945 2811 de
966 2779 1155 2815 Medhan;
1175 2780 1275 2812 kios¬

338 2826 412 2858 que
431 2819 482 2856 25,
504 2827 574 2851 rue
595 2814 778 2858 Noaillés;
800 2820 963 2860 kiosque
986 2822 1014 2859 1,
1037 2829 1107 2855 rue
1127 2823 1274 2855 Caune-

336 2860 454 2894 bière.

255 2915 459 2947 Bordeaux
486 2923 494 2946 :
519 2915 682 2955 kiosque
709 2915 847 2954 Turbo,
875 2916 983 2956 place
1009 2918 1055 2949 de
1079 2918 1118 2950 la
1141 2918 1272 2951 Comé¬

334 2956 407 2989 die.

256 3012 479 3050 Perpignan
504 3011 513 3043 :
534 3011 701 3051 kiosque
722 3010 857 3050 Vergé.

254 3066 450 3096 Toulouse
476 3075 482 3095 :
508 3066 745 3106 principaux
766 3066 951 3105 kiosques

302 3281 677 3384 Abonnés
726 3291 803 3383 et
852 3284 1221 3387 Lecteurs

304 3508 363 3550 Ce
392 3507 582 3563 journal
616 3507 728 3550 n’est
788 3520 868 3562 pas
932 3519 1019 3551 une
1054 3507 1269 3552 création.

243 3570 358 3610 Sous
384 3570 423 3610 le
451 3581 562 3610 nom
587 3568 640 3610 de
667 3568 1056 3623 Rapide-Agence,
1090 3570 1120 3610 il
1144 3575 1272 3623 porte

244 3627 404 3680 depuis
432 3629 539 3680 plus
571 3629 623 3669 de
656 3628 724 3668 six
755 3641 852 3676 ans,
888 3630 999 3670 dans
1034 3631 1178 3671 toutes
1210 3631 1272 3670 les

243 3699 426 3740 régions
452 3688 514 3728 du
539 3687 650 3728 Midi
676 3690 716 3727 et
743 3688 795 3728 de
822 3687 864 3729 la
888 3688 1056 3729 France
1082 3688 1267 3737 entière,

243 3744 493 3788 l’heureuse
530 3746 851 3787 combinaison
914 3747 1038 3787 créée
1071 3760 1154 3800 par
1187 3760 1271 3790 son

242 3807 479 3848 Directeur
511 3810 551 3848 et
583 3807 847 3860 poursuivie
880 3819 987 3849 avec
1022 3820 1084 3848 un
1115 3808 1270 3850 succès

241 3867 323 3920 gui
347 3879 403 3908 ne
426 3867 530 3908 s’est
551 3867 720 3920 jamais
747 3867 965 3908 démenti.

300 3927 594 3980 Transformé
623 3930 664 3968 et
696 3926 903 3979 modifié,
935 3940 1042 3970 sous
1075 3941 1162 3971 une
1192 3930 1270 3971 Di¬

238 3986 416 4028 rection
446 3987 671 4035 nouvelle,
706 3987 746 4027 le
803 3986 927 4028 Trait
955 3988 1155 4031 d’Union
1214 4002 1271 4030 va

244 4046 494 4088 désormais
524 4048 759 4099 s’occuper
790 4047 1112 4100 spécialement
1146 4050 1268 4091 d’an¬

246 4120 416 4149 nonces
447 4109 500 4149 de
532 4107 750 4159 mariage,
783 4107 883 4160 afin
911 4109 965 4150 de
995 4110 1176 4151 donner
1206 4122 1270 4150 un

240 4169 408 4210 nouvel
436 4180 556 4210 essor
582 4167 606 4207 à
632 4169 744 4208 cette
772 4179 926 4210 œuvre
955 4170 1265 4218 intéressante,

242 4228 567 4276 humanitaire,
615 4226 1027 4282 philanthropique
1093 4231 1135 4268 et
1199 4240 1268 4268 so¬

238 4287 366 4329 ciale.

302 4347 359 4388 Ce
383 4348 495 4402 petit
519 4347 707 4400 journal
735 4344 804 4387 n’a
827 4360 907 4402 pas
932 4349 975 4391 la
998 4348 1255 4402 prétention

243 4406 379 4447 d'être
436 4407 664 4448 littéraire.
694 4405 771 4447 Ses
800 4408 1001 4449 bureaux
1028 4422 1082 4449 ne
1107 4411 1258 4448 seront

238 4467 407 4519 jamais
432 4466 699 4508 encombrés
727 4467 779 4507 de
806 4468 994 4508 curieux
1022 4468 1258 4509 indiscrets

242 4526 291 4567 ni
311 4527 365 4567 de
388 4539 500 4580 gens
522 4526 752 4579 d'affaires
770 4527 877 4578 plus
898 4540 957 4568 ou
997 4528 1147 4569 moins
1184 4527 1258 4568 vé¬

239 4598 363 4627 reux.

299 4646 395 4687 Une
430 4644 744 4699 organisation
775 4647 968 4698 parfaite
1001 4650 1043 4687 et
1078 4659 1166 4688 une
1203 4651 1262 4688 te¬

238 4717 327 4746 nue
356 4704 692 4759 irréprochable
723 4719 734 4745 :
762 4703 883 4746 voilà
907 4718 955 4747 sa
982 4707 1146 4748 devise.

291 4763 510 4807 Abonnés
541 4767 583 4806 et
614 4766 806 4807 lecteurs
866 4770 970 4807 sont
1000 4766 1175 4808 assurés
1208 4767 1262 4808 de

240 4827 423 4866 trouver
446 4838 503 4866 en
527 4825 592 4866 lui
619 4837 681 4865 un
706 4826 939 4866 auxiliaire
965 4828 1243 4878 scrupuleux
1251 4860 1258 4873 ,

246 4885 382 4925 d’une
419 4886 667 4927 discrétion
703 4887 904 4935 absolue,
944 4888 985 4927 et
1023 4887 1159 4928 d’une
1199 4888 1264 4928 in¬

243 4943 495 4987 discutable
526 4946 720 4999 loyauté.

296 5000 392 5054 Que
424 5016 538 5046 ceux
569 5006 651 5059 qui
711 5017 765 5047 ne
829 5018 942 5048 nous
975 5007 1266 5048 connaissent

236 5075 318 5115 pas
346 5063 567 5106 viennent
596 5065 621 5107 à
651 5078 765 5107 nous
794 5078 898 5107 sans
926 5067 1112 5108 crainte.
1146 5067 1267 5109 Nous

236 5134 394 5165 serons
426 5123 630 5166 heureux
660 5125 713 5166 de
776 5126 837 5167 les
896 5126 1020 5167 aider
1052 5128 1104 5168 de
1139 5130 1264 5168 notre

238 5194 463 5225 concours
524 5184 716 5227 indirect
744 5199 827 5238 par
856 5187 895 5226 le
921 5187 1111 5240 journal
1142 5191 1180 5229 et
1214 5188 1265 5229 de

239 5253 321 5284 nos
383 5243 576 5285 conseils
608 5250 877 5297 personnels
939 5246 1115 5299 chaque
1176 5247 1265 5299 fois

238 5300 374 5353 qu’ils
406 5303 637 5346 voudront
702 5302 807 5344 bien
871 5315 987 5347 nous
1049 5306 1263 5347 accorder

242 5363 340 5402 leur
375 5363 614 5416 confiance
652 5367 694 5404 et
731 5376 846 5405 nous
884 5366 1135 5407 demander
1172 5380 1254 5408 nos

236 5422 347 5463 avis.

295 5480 390 5532 Que
454 5495 535 5524 nos
596 5484 787 5524 lecteurs
847 5484 1123 5527 deviennent
1186 5487 1260 5527 des

237 5542 368 5583 amis.
402 5542 495 5594 Que
523 5546 708 5596 partout
737 5546 778 5584 et
806 5542 832 5584 à
860 5547 975 5595 tous,
1010 5546 1062 5588 ils
1088 5547 1261 5600 fassent

240 5604 495 5652 connaître,
533 5616 638 5645 sans
672 5604 844 5644 crainte
882 5607 924 5645 et
958 5619 1063 5647 sans
1100 5608 1255 5654 honte,

237 5662 277 5703 le
305 5662 396 5703 bon
416 5663 823 5716 fonctionnement
847 5664 899 5706 de
926 5668 1053 5708 notre
1078 5667 1259 5720 organi¬

238 5722 387 5763 sation
426 5736 439 5768 ;
475 5723 610 5776 qu'ils
648 5737 763 5766 nous
795 5729 1044 5779 procurent
1082 5727 1120 5768 le
1154 5728 1259 5780 plus

236 5776 523 5824 d'adhésions
550 5779 771 5836 possibles,
803 5778 927 5824 voilà
958 5787 1086 5827 notre
1126 5782 1256 5828 désir.

297 5843 328 5882 A
367 5843 466 5883 tous
498 5844 538 5883 et
571 5842 595 5882 à
628 5846 788 5892 toutes,
826 5855 939 5885 nous
971 5847 1256 5895 souhaitons,

236 5913 294 5942 en
320 5903 487 5949 retour,
519 5902 670 5944 bonne
726 5904 896 5945 chance
952 5908 992 5946 et
1047 5910 1258 5960 prompte

238 5959 498 6003 réalisation
522 5962 575 6002 de
600 5963 720 6006 leurs
741 5964 847 6019 plus
871 5963 1027 6006 chères
1051 5966 1260 6019 espéran-

783 6083 855 6125 LA
879 6082 1200 6127 DIRECTION.

287 6269 376 6365 La
413 6269 744 6369 Puissance
789 6273 862 6372 de
899 6274 1214 6377 l'Annonce

287 6463 350 6503 En
375 6469 616 6516 acceptant.,
642 6478 691 6506 en
722 6467 899 6508 octobre
924 6471 1039 6514 1910.
1064 6471 1100 6510 la
1120 6472 1258 6514 direc¬

235 6524 324 6565 tion
343 6526 403 6567 du
422 6527 750 6570 Trait-d’Union
777 6540 877 6570 mon
911 6532 1121 6574 intention
1154 6537 1260 6578 était

235 6586 288 6627 de
338 6587 444 6630 faire
480 6589 536 6631 de
583 6590 905 6638 l’intéressante
951 6597 1257 6640 combinaison

233 6650 430 6701 mariage
463 6663 544 6692 line
584 6663 735 6695 œuvre
775 6655 971 6697 sérieuse
1014 6664 1055 6700 et
1092 6661 1195 6702 utile
1232 6664 1252 6702 à

233 6716 346 6754 tous.

288 6776 351 6814 En
366 6778 578 6827 quelques
594 6782 720 6828 mois,
740 6780 792 6819 de
814 6779 1106 6826 nombreuses
1125 6788 1258 6827 modi¬

1360 2290 1562 2331 fications
1579 2295 1654 2331 ont
1674 2291 1740 2331 été
1776 2294 1988 2335 réalisées
2026 2295 2139 2336 dans
2161 2297 2200 2336 le
2236 2296 2314 2338 but
2335 2298 2388 2338 de
2422 2300 2426 2358 j

1362 2352 1526 2392 rendre
1550 2353 1655 2404 plus
1678 2355 1912 2405 profitable
1935 2356 2180 2408 l’originale
2213 2360 2311 2400 idée
2328 2360 2388 2400 du

1360 2414 1555 2466 mariage
1577 2427 1658 2466 par
1679 2415 1903 2467 publicité.

1411 2478 1548 2516 Notre
1570 2479 1704 2518 siècle
1732 2480 1768 2518 si
1798 2480 1953 2520 fécond
1982 2492 2031 2520 en
2058 2482 2309 2523 inventions
2343 2487 2386 2524 et

1356 2538 1647 2580 découvertes
1667 2540 1723 2581 de
1764 2546 1906 2583 toutes
1951 2547 2109 2592 sortes,
2159 2555 2185 2584 a
2230 2558 2284 2585 vu
2335 2558 2382 2587 se

1356 2603 1496 2648 créer,
1535 2612 1582 2642 se
1624 2603 1891 2656 développer
1930 2610 1971 2646 et
2008 2618 2056 2647 se
2096 2607 2383 2649 trans'ormer

1356 2675 1440 2702 une
1459 2663 1560 2704 bien
1584 2666 1780 2706 modeste
1802 2670 2050 2709 nouveauté
2083 2683 2092 2708 :
2125 2668 2373 2711 l’annonce.

1406 2726 1439 2764 Il
1472 2737 1499 2776 y
1539 2738 1564 2766 a
1599 2727 1835 2778 cinquante
1871 2742 1966 2780 ans,
2010 2731 2236 2772 l’annonce
2276 2735 2380 2774 était

1354 2798 1466 2835 rare,
1501 2788 1705 2834 discrète,
1745 2791 1923 2832 limitée.
1963 2794 2257 2845 Aujourd’hui
2295 2796 2379 2836 elle

1354 2850 1544 2900 remplit,
1567 2852 1591 2890 à
1612 2852 1695 2891 elle
1716 2854 1853 2903 seule,
1878 2856 1988 2895 deux
2019 2867 2075 2896 ou
2106 2858 2214 2898 trois
2240 2870 2378 2908 pages

1351 2912 1428 2953 des
1443 2914 1610 2962 grands
1623 2916 1890 2967 quotidiens,
1910 2918 1992 2959 elle
2014 2919 2165 2970 frappe
2187 2922 2212 2959 à
2232 2923 2376 2961 toutes

1354 2974 1416 3014 les
1433 2979 1597 3026 portes,
1619 2976 1703 3016 elle
1724 2990 1772 3018 se
1791 2979 1927 3028 glisse
1946 2981 2056 3020 dans
2079 2986 2177 3022 tous
2201 2982 2266 3022 les
2292 2984 2370 3022 mi¬

1352 3036 1486 3086 lieux,
1518 3039 1601 3078 elle
1626 3039 1802 3079 devient
1831 3043 2158 3094 envahissante,
2187 3046 2375 3095 gênante

1355 3099 1535 3150 parfois;
1559 3101 1642 3140 elle
1659 3103 1799 3151 trône,
1819 3103 1902 3143 elle
1924 3104 2165 3157 triomphe;
2184 3118 2235 3147 sa
2255 3108 2375 3159 puis¬

1348 3172 1482 3201 sance
1504 3167 1571 3203 est
1590 3163 1802 3204 illimitée.

1400 3228 1623 3279 Pourquoi
1659 3230 1772 3270 donc
1804 3232 2024 3274 s’étonner
2056 3234 2186 3284 qu’on
2227 3235 2372 3276 utilise

1347 3292 1459 3330 cette
1484 3294 1626 3331 même
1648 3291 1858 3342 publicité
1880 3306 1991 3344 pour
2012 3296 2180 3337 arriver
2210 3310 2264 3336 au
2300 3299 2371 3338 ré¬

1345 3362 1480 3400 sultat
1500 3362 1647 3402 désiré
1668 3374 1747 3414 par
1767 3368 1859 3404 tout
1883 3376 1994 3406 ceux
2027 3368 2102 3418 qui
2146 3371 2296 3409 rêvent
2318 3370 2371 3409 de

1348 3422 1497 3462 fonder
1516 3435 1573 3462 un
1596 3423 1716 3475 ioyer
1736 3426 1754 3464 ?

1399 3486 1582 3525 Peut-on
1615 3488 1842 3539 employer
1878 3500 2036 3542 moyen
2076 3492 2178 3542 plus
2216 3496 2292 3535 sûr
2330 3498 2371 3534 et

1346 3548 1763 3599 moins-dangereux
1784 3563 1896 3602 pour
1915 3564 2098 3604 essayer
2118 3554 2173 3594 de
2195 3567 2371 3607 rappro¬

1343 3610 1447 3648 cher
1479 3610 1591 3650 deux
1623 3612 1847 3652 destinées
1867 3615 1886 3652 ?
1914 3615 2236 3656 Certainement
2264 3630 2366 3658 non.

1343 3671 1396 3710 Et
1416 3671 1521 3711 c’est
1541 3683 1655 3722 pour
1674 3676 1788 3714 cette
1809 3675 1955 3715 raison
1977 3688 2063 3728 que
2090 3679 2297 3720 s’affirme
2314 3682 2369 3720 de

1342 3734 1438 3782 jour
1459 3744 1511 3772 en
1534 3736 1630 3784 jour
1653 3735 1691 3774 le
1710 3738 1867 3777 succès
1884 3738 1938 3779 de
1966 3739 2143 3780 l’œuvre
2179 3753 2264 3794 que
2296 3742 2368 3792 j’ai

1342 3806 1586 3857 entreprise
1608 3810 1651 3846 et
1670 3819 1755 3859 que
1775 3810 1815 3858 je
1838 3820 1891 3850 ne
1912 3811 2060 3852 crains
2086 3823 2163 3863 pas
2184 3814 2238 3852 de
2259 3823 2366 3854 con¬

1343 3867 1512 3907 sidérer
1532 3880 1706 3910 comme
1728 3872 2024 3912 humanitaire
2045 3878 2087 3914 et
2107 3875 2285 3916 sociale.

1399 3930 1532 3971 Reste
1555 3932 1828 3975 maintenant
1846 3936 1871 3974 à
1891 3935 2086 3976 détruire
2126 3938 2164 3978 le
2184 3939 2367 3988 préjugé

1341 3994 1416 4042 qui
1437 3994 1571 4033 flétrit
1591 3997 1684 4033 tout
1701 4006 1750 4036 ce
1765 3996 1840 4046 qui
1855 3999 2015 4038 touche
2032 4009 2117 4038 aux
2138 4000 2367 4051 questions

1344 4055 1704 4096 matrimoniales.
1731 4058 1828 4100 Oui.
1853 4059 1882 4098 il
1904 4064 1968 4100 est
1991 4060 2070 4101 des
2104 4071 2292 4111 agences
2326 4067 2367 4103 et

1343 4115 1421 4156 des
1440 4122 1776 4159 entremetteurs
1795 4120 1901 4160 dont
1925 4123 1951 4160 il
1980 4123 2072 4163 faut
2107 4135 2154 4163 se
2194 4127 2363 4174 méfier;

1343 4179 1456 4219 mais
1477 4191 1531 4219 un
1562 4181 1752 4223 honnête
1787 4185 1828 4222 et
1863 4184 2079 4224 inoffensif
2116 4186 2288 4235 journal
2314 4198 2366 4227 ne

1342 4242 1508 4283 saurait
1529 4243 1720 4295 inspirer
1752 4244 1806 4283 de
1842 4246 2040 4287 défiance
2083 4250 2107 4287 à
2148 4259 2364 4300 personne

1344 4303 1522 4356 lorsque
1543 4318 1592 4346 sa
1611 4307 1825 4348 direction
1847 4311 1912 4347 esl
1932 4319 2151 4352 reconnue
2167 4311 2364 4351 sérieuse

1343 4367 1384 4403 et
1406 4365 1750 4416 irréprochable.

1390 4426 1530 4471 D'une
1554 4428 1679 4477 façon
1703 4428 1910 4480 générale
1931 4442 2041 4471 ceux
2061 4433 2134 4483 qui
2170 4434 2365 4484 aspirent

1342 4500 1395 4529 au
1419 4491 1615 4540 mariage
1636 4495 1866 4542 acceptent
1900 4496 1942 4532 et
1975 4495 2212 4536 sollicitent
2241 4496 2366 4536 l’avis

1340 4551 1442 4591 d’un
1481 4554 1584 4602 ami,
1626 4552 1948 4596 l’intervention
1998 4555 2056 4595 du
2099 4559 2283 4606 notaire,
2327 4560 2365 4598 le

1339 4615 1504 4655 conseil
1530 4615 1586 4654 du
1612 4618 1770 4667 prêtre,
1794 4622 1876 4658 etc.
1908 4616 2022 4657 C’est
2048 4631 2134 4670 que
2172 4620 2267 4660 rien
2291 4622 2359 4660 ici-

1341 4676 1419 4715 bas
1439 4687 1491 4716 ne
1513 4682 1617 4726 peut
1635 4690 1682 4718 se
1704 4679 1887 4720 réaliser
1925 4691 2029 4720 sans
2075 4682 2115 4722 le
2150 4694 2364 4723 concours

1339 4730 1441 4769 d’un
1462 4731 1562 4771 aide
1583 4735 1844 4784 compétent.

1391 4792 1436 4832 Si
1458 4805 1568 4834 vous
1600 4806 1706 4835 avez
1744 4795 1783 4835 le
1822 4796 2023 4838 bonheur
2056 4798 2110 4839 de
2153 4800 2364 4850 posséder

1340 4856 1454 4895 amis
1481 4859 1523 4896 et
1559 4857 1784 4907 relations,
1818 4859 1855 4899 si
1888 4864 2010 4900 votre
2039 4860 2188 4903 milieu
2226 4862 2363 4903 social

1342 4929 1451 4958 vous
1471 4923 1641 4969 permet
1662 4919 1715 4960 de
1739 4924 1914 4962 trouver
1936 4927 2094 4963 autour
2115 4923 2167 4964 de
2191 4936 2299 4966 vous
2320 4926 2360 4964 la

1339 4990 1556 5030 personne
1589 4982 1666 5033 qui
1714 4983 1806 5022 doit
1851 4989 2059 5035 partager
2106 4991 2229 5027 votre
2277 4988 2359 5036 vie,

1340 5042 1631 5090 gardez-vous
1652 5045 1855 5095 d’égarer
1878 5047 2056 5089 ailleurs
2077 5060 2156 5089 vos
2184 5051 2362 5091 recher¬

1338 5104 1456 5146 ches.

1394 5168 1504 5210 Mais
1558 5169 1595 5209 si
1636 5182 1747 5220 pour
1786 5171 2004 5213 d'infinies
2040 5174 2214 5215 raisons
2255 5186 2364 5215 vous

1339 5231 1430 5270 ôtes
1462 5228 1782 5282 embarrassés,
1818 5235 1951 5274 isolés
1985 5235 2096 5275 dans
2134 5237 2174 5276 la
2211 5237 2294 5287 vie,
2324 5237 2359 5275 si

1339 5295 1462 5333 votre
1500 5298 1741 5345 entourage
1777 5307 1829 5336 ne
1863 5308 1973 5336 vous
2007 5298 2174 5350 inspire
2203 5300 2363 5350 qu’une

1342 5355 1559 5396 médiocre
1580 5358 1819 5406 confiance,
1844 5370 2023 5411 essayez
2043 5361 2096 5400 de
2119 5361 2358 5402 l’annonce.

1340 5416 1434 5457 Elle
1454 5430 1565 5459 vous
1583 5423 1756 5471 promet
1785 5422 1953 5462 entière
1980 5426 2023 5462 et
2054 5424 2239 5464 absolue
2275 5424 2362 5465 dis¬

1338 5480 1519 5530 crétion,
1556 5486 1596 5521 et
1635 5482 1719 5523 elle
1756 5495 1866 5523 vous
1906 5484 2051 5525 donne
2091 5486 2268 5536 l'espoir
2307 5488 2362 5527 de

1341 5546 1516 5583 trouver
1534 5555 1582 5584 ce
1616 5556 1701 5596 que
1741 5558 1853 5587 nous
1873 5547 2120 5588 cherchons
2152 5552 2252 5588 tous
2288 5550 2361 5591 ici-

1339 5604 1418 5645 bas
1442 5619 1450 5644 :
1480 5605 1519 5646 le
1549 5607 1748 5647 bonheur
1783 5610 1895 5649 dans
1925 5610 2088 5650 l’union
2122 5611 2293 5652 désirée
2321 5616 2362 5652 et

1340 5669 1481 5707 rêvée.

1986 5755 2097 5795 Jean
2122 5755 2283 5795 BACH.

1340 5960 1661 6045 SERVICE
1704 5964 2357 6051 D’INFORMATIONS

1391 6195 1473 6236 Les
1522 6196 1713 6239 lecteurs
1762 6200 1805 6240 et
1854 6200 2053 6243 abonnés
2103 6203 2165 6243 du
2214 6204 2358 6244 Trait-

1339 6254 1531 6306 d’Union
1554 6256 1632 6306 qui
1654 6259 1879 6300 voudront
1900 6259 2000 6301 bien
2026 6263 2282 6304 m’honorer
2303 6264 2356 6305 de

1337 6311 1435 6354 leur
1481 6315 1726 6366 confiance,
1776 6320 2010 6360 recevront
2039 6322 2154 6363 dans
2184 6322 2248 6363 les
2278 6323 2358 6364 bu¬

1336 6383 1476 6414 reaux
1503 6374 1558 6415 de
1584 6374 1628 6416 la
1656 6376 1900 6429 Direction,
1931 6382 1996 6428 26,
2026 6391 2104 6422 rue
2134 6382 2354 6433 d’Astorg,

1335 6432 1480 6475 toutes
1510 6432 1572 6475 les
1602 6435 1874 6479 indications
1902 6439 1980 6490 qui
2009 6441 2231 6491 pourront
2258 6442 2355 6483 leur

1336 6491 1427 6532 être
1452 6494 1724 6536 nécessaires
1748 6499 2024 6538 concernant
2048 6499 2111 6540 les
2136 6501 2290 6542 ventes
2315 6503 2356 6542 et

1335 6551 1490 6592 achats
1516 6552 1848 6605 d’immeubles,
1878 6555 2095 6599 locations
2122 6558 2176 6600 de
2204 6560 2356 6602 cham¬

1335 6607 1436 6650 bres
1459 6612 1502 6652 et
1524 6611 1921 6663 d’appartements.

1388 6668 1468 6711 Les
1490 6672 1876 6723 renseignements
1898 6678 2048 6719 seront
2063 6678 2235 6720 donnés
2250 6692 2355 6722 avec

1335 6727 1376 6768 la
1400 6728 1504 6779 plus
1527 6732 1700 6782 grande
1723 6735 2056 6787 complaisance
2081 6739 2124 6781 et
2146 6742 2355 6790 toujours

1332 6790 1668 6836 gratuitement.

2515 2300 2597 2342 Les
2644 2303 2901 2347 Demandes
2947 2307 3197 2361 d’emplois,
3247 2314 3396 2364 offres,
3444 2316 3487 2356 et

2462 2359 2559 2400 avis
2599 2361 2750 2404 divers
2791 2367 2944 2407 seront
2984 2379 3127 2420 reçus,
3155 2382 3263 2412 sans
3286 2374 3413 2423 frais,
3442 2375 3485 2416 et

2462 2416 2641 2460 inscrits
2663 2431 2743 2463 sur
2765 2435 2828 2464 un
2852 2425 3040 2476 registre
3064 2428 3245 2479 spécial.

2512 2478 2593 2520 Les
2613 2480 2852 2524 Annonces
2872 2483 2937 2526 les
2955 2486 3060 2536 plus
3079 2487 3397 2532 intéressantes
3417 2503 3481 2532 se¬

2459 2538 2560 2579 ront
2580 2539 2785 2591 publiées
2808 2542 2952 2586 toutes
2973 2544 3037 2586 les
3057 2547 3281 2590 semaines
3303 2550 3417 2592 dans
3439 2551 3480 2593 le

2458 2595 2654 2644 journal.

2511 2655 2567 2696 Se
2586 2658 2816 2708 présenter
2836 2660 3148 2714 l’après-midi,
3169 2668 3235 2715 26,
3258 2678 3339 2708 rue
3359 2669 3477 2710 d’As-

2455 2714 2554 2766 torg
2576 2716 2631 2757 de
2653 2719 2679 2756 2
2703 2718 2865 2760 heures
2889 2721 2916 2761 à
2937 2724 2962 2763 5
2985 2723 3163 2767 heures.

2917 2822 3009 2879 ***

2524 2941 2750 3021 SERVICE
2796 2946 2866 3024 DE
2912 2947 3402 3031 RENSEIGNEMENTS

2504 3064 2572 3104 Au
2600 3066 2768 3108 service
2796 3067 3152 3123 d’information,
3181 3074 3256 3124 j’ai
3283 3075 3413 3127 joint,
3441 3076 3468 3115 à

2449 3125 2691 3173 proximité
2724 3127 2780 3170 de
2813 3140 2910 3170 mes
2944 3131 3161 3181 bureaux,
3200 3146 3261 3174 un
3296 3136 3466 3176 service

2448 3183 2613 3233 spécial
2640 3198 2712 3227 me
2737 3188 3009 3236 permettant
3035 3192 3088 3232 de
3112 3193 3335 3243 répondre
3359 3206 3465 3235 avec

2447 3243 2759 3295 promptitude
2781 3247 2808 3286 à
2831 3248 2952 3290 toute
2975 3250 3200 3294 demande
3221 3253 3275 3295 de
3300 3255 3463 3295 rensei¬

2446 3304 2660 3352 gnement
2680 3308 2968 3348 commercial
2990 3320 3047 3349 ou
3071 3311 3212 3360 privé.

2502 3363 2641 3403 Toute
2672 3375 2895 3415 personne
2925 3370 3064 3418 ayant
3093 3370 3247 3411 besoin
3280 3372 3463 3414 d’infor¬

2447 3420 2643 3463 mations
2665 3425 2806 3471 sûres,
2832 3436 2889 3464 au
2912 3426 3039 3476 point
3061 3428 3115 3468 de
3136 3440 3223 3470 vue
3244 3430 3464 3474 financier

2445 3491 2502 3520 ou
2524 3483 2828 3533 commercial,
2853 3487 3127 3527 concernant
3148 3488 3344 3540 affaires,
3369 3504 3463 3532 ma¬

2446 3539 2592 3590 riages
2613 3552 2670 3581 ou
2696 3544 2860 3592 autres,
2887 3555 3068 3587 recevra
3116 3548 3177 3588 du
3229 3550 3463 3592 Directeur

2444 3598 2508 3639 les
2530 3599 2915 3651 renseignements
2937 3604 3001 3644 les
3023 3606 3127 3656 plus
3150 3608 3309 3657 précis,
3335 3610 3360 3649 à
3383 3610 3461 3650 des

2443 3658 2546 3707 prix
2567 3658 2657 3699 très
2679 3659 2899 3702 modérés.

2909 3738 2997 3797 â

2524 3855 2994 3919 COMBINAISON
3038 3862 3386 3926 MARIAGES

2495 3951 2555 3991 La
2582 3952 2903 3998 Combinaison
2931 3959 3157 4011 Mariages
3181 3963 3296 4004 n’est
3317 3964 3462 4007 nulle¬

2440 4012 2567 4051 ment
2590 4015 2798 4056 modifiée
2823 4028 2904 4067 par
2929 4019 2971 4058 la
2996 4021 3194 4063 création
3220 4023 3275 4063 de
3299 4034 3369 4065 ces
3393 4026 3458 4066 di¬

2441 4079 2541 4111 vers
2562 4071 2765 4114 services-

2495 4130 2679 4172 Comme
2707 4144 2789 4183 par
2816 4134 2856 4175 le
2883 4138 3028 4186 passé,
3057 4138 3098 4179 le
3125 4139 3359 4184 Directeur
3385 4146 3460 4186 ab¬

2440 4189 2668 4232 solument
2697 4192 2808 4242 seul,
2841 4196 2980 4246 reçoit
3007 4196 3048 4239 le
3076 4200 3277 4243 courrier
3307 4202 3362 4243 de
3391 4215 3463 4245 ses

2440 4247 2653 4299 abonnés,
2696 4252 2792 4293 seul
2836 4253 2867 4295 il
2909 4254 2949 4296 le
2975 4256 3208 4307 transmet,
3237 4262 3280 4300 et
3303 4263 3399 4303 seul
3428 4263 3459 4304 il

2440 4306 2612 4359 répond
2643 4310 2669 4350 à
2699 4311 2844 4354 toutes
2875 4312 2939 4355 les
2971 4314 3122 4356 lettres
3151 4318 3230 4368 qui
3263 4318 3328 4360 lui
3359 4323 3461 4363 sont

2440 4367 2852 4416 personnellement
2872 4372 3115 4416 adressées.

3268 4436 3305 4478 J.
3332 4438 3378 4479 B.

2435 4637 2968 4746 NOTRE
3043 4644 3460 4753 ROLE

2494 4880 2551 4922 Le
2579 4880 2663 4923 but
2691 4882 2745 4924 de
2772 4883 2815 4926 la
2844 4886 3080 4931 Direction
3108 4891 3164 4934 de
3192 4906 3242 4934 ce
3268 4894 3456 4948 journal

2436 4944 2502 4979 est
2536 4941 2835 4995 simplement
2869 4947 2924 4988 de
2960 4947 3192 5006 s’occuper
3228 4951 3453 4995 d’annon¬

2434 5011 2505 5040 ces
2535 5000 2591 5043 de
2620 5003 2861 5059 mariages.
2897 5006 2982 5048 Par
3013 5023 3103 5051 une
3135 5011 3455 5056 combinaison

2435 5057 2616 5102 d’offres
2649 5066 2692 5102 et
2724 5063 2779 5104 de
2813 5065 3060 5110 demandes
3095 5074 3137 5112 et
3171 5084 3251 5124 par
3285 5072 3325 5112 la
3360 5086 3456 5115 cor¬

2434 5120 2745 5174 respondance
2778 5123 2945 5168 directe
2979 5132 3105 5170 entre
3137 5130 3199 5172 les
3233 5132 3452 5185 abonnés,

2435 5176 2496 5220 les
2534 5180 2756 5235 mariages
2792 5198 2837 5226 se
2871 5186 2973 5227 font
3008 5201 3110 5230 sans
3147 5191 3456 5235 intermédiai¬

2436 5251 2519 5279 res.

2509 5298 2628 5341 Mous
2665 5314 2723 5344 ne
2757 5304 2966 5347 saurions
3003 5320 3121 5350 assez
3156 5310 3331 5363 répéter
3366 5327 3455 5366 que

2435 5371 2550 5400 nous
2575 5360 2764 5404 n’avons
2787 5364 2885 5405 rien
2909 5365 2964 5406 de
2987 5379 3209 5410 commun
3235 5383 3341 5412 avec
3366 5384 3455 5413 une

2435 5430 2605 5472 agence
2639 5422 2997 5466 matrimoniale.
3036 5426 3136 5468 Non
3200 5430 3456 5472 seulement

2439 5491 2552 5519 nous
2586 5494 2640 5520 ne
2670 5480 2843 5524 faisons
2876 5498 2952 5535 pas
2984 5486 3037 5527 de
3068 5488 3309 5543 mariages,
3344 5494 3459 5532 mais

2435 5550 2599 5580 encore
2630 5552 2746 5583 nous
2779 5555 2836 5585 ne
2867 5544 3124 5588 réclamons
3155 5562 3334 5592 aucune
3395 5564 3458 5592 es¬

2436 5598 2543 5651 pèce
2572 5598 2625 5640 de
2655 5604 2954 5646 commission
2984 5610 3026 5647 et
3055 5611 3184 5649 notre
3212 5610 3305 5651 rôle
3336 5611 3459 5652 d’au¬

2435 5656 2611 5700 xiliaire
2639 5659 2805 5703 discret
2832 5675 2952 5706 cesse
3008 5678 3066 5707 au
3123 5675 3333 5711 moment
3360 5676 3459 5726 pré¬

2436 5716 2499 5758 cis
2532 5718 2592 5760 où
2628 5719 2689 5762 les
2725 5722 2961 5766 intéressés
2999 5724 3128 5767 n’ont
3161 5727 3264 5782 plus
3300 5730 3457 5772 besoin

2435 5775 2488 5819 de
2515 5790 2595 5819 nos
2621 5784 2828 5823 services.

2496 5835 2632 5880 Notre
2665 5840 2861 5895 système
2898 5843 2970 5884 n’a
3005 5846 3104 5887 rien
3141 5847 3196 5888 de
3232 5861 3455 5891 commun

2435 5908 2528 5938 non
2559 5898 2661 5951 plus
2692 5914 2798 5942 avec
2827 5902 2889 5944 les
2920 5917 3151 5948 annonces
3181 5908 3256 5949 des
3287 5910 3456 5962 grands

2434 5956 2668 6010 journaux
2695 5959 2932 6014 parisiens.
2966 5963 3080 6007 Leur
3108 5967 3323 6011 méthode
3351 5983 3458 6012 con¬

2435 6016 2538 6057 siste
2566 6017 2590 6059 à
2616 6019 2788 6060 insérer
2815 6022 2892 6063 des
2919 6024 3167 6067 demandes
3224 6032 3267 6069 et
3321 6030 3457 6071 offres

2436 6075 2490 6118 de
2525 6078 2767 6132 mariages,
2807 6081 3150 6134 généralement
3184 6099 3452 6142 anonymes,

2435 6139 2476 6178 et
2507 6142 2688 6190 portant
2719 6139 3003 6184 l’indication
3040 6159 3047 6186 :
3081 6162 3101 6183 «
3133 6150 3258 6199 poste
3287 6154 3457 6191 restan¬

2435 6200 2476 6237 te
2503 6212 2541 6235 ».

2494 6255 2617 6299 Cette
2649 6258 2892 6303 discrétion
2928 6263 3012 6303 très
3044 6263 3249 6318 légitime
3280 6272 3324 6310 et
3353 6282 3456 6311 sans

2435 6314 2631 6370 dangers
2664 6326 2792 6362 entre
2825 6322 3049 6364 honnêtes
3083 6337 3211 6378 gens,
3251 6330 3457 6383 présente

2435 6382 2475 6424 le
2503 6383 2605 6438 plus
2663 6396 2856 6430 souvent
2912 6388 2967 6430 de
3025 6403 3184 6444 graves
3243 6395 3457 6439 inconvé¬

2435 6444 2599 6487 nients.
2650 6446 2720 6488 Un
2749 6450 3108 6503 correspondant
3136 6454 3213 6508 qui
3243 6455 3456 6498 dissimu¬

2435 6503 2474 6544 le
2502 6517 2583 6546 son
2615 6506 2803 6549 identité
2833 6521 2888 6550 ne
2917 6515 3026 6563 peut
3053 6512 3183 6555 offrir
3212 6514 3266 6556 de
3294 6528 3456 6568 garan¬

2434 6563 2515 6605 ties
2542 6566 2773 6608 sérieuses.
2804 6567 2920 6611 Neuf
2947 6570 3033 6614 fois
3060 6586 3138 6615 sur
3164 6574 3255 6624 dix,
3288 6575 3349 6618 les
3376 6578 3456 6618 let¬

2434 6628 2520 6664 tres
2576 6626 2800 6669 adressées
2852 6630 2876 6670 à
2932 6643 3004 6672 ces
3056 6646 3273 6676 coureurs
3299 6635 3353 6678 de
3378 6636 3457 6679 dot

2432 6690 2600 6727 restent
2623 6699 2728 6729 sans
2752 6687 2959 6743 réponse.
2988 6691 3045 6735 Le
3071 6692 3167 6735 naïf
3191 6707 3455 6751 correspon¬

2432 6744 2544 6786 dant
2571 6746 2810 6800 s’aperçoit
2839 6750 2952 6802 qu’il
2982 6764 3005 6791 a
3035 6754 3104 6794 été
3133 6754 3456 6799 l’amusement

2431 6804 2540 6847 d’un
2568 6805 2756 6850 fumiste
2783 6822 2839 6851 ou
2868 6808 2978 6851 d’un
3007 6810 3198 6855 farceur.

3624 2321 3814 2367 Pareille
3848 2326 4168 2375 mésaventure
4203 2334 4318 2378 n’est
4351 2351 4431 2392 pas
4465 2340 4490 2382 à
4525 2355 4592 2383 re¬

3564 2380 3739 2432 douter,
3770 2385 3904 2437 grâce
3931 2388 3955 2429 à
3983 2388 4240 2435 l’heureuse
4268 2399 4589 2444 combinaison

3564 2439 3624 2483 du
3652 2442 3771 2484 Trait
3798 2444 4014 2490 d’Union.
4044 2451 4185 2495 Grâce
4210 2455 4234 2495 à
4260 2456 4342 2507 lui,
4371 2459 4521 2503 riches
4547 2467 4591 2504 et

3561 2513 3752 2555 pauvres
3812 2504 3943 2548 n’ont
3968 2508 4072 2562 plus
4101 2511 4261 2556 besoin
4289 2516 4344 2558 de
4371 2519 4588 2564 relations

3559 2563 3869 2614 personnelles
3905 2579 4023 2621 pour
4056 2570 4203 2614 s’unir
4237 2574 4512 2630 dignement
4544 2587 4589 2624 et

3559 2620 3683 2662 selon
3717 2621 3816 2664 leur
3849 2624 3983 2668 désir.
4048 2628 4431 2687 Journellement,
4469 2653 4587 2684 nous

3559 2691 3776 2723 recevons
3812 2684 3889 2727 des
3925 2687 4077 2731 lettres
4112 2690 4169 2732 de
4204 2698 4580 2743 remerciements

3556 2743 3599 2780 et
3632 2739 3687 2782 de
3720 2741 4015 2788 félicitations
4051 2761 4168 2802 pour
4202 2752 4245 2794 la
4279 2758 4485 2802 manière
4519 2761 4585 2802 sé¬

3553 2798 3701 2843 rieuse
3723 2800 3838 2844 dont
3858 2806 3994 2860 opère
4016 2806 4059 2848 la
4080 2808 4332 2858 Direction.

3613 2858 3678 2900 En
3708 2874 3756 2903 ce
3785 2864 3865 2917 qui
3895 2877 4120 2911 concerne
4148 2871 4192 2912 la
4219 2880 4581 2931 correspondan¬

3552 2931 3616 2968 ce,
3651 2933 3767 2963 nous
3796 2935 3912 2966 nous
3941 2925 4113 2971 faisons
4144 2946 4235 2975 une
4265 2934 4328 2976 loi
4356 2938 4412 2979 de
4439 2944 4579 2981 rester

3552 2984 3733 3023 neutres
3769 2987 3812 3025 et
3847 2983 4079 3040 d’ignorer
4115 3003 4164 3032 ce
4200 2992 4480 3047 qu’écrivent
4514 2999 4577 3041 les

3550 3037 3801 3083 intéressés.

3605 3098 3663 3140 Le
3686 3108 3827 3145 secret
3852 3103 3928 3147 des
3952 3106 4104 3151 lettres
4128 3116 4193 3152 est
4217 3111 4352 3155 chose
4377 3118 4527 3159 sacrée
4566 3118 4575 3159 I

4088 3195 4157 3238 LA
4188 3196 4510 3244 DIRECTION.

3634 3371 4480 3471 CONDITIONS

3715 3508 3773 3548 11
3797 3508 3961 3553 francs
3981 3526 4105 3566 pour
4125 3519 4248 3560 trois
4269 3522 4395 3563 mois

3544 3605 3756 3646 Donnant
3775 3609 3892 3648 droit
3908 3610 3933 3651 à
3955 3623 4043 3653 une
4059 3624 4264 3659 annonce
4281 3630 4339 3659 au
4359 3622 4557 3671 journal,

3599 3672 3704 3704 sous
3724 3669 3984 3720 enveloppe,
4006 3676 4049 3712 et
4068 3683 4127 3712 au
4147 3677 4317 3718 service
4336 3679 4390 3722 de
4412 3682 4453 3720 la
4472 3692 4565 3722 cor¬

3592 3726 3915 3772 respondance.

3533 3780 3868 3826 Abonnement
3893 3799 3953 3827 au
3979 3788 4176 3839 journal
4200 3795 4315 3843 seul,
4349 3807 4464 3838 sous
4489 3811 4569 3839 en¬

3588 3835 3796 3887 veloppe.

3542 3898 3610 3936 Un
3629 3908 3685 3938 an
3705 3902 3729 3939 6
3744 3902 3912 3953 francs,
3933 3907 4002 3946 six
4023 3907 4139 3948 mois
4155 3911 4180 3948 3
4196 3911 4364 3953 francs.

3596 4084 4509 4208 FONCTIONNEMENT

3595 4330 3693 4374 Une
3721 4346 3949 4388 personne
4007 4343 4088 4395 qui
4147 4344 4293 4389 désire
4323 4349 4566 4395 s’abonner

3536 4387 3632 4431 doit
3660 4404 3859 4448 envoyer
3920 4411 3975 4439 au
4037 4400 4289 4456 Directeur,
4325 4422 4383 4451 en
4413 4413 4565 4455 même

3534 4450 3689 4506 temps
3708 4464 3801 4508 que
3822 4467 3910 4500 son
3931 4468 4150 4504 annonce
4168 4474 4255 4506 son
4278 4478 4393 4511 nom
4413 4474 4457 4513 et
4472 4484 4559 4515 son

3532 4507 3740 4563 adresse,
3780 4513 3821 4558 le
3860 4516 3964 4570 prix
3997 4518 4055 4561 de
4093 4531 4180 4563 son
4215 4524 4552 4575 abonnement

3532 4567 3624 4612 soit
3649 4582 3768 4615 onze
3794 4572 3953 4620 francs
3984 4589 4106 4631 pour
4135 4581 4250 4626 trois
4286 4587 4427 4630 mois.

3592 4636 3649 4680 Le
3674 4638 3925 4696 Directeur,
3953 4647 4049 4689 seul
4074 4651 4247 4706 occupé
4271 4666 4326 4695 au
4352 4655 4560 4711 dépouil¬

3532 4695 3705 4740 lement
3731 4700 3793 4743 du
3819 4706 4021 4748 courrier
4047 4712 4125 4758 est,
4157 4711 4415 4765 également
4440 4719 4553 4768 seul,

3533 4759 3556 4796 à
3589 4760 3825 4804 connaître
3887 4763 4097 4810 l’adresse
4156 4771 4376 4816 véritable
4407 4775 4464 4819 de
4494 4792 4563 4819 ses

3533 4815 3752 4860 abonnés.
3791 4820 3915 4865 Cette
3979 4826 4156 4871 adresse
4188 4837 4255 4875 est
4288 4836 4558 4890 remplacée,

3532 4875 3646 4919 dans
3675 4876 3717 4920 le
3744 4880 3948 4934 journal,
3983 4899 4065 4940 par
4123 4902 4188 4931 un
4220 4894 4416 4936 numéro
4445 4896 4562 4940 d’or¬

3533 4935 3625 4986 dre,
3664 4938 4007 4995 indispensable
4069 4962 4187 5002 pour
4220 4950 4263 4992 la
4296 4966 4561 5012 correspon¬

3532 4993 3690 5039 dance.

3595 5063 3653 5106 Ce
3709 5070 3905 5112 numéro
3957 5078 4024 5115 est
4077 5080 4412 5135 communiqué
4436 5083 4460 5124 à
4485 5084 4563 5126 l’a¬

3536 5122 3692 5167 bonné
3713 5140 3769 5168 en
3795 5130 3947 5172 même
3971 5136 4119 5187 temps
4144 5136 4285 5191 qu’on
4312 5139 4376 5182 lui
4401 5155 4561 5186 accuse

3536 5182 3768 5238 réception
3793 5187 3856 5230 du
3881 5191 4084 5234 mandat.

3592 5250 3855 5306 Supposons
3912 5257 4083 5311 qu’une
4111 5261 4165 5306 de
4193 5278 4275 5307 nos
4332 5267 4564 5314 abonnées

3536 5311 3701 5354 veuille
3727 5312 3869 5356 écrire
3895 5317 3919 5359 à
3946 5316 4005 5359 M.
4036 5319 4146 5372 X...,
4178 5323 4292 5368 dont
4318 5326 4562 5371 l’annonce

3536 5375 3663 5422 porte
3692 5371 3731 5412 le
3759 5376 3811 5413 n°
3843 5375 3883 5416 6.
3916 5376 4011 5419 Elle
4039 5380 4200 5424 inscrit
4227 5383 4509 5431 lisiblement
4537 5390 4559 5431 à

3535 5427 3577 5471 la
3608 5430 3768 5484 plume
3799 5448 3860 5476 ou
3891 5449 3949 5479 au
3981 5451 4152 5495 crayon
4183 5456 4266 5485 son
4300 5458 4412 5487 nom
4444 5454 4488 5490 et
4519 5448 4560 5491 le

3535 5491 3585 5530 n°
3616 5491 3639 5531 6
3667 5490 3780 5535 dans
3807 5495 4060 5539 l’intérieur
4084 5499 4139 5543 de
4164 5502 4205 5542 la
4232 5506 4457 5557 première
4483 5522 4560 5550 en¬

3532 5548 3739 5605 veloppe,
3776 5552 3888 5595 celle
3919 5556 3998 5611 qui
4031 5564 4160 5612 porte
4192 5560 4233 5604 le
4264 5576 4374 5606 nom
4408 5570 4452 5608 et
4483 5567 4559 5610 l’a¬

3533 5607 3683 5652 dresse
3717 5612 3778 5653 du
3813 5613 4051 5658 Directeur
4085 5619 4147 5662 du
4183 5622 4303 5663 Trait
4337 5623 4555 5669 d’Union.

3532 5666 3657 5711 Dans
3683 5675 3795 5713 cette
3821 5674 4073 5730 enveloppe
4099 5679 4183 5722 elle
4208 5680 4335 5735 place
4361 5683 4403 5726 la
4429 5684 4559 5728 lettre

3533 5728 3741 5771 cachetée
3777 5732 3855 5786 qui
3892 5733 3988 5775 doit
4023 5736 4115 5779 être
4149 5740 4313 5783 remise
4349 5756 4407 5786 au
4443 5748 4495 5787 n°
4533 5747 4557 5788 6

3532 5799 3612 5839 par
3647 5787 3923 5834 l’entremise
3959 5794 4020 5836 du
4056 5796 4307 5842 Directeur.
4347 5804 4416 5846 Au
4449 5817 4557 5855 reçu

3533 5846 3588 5889 de
3621 5852 3735 5891 cette
3769 5848 3912 5901 lettre,
3952 5852 3992 5894 le
4028 5855 4263 5900 Directeur
4297 5860 4481 5906 déchire
4517 5864 4557 5906 la

3532 5909 3756 5960 première
3791 5912 4058 5968 enveloppe,
4096 5916 4120 5958 à
4156 5930 4239 5959 son
4276 5932 4404 5970 nom,
4443 5922 4556 5966 dans

3533 5967 3786 6011 l’intérieur
3812 5970 3866 6011 de
3895 5970 4091 6026 laquelle
4118 5990 4164 6018 se
4189 5980 4352 6023 trouve
4379 5983 4489 6024 écrit
4516 5983 4559 6026 le

3533 6039 3644 6068 nom
3669 6028 3724 6070 de
3749 6028 3988 6075 l’abonnée
4013 6040 4056 6076 et
4080 6035 4121 6077 le
4145 6039 4341 6083 numéro
4367 6055 4472 6083 avec
4497 6042 4557 6083 le¬

3532 6087 3637 6139 quel
3662 6087 3747 6129 elle
3770 6095 3879 6131 veut
3903 6095 4244 6148 correspondre.

3592 6154 3677 6195 Sur
3704 6156 3745 6196 la
3774 6155 3901 6200 lettre
3931 6161 4139 6204 cachetée
4168 6162 4221 6204 de
4251 6165 4557 6223 l’expéditrice

3532 6213 3561 6253 il
3587 6215 3699 6256 écrit
3722 6215 3932 6260 l’adresse
3955 6221 4173 6264 véritable
4196 6222 4259 6267 du
4285 6229 4337 6267 n°
4364 6228 4389 6270 6
4413 6231 4456 6270 et
4479 6243 4556 6271 en¬

3532 6274 3632 6316 voie
3657 6279 3771 6316 cette
3797 6275 3926 6320 lettre
3953 6292 4056 6323 sans
4084 6280 4273 6326 l’ouvrir
4300 6286 4320 6327 à
4350 6300 4432 6330 son
4460 6288 4557 6331 des¬

3532 6334 3755 6383 tinataire,
3786 6334 3844 6376 M.
3875 6335 3965 6380 X...

3588 6401 3652 6443 De
3687 6406 3800 6444 celle
3834 6403 3985 6458 façon,
4024 6408 4064 6450 le
4100 6408 4333 6455 Directeur
4369 6418 4557 6460 connaît

3528 6462 3624 6504 seul
3660 6462 3869 6506 l’adresse
3907 6466 3983 6508 des
4019 6468 4136 6510 deux
4172 6474 4556 6529 correspondants

3527 6522 3605 6574 qui
3632 6528 3832 6576 peuvent
3854 6527 4098 6569 continuer
4119 6528 4142 6569 à
4168 6527 4312 6574 s’écrii
4369 6547 4449 6587 par
4472 6550 4556 6579 son

3529 6583 3788 6624 entremise.
3860 6583 4060 6641 Lorsque
4095 6587 4157 6630 les
4193 6589 4312 6635 deux
4349 6594 4554 6638 abonnés

3527 6644 3742 6684 trouvent
3772 6642 3836 6686 les
3868 6647 4264 6703 renseignements
4297 6656 4500 6698 iMutuels
4531 6656 4555 6696 à

3528 6699 3627 6743 leur
3656 6715 3965 6756 convenance,
4001 6707 4055 6749 ils
4087 6716 4287 6763 peuvent
4318 6718 4469 6756 entrer
4499 6728 4555 6756 en

3527 6762 3743 6806 relations
3802 6764 3992 6808 directes
4052 6772 4095 6808 et
4124 6770 4296 6812 arriver
4355 6787 4411 6814 au
4473 6775 4557 6816 but

3527 6824 3761 6875 poursuivi
3792 6824 3845 6867 de
3873 6825 3970 6867 leur
3997 6827 4157 6869 union.

176 6953 193 6979 i.
