5132 7504
2357 512 2429 551 LE
2463 511 2642 552 TRAIT
2675 512 2924 554 D’UNION

601 636 789 712 Petite
833 632 1361 728 Correspondance

523 823 645 862 Nous
667 822 822 870 prions
844 832 928 862 nos
948 820 1149 862 abonnés
1172 823 1226 862 de
1250 832 1304 862 ne
1328 831 1494 862 corres¬

467 883 639 932 pondre
659 886 843 932 qu’avec
864 886 926 924 les
946 884 1160 924 numéros
1180 884 1362 923 inscrits
1380 884 1494 923 dans

471 946 508 986 le
570 947 760 986 Journal
800 947 854 986 de
891 947 934 986 la
967 947 1184 986 semaine.
1226 947 1306 985 Les
1343 946 1494 984 lettres

466 1007 698 1047 adressées
731 1018 820 1047 aux
859 1018 1106 1056 personnes
1142 1018 1230 1047 non
1267 1006 1495 1047 abonnées

467 1072 618 1110 seront
642 1070 886 1119 renvoyées
908 1068 935 1110 à
960 1068 1270 1118 l’expéditeur.

524 1132 645 1171 Nous
680 1131 1076 1176 recommandons,
1114 1141 1221 1171 avec
1287 1131 1327 1169 la
1392 1130 1495 1178 plus

467 1194 639 1243 grande
674 1194 931 1242 insistance,
967 1192 994 1232 à
1027 1196 1128 1233 tous
1163 1203 1243 1232 nos
1276 1190 1491 1238 abonnés,

468 1256 654 1295 anciens
691 1258 732 1294 et
769 1264 1024 1302 nouveaux,
1063 1255 1117 1294 de
1154 1264 1199 1294 se
1237 1255 1490 1292 conformer

467 1328 556 1358 aux
585 1318 857 1356 indications
883 1318 942 1356 du
969 1317 1150 1355 TRAIT
1179 1315 1412 1355 D’UNION
1440 1326 1493 1355 en

468 1390 515 1419 ce
543 1380 619 1427 qui
650 1388 867 1418 concerne
898 1379 939 1418 la
966 1379 1284 1418 transmission
1314 1378 1391 1417 des
1422 1379 1495 1415 let¬

467 1444 573 1481 tres.
611 1442 731 1482 Nous
764 1439 973 1488 répétons
1006 1450 1165 1479 encore
1202 1449 1287 1479 une
1320 1439 1408 1479 fois
1442 1438 1495 1477 de

471 1514 524 1543 ne
548 1506 708 1542 mettre
731 1512 907 1542 aucune
931 1502 1177 1540 indication
1201 1511 1280 1540 sur
1305 1502 1345 1540 la
1371 1502 1496 1540 lettre

471 1565 531 1604 du
568 1564 874 1610 destinataire,
912 1572 1045 1603 noms
1079 1566 1119 1603 et
1156 1562 1371 1603 numéros
1407 1561 1498 1600 doi¬

471 1629 576 1666 vent
606 1626 698 1665 être
731 1626 924 1671 inscrits,
959 1624 984 1663 à
1019 1626 1178 1664 l’encre
1210 1624 1295 1663 soit
1324 1634 1404 1663 sur
1436 1632 1496 1661 un

472 1688 630 1736 papier
654 1686 978 1735 indépendant,
1003 1687 1088 1726 soit
1112 1687 1226 1724 dans
1251 1684 1499 1724 l’intérieur

471 1750 526 1790 de
559 1750 836 1796 l’enveloppe
867 1747 1072 1788 adressée
1103 1758 1160 1787 au
1196 1748 1443 1787 Directeur.

528 1899 608 1938 Les
631 1907 878 1946 personnes
899 1896 975 1944 qui
999 1899 1076 1935 ont
1098 1896 1328 1943 plusieurs
1351 1896 1500 1934 lettres

474 1959 499 1999 à
535 1970 648 1999 nous
683 1960 890 1998 adresser
924 1968 978 1998 en
1016 1958 1163 1998 même
1198 1960 1360 2004 temps,
1399 1958 1500 1996 sont

474 2023 796 2071 parfaitement
818 2019 1064 2060 autorisées
1084 2019 1111 2059 à
1135 2020 1196 2059 les
1218 2018 1374 2059 réunir
1395 2027 1502 2059 sous

474 2094 560 2124 une
595 2083 743 2123 même
776 2083 1024 2130 enveloppe
1058 2082 1403 2121 suffisamment
1436 2079 1499 2118 af¬

472 2146 695 2186 franchie.

531 2208 652 2247 Dans
683 2216 730 2247 ce
762 2216 835 2246 cas
867 2207 895 2244 il
927 2208 992 2246 est
1024 2204 1272 2246 nécessaire
1304 2204 1358 2244 de
1390 2202 1502 2243 dési¬

475 2279 586 2319 gner
611 2270 814 2308 chacune
839 2268 968 2307 d’elle
994 2278 1074 2315 par
1101 2278 1160 2307 un
1188 2270 1235 2305 n°
1260 2266 1436 2306 d’ordre
1462 2267 1503 2304 et

475 2342 555 2371 son
582 2342 609 2370 n
652 2330 1024 2378 correspondant.

534 2394 750 2441 Exemple
788 2403 798 2431 :
836 2392 875 2431 le
906 2396 952 2430 n°
982 2394 999 2430 1
1038 2400 1151 2439 pour
1183 2391 1222 2429 le
1253 2395 1299 2428 n°
1328 2391 1448 2429 5600.

837 2455 875 2494 le
906 2459 953 2491 n°
983 2455 1007 2491 2
1038 2463 1152 2500 pour
1185 2453 1222 2491 le
1254 2457 1300 2490 n°
1330 2453 1447 2490 5700.

838 2516 875 2555 le
907 2520 954 2555 n°
983 2516 1007 2554 3
1039 2524 1153 2563 pour
1186 2515 1223 2554 le
1255 2519 1302 2552 n°
1331 2515 1450 2553 5800.

477 2584 518 2620 et
539 2580 654 2619 ainsi
679 2580 733 2619 de
754 2579 886 2619 suite.

535 2643 639 2683 Cela
672 2652 751 2682 sur
786 2651 847 2680 un
884 2640 1042 2688 papier
1077 2638 1387 2687 indépendant
1448 2646 1505 2675 ou

479 2706 688 2753 toujours
719 2704 832 2743 dans
865 2701 1113 2740 l’intérieur
1144 2702 1196 2740 de
1231 2700 1507 2747 l’enveloppe

480 2764 687 2807 adressée
708 2775 766 2805 au
792 2764 1039 2803 Directeur.

536 2828 658 2875 Seul,
688 2828 726 2867 le
752 2832 799 2865 n°
824 2827 1005 2866 d’ordre
1031 2828 1068 2872 1,
1096 2827 1120 2864 2
1144 2835 1200 2864 ou
1227 2826 1251 2863 3
1275 2834 1374 2864 sera
1399 2822 1508 2863 écrit

480 2901 538 2931 au
560 2899 726 2939 crayon
750 2888 864 2928 dans
887 2888 1048 2935 l’angle
1071 2887 1123 2926 de
1147 2887 1188 2926 la
1212 2887 1338 2926 lettre
1359 2885 1508 2924 adres¬

481 2952 552 2992 sée
576 2962 633 2991 au
658 2951 964 2991 destinataire.

540 3024 636 3063 ZM-
668 3023 748 3062 Les
772 3019 974 3060 abonnés
1002 3019 1076 3068 qui
1106 3018 1304 3058 désirent
1332 3027 1419 3057 une
1446 3018 1491 3055 ré

484 3095 623 3134 ponse
648 3083 675 3123 à
704 3084 826 3123 leurs
852 3082 1100 3122 demandes
1154 3084 1255 3120 sont
1310 3079 1430 3128 priés
1458 3078 1511 3117 de

482 3147 662 3195 joindre
690 3144 716 3186 à
744 3146 842 3184 leur
871 3144 998 3183 lettre
1027 3152 1087 3183 un
1116 3143 1282 3182 timbre
1311 3143 1364 3181 de
1392 3142 1443 3180 10
1471 3149 1507 3178 c.

543 3219 639 3258 Wk-
676 3217 796 3256 Nous
830 3215 986 3264 prions
1019 3223 1100 3253 nos
1132 3212 1512 3260 correspondants

484 3280 538 3319 de
564 3279 755 3318 timbrer
782 3276 1063 3316 eux-mêmes
1091 3276 1211 3315 leurs
1240 3275 1406 3314 lettres.

487 3466 883 3542 Création
947 3466 1053 3538 du
1113 3462 1515 3536 Courrier

738 3591 814 3635 Du
853 3587 1002 3634 Trait
1038 3587 1262 3632 d’Union

544 3755 601 3792 Le
652 3752 902 3799 Directeur,
954 3751 1044 3791 très
1067 3750 1235 3799 occupé
1258 3748 1284 3787 à
1306 3748 1350 3787 la
1373 3748 1517 3787 trans¬

489 3812 679 3852 mission
711 3812 790 3851 des
821 3811 988 3858 lettres,
1023 3810 1065 3850 et
1096 3808 1279 3859 n’ayant
1309 3819 1391 3857 pas
1421 3806 1516 3845 tou¬

490 3872 618 3922 jours
644 3871 683 3911 le
709 3871 857 3920 temps
910 3870 964 3909 de
1019 3867 1242 3919 répondre
1268 3865 1518 3916 gracieuse¬

490 3932 615 3971 ment
643 3943 732 3970 aux
760 3928 1009 3970 demandes
1038 3928 1114 3978 qui
1146 3927 1210 3966 lui
1240 3927 1340 3966 sont
1368 3925 1516 3964 adres¬

483 3992 599 4039 sées,
627 4003 652 4031 a
676 3988 832 4031 décidé
856 3988 899 4028 la
924 3987 1122 4028 création
1150 3986 1209 4027 du
1239 3984 1355 4026 Petit
1380 3984 1517 4025 Cour¬

490 4051 594 4090 rier.

547 4110 732 4160 Chaque
755 4107 970 4155 semaine,
995 4106 1059 4147 les
1082 4104 1282 4146 abonnés
1304 4104 1382 4154 qui
1406 4100 1518 4143 dési¬

492 4170 592 4210 rent
619 4182 680 4208 un
710 4167 1075 4216 renseignement
1102 4166 1156 4206 de
1184 4164 1227 4203 la
1280 4162 1515 4208 direction,

491 4227 755 4269 trouveront
786 4227 899 4267 dans
930 4236 978 4266 ce
1010 4224 1222 4264 Courrier
1253 4223 1296 4262 la
1328 4223 1516 4272 réponse

491 4289 516 4328 à
541 4287 640 4329 leur
666 4287 906 4334 demande,
934 4285 1075 4335 jointe
1102 4296 1159 4324 au
1187 4283 1379 4323 numéro
1406 4281 1516 4322 d’or¬

490 4348 570 4388 dre
595 4347 674 4398 qui
702 4346 799 4386 leur
824 4346 890 4386 est
915 4344 1124 4384 attribué.

547 4407 628 4448 Les
653 4415 901 4458 personnes
926 4403 1004 4455 qui
1031 4402 1261 4454 préfèrent
1314 4412 1402 4441 une
1456 4398 1519 4439 ré¬

492 4478 631 4518 ponse
654 4464 954 4516 personnelle,
978 4475 1062 4514 par
1083 4462 1226 4510 lettre,
1250 4462 1351 4501 sont
1374 4458 1519 4510 priées

491 4527 547 4568 de
576 4538 691 4567 nous
719 4535 915 4576 envoyer
945 4535 1007 4564 un
1039 4522 1204 4563 timbre
1235 4531 1349 4572 pour
1380 4519 1423 4559 la
1454 4518 1516 4559 ré¬

492 4596 646 4637 ponse.

594 4696 1095 4734 CORRESPONDANCE
1138 4695 1313 4728 ENTRE
1356 4694 1417 4727 LE

593 4752 899 4786 DIRECTEUR
941 4751 1005 4783 ET
1043 4748 1135 4791 SE§
1173 4747 1422 4782 ABONNES

547 4824 670 4864 Ceux
695 4822 750 4863 de
776 4832 858 4862 nos
883 4820 1099 4868 abonnés,
1128 4818 1206 4870 qui
1260 4828 1376 4868 pour
1430 4826 1518 4856 une

494 4883 644 4923 raison
674 4882 972 4932 quelconque,
1004 4891 1059 4919 ne
1114 4876 1384 4918 voudraient
1439 4886 1520 4924 pas

492 4940 898 4983 continuellement
917 4939 1121 4979 adresser
1143 4936 1240 4977 leur
1260 4945 1520 4986 correspon¬

494 5003 636 5042 dance
661 5014 719 5040 au
744 4999 928 5050 journal
956 4999 996 5039 le
1023 4998 1148 5037 Trait
1174 4996 1385 5043 d’Union,
1415 5005 1520 5044 peu¬

490 5062 611 5110 vent,
644 5060 736 5100 s’ils
767 5059 807 5100 le
837 5058 1050 5104 désirent,
1084 5068 1199 5096 nous
1228 5053 1519 5095 transmettre

496 5123 617 5162 leurs
647 5120 799 5160 lettres
828 5131 887 5159 au
918 5130 1022 5158 nom
1055 5118 1110 5158 de
1140 5117 1251 5156 Jean
1284 5115 1420 5161 Rach,
1452 5115 1516 5160 26,

495 5192 574 5221 rue
602 5180 824 5230 d’Astorg,
856 5176 1098 5218 Toulouse.

545 5299 600 5304 —
624 5274 830 5315 Certains
855 5274 910 5314 de
936 5284 1016 5312 nos
1043 5271 1243 5312 abonnés
1270 5267 1520 5310 s’étonnent

495 5336 548 5377 de
574 5334 771 5375 recevoir
795 5332 874 5374 des
898 5332 1050 5372 lettres
1074 5330 1128 5371 de
1153 5329 1368 5370 numéros
1392 5338 1447 5369 ne
1472 5326 1520 5366 fi¬

494 5395 662 5446 gurant
682 5406 763 5444 pas
786 5404 863 5434 sur
884 5392 924 5432 le
947 5390 1154 5431 Journal.
1180 5390 1302 5428 Nous
1324 5397 1522 5428 sommes

494 5454 667 5505 obligés
694 5454 748 5494 de
775 5451 874 5492 leur
900 5450 1124 5502 répondre
1151 5459 1239 5499 que
1266 5458 1336 5488 ces
1365 5446 1516 5486 numé¬

496 5527 568 5555 ros
592 5512 786 5555 existent
810 5510 1074 5552 réellement
1098 5508 1214 5549 mais
1266 5506 1390 5547 n’ont
1440 5515 1522 5555 pas

495 5575 746 5614 d’annonce
774 5571 887 5612 dans
914 5570 955 5610 le
982 5568 1180 5619 journal.

551 5634 672 5673 Nous
698 5631 918 5683 profitons
944 5628 999 5670 de
1050 5628 1162 5668 cette
1215 5624 1522 5667 circonstance

495 5704 611 5743 pour
642 5690 851 5742 rappeler
882 5700 971 5728 aux
1003 5687 1218 5727 numéros
1248 5687 1366 5732 5820,
1399 5686 1518 5730 5800,

495 5754 614 5799 5797,
646 5751 764 5798 5794,
797 5750 915 5796 5789,
949 5748 1067 5795 5785,
1099 5747 1218 5794 5781,
1250 5746 1367 5791 5771,
1400 5743 1518 5790 5764,

495 5814 600 5851 5762
625 5834 679 5839 —
708 5810 763 5850 ils
791 5808 891 5848 sont
920 5807 1175 5847 nombreux
1202 5828 1255 5832 —
1283 5803 1417 5855 qu’ils
1446 5814 1522 5841 au¬

497 5871 642 5911 raient
667 5870 763 5910 tout
788 5867 950 5907 intérêt
975 5866 1000 5906 à
1026 5864 1151 5905 avoir
1177 5875 1266 5904 une
1318 5871 1522 5902 annonce

497 5931 612 5971 dans
640 5930 680 5970 le
709 5926 907 5978 journal.

548 6048 603 6053 —
626 6024 692 6064 On
720 6032 835 6062 nous
859 6034 883 6062 a
907 6020 1133 6072 prévenus
1157 6016 1412 6068 également
1436 6025 1523 6066 que

494 6083 689 6125 certains
740 6080 940 6122 abonnés
991 6078 1242 6119 oubliaient
1292 6077 1346 6116 de
1371 6075 1522 6126 signer

499 6145 619 6183 leurs
643 6143 796 6182 lettres
820 6142 874 6180 de
898 6140 996 6179 leur
1020 6139 1212 6178 numéro
1236 6136 1428 6176 d’ordre.
1456 6134 1520 6171 En

496 6202 699 6254 agissant
723 6200 839 6240 ainsi
866 6199 922 6239 ils
947 6210 1003 6239 ne
1028 6196 1211 6238 doivent
1236 6195 1340 6247 plus
1366 6194 1522 6235 s’éton¬

499 6274 579 6302 ner
611 6272 699 6311 que
731 6260 852 6300 leurs
885 6258 1038 6298 lettres
1071 6256 1236 6295 restent
1295 6265 1400 6295 sans
1460 6252 1524 6291 ré¬

497 6331 675 6373 ponses.

548 6440 603 6444 —
632 6415 754 6455 Tous
784 6423 866 6452 nos
896 6411 1096 6452 abonnés
1127 6409 1228 6450 sont
1258 6408 1378 6459 priés
1435 6406 1524 6447 d’a¬

498 6476 674 6516 dresser
703 6474 855 6514 lettres
883 6472 924 6512 et
952 6468 1278 6516 observations,
1310 6479 1396 6507 non
1428 6466 1454 6507 à
1481 6465 1524 6505 la

499 6534 672 6584 Rapide
704 6534 895 6583 Agence,
958 6530 1072 6568 mais
1104 6540 1159 6568 au
1218 6525 1403 6576 journal
1462 6524 1522 6563 du

499 6592 626 6634 Trait
650 6591 859 6639 d’Union,
884 6591 950 6638 26,
1004 6599 1083 6628 rue
1134 6587 1356 6636 d’Astorg,
1411 6583 1524 6623 Tou¬

499 6654 638 6693 louse.

552 6746 613 6786 N°
643 6747 759 6786 5763.
790 6744 912 6784 Nous
939 6743 1154 6783 n’aurons
1179 6751 1260 6791 pas
1286 6739 1330 6782 la
1382 6738 1524 6779 moin¬

498 6807 576 6846 dre
602 6804 826 6846 difficulté
851 6815 966 6854 pour
992 6814 1082 6842 une
1106 6799 1314 6852 question
1342 6800 1395 6840 de
1422 6798 1523 6839 date

498 6862 876 6920 Envoyez-moi,si
900 6872 1014 6902 vous
1036 6860 1076 6901 le
1099 6860 1231 6911 jugez
1256 6857 1520 6907 nécessaire,

1567 607 1607 647 le
1628 607 1779 647 libellé
1800 608 1935 647 d’une
1956 607 2166 647 nouvelle
2187 607 2403 647 insertion
2427 619 2479 647 en
2504 606 2593 647 mê¬

1568 679 1639 707 me
1667 668 1815 718 temps
1844 678 1930 718 que
1960 667 2000 707 le
2028 666 2236 706 montant
2264 667 2318 707 de
2347 667 2472 707 votre
2500 667 2592 706 réa¬

1570 726 1860 767 bonnement.

1616 863 1671 868 —
1696 839 1758 887 Si,
1786 851 1868 890 par
1895 839 2076 887 hasard,
2106 850 2187 879 nos
2212 838 2592 888 correspondants

1570 900 1775 940 oublient
1802 899 1855 939 de
1882 899 2072 939 timbrer
2100 899 2221 939 leurs
2275 898 2427 939 lettres
2482 908 2595 938 nous

1570 970 1767 999 sommes
1791 958 1976 1007 obligés,
2005 958 2106 998 bien
2134 959 2159 998 à
2187 959 2344 1008 regret,
2374 958 2427 997 de
2451 957 2515 997 les
2539 968 2592 997 en

1569 1018 1779 1069 prévenir
1802 1019 1843 1058 et
1866 1028 1980 1058 nous
2003 1016 2067 1057 les
2090 1016 2246 1067 prions
2268 1028 2294 1056 a
2316 1017 2515 1056 l'avance
2539 1015 2592 1056 de

1567 1077 1743 1118 vouloir
1770 1078 1879 1116 bierr
1900 1088 1956 1116 ne
1982 1087 2064 1127 pas
2089 1078 2179 1116 s’en
2206 1076 2407 1116 étonner.

1683 1269 2063 1341 Pensées
2121 1267 2495 1341 d’Album

1628 1483 1687 1488 —
1714 1459 1747 1499 11
1776 1474 1804 1513 y
1830 1472 1854 1499 a
1882 1458 2082 1512 quelque
2107 1459 2244 1499 chose
2272 1458 2327 1499 de
2355 1458 2457 1512 plus
2486 1458 2599 1499 haut

1575 1533 1661 1572 que
1698 1520 1704 1559 I
1727 1520 1917 1573 orgueui
1928 1519 1939 1558 1
1971 1524 2014 1559 et
2046 1519 2099 1559 de
2132 1519 2236 1572 plus
2269 1518 2404 1560 noble
2436 1531 2525 1571 que
2559 1517 2597 1557 la

1572 1579 1724 1619 vanité
1751 1594 1758 1619 :
1779 1578 1884 1619 c’est
1906 1579 1946 1618 la
1967 1578 2188 1620 modestie
2212 1591 2220 1626 ;
2244 1576 2441 1631 quelque
2463 1576 2596 1617 chose

1574 1638 1627 1679 de
1664 1638 1767 1692 plus
1802 1651 1901 1680 rare
1936 1651 2024 1690 que
2063 1638 2102 1676 la
2137 1636 2374 1685 modestie,
2414 1635 2519 1677 c’est
2557 1635 2595 1676 la

1574 1697 1835 1752 simplicité.

2258 1755 2364 1795 Riva
2372 1768 2399 1795 n
2406 1768 2448 1795 oi
2470 1791 2474 1795 .

1631 1899 1690 1904 —
1714 1876 1766 1916 Le
1790 1875 1999 1916 meilleur
2020 1887 2189 1928 moyen
2211 1874 2263 1915 de
2286 1874 2454 1916 retenir
2475 1871 2600 1927 quel¬

1575 1934 1720 1988 qu’un
1742 1940 1806 1975 est
1827 1935 1884 1975 de
1903 1935 1965 1974 lui
1990 1934 2144 1975 laisser
2164 1934 2308 1974 croire
2330 1932 2441 1987 qu’il
2463 1937 2526 1973 est
2552 1931 2599 1972 li¬

1576 1995 1667 2036 bre.

2066 2051 2296 2092 Comtesse
2320 2051 2479 2091 Diane.

1631 2196 1691 2201 —
1717 2172 1936 2226 Voyager,
1967 2171 2074 2212 c’est
2130 2182 2368 2211 consacrer
2423 2180 2504 2209 son
2535 2181 2603 2208 ar¬

1577 2236 1683 2287 gent
1715 2236 1758 2272 et
1784 2244 1865 2271 son
1895 2235 2043 2283 temps
2072 2231 2095 2270 à
2124 2232 2396 2282 augmenter
2426 2240 2471 2268 sa
2503 2240 2601 2280 pro¬

1580 2306 1655 2345 pie
1676 2290 1847 2332 valeur.

2332 2346 2382 2387 C.
2408 2344 2462 2387 D.

1633 2492 1692 2497 —
1716 2467 1942 2522 L’orgeuil
1967 2467 2074 2507 c’est
2098 2467 2188 2507 être
2218 2480 2226 2514 ;
2256 2466 2294 2504 la
2321 2464 2473 2507 vanité
2498 2463 2603 2504 c’est

1579 2528 1790 2582 paraître.

2334 2583 2367 2623 C
2410 2583 2465 2623 D.

1638 2723 1696 2728 —
1719 2700 1776 2740 La
1800 2699 2076 2739 Distraction
2099 2703 2163 2738 est
2184 2698 2207 2738 à
2233 2697 2271 2737 la
2293 2694 2487 2738 douleur
2511 2707 2607 2735 mo¬

1584 2759 1672 2800 rale
1696 2772 1746 2800 ce
1770 2772 1857 2812 que
1882 2758 1920 2799 le
1946 2756 2255 2798 chloroforme
2280 2759 2343 2796 est
2369 2755 2391 2794 à
2421 2754 2459 2794 la
2486 2752 2606 2794 souf¬

1583 2820 1736 2860 france
1762 2819 2002 2872 physique,
2031 2815 2142 2870 qu’il
2198 2829 2252 2855 ne
2307 2808 2457 2868 guérit
2510 2825 2602 2866 pas,

1583 2879 1698 2920 mais
1731 2878 1844 2932 qu’il
1876 2876 2073 2930 suspend
2118 2890 2124 2915 :
2159 2874 2264 2915 c’est
2297 2873 2520 2914 l’instinct
2553 2871 2606 2912 de

1583 2938 1902 2980 conservation
1930 2936 2004 2988 qui
2036 2934 2227 2976 conduit
2284 2933 2344 2974 les
2401 2930 2608 2972 malheu¬

1583 3011 1694 3039 reux
1715 2998 1739 3038 à
1762 2998 1914 3050 puiser
1936 2995 2048 3035 dans
2073 3008 2132 3035 un
2158 3006 2288 3046 repos
2312 2994 2608 3032 momentané

1588 3058 1625 3097 la
1650 3057 1771 3096 force
1794 3055 1847 3098 de
1871 3053 2055 3095 souffrir
2076 3065 2255 3094 encore.

2064 3110 2304 3155 .Comtesse
2331 3110 2487 3150 Diane.

1642 3259 1700 3263 —
1728 3232 1979 3286 Lorsqu’on
2007 3231 2150 3272 hésite
2178 3233 2304 3271 entre
2362 3227 2480 3268 deux
2536 3226 2588 3267 de

1586 3295 1704 3336 voirs
1738 3294 1762 3334 il
1794 3291 1968 3335 semble
1996 3304 2084 3344 que
2113 3290 2152 3330 le
2182 3288 2284 3343 plus
2312 3286 2496 3342 pénible
2524 3285 2610 3327 soit

1590 3355 1626 3395 le
1652 3354 1750 3406 plus
1774 3351 2044 3406 impérieux.

2075 3405 2306 3450 Comtesse
2331 3405 2489 3446 Diane.

1642 3555 1701 3559 —
1727 3530 1837 3570 Rien
1866 3541 1920 3568 ne
1945 3526 2163 3567 remercie
2218 3525 2373 3564 mieux
2429 3535 2517 3575 que
2572 3519 2611 3559 le

1586 3589 1799 3633 bonheur
1820 3588 1875 3630 de
1895 3586 2010 3628 celui
2035 3599 2123 3640 que
2147 3584 2236 3626 l’on
2259 3597 2281 3624 a
2303 3582 2472 3636 obligé.

2359 3642 2406 3683 C.
2439 3642 2490 3682 D.

1646 3791 1705 3796 —
1732 3767 1808 3808 Les
1835 3766 2057 3807 blessures
2084 3763 2212 3803 faites
2240 3775 2319 3815 par
2346 3760 2407 3800 les
2435 3758 2614 3799 indiffé¬

1590 3832 1712 3867 rents
1738 3839 1792 3867 ne
1816 3825 2002 3866 laissent
2026 3836 2103 3876 pas
2128 3822 2182 3862 de
2205 3819 2452 3861 cicatrices.

2361 3877 2392 3919 C
2443 3876 2476 3918 D

1648 4027 1707 4033 —
1730 4003 1761 4044 Il
1788 4018 1816 4056 y
1841 4016 1863 4043 a
1890 4004 2048 4043 autant
2073 3999 2127 4040 de
2151 3996 2326 4039 lâcheté
2351 4011 2372 4036 a
2398 3994 2615 4037 condam¬

1592 4078 1671 4104 ner
1698 4076 1762 4104 un
1788 4062 1948 4103 absent
1975 4072 2061 4112 que
2088 4058 2142 4098 de
2168 4068 2364 4108 courage
2391 4068 2413 4095 a
2442 4055 2615 4094 formu¬

1595 4125 1655 4165 ler
1680 4136 1741 4164 un
1764 4119 1984 4175 reproche
2006 4131 2062 4159 en
2086 4116 2182 4158 face
2208 4130 2216 4164 ;
2242 4115 2356 4156 mais
2379 4114 2420 4155 la
2443 4111 2616 4155 lâcheté

1592 4186 1659 4224 est
1691 4182 1723 4221 si
1762 4179 1972 4234 générale
2006 4176 2116 4231 qu’il
2154 4180 2216 4216 est
2251 4173 2436 4226 d’usage
2471 4173 2524 4212 de
2560 4183 2615 4211 ne

1591 4239 1752 4282 cacher
1778 4252 1859 4280 son
1887 4236 2058 4291 mépris
2112 4234 2216 4290 qu’à
2243 4231 2359 4275 celui
2387 4232 2464 4284 qui
2492 4230 2595 4272 l’iris
2607 4254 2615 4258 -

1647 4502 1680 4506 —
1702 4501 1706 4504 •
1736 4476 1842 4516 Lien
1872 4474 1981 4515 n’est
2040 4470 2321 4524 impossible,
2355 4468 2380 4508 il
2410 4483 2435 4520 y
2462 4481 2484 4509 a
2540 4467 2615 4507 des

1593 4538 1715 4579 voies
1742 4535 1820 4590 qui
1846 4533 2122 4576 conduisent
2146 4532 2168 4572 à
2195 4535 2343 4572 toutes
2368 4528 2542 4568 choses.
2574 4524 2615 4566 Si

1594 4610 1708 4638 nous
1733 4595 1890 4635 avions
1915 4606 2033 4633 assez
2058 4592 2111 4632 de
2134 4588 2319 4631 volonté
2372 4600 2487 4629 nous
2541 4599 2616 4625 au¬

1594 4656 1716 4696 rions
1739 4654 1951 4707 toujours
1974 4664 2091 4692 assez
2115 4648 2168 4690 de
2191 4656 2399 4701 moyens.

1992 4711 2050 4750 La
2081 4710 2406 4750 Rochefoucai
2427 4719 2440 4745 i
2455 4719 2496 4746 t.

1653 4856 1709 4861 —
1730 4831 1898 4879 Aimer,
1923 4828 2029 4870 c’est
2051 4832 2234 4870 trouver
2254 4824 2367 4867 dans
2389 4823 2427 4863 la
2451 4820 2618 4865 félicité

1594 4891 1808 4939 d’autrui,
1836 4903 1882 4930 sa
1907 4900 2071 4943 propre
2097 4884 2279 4926 félicité.

1650 4969 1843 5010 Journal
1867 4968 1919 5007 de
1943 4963 2246 5007 Ckanteclair.
2393 4959 2614 5000 Leibnitz.

1823 5171 2029 5251 LES
2085 5169 2391 5247 YEUX

1634 5381 1751 5413 Bleus
1776 5387 1826 5412 ou
1851 5379 1972 5417 noirs,
1998 5379 2087 5411 tous
2111 5376 2247 5415 aimés,
2274 5377 2363 5408 tous
2387 5374 2515 5407 beaux

1635 5440 1708 5473 Des
1736 5447 1840 5480 yeux
1868 5446 1963 5470 sans
1992 5438 2155 5470 nombre
2184 5436 2251 5467 ont
2282 5443 2331 5466 vu
2360 5435 2528 5467 l’aurore

1634 5499 1686 5533 Ils
1714 5499 1894 5532 dorment
1923 5506 1974 5531 au
2002 5497 2099 5530 fond
2126 5496 2195 5529 des
2223 5494 2446 5532 tombeaux,

1634 5561 1678 5591 Et
1699 5560 1734 5592 le
1756 5559 1868 5591 soleil
1890 5566 1930 5591 se
1951 5559 2036 5590 lève
2058 5564 2210 5592 encore.

1634 5681 1704 5712 Les
1729 5679 1836 5711 nuits
1860 5679 1950 5718 plus
1974 5679 2119 5710 douces
2143 5684 2217 5716 que
2242 5676 2298 5707 les
2320 5676 2432 5715 jours

1634 5739 1710 5771 Ont
1735 5736 1934 5771 enchanté'
1955 5738 2023 5770 des
2048 5744 2152 5778 yeux
2178 5743 2271 5767 sans
2297 5734 2471 5771 nombre,

1635 5799 1706 5831 Les
1734 5798 1870 5831 étoiles
1898 5798 2058 5830 brillent
2087 5796 2278 5835 toujours,

1635 5859 1678 5890 Et
1704 5859 1761 5891 les
1787 5866 1890 5898 yeux
1917 5864 1956 5890 se
1983 5859 2071 5888 sont
2096 5856 2259 5895 remplis
2285 5855 2470 5887 d’ombre.

1635 5978 1695 6011 Oh
1722 5979 1728 6010 !
1754 5978 1870 6018 qu’ils
1894 5978 2000 6010 aient
2026 5978 2148 6017 perdu
2174 5976 2210 6008 le
2235 5976 2389 6016 regard,

1635 6039 1731 6077 Non,
1758 6046 1849 6075 non,
1876 6038 1960 6070 cela
1984 6038 2081 6070 n’est
2108 6044 2179 6076 pas
2204 6036 2376 6076 possible
2404 6036 2411 6067 !

1637 6099 1688 6130 Ils
1716 6106 1756 6131 se
1785 6099 1872 6130 sont
1902 6098 2064 6128 tournés
2091 6096 2259 6135 quelque
2290 6097 2387 6136 part,

1636 6158 1731 6190 Vers
1758 6166 1800 6191 ce
1828 6158 1944 6198 qu’on
1974 6163 2132 6188 nomme
2161 6155 2387 6187 l’invisible.

1637 6279 1680 6310 Et
1704 6284 1855 6310 comme
1879 6278 1936 6310 les
1959 6278 2091 6308 autres
2114 6275 2332 6315 penchants

1638 6338 1740 6370 Nous
1767 6338 1946 6378 quittent,
1972 6336 2075 6370 mais
2099 6344 2148 6368 au
2175 6336 2247 6369 ciel
2272 6334 2515 6372 demeurent,

1639 6398 1690 6428 Ils
1714 6398 1887 6428 donnent
1910 6403 1959 6428 au
1983 6396 2078 6430 fond
2102 6396 2169 6428 des
2191 6396 2415 6432 tombeaux,

1639 6456 1739 6488 Mais
1770 6456 1796 6488 il
1827 6456 1923 6488 n’est
1955 6464 2024 6496 pas
2055 6456 2136 6488 vrai
2168 6456 2330 6496 qu’elles
2360 6455 2539 6487 meurent
2574 6466 2579 6486 :

1638 6577 1755 6610 Bleus
1779 6584 1830 6610 ou
1856 6576 1976 6615 noirs,
2004 6578 2092 6608 tous
2118 6575 2255 6614 aimés,
2282 6576 2370 6607 tous
2395 6574 2534 6612 beaux,

1638 6636 1806 6669 Ouverts
1838 6637 1860 6668 à
1888 6636 2056 6675 quelque
2087 6636 2279 6668 immense
2310 6640 2451 6667 aurore

1639 6696 1690 6728 De
1718 6695 1856 6728 l’autre
1883 6695 1967 6727 côté
1995 6695 2063 6727 des
2090 6695 2302 6728 tombeaux

1638 6756 1708 6789 Les
1732 6763 1837 6796 yeux
1860 6756 1978 6796 qu’on
2003 6756 2138 6795 ferme,
2166 6756 2296 6788 voient
2322 6762 2474 6789 encore.

2159 6854 2270 6891 Sully
2302 6852 2578 6883 Prudhomme.

2736 635 3640 743 CORRESPONDANCE

2718 831 2831 866 Nous
2859 831 2996 866 allons
3024 842 3122 867 sous
3172 842 3217 867 ce
3244 832 3342 867 titre
3394 832 3558 876 publier
3584 834 3695 878 quel¬

2670 893 2771 928 ques
2792 894 2895 919 unes
2918 884 2990 919 des
3011 886 3286 920 nombreuses
3308 884 3451 920 lettres
3474 885 3522 920 de
3544 892 3695 921 remer¬

2670 936 2871 972 ciements
2922 939 2962 972 et
2988 938 3038 972 de
3067 938 3340 973 félicitations
3366 947 3446 983 que
3497 939 3534 973 le
3560 938 3696 983 précé¬

2670 989 2768 1024 dent
2793 989 3012 1025 Directeur
3035 999 3060 1024 a
3083 991 3179 1026 bien
3203 991 3330 1026 voulu
3355 990 3504 1026 mettre
3530 989 3554 1025 à
3578 991 3696 1025 notre

2671 1042 2932 1087 disposition.
2964 1043 3079 1079 Nous
3106 1054 3131 1088 y
3180 1043 3402 1088 joindrons
3451 1043 3576 1079 celles
3626 1043 3695 1088 qui

2673 1105 2779 1131 nous
2814 1095 3096 1140 parviennent
3131 1095 3459 1140 journellement
3494 1096 3529 1131 si
3566 1096 3696 1131 toute¬

2670 1148 2750 1183 fois
2778 1158 2855 1183 nos
2883 1148 3239 1194 correspondants
3268 1150 3438 1185 veulent
3464 1150 3560 1185 bien
3591 1158 3698 1184 nous

2671 1212 2694 1247 y
2726 1202 2936 1237 autoriser

3259 1257 3474 1295 Bordeaux
3477 1287 3486 1303 ,
3511 1257 3642 1305 .1906.

2762 1326 2768 1336 •
2890 1315 3130 1362 Monsieur,

2731 1376 2993 1414 Voulez-vous
3026 1382 3235 1424 permettre
3267 1376 3288 1412 à
3319 1375 3526 1426 Voriginal
3557 1390 3631 1426 que
3662 1378 3699 1426 je

2676 1435 2755 1472 suis
2782 1438 2830 1474 de
2855 1448 2951 1473 vous
2978 1435 3062 1474 dire
3090 1448 3130 1474 ce
3159 1434 3259 1484 qu'il
3285 1442 3404 1484 pense
3431 1436 3480 1474 de
3507 1442 3614 1473 votre
3641 1436 3698 1473 in¬

2674 1495 2857 1544 génieuse
2883 1495 2971 1532 idée
2999 1495 3068 1532 des
3098 1495 3292 1544 mariages
3346 1500 3420 1544 par
3475 1499 3699 1544 correspon¬

2683 1554 2839 1592 dance?
2856 1552 2969 1591 C’est
2983 1567 3058 1591 une
3074 1555 3300 1599 trouvaille,
3321 1568 3396 1592 une
3412 1555 3602 1599 création,
3623 1555 3691 1603 qui

2678 1614 2858 1651 convient
2894 1614 3224 1651 admirablement
3260 1615 3282 1650 à
3318 1621 3427 1652 notre
3464 1615 3615 1664 époque
3651 1615 3700 1652 de

2676 1674 2736 1711 vie
2760 1674 2886 1711 active
2911 1678 2947 1710 et
2970 1674 3180 1719 fiévreuse.
3211 1673 3272 1711 On
3296 1687 3335 1710 se
3359 1674 3443 1711 voit
3463 1679 3552 1722 peu,
3582 1686 3630 1711 on
3655 1685 3701 1711 ne

2678 1746 2791 1770 cause
2823 1734 2928 1782 plus,
2966 1739 3157 1770 comment
3188 1734 3474 1772 trouverait-on
3506 1734 3542 1771 le
3575 1737 3702 1782 temps

2676 1791 2918 1830 d.’ébaucher
2943 1806 2996 1829 un
3023 1792 3209 1842 mariage,
3240 1806 3387 1830 comme
3415 1806 3463 1830 au
3491 1797 3618 1840 temps
3642 1792 3701 1842 ja¬

2678 1851 2752 1898 dis,
2781 1865 2826 1890 en
2848 1852 3106 1902 fréquentant
3128 1852 3187 1890 les
3210 1852 3343 1889 salons
3364 1852 3434 1889 des
3456 1852 3609 1888 vieilles
3632 1852 3700 1888 da¬

2678 1924 2770 1948 mes.

2720 1970 2838 2008 Votre
2892 1970 3162 2008 combinaison
3214 1969 3376 2019 produit
3402 1971 3451 2008 de
3478 1970 3566 2008 bien
3594 1971 3700 2008 meil¬

2678 2031 2782 2067 leurs
2815 2030 3000 2067 résultats
3035 2036 3071 2068 et
3103 2031 3142 2080 je
3175 2043 3270 2067 vous
3304 2043 3351 2068 en
3383 2031 3550 2076 félicite.
3588 2032 3703 2068 Dans

2679 2102 2767 2126 mon
2802 2095 3011 2139 entourage
3043 2087 3119 2140 j’ai
3150 2103 3199 2126 vu
3232 2103 3271 2126 se
3306 2090 3447 2127 marier
3478 2103 3552 2127 une
3585 2090 3702 2139 jeune

2676 2148 2770 2195 fille
2802 2150 3027 2186 charmante
3058 2160 3150 2186 avec
3182 2162 3234 2184 un
3266 2148 3494 2187 célibataire
3526 2148 3699 2186 endurci.

2676 2208 2726 2253 Je
2750 2213 2918 2256 regrette
2943 2206 3070 2244 d’être
3096 2212 3183 2255 trop
3211 2207 3282 2257 âgé
3307 2211 3407 2255 pour
3435 2220 3480 2245 en
3503 2207 3608 2254 faire
3635 2221 3702 2245 au¬

2679 2273 2776 2304 tant.

3284 2392 3499 2439 Toulouse,
3534 2392 3647 2441 1906.

2898 2468 3122 2507 Monsieur
3149 2480 3201 2506 le
3230 2468 3495 2515 Directeur,

2734 2528 2860 2567 Merci
2882 2528 2931 2566 de
2955 2534 3040 2566 tout
3065 2542 3183 2566 cœur.
3210 2528 3447 2576 Supprimez
3472 2541 3561 2567 mon
3585 2529 3703 2567 abon¬

2681 2595 2837 2627 nement
2860 2594 2898 2626 et
2919 2601 3075 2626 recevez
3096 2602 3177 2626 mes
3197 2588 3475 2634 félicitations.

3391 2718 3504 2756 Avril
3535 2730 3650 2767 1907.

2901 2778 3139 2824 Monsieur,

2739 2839 2838 2876 Bien
2867 2851 2940 2887 que
2967 2839 3183 2887 possédant
3211 2851 3284 2875 une
3312 2838 3435 2886 petite
3463 2836 3638 2884 fortune,
3670 2852 3686 2888 7
3691 2851 3708 2875 e

2684 2898 2808 2935 vivais
2842 2899 2963 2943 seule,
2999 2898 3136 2936 retirée
3172 2903 3207 2935 et
3240 2896 3323 2943 fort
3356 2897 3466 2935 triste
3499 2898 3600 2935 dans
3633 2910 3707 2936 une

2684 2958 2881 3006 propriété
2903 2971 2955 2994 un
2976 2963 3053 3006 peu
3075 2956 3208 2995 isolée.

2738 3016 2871 3066 Ayant
2900 3016 3034 3054 acheté
3062 3019 3162 3055 dans
3191 3028 3266 3054 une
3294 3028 3387 3066 gare
3414 3022 3522 3055 votre
3550 3016 3710 3067 journal

2687 3075 2724 3114 la
2747 3075 3100 3127 Rapide-Agence,
3126 3074 3231 3127 j’eus
3254 3074 3375 3114 l’idée
3399 3076 3447 3114 de
3472 3090 3531 3114 me
3555 3076 3709 3123 confier

2686 3136 2706 3172 à
2738 3148 2834 3174 vous
2868 3142 2904 3173 et
2935 3135 2985 3172 de
3019 3136 3299 3186 correspondre
3332 3148 3424 3172 avec
3459 3136 3627 3174 certains
3658 3138 3707 3175 de

2686 3208 2752 3233 vos
2786 3194 2971 3233 abonnés.
3008 3195 3120 3232 Cette
3154 3196 3342 3233 heureuse
3372 3195 3515 3244 pensée
3547 3194 3711 3233 m’avait

2687 3255 2890 3292 découvrir
2916 3255 2954 3291 le
2982 3255 3081 3291 mari
3110 3267 3196 3303 que,
3227 3256 3347 3301 seule,
3378 3255 3416 3304 je
3444 3252 3623 3292 n’aurais
3648 3256 3707 3306 ja¬

2692 3314 2784 3351 mais
2807 3313 2955 3352 trouvé.

2739 3375 2787 3419 Je
2811 3387 2906 3412 vous
2928 3373 3111 3411 remercie
3136 3379 3171 3411 et
3194 3387 3288 3412 vous
3310 3375 3395 3423 prie
3418 3375 3466 3413 de
3488 3376 3712 3424 supprimer

2687 3446 2774 3471 mon
2802 3434 3078 3472 abonnement.

2903 3605 3143 3652 Monsieur,

3413 3545 3511 3592 Juin
3540 3548 3655 3596 1908.

2740 3681 2898 3728 J’avais
2920 3683 3026 3722 deux
3046 3683 3159 3730 filles
3183 3684 3275 3734 déjà
3299 3684 3426 3720 mûres
3448 3688 3549 3731 pour
3570 3684 3607 3720 le
3631 3696 3711 3721 ma¬

2690 3742 2799 3791 riage
2828 3747 2864 3779 et
2887 3742 2928 3791 je
2955 3742 3182 3790 désespérai
3207 3743 3258 3780 de
3284 3743 3343 3780 les
3372 3755 3480 3780 caser
3506 3741 3715 3792 lorsqu’un

2688 3800 2768 3838 ami
2826 3814 2885 3838 me
2942 3800 2996 3847 fit
3056 3802 3255 3839 connaître
3287 3807 3395 3840 votre
3427 3802 3709 3847 combinaison,

2692 3859 2958 3911 m'engageait
2987 3862 3183 3899 vivement
3212 3862 3234 3899 à
3261 3862 3432 3910 prendre
3462 3875 3514 3899 un
3544 3863 3713 3900 abonne¬

2692 3926 2808 3957 ment.
2840 3919 3067 3968 ]’acceptai
3093 3922 3182 3959 bien
3208 3922 3231 3958 à
3257 3928 3388 3959 contre
3416 3934 3534 3967 cœur,
3563 3921 3603 3971 je
3628 3920 3716 3958 dois

2688 3976 2869 4016 l'avorter
2895 3995 2913 4024 ;
2964 3977 3111 4030 j’avais
3136 3980 3206 4018 des
3256 3980 3506 4028 préventions
3559 3985 3595 4019 et
3646 3980 3716 4018 des

2692 4039 2860 4076 craintes
2893 4040 2978 4085 fort
3011 4039 3219 4088 légitimes.
3258 4040 3511 4078 Maintenant
3544 4042 3582 4090 je
3617 4042 3711 4086 suis,

2691 4111 2740 4135 au
2767 4099 2958 4136 contraire
2964 4104 2972 4146 ,
3002 4104 3110 4136 toute
3135 4098 3316 4147 disposée
3343 4099 3364 4136 à
3388 4099 3492 4144 faire
3519 4100 3567 4137 de
3592 4101 3634 4138 la
3658 4102 3714 4139 ré¬

2691 4159 2815 4195 clame
2842 4163 2942 4206 pour
2967 4171 3076 4196 vous.

2746 4217 2832 4254 Mes
2854 4218 2967 4263 filles
2988 4230 3028 4255 se
3050 4224 3138 4255 sont
3160 4218 3336 4264 mariées,
3362 4216 3471 4256 l’une
3496 4224 3531 4256 et
3552 4216 3712 4264 Vautre,

2691 4276 2954 4325 rapidement,
2983 4283 3018 4314 et
3040 4278 3142 4315 dans
3164 4279 3234 4316 des
3258 4278 3480 4316 conditions
3503 4279 3579 4316 très
3602 4279 3715 4317 satis¬

2691 4335 2900 4380 faisantes.
2934 4336 2983 4380 Je
3014 4336 3174 4374 connais
3204 4338 3294 4375 bien
3323 4338 3394 4374 des
3423 4339 3544 4375 mères
3572 4340 3622 4376 de
3651 4339 3715 4384 fa¬

2694 4394 2799 4432 mille
2830 4395 2896 4443 qui
2922 4395 3156 4434 voudraient
3182 4396 3348 4446 pouvoir
3376 4408 3422 4434 en
3450 4396 3534 4435 dire
3561 4403 3712 4435 autant.

2746 4454 2923 4491 Recevez
2947 4467 3027 4491 mes
3051 4455 3300 4494 salutations.

2748 4626 2844 4663 il**"
2870 4626 2949 4666 Les
2970 4626 3173 4666 bureaux
3195 4627 3255 4667 du
3276 4629 3457 4667 TRAIT
3480 4628 3714 4668 D’UNION

2691 4696 2746 4726 ne
2768 4690 2869 4726 sont
2891 4691 3073 4727 ouverts
3097 4698 3182 4736 que
3207 4688 3518 4738 l’après-midi,
3545 4691 3598 4731 de
3622 4694 3645 4731 2
3668 4692 3712 4731 h.

2691 4747 2716 4787 à
2736 4750 2759 4787 5
2782 4748 2957 4798 heures,
2982 4751 3046 4799 26,
3071 4759 3150 4788 rue
3172 4751 3394 4800 d’Astorg.

2752 4923 2846 4960 J**"
2879 4923 3000 4962 Tous
3032 4922 3093 4962 les
3123 4923 3510 4971 renseignements
3540 4934 3716 4964 concer¬

2693 4986 2803 5022 nant
2837 4984 2877 5023 la
2911 4984 3221 5024 combinaison
3256 4986 3471 5035 mariage,
3509 4988 3571 5027 les
3606 4988 3716 5027 loca¬

2691 5044 2824 5092 tions,
2883 5046 3038 5091 offies,
3096 5046 3343 5087 demandes
3371 5051 3412 5088 at
3442 5048 3538 5088 avis
3568 5050 3716 5091 divers

2692 5110 2793 5146 sont
2824 5106 2996 5146 donnés
3027 5108 3350 5155 gratuitement
3382 5111 3495 5151 dans
3527 5122 3607 5151 nos
3639 5112 3718 5152 bu¬

2693 5178 2847 5215 reaux,
2880 5168 3190 5218 l’après-midi,
3223 5171 3275 5210 de
3304 5172 3328 5210 2
3358 5172 3400 5210 h.
3431 5171 3457 5211 à
3484 5175 3508 5211 5
3538 5173 3714 5219 heures,

2693 5231 2756 5278 26,
2786 5240 2864 5269 rue
2892 5230 3112 5279 d’Astorg,
3142 5232 3382 5272 Toulouse.

2932 5415 3484 5519 LOCATIONS

2830 5567 2859 5610 6
2892 5566 3078 5609 francs
3114 5578 3247 5620 pour
3280 5566 3412 5608 trois
3449 5565 3584 5607 mois

2738 5739 2794 5770 En
2819 5738 2930 5770 outre
2955 5736 3002 5770 de
3027 5736 3066 5768 la
3091 5735 3278 5776 publicité
3304 5736 3355 5770 du
3380 5736 3554 5774 Journal,
3582 5744 3646 5770 ces
3671 5736 3723 5768 lo¬

2696 5779 2850 5811 cations
2871 5779 2959 5811 sont
2981 5776 3168 5811 affichées
3190 5779 3290 5812 dans
3311 5779 3347 5812 le
3368 5779 3458 5812 Hall
3481 5779 3528 5812 de
3548 5779 3588 5811 la
3611 5777 3723 5816 Rapi-

2696 5820 2926 5859 de-Agence,
2947 5820 2978 5858 9,
3002 5828 3070 5854 rue
3093 5820 3139 5854 de
3160 5820 3199 5852 la
3222 5822 3347 5859 Poste,
3372 5820 3479 5854 oùun
3503 5820 3722 5852 nombreux

2696 5862 2828 5902 public
2862 5870 2911 5894 va
2942 5862 3247 5902 journellement
3282 5870 3329 5894 en
3363 5862 3531 5902 prendre
3564 5859 3723 5894 connai-

2697 5910 2815 5938 sance

2751 5982 2797 6022 L.
2826 5984 2918 6023 262.
2946 6007 2998 6011 —
3003 5984 3038 6021 A
3067 5983 3224 6028 Louer,
3254 5980 3572 6031 appartement
3599 5990 3722 6019 meu¬

2700 6042 2771 6083 blé
2795 6043 2820 6082 à
2843 6040 2967 6090 neuf,
2994 6052 3074 6082 rue
3096 6040 3152 6082 de
3176 6040 3376 6090 Verdun,
3402 6044 3449 6080 n°
3475 6042 3537 6080 10.
3563 6063 3616 6068 —
3640 6039 3718 6089 S’y

2699 6102 2918 6143 adresser.

2752 6178 2798 6220 L.
2823 6179 2914 6219 276.
2942 6179 2975 6218 A
3001 6179 3157 6230 Louer,
3183 6176 3384 6230 quartier
3408 6188 3488 6219 rue
3510 6176 3564 6218 de
3587 6176 3720 6222 Metz,

2699 6250 2755 6279 au
2780 6238 2978 6290 premier
3002 6239 3142 6288 étage,
3168 6237 3486 6290 appartement
3510 6239 3534 6277 8
3558 6236 3720 6288 pièces,

2699 6299 2915 6339 chambre
2940 6298 2995 6339 de
3020 6298 3183 6347 bonne,
3211 6308 3332 6347 cave,
3359 6296 3544 6348 galetas,
3572 6307 3655 6336 eau
3682 6295 3724 6335 et

2698 6370 2795 6408 gaz,
2827 6359 2947 6406 1,850
2975 6358 3032 6398 fr.

2752 6419 2811 6459 Le
2845 6418 2992 6458 même
3027 6416 3343 6468 appartement
3376 6428 3433 6458 au
3495 6415 3723 6456 troisième

2700 6478 2840 6528 étage,
2871 6478 2990 6526 1,200
3018 6476 3072 6516 fr.

2754 6536 2978 6587 Magasin,
3036 6536 3155 6578 deux
3212 6536 3360 6587 pièces
3416 6536 3458 6576 et
3514 6533 3720 6582 sous-sol,

2704 6598 2822 6637 1.500
2850 6595 2906 6636 fr.

2755 6655 2823 6696 Un
2854 6655 3252 6704 rez-de-chaussée,
3284 6655 3404 6696 deux
3432 6655 3580 6706 pièces
3610 6665 3724 6705 pour

2701 6715 2890 6764 bureau,
2954 6715 3295 6767 garde-meuble
3358 6726 3415 6755 ou
3479 6714 3720 6766 logement,

2698 6776 2782 6819 250.
2801 6775 2856 6816 fr.

2752 6853 2798 6892 L.
2823 6854 2915 6892 278.
2939 6854 2992 6891 —
3016 6854 3050 6891 A
3077 6851 3314 6900 Affermer,
3341 6851 3456 6892 belle
3480 6850 3723 6902 propriété,

4796 132 4862 213 à

4788 218 4888 295 n

3768 613 3819 650 25
3856 611 4056 651 hectares
4092 611 4260 662 prairie
4297 613 4534 662 naturelle,
4571 616 4623 654 25
4656 616 4798 655 artifi¬

3770 671 3912 719 cielle,
3948 674 3972 711 3
4004 683 4059 711 en
4094 672 4242 722 vigne,
4280 674 4330 711 10
4363 672 4556 714 terrains
4591 675 4798 715 laboura¬

3771 730 3866 770 bles
3891 731 3931 770 et
3955 733 3979 770 5
4004 731 4162 771 landes
4187 731 4266 771 des
4291 731 4402 780 bois,
4429 735 4559 772 vente
4586 735 4797 775 annuelle

3770 789 3824 829 de
3856 789 4092 840 fourrages
4151 792 4272 839 2,000
4304 791 4544 841 quintaux,
4606 804 4799 834 revenus

3773 850 3919 896 10,000
3952 848 4118 890 francs.
4156 839 4342 900 Cheptel
4379 852 4526 899 15,000
4559 851 4632 900 fr.,
4667 854 4798 893 outil¬

3771 907 3870 958 lage
3903 908 4098 959 agricole
4132 910 4210 950 des
4244 910 4348 960 plus
4382 911 4615 961 complets,
4652 913 4799 953 vastes

3772 968 3984 1018 hangars,
4022 969 4156 1008 bétail
4191 970 4353 1010 travail
4387 971 4430 1010 et
4462 970 4643 1022 élevage
4676 973 4797 1012 aussi

3771 1028 3916 1076 grand
3948 1028 4158 1079 complet.
4195 1029 4302 1068 Prix
4333 1030 4359 1068 à
4391 1028 4607 1070 débattre.

3826 1103 3871 1143 L.
3899 1106 3990 1144 279.
4016 1107 4070 1143 —
4094 1107 4128 1143 A
4157 1107 4314 1155 Louer,
4341 1107 4464 1147 vaste
4490 1107 4665 1147 maison
4692 1120 4799 1148 neu¬

3772 1174 3824 1202 ve
3857 1163 3911 1202 de
3943 1175 4194 1215 campagne
4227 1176 4335 1206 avec
4367 1178 4437 1207 ses
4470 1178 4710 1208 communs
4743 1180 4797 1208 en

3774 1223 3959 1272 rapport
3986 1254 3994 1271 ,
4019 1224 4226 1273 prairies,
4251 1225 4444 1276 jardins,
4471 1226 4628 1276 étangs
4652 1238 4796 1276 caves,

3773 1282 3914 1322 située
3975 1292 4029 1321 en
4092 1283 4214 1332 plein
4277 1296 4388 1336 pays
4449 1286 4656 1335 vinicole,
4722 1300 4799 1327 sur

3774 1352 3961 1392 passage
3990 1342 4088 1382 voie
4118 1342 4274 1383 ferrée.
4307 1344 4630 1386 Conviendrait
4658 1358 4714 1386 on

3774 1402 3881 1450 peut
3906 1400 4059 1442 mieux
4085 1402 4110 1440 à
4135 1403 4373 1452 négociant
4397 1416 4450 1444 en
4477 1406 4579 1446 vins
4604 1406 4646 1447 et
4670 1407 4799 1457 spiri¬

3775 1462 3927 1499 tueux.
3965 1461 4316 1503 Ameublement
4350 1465 4562 1515 complet,
4599 1468 4802 1516 argente¬

3776 1519 3853 1567 rie,
3881 1519 4080 1569 vaiselle,
4108 1520 4244 1571 linge,
4272 1523 4371 1571 etc.,
4399 1524 4578 1564 calèche
4604 1526 4628 1564 à
4654 1526 4800 1577 dispo¬

3775 1578 3909 1619 sition
3940 1579 4002 1619 du
4034 1591 4244 1630 preneur.
4275 1604 4328 1610 —
4360 1583 4519 1623 Saison
4551 1596 4608 1624 ou
4639 1584 4664 1624 à
4694 1586 4800 1625 l’an¬

3776 1639 3870 1678 née.
3898 1639 4006 1679 Prix
4028 1640 4054 1679 à
4077 1640 4294 1682 débattre.

3828 1715 3875 1755 L.
3900 1718 3993 1757 284.
4017 1719 4072 1756 —
4095 1719 4128 1756 A
4156 1719 4298 1760 Louer
4322 1719 4376 1760 de
4400 1720 4530 1770 suite,
4556 1723 4702 1772 grand
4727 1735 4802 1774 ap¬

3776 1776 4044 1825 partement,
4074 1779 4098 1816 9
4123 1778 4283 1828 pièces,
4311 1780 4336 1818 2
4362 1780 4576 1830 cabinets,
4608 1784 4651 1820 11
4684 1782 4802 1823 fenê¬

3775 1835 3864 1875 tres
3890 1836 3944 1877 de
3971 1836 4142 1886 façade,
4171 1850 4251 1878 rue
4279 1839 4639 1880 Saint-Antoine-
4666 1842 4799 1891 du-T,

3777 1902 3823 1933 n°
3854 1896 3919 1943 20,
3983 1895 4211 1936 troisième
4244 1898 4384 1947 étage.
4448 1899 4542 1939 Eau
4603 1901 4644 1940 et
4703 1914 4798 1952 gaz,

3779 1955 3897 2002 1,100
3928 1954 3984 1993 fr.
4019 1954 4092 2006 S’y
4123 1955 4342 1997 adresser.

3828 2031 3875 2070 L.
3903 2034 3994 2071 288.
4054 2034 4088 2071 A
4119 2035 4275 2082 Louer,
4331 2035 4356 2074 à
4383 2037 4407 2075 9
4434 2035 4695 2079 kilomètres
4748 2039 4802 2080 de

3778 2091 4018 2140 Toulouse,
4050 2092 4156 2142 jolis
4212 2094 4332 2143 sites,
4394 2107 4482 2135 une
4514 2098 4689 2138 maison
4748 2099 4803 2139 de

3778 2161 4042 2202 campagne,
4075 2154 4123 2191 10
4148 2151 4390 2195 chambres
4415 2167 4472 2195 ou
4500 2156 4666 2206 salons,
4696 2170 4803 2208 gare

3777 2220 3899 2250 assez
3929 2211 4220 2261 rapprochée,
4252 2213 4363 2263 petit
4392 2224 4514 2264 parc,
4546 2216 4802 2267 dépendan¬

3778 2280 3862 2310 ces.
3900 2270 4151 2312 S’adresser
4184 2284 4242 2312 au
4278 2273 4448 2313 bureau
4481 2275 4542 2315 du
4575 2276 4774 2324 journal.

3831 2347 3877 2387 L.
3905 2350 4055 2387 289.—
4082 2350 4423 2402 Appartement,
4453 2352 4654 2402 quartier
4682 2354 4804 2395 Côte-

3779 2406 3938 2455 Pavée,
3961 2409 3986 2446 2
4007 2419 4064 2447 ou
4087 2410 4111 2447 3
4134 2408 4280 2459 pièces
4302 2420 4359 2450 au
4384 2411 4531 2460 choix,
4557 2413 4802 2463 meublées,

3783 2462 3886 2506 Lrès
3963 2467 4189 2518 agréable,
4258 2469 4373 2517 aéré,
4440 2470 4555 2511 beau
4619 2472 4789 2521 jardin.

3781 2526 4047 2575 S’adresser,
4079 2529 4118 2576 4,
4152 2539 4232 2568 rue
4263 2528 4458 2578 Fermât,
4491 2542 4548 2571 au
4580 2534 4802 2583 magasin,

3780 2583 4021 2627 Toulouse.

3835 2662 3880 2702 h.
3918 2665 4009 2703 290.
4045 2666 4100 2703 —
4130 2666 4163 2703 A
4202 2667 4359 2718 Louer,
4423 2668 4621 2718 premier
4682 2670 4808 2721 étage

3783 2723 3976 2771 meublé,
4039 2727 4248 2775 composé
4280 2727 4335 2767 de
4368 2728 4527 2778 quatre
4560 2728 4707 2779 pièces
4766 2731 4808 2771 et

3782 2782 3960 2823 cabinet
3995 2783 4051 2824 de
4086 2784 4270 2833 toilette,
4336 2796 4361 2824 a
4424 2788 4667 2838 proximité
4731 2790 4808 2831 des

3782 2842 3919 2882 alleés
3949 2843 4192 2894 balayette.
4228 2844 4336 2884 Prix
4368 2847 4443 2884 100
4474 2846 4528 2886 fr.
4563 2859 4644 2898 par
4675 2849 4804 2888 mois.

3784 2902 4035 2942 S’adresser
4063 2903 4234 2943 bureau
4262 2904 4322 2944 du
4348 2904 4547 2955 journal.

3835 2979 3882 3019 L.
3911 2982 4003 3019 291.
4030 2982 4084 3018 —
4110 2982 4143 3018 A
4174 2982 4330 3030 Louer,
4359 2983 4575 3024 chambre
4602 2986 4810 3027 meublée

3783 3050 3890 3079 avec
3916 3039 4095 3079 cabinet
4123 3039 4176 3080 de
4204 3041 4387 3091 toilette,
4416 3043 4674 3094 jouissance
4700 3046 4808 3086 d’un

3784 3097 3952 3147 jardin,
4019 3099 4267 3140 boulevard
4303 3102 4483 3152 Riquet,
4523 3108 4570 3142 n°
4603 3106 4668 3144 29.
4736 3105 4809 3156 S’y

3784 3155 4003 3198 adresser.

3838 3234 3884 3275 L.
3914 3238 4006 3275 293.
4035 3239 4089 3275 —
4116 3239 4151 3275 A
4183 3239 4326 3279 Louer
4354 3251 4414 3279 un
4443 3240 4591 3291 grand
4619 3241 4739 3282 hôtel
4768 3244 4811 3283 et

3784 3295 3882 3335 café
3915 3295 3970 3336 de
4003 3296 4200 3347 premier
4234 3298 4367 3339 ordre
4400 3299 4515 3340 dans
4550 3312 4611 3340 un
4646 3303 4807 3343 canton

3786 3354 4024 3395 industriel
4055 3356 4116 3396 du
4146 3357 4534 3400 Lot-et-Garonne.
4567 3360 4675 3400 Prix
4704 3373 4811 3403 avec

3786 3414 3990 3454 matériel
4018 3416 4140 3464 2,800
4170 3416 4224 3456 fr.

3839 3492 3885 3531 L.
3915 3494 4007 3532 294.
4035 3495 4090 3532 —
4117 3495 4150 3532 A
4182 3495 4323 3535 Louer
4352 3495 4466 3536 dans
4493 3508 4574 3538 rue
4602 3499 4679 3539 des
4707 3499 4811 3548 plus

3786 3552 4020 3602 passantes
4050 3552 4105 3592 de
4137 3554 4378 3604 Toulouse,
4411 3568 4469 3596 au
4500 3557 4651 3596 centre
4682 3558 4736 3599 de
4768 3559 4812 3599 la

3786 3611 3907 3660 ville,
3944 3624 4005 3651 un
4039 3612 4134 3654 hall
4168 3626 4283 3664 pour
4315 3616 4568 3666 expoistion
4603 3616 4645 3658 et
4677 3617 4811 3659 étala¬

3785 3682 3851 3719 ge.

3840 3748 3888 3788 L.
3910 3751 3988 3790 294
4008 3750 4092 3790 bis.
4114 3752 4167 3790 —
4188 3752 4222 3790 A
4247 3752 4388 3802 Louer
4411 3754 4637 3803 propriété
4659 3755 4684 3794 à
4704 3756 4728 3794 4
4750 3755 4814 3795 ki¬

3788 3808 3999 3850 lomètres
4028 3808 4136 3850 d’un
4168 3811 4382 3851 chef-lieu
4413 3811 4468 3852 de
4498 3812 4677 3862 canton,
4710 3815 4814 3864 près

3788 3868 4028 3918 Toulouse,
4062 3868 4238 3908 maison
4268 3871 4322 3911 de
4352 3871 4480 3911 colon
4511 3872 4620 3913 trois
4649 3872 4811 3924 pièces,

3790 3928 4056 3976 servitudes,
4095 3928 4247 3978 jardin
4285 3930 4484 3979 potager,
4523 3934 4575 3970 50
4610 3933 4812 3972 hectares

3788 3986 3843 4026 de
3872 3986 4058 4035 terrain,
4091 3990 4177 4038 blé,
4209 3988 4384 4038 avoine,
4418 3988 4667 4041 fourrages,
4699 3991 4816 4043 grai¬

3790 4056 3883 4095 nes,
3920 4050 4050 4095 maïs,
4087 4058 4294 4096 pommes
4328 4050 4382 4090 de
4416 4046 4546 4098 terrej
4583 4051 4813 4100 provision

3790 4107 3844 4147 de
3875 4106 3967 4147 vin.
4004 4106 4112 4147 Prix
4144 4106 4171 4147 à
4203 4107 4406 4150 débattre
4438 4110 4560 4156 3,500
4593 4109 4648 4149 fr.

3844 4184 3890 4222 L.
3915 4186 4067 4224 295.—
4088 4187 4122 4224 A
4148 4187 4306 4235 Louer,
4332 4188 4505 4227 bureau
4528 4187 4643 4227 dans
4666 4188 4816 4227 centre

3792 4241 3847 4282 de
3883 4242 4123 4291 Toulouse,
4188 4256 4303 4295 pour
4340 4245 4696 4296 représentation
4760 4247 4815 4287 de

3791 4314 4043 4343 commerce
4076 4314 4134 4342 ou
4171 4303 4392 4346 industrie
4427 4307 4484 4346 où
4519 4318 4575 4346 on
4611 4308 4818 4356 pourrait

3790 4363 3938 4403 même
3966 4362 4164 4403 recevoir
4191 4362 4255 4402 les
4283 4364 4590 4405 commandes.
4623 4365 4818 4407 S’adres¬

3792 4434 3862 4462 ser
3887 4435 3944 4463 au
3971 4423 4144 4463 bureau
4171 4423 4231 4463 du
4256 4422 4455 4472 journal.

3846 4500 3879 4538 A
3943 4502 4086 4540 Louer
4147 4499 4343 4548 meublé,
4406 4500 4608 4552 quartier
4670 4503 4815 4544 Saint-

3790 4561 3992 4610 Etienne,
4025 4563 4241 4603 chambre
4298 4563 4340 4604 et
4396 4563 4522 4603 salon
4580 4576 4636 4604 ou
4694 4566 4814 4605 deux

3789 4623 4029 4664 chambres
4091 4624 4451 4675 indépendantes
4486 4625 4600 4666 dans
4636 4627 4811 4667 maison

3789 4686 3999 4734 sérieuse,
4031 4686 4227 4735 prendre
4256 4687 4468 4728 l’adresse
4526 4699 4582 4727 au
4640 4688 4811 4728 bureau

3790 4747 3851 4787 du
3872 4747 4055 4796 journal
4079 4747 4119 4787 le
4141 4748 4267 4787 Trait
4289 4750 4499 4788 d’Union.

3848 4819 3881 4855 A
3914 4818 4070 4866 Louer,
4103 4818 4218 4858 local
4274 4831 4352 4860 sur
4408 4832 4531 4868 cour,
4565 4832 4621 4862 au
4652 4822 4818 4863 rez-de-

3794 4879 4024 4926 chaussée,
4064 4891 4179 4930 pour
4241 4880 4431 4930 bureau,
4469 4883 4811 4931 garde-meuble

3791 4952 3847 4981 au
3878 4941 4012 4992 dépôt
4040 4941 4094 4983 de
4123 4942 4480 4985 marchandises.
4513 4944 4714 4987 Prendre
4744 4946 4816 4986 l’a¬

3791 5004 3941 5043 dresse
3967 5015 4023 5043 au
4048 5004 4231 5054 journal
4258 5006 4298 5044 le
4323 5006 4448 5044 Trait
4474 5007 4681 5046 d’Union.

3863 5915 4165 5962 Manufacture
4196 5919 4418 5955 d’articles
4449 5917 4600 5955 KATO

4292 5991 4316 6024 à
4339 5988 4508 6035 fenêtre
4530 5990 4744 6036 diaphane

3972 6131 4366 6195 Enveloppes
4439 6130 4596 6180 Kato
4618 6131 4642 6150 *

3971 6220 4143 6282 Papier
4175 6222 4196 6270 à
4235 6220 4379 6268 lettre
4416 6219 4432 6235 *
4454 6218 4607 6270 KATO
4628 6220 4644 6236 "

3879 6359 4116 6395 Demander
4144 6358 4436 6394 Echantillons

3878 6425 4031 6459 LOUES
4060 6424 4258 6459 CASSAN
4288 6423 4384 6458 aîné

3882 6491 3939 6531 37,
3968 6498 4039 6523 rue
4067 6490 4139 6523 des
4167 6490 4398 6523 Couteliers

3884 6554 4163 6589 TOULOUSE

4184 6744 4239 6780 Le
4272 6745 4427 6780 Jérant
4458 6755 4466 6780 :
4495 6744 4747 6782 ROUSSEL.

3907 5236 4116 5278 L’intérêt
4170 5239 4247 5278 des
4300 5238 4525 5279 vendeurs
4551 5243 4592 5279 et
4643 5241 4764 5280 ache¬

3851 5300 3975 5336 teurs
4007 5298 4112 5335 d’un
4148 5307 4413 5346 commerce,
4450 5299 4583 5339 d’une
4618 5301 4764 5340 indus¬

3851 5357 3950 5403 trie,
3976 5356 4151 5395 maison
4176 5367 4232 5396 ou
4259 5356 4499 5407 propriété,
4526 5363 4591 5399 est
4614 5361 4667 5400 de
4690 5362 4764 5400 s’a¬

3852 5415 4028 5454 dresser
4056 5414 4083 5454 à
4114 5416 4155 5454 la
4187 5416 4671 5468 RAPIDE-AGENCE,
4730 5423 4764 5468 9,

3852 5484 3931 5515 rue
3960 5475 4014 5515 de
4043 5475 4084 5515 la
4115 5476 4243 5516 Poste
4270 5475 4296 5518 à
4323 5478 4548 5520 Toulouse
4579 5490 4590 5528 ;
4619 5480 4714 5520 rien
4743 5480 4764 5521 à

3855 5547 3991 5584 payer
4055 5538 4283 5576 d’avance.
4367 5540 4764 5588 Renseignements

3850 5596 4058 5643 gratuits.

3843 6854 4107 6898 Imprimerie
4136 6851 4318 6898 spéciale
4346 6852 4402 6887 du
4434 6851 4549 6888 Trait
4578 6852 4768 6889 d'Union,
