5228 7177
439 338 472 395 fc
474 355 492 378 e
527 344 716 396 année.
745 374 807 386 —
828 350 872 398 N
877 342 970 396 ?'.V
1011 375 1071 387 —
1107 351 1198 408 |Q
1235 358 1375 400 cent.

3697 351 3853 391 K1M)T
3878 351 4012 392 LK(r4

1620 355 1968 468 ŒUVRE
2044 357 2164 469 DE
2236 350 3076 477 PHILANTHROPIE
3148 361 3576 482 SOCIALE
4116 381 4720 439 -------

1602 499 2677 515 ______________
2740 463 3138 520 _______
3768 466 3798 506 U
3820 468 3888 514 C<f

674 582 876 641 Paraissant
902 583 932 641 le
964 583 1014 641 I"
1038 584 1072 642 et
1098 584 1128 642 le
1158 584 1200 642 15

1422 528 1506 562 11--il
1903 536 1911 562 !
2081 532 2085 557 ■
3812 535 3822 568 '
3860 535 3916 575 PC

2414 605 2624 703 LE

4002 610 4204 668 Paraissant
4228 611 4258 669 le
4290 611 4340 669 1"
4366 615 4400 669 et
4422 613 4454 670 le
4486 616 4526 672 13

2210 747 4724 1462 d’Uniûn

1540 1484 1799 1558 DES
1890 1483 2577 1564 INTERETS
2660 1488 3633 1589 RECIPROQUES

748 1614 1194 1667 Combinaison
1231 1615 1500 1678 Mariage
1539 1614 1722 1664 créée
1762 1627 1839 1663 en
1878 1609 2045 1665 1905
2115 1627 2150 1662 ©
2187 1627 2220 1662 ®
2258 1629 2292 1664 •
2364 1616 2651 1670 Bureaux
2691 1619 2751 1670 et
2787 1619 3298 1675 Administration
3335 1640 3350 1675 :
3388 1624 3496 1686 26,
3535 1643 3646 1679 rue
3686 1630 3971 1699 d'Astorg
4010 1663 4073 1670 —
4112 1635 4428 1690 Toulouse

520 1750 585 1786 LA
611 1750 743 1786 PLUS
768 1750 1020 1785 HONNETE

520 1795 583 1831 LA
611 1796 745 1832 PLUS
773 1796 1033 1832 DISCRETE

520 1843 584 1879 LA
611 1843 744 1879 PLUS
771 1843 968 1878 RAPIDE

520 1890 584 1926 LA
616 1890 748 1924 PLUS
780 1888 1042 1925 SERIEUSE

519 1935 583 1971 LA
608 1935 743 1971 PLUS
767 1935 904 1971 SURE

519 1982 584 2018 LA
612 1982 779 2018 MOINS
807 1983 983 2019 CHERE

519 2029 616 2064 PAS
650 2030 1132 2064 D’INTERMEDIAIRE

519 2076 616 2112 PAS
646 2076 711 2111 DE
740 2075 1072 2112 COMMISSION

1828 1747 2759 1817 Directeur-Propriétaire
2800 1755 2813 1812 r
2855 1755 3030 1815 Jean
3079 1756 3319 1815 BACH

1627 1853 1835 1888 Annonces
1888 1854 1940 1889 de
1995 1854 2166 1901 Mariage
2213 1855 2299 1896 (six
2340 1854 2470 1900 lignes
2527 1859 2571 1892 et
2619 1856 2886 1896 abonnement
2935 1872 2988 1900 au
3036 1863 3219 1910 journal)

1695 1900 1804 1935 Trois
1842 1900 3219 1956 mois.......
3278 1912 3344 1949 Il
3376 1914 3522 1952 francs.

1624 1952 1768 1996 Lignes
1791 1952 2084 1998 supplémentai
2095 1955 3220 2004 rds.....
3326 1970 3344 2000 f
3416 1987 3459 1992 _
3491 1970 3497 1977 •

1626 2007 1863 2040 Annnonces
1885 2010 1922 2040 et
1946 2007 2148 2042 Lo:alions
2171 2007 2286 2048 (trois
2308 2008 3218 2056 mois)....
3318 2020 3351 2054 tz»
3414 2040 3456 2046 _

1626 2058 1723 2094 Avis
1740 2058 1887 2100 divers,
1909 2059 2034 2094 Olîres
2056 2063 2094 2095 et
2115 2062 2332 2097 Demandes
2354 2062 2562 2108 d’emplois
2582 2063 2706 2107 (deùx
2728 2067 3055 2111 mois)..
3322 2072 3355 2107 3
3417 2091 3459 2099 —

3755 1767 3806 1802 Le
3832 1779 3851 1798 «
3877 1768 3997 1804 Trait
4019 1770 4198 1805 d’Unicn
4226 1784 4243 1803 »
4271 1775 4332 1808 est
4382 1775 4540 1816 envoyé
4590 1778 4730 1811 contre

3705 1813 3725 1847 0
3748 1813 3799 1848 fr.
3826 1815 3868 1848 10
3891 1813 3915 1848 à
3938 1818 4051 1852 toute
4076 1823 4281 1858 personne
4306 1820 4375 1860 qui
4402 1828 4451 1855 en
4475 1823 4553 1858 fait
4579 1824 4618 1856 la
4667 1823 4727 1859 de¬

3707 1859 3871 1895 mande.

3755 1907 3816 1940 Un
3844 1912 3887 1940 n°
3910 1908 4120 1948 spécimen
4147 1913 4208 1947 est
4234 1912 4354 1948 offert
4379 1915 4728 1958 gracieusement,

3704 1950 3730 1986 à
3755 1955 3845 1988 tout
3871 1955 4059 1998 visiteur,
4085 1958 4192 1991 dans
4219 1965 4292 1992 nos
4319 1959 4520 1995 bureaux.

3753 1999 3804 2034 Le
3853 2000 4031 2036 Journal
4079 2006 4143 2038 est
4167 2004 4339 2039 adressé
4364 2004 4390 2039 à
4441 2014 4516 2041 nos
4543 2008 4728 2043 abonnés

3703 2052 3802 2080 sous
3830 2048 4056 2088 enveloppe
4083 2049 4252 2092 fermée,
4282 2058 4382 2090 sans
4408 2059 4571 2087 aucune
4624 2054 4727 2088 indi¬

3707 2099 3846 2133 cation
3880 2103 4126 2141 apparente.

485 2219 830 2310 Dépositaires
871 2221 936 2295 du
973 2219 1118 2296 Trait
1157 2220 1362 2296 d’Union

809 2316 861 2352 ■Tî
1026 2316 1032 2324 '
1075 2340 1079 2346 >

418 2361 527 2394 Paris
556 2362 564 2395 :
592 2362 756 2403 kiosque
786 2362 856 2402 136,
887 2371 955 2396 rue
983 2362 1143 2403 Royale;
1171 2360 1334 2399 kiosque
1360 2359 1432 2398 224,

496 2402 712 2436 boulevard
746 2404 1008 2442 Saint-Denis;
1042 2404 1204 2442 kiosque
1238 2401 1307 2439 189,
1343 2402 1434 2434 bou¬

495 2443 631 2478 levard
665 2446 952 2483 Saint-Michel;
984 2446 1147 2484 kiosque
1180 2443 1249 2480 196,
1305 2443 1435 2476 boule¬

497 2488 593 2520 vard
615 2487 858 2528 Sébastopol.

415 2542 519 2579 Lyon
552 2541 559 2573 :
588 2541 764 2584 kiosque,
795 2540 824 2579 8,
858 2540 967 2580 place
996 2539 1064 2573 des
1092 2540 1304 2579 Terreaux;
1334 2540 1434 2572 kios¬

495 2588 580 2621 que,
602 2582 712 2623 place
729 2583 768 2614 la
786 2583 905 2620 Viste;
926 2582 1089 2619 kiosque
1108 2582 1124 2612 1
1144 2580 1215 2618 bis,
1236 2581 1346 2622 place
1364 2582 1432 2614 des

495 2624 727 2664 Cordeliers;
752 2623 916 2664 kiosque
940 2624 970 2660 1,
995 2623 1087 2662 quai
1110 2623 1158 2655 de
1182 2624 1274 2656 Retz

412 2678 609 2710 Marseille
631 2679 638 2710 :
658 2679 823 2717 kiosque
842 2677 891 2714 12,
914 2675 1035 2708 allées
1054 2676 1101 2710 de
1122 2676 1311 2715 Meilhan;
1332 2677 1431 2710 kios¬

491 2726 567 2759 que
585 2719 635 2756 25,
659 2726 728 2751 rue
750 2719 935 2756 Noaillek;
955 2718 1120 2758 kiosque
1140 2719 1169 2756 1,
1192 2726 1263 2752 rue
1283 2720 1429 2752 Canne-

491 2761 609 2795 bière.

411 2815 614 2847 Bordeaux
642 2815 650 2846 :
674 2813 838 2854 kiosque
864 2814 1003 2852 Turbé,
1031 2815 1140 2855 place
1164 2815 1212 2847 de
1236 2814 1275 2846 la
1298 2814 1428 2848 Comé¬

490 2856 564 2888 die.

411 2910 633 2948 Perpignan
660 2909 667 2940 :
690 2908 855 2951 kiosque
879 2909 1013 2950 Vergé.

407 2965 604 2996 Toulouse
630 2971 636 3003 :
661 2963 900 3003 principaux
921 2964 1108 3003 kiosques

461 3125 790 3226 Abonné
795 3159 836 3225 s
883 3131 960 3225 et
1011 3123 1070 3222 L
1071 3130 1380 3224 ecteurs

459 3299 518 3351 Ce
548 3299 737 3352 journal
772 3298 884 3339 n'est
944 3310 1024 3349 pas
1090 3308 1175 3336 une
1210 3294 1425 3336 création.

399 3360 513 3398 Sous
539 3359 579 3399 le
607 3370 716 3398 nom
743 3357 796 3397 de
824 3355 1213 3408 Rapide-Agence,
1246 3355 1276 3395 il
1302 3358 1430 3407 porte

400 3416 560 3474 depuis
583 3418 688 3470 plus
714 3416 767 3456 de
796 3416 895 3456 huit
922 3428 1019 3463 ans,
1049 3416 1160 3456 dans
1190 3418 1334 3456 toutes
1362 3415 1423 3455 les

400 3487 582 3530 régions
609 3476 669 3516 du
695 3475 807 3515 Midi
832 3478 873 3515 et
899 3475 951 3515 de
979 3475 1021 3514 la
1044 3476 1214 3514 France
1239 3474 1424 3522 entière,

399 3535 648 3579 l’heureuse
686 3534 1007 3576 combinaison
1071 3532 1194 3574 créée
1229 3544 1310 3586 par
1343 3544 1428 3574 son

400 3599 635 3638 Directeur
668 3600 708 3636 et
740 3595 1147 3647 poursuivie'avec
1179 3607 1242 3634 un
1274 3594 1428 3635 succès

397 3655 476 3708 qui
504 3666 558 3696 ne
582 3656 684 3695 s’est
707 3654 876 3707 jamais
903 3654 1120 3695 démenti.

456 3711 747 3768 Transformé
779 3715 818 3753 et
853 3710 1059 3763 modijié,
1091 3724 1196 3753 sous
1231 3723 1318 3753 une
1349 3711 1426 3752 DF

397 3773 571 3815 rection
602 3772 828 3822 nouvelle,
863 3772 901 3814 le
955 3768 1083 3814 Trait
1112 3771 1311 3813 d’Union
1371 3783 1427 3811 va

403 3834 651 3876 désormais
682 3832 915 3887 s’occuper
946 3831 1271 3886 spécialement
1303 3832 1426 3873 d’an¬

404 3906 571 3935 nonces
604 3895 656 3934 de
690 3893 907 3946 mariage,
941 3893 1038 3946 afin
1070 3894 1122 3934 de
1155 3892 1332 3933 donner
1364 3904 1427 3933 un

399 3955 566 3996 nouvel
592 3966 714 3995 essor
739 3953 763 3994 à
790 3956 901 3995 cette
927 3963 1083 3994 œuvre
1112 3952 1422 4000 intéressante,

399 4014 724 4062 humanitaire,
771 4012 1184 4067 philanthropique
1251 4014 1291 4051 el
1356 4023 1424 4051 so¬

398 4074 523 4116 ciale.

459 4134 516 4175 Ce
539 4134 654 4188 petit
676 4134 865 4186 journal
894 4130 964 4172 n'a
985 4144 1064 4184 pas
1091 4132 1131 4172 la
1155 4130 1419 4184 prétention

399 4194 535 4235 d’être
594 4193 822 4234 littéraire.
851 4192 927 4232 Ses
957 4191 1158 4231 bureaux
1185 4202 1238 4230 ne
1263 4192 1417 4230 seront

396 4254 564 4307 jamais
591 4252 858 4294 encombrés
886 4251 939 4291 de
964 4251 1152 4291 curieux
1180 4248 1416 4290 indiscrets

400 4314 448 4354 ni
471 4312 523 4353 de
547 4324 659 4365 gens
683 4310 911 4364 d’affaires
932 4310 1035 4363 plus
1058 4322 1116 4350 ou
1156 4308 1307 4350 moins
1344 4308 1416 4348 vé¬

400 4384 524 4414 reux.

460 4432 553 4472 Une
589 4428 901 4483 organisation
936 4428 1127 4483 parfaite
1162 4431 1203 4470 et
1236 4439 1325 4472 une
1363 4430 1419 4467 te¬

399 4503 486 4531 nue
516 4486 851 4543 irréprochable
884 4503 894 4530 :
922 4487 1042 4531 voilà
1067 4501 1115 4530 sa
1142 4486 1306 4530 devise.

451 4548 667 4591 Abonnés
700 4551 741 4589 et
774 4549 964 4590 lecteurs
1026 4551 1127 4590 sont
1160 4548 1334 4591 assurés
1368 4547 1420 4588 de

400 4613 582 4651 trouver
604 4620 660 4649 en
686 4608 751 4648 lui
779 4620 837 4649 un
865 4608 1099 4649 auxiliaire
1124 4609 1417 4668 scrupuleux,

398 4670 534 4710 (l'une
572 4667 819 4710 discrétion
855 4668 1058 4716 absolue,
1098 4671 1140 4709 et
1175 4668 1311 4710 d’une
1352 4669 1418 4709 in¬

396 4728 646 4771 discutable
678 4728 872 4782 loyauté.
1390 4757 1423 4777 ;r

450 4786 544 4839 Que
578 4799 690 4828 ceux
723 4789 802 4841 qui
864 4800 918 4830 ne
982 4799 1096 4829 nous
1129 4787 1419 4828 connaissent

390 4860 470 4901 pas
499 4847 718 4888 viennent
748 4847 772 4888 à
802 4860 916 4889 nous
944 4859 1048 4889 sans
1079 4847 1263 4888 crainte.
1299 4848 1419 4888 Nous

390 4919 546 4949 serons
578 4907 782 4948 heureux
812 4907 864 4948 de
927 4907 988 4948 les
1048 4907 1172 4947 aider
1205 4906 1256 4947 de
1291 4910 1417 4948 notre

390 4976 614 5008 concours
675 4966 867 5008 indirect
895 4979 978 5019 par
1008 4967 1045 5008 le
1073 4967 1262 5020 journal
1293 4969 1332 5008 el
1364 4967 1416 5008 de

391 5038 472 5067 nos
536 5026 727 5068 conseils
760 5026 1028 5080 personnels
1091 5026 1267 5080 chaque
1328 5026 1416 5080 fois

390 5083 524 5138 qu’ils
556 5086 787 5126 voudront
853 5084 958 5127 bien
1023 5096 1138 5127 nous
1202 5086 1414 5127 accorder

390 5148 490 5187 leur
524 5147 764 5199 confiance
802 5148 843 5187 et
882 5154 996 5186 nous
1034 5146 1287 5187 demander
1322 5159 1404 5192 nos

387 5204 496 5247 avis.

446 5263 540 5315 Que
604 5278 684 5306 nos
746 5267 936 5307 lecteurs
998 5266 1274 5307 deviennent
1335 5267 1410 5306 des

388 5323 518 5366 amis.
552 5323 646 5376 Que
674 5327 856 5378 partout
888 5327 928 5371 et
955 5324 981 5366 à
1011 5328 1126 5375 tous,
1160 5326 1212 5367 ils
1239 5326 1411 5379 fassent

390 5386 642 5434 connaître,
683 5398 787 5426 sans
822 5386 994 5427 crainte
1031 5389 1072 5427 et
1107 5399 1213 5427 sans
1250 5386 1405 5432 honte,

387 5444 426 5484 le
454 5443 544 5484 bon
567 5444 970 5498 fonctionnement
996 5445 1203 5487 de-notre
1228 5446 1410 5499 organi¬

388 5504 536 5545 sation
576 5518 588 5551 ;
625 5504 759 5558 qu'ils
798 5518 912 5546 nous
946 5508 1195 5558 procurent
1232 5506 1270 5546 le
1304 5506 1410 5559 plus

388 5558 672 5604 d'adhésions
700 5559 920 5618 possibles,
955 5559 1078 5605 voilà
1108 5567 1237 5606 'notre
1277 5562 1410 5606 désir.

447 5626 475 5664 A
516 5626 616 5664 tous
646 5627 687 5664 et
719 5623 744 5664 à
778 5627 938 5672 toutes,
974 5636 1090 5666 nous
1121 5624 1405 5675 souhaitons,

386 5696 442 5724 en
471 5684 636 5730 retour,
668 5684 818 5725 bonne
875 5684 1045 5725 chance
1102 5687 1142 5726 et
1196 5687 1408 5739 prompte

387 5743 646 5784 réalisation
671 5743 723 5784 de
750 5744 868 5786 leurs
891 5744 995 5798 plus
1020 5744 1176 5786 chères
1181 5758 1185 5794 .
1202 5744 1408 5800 espéran-

931 5863 1000 5903 LA
1029 5862 1349 5906 DIRECTION.

434 6021 522 6117 La
558 6020 890 6120 Puissance
936 6021 1008 6117 de
1048 6022 1364 6121 l'Annonce

440 6218 502 6256 En
527 6222 767 6270 acceptant,
792 6231 843 6259 en
874 6220 1051 6260 octobre
1076 6222 1190 6263 1010,
1217 6220 1255 6261 la
1274 6222 1410 6263 direc¬

388 6282 475 6320 tion
497 6279 554 6320 du
574 6277 901 6323 Trait-d’Union
928 6293 1028 6323 mon
1063 6283 1272 6324 intention
1308 6286 1412 6324 était

386 6344 440 6383 de
490 6342 595 6382 faire
631 6343 687 6383 de
735 6344 1056 6386 l’intéressante
1102 6345 1409 6388 combinaison

387 6406 582 6456 mariage
615 6416 697 6444 une
736 6417 887 6446 œuvre
927 6407 1123 6448 sérieuse
1167 6411 1208 6447 et
1244 6410 1350 6450 utile
1386 6412 1407 6450 à

385 6472 495 6508 tous.

442 6531 506 6573 En
519 6531 731 6582 quelques
746 6532 874 6580 mois,
894 6532 946 6571 de
968 6532 1260 6574 nombreuses
1278 6532 1412 6574 modi-

384 6592 586 6634 tîcaiions
603 6595 678 6632 ont
698 6593 765 6634 été
803 6594 1012 6635 réalisées
1050 6596 1167 6636 dans
1183 6596 1223 6635 le
1259 6596 1336 6638 but
1356 6598 1411 6638 de

388 6656 550 6696 rendre
576 6656 678 6707 plus
701 6656 934 6706 profitable
958 6657 1202 6708 l’originale
1238 6659 1334 6700 idée
1351 6660 1409 6700 du

384 6728 580 6768 mariage
603 6729 683 6770 par
705 6716 930 6769 publicité.

1573 2217 1710 2256 Notre
1732 2215 1868 2258 sièéle
1883 2216 1931 2262 .si
1961 2219 2115 2260 fécond
2146 2226 2196 2262 én
2213 2211 2472 2264 inventions
2506 2228 2548 2267 el

1522 2278 1811 2320 découvertes
1834 2280 1887 2320 de
1929 2285 2083 2322 toutes'
2116 2286 2274 2332 sortes,
2325 2295 2350 2324 a
2396 2298 2449 2325 vu
2499 2299 2547 2327 se

1519 2343 1659 2391 créer,
1698 2352 1746 2382 se
1788 2343 2055 2394 développer
2093 2348 2134 2384 et
2172 2357 2219 2385 se
2262 2347 2547 2388 transformer

1519 2415 1603 2446 une
1624 2404 1723 2444 bien
1748 2406 1944 2446 modeste
1970 2409 2214 2447 nouveauté
2248 2422 2258 2448 ;
2291 2408 2536 2451 l'annonce.

1571 2468 1600 2506 Il
1636 2479 1663 2518 y
1703 2479 1726 2506 a
1763 2468 2000 2519 cinquante
2037 2481 2116 2508 ans
2173 2469 2401 2515 l'annonce
2440 2474 2545 2513 était

1519 2539 1630 2578 rare,
1667 2530 1855 2570 discrète
1912 2530 2087 2571 limitée.
2104 2539 2107 2546 ’
2131 2531 2419 2585 Aujourd’hui
2460 2534 2543 2575 elle

1520 2591 1710 2643 remplit,
1733 2591 1860 2632 à.elle
1883 2593 2019 2642 seule,
2044 2595 2154 2634 deux
2184 2606 2239 2634 ou
2272 2596 2380 2636 trois
2407 2607 2543 2647 pages

1515 2653 1592 2692 des
1608 2654 1773 2703 grands
1791 2650 2056 2704 quotidiens,
2076 2656 2158 2696 elle
2181 2658 2332 2708 frappe
2354 2659 2376 2698 à
2399 2651 2544 2701 toutes

1519 2714 1582 2755 les
1600 2719 1762 2766 portes,
1785 2716 1868 2756 elle
1889 2727 1938 2756 se
1955 2716 2093 2766 glisse
2111 2719 2224 2758 dans
2243 2722 2343 2760 tous
2368 2720 2431 2760 les
2459 2722 2535 2761 mi¬

1515 2778 1648 2826 lieux,
1682 2778 1764 2817 elle
1791 2779 1967 2819 devient
1995 2779 2323 2832 envahissante,
2352 2784 2539 2832 gênante

1516 2840 1696 2898 parfois;
1722 2840 1804 2880 elle
1823 2844 1963 2890 trône,
1983 2843 2065 2883 elle
2090 2844 2328 2896 triomphe;
2350 2856 2396 2885 sa
2420 2846 2538 2896 puis¬

1511 2914 1644 2943 sance
1668 2906 1729 2942 est
1754 2903 1965 2945 illimitée.

1564 2962 1785 3012 Pourquoi
1823 2964 1936 3003 doue
1968 2966 2188 3006 s’étonner
2219 2967 2348 3018 qu’on
2390 2967 2535 3008 utilise

1511 3027 1622 3064 celte
1647 3024 1790 3065 môme
1814 3026 2022 3075 publicité
2043 3038 2153 3076 pour
2175 3027 2343 3070 arriver
2374 3042 2427 3070 au
2462 3030 2532 3071 ré¬

1508 3096 1643 3135 sultat
1664 3096 1812 3135 désiré
1832 3108 1911 3147 par
1931 3100 2031 3139 tous
2045 3110 2154 3151 ceqx
2190 3100 2262 3150 qui
2308 3103 2459 3147 i;êvent
2480 3101 2532 3142 de

1511 3155 1659 3196 fonder
1680 3170 1738 3197 un
1760 3165 1883 3210 loyer
1900 3159 1917 3198 ?

1562 3222 1667 3259 Peul
1691 3232 1744 3262 on
1768 3212 2004 3274 ,é|iiployer
2042 3235 2198 3276 moyen
2240 3225 2339 3275 plus
2379 3229 2454 3266 sûr
2491 3230 2532 3266 et

1511 3284 1926 3340 moinsdangereux
1947 3296 2058 3337 pour
2079 3298 2259 3338 essayer
2282 3288 2335 3327 de
2357 3299 2533 3339 rappro¬

1497 3347 1611 3389 cher
1644 3346 1756 3386 deux
1787 3348 2011 3392 destinées
2030 3351 2051 3392 %
2076 3350 2398 3391 Certainement
2427 3362 2528 3391 non.

1509 3407 1559 3447 Et
1582 3407 1686 3449 c’est
1708 3419 1819 3459 pour
1840 3413 1951 3454 cette
1975 3411 2119 3454 raison
2142 3423 2228 3463 que
2255 3412 2460 3461 s’atsp'-ne
2478 3413 2531 3455 de

1503 3470 1602 3519 jour
1623 3483 1674 3510 en
1697 3473 1794 3521 jour
1816 3472 1855 3511 le
1874 3472 2030 3513 succès
2047 3474 2100 3514 de
2130 3474 2306 3515 l’œuvre
2340 3486 2426 3525 que
2458 3474 2528 3524 j’ai

1506 3542 1750 3591 entreprise
1772 3546 1814 3583 et
1834 3554 1919 3595 que
1935 3545 1976 3594 je
2003 3554 2054 3584 ne
2075 3546 2223 3584 crains
2250 3556 2326 3597 pas
2347 3546 2401 3595 <|e
2422 3556 2529 3587 con¬

1507 3604 1676 3643 sidérer
1698 3615 1868 3643 comme
1884 3609 2036 3644 damai
2048 3619 2115 3644 ma
2128 3616 2186 3646 ire
2208 3611 2247 3646 et
2269 3608 2447 3647 soCÎâle.

1563 3664 1695 3705 Reste
1720 3667 1991 3711 maintenant
2010 3670 2035 3708 à
2056 3668 2248 3713 détruire
2290 3670 2327 3710 le
2348 3670 2529 3720 préjugé

1505 3728 1578 3777 qui
1596 3728 1733 3771 flétrit
1756 3732 1846 3770 tout
1866 3740 1913 3770 ce
1930 3729 2002 3780 qui
2021 3731 2178 3773 touche
2196 3743 2279 3771 aux
2302 3733 2542 3784 question^-

1507 3791 1869 3834 matrimoniales.
1895 3792 2044 3833 Oui..il
2066 3798 2131 3834 est
2155 3794 2232 3834 des
2267 3805 2455 3843 agences
2488 3796 2530 3836 et

1506 3850 1584 3892 des
1604 3856 1939 3895 entremetteurs
1942 3868 1949 3880 1
1946 3887 1951 3891 ,
1959 3854 1984 3895 fl
1991 3857 2067 3896 éüt
2087 3856 2116 3894 K
2145 3856 2232 3895 faut
2264 3868 2321 3898 ise
2359 3859 2525 3909 méfier;

1506 3915 1618 3954 mais
1639 3927 1707 3958 uir
1725 3916 1914 3958 honnête
1950 3918 2242 3969 e^iRQflçasjf
2278 3920 2452 3968 journal
2475 3920 2527 3959 i1é

1503 3978 1670 4017 saurait
1694 3978 1882 4029 inspirer
1915 3979 1968 4023 de
2005 3979 2202 4027 défiance
2245 3983 2267 4020 à
2309 3987 2527 4031 personne

1503 4038 1682 4090 lorsque
1703 4051 1753 4086 f?a
1762 4042 1984 4088 .direction
2010 4046 2075 4084 est
2095 4054 2312 4083 reconnue
2328 4044 2526 4084 sérieuse

1504 4102 1546 4146 Cl
1568 4099 1912 4150 irréprochable,
1931 4124 1936 4148 ;

1558 4163 1692 4202 D'une
1715 4163 1842 4211 lagon
1866 4164 2071 4212 générale
2093 4175 2202 4203 ceux
2223 4166 2295 4215 qui
2333 4167 2527 4215 aspirent

1502 4234 1555 4263 au
1580 4224 1776 4274 mariage
1798 4228 2027 4275 acceptent
2062 4229 2103 4266 et
2138 4226 2278 4267 solIici
2286 4231 2292 4256 1
2302 4231 2373 4267 ent
2403 4228 2526 4270 l’avis

1503 4285 1602 4326 d'un
1643 4288 1747 4335 ami,
1791 4288 2110 4329 l'intervention
2158 4288 2218 4333 du
2263 4291 2446 4337 notaire,
2491 4294 2527 4331 le

1500 4350 1665 4388 conseil
1692 4349 1746 4388 du
1775 4352 1931 4400 prêtre,
1958 4355 2038 4392 etc.
2071 4352 2184 4391 C’est
2212 4363 2296 4402 que
2336 4351 2428 4391 rien
2452 4352 2518 4392 ici-

1500 4410 1581 4451 bas
1599 4423 1652 4451 ne
1674 4415 1777 4460 peut
1795 4422 1843 4451 se
1866 4412 2047 4453 réaliser
2086 4425 2191 4464 sq.us
2237 4415 2280 4455 le
2313 4426 2527 4455 concours

1498 4461 1602 4504 d’un
1622 4464 1722 4504 aide
1744 4466 2004 4523 qqinpélenfi
2075 4499 2078 4503 .

1554 4526 1603 4565 Si.
1620 4539 1730 4575 vous
1758 4538 1868 4583 %Yea
1906 4526 1943 4568 le
1958 4556 1960 4567 -
1983 4527 2184 4576 bonheur
2218 4530 2272 4571 de
2315 4531 2526 4583 posséder

1500 4588 1614 4627 amis
1643 4592 1683 4628 et
1722 4591 1944 4653 relations,
1978 4591 2026 4631 si,
2048 4595 2171 4635 voire
2199 4592 2351 4632 milieu
2387 4593 2523 4634 social

1502 4661 1612 4690 vous
1634 4652 1883 4700 pennet'cle.
1900 4652 2075 4699 tivùyer
2097 4658 2255 4698 autour
2277 4656 2330 4695 de
2351 4657 2462 4704 youk
2483 4655 2523 4695 la

1494 4724 1728 4770 personne;
1751 4715 1831 4766 qui
1875 4716 1981 4769 doit,
2003 4708 2220 4774 à'rt^ger
2270 4718 2388 4759 votré
2439 4718 2519 4766 vie,

1499 4774 1790 4826 gardez-vous
1812 4776 2014 4839 d’^garér
2038 4779 2216 4819 ailleurs
2238 4790 2316 4820 vos
2344 4779 2521 4832 reçfier-

1480 4840 1616 4883 ..elles.
1744 4878 1747 4883 .
1776 4874 1782 4887 .
1934 4860 1972 4899 ,jj
1984 4875 1988 4896 ;
2011 4872 2034 4901 u
2043 4863 2052 4900 j
2064 4862 2094 4898 p
2112 4830 2125 4840 "
2148 4864 2150 4867 ■
2444 4864 2448 4890 :

1551 4900 1663 4942 Mais
1715 4899 1754 4939 si
1795 4914 1907 4952 pour
1945 4902 2165 4944 d’infinies
2200 4906 2376 4947 raisons
2415 4915 2525 4947 vous

1495 4964 1587 5004 êtes
1620 4964 1940 5016 embarrassés,
1978 4967 2110 5012 isolés
2144 4966 2256 5007 dans
2293 4968 2332 5007 la
2369 4966 2454 5022 vie)
2484 4967 2519 5005 si

1494 5019 1620 5067 votée?
1630 5023 1634 5036 4
1658 5016 1773 5067 ènfHî
1770 5020 1776 5037 i
1780 5016 1899 5076 irnf&
1916 5035 1924 5078 ;
1936 5039 1987 5067 ne.
2020 5038 2131 5067 vous
2164 5020 2523 5080 inspiré'qu’une

1498 5087 1719 5130 médiocre
1740 5092 1978 5135 confiance,
2003 5100 2182 5140 essayez
2202 5100 2255 5132 rie
2279 5091 2516 5131 l'annonce,

1495 5151 1589 5191 fille
1611 5163 1720 5192 vous
1744 5153 1914 5203 pi’fHnèt
1943 5154 2111 5193 entière
2118 5166 2121 5177 1
2139 5155 2179 5191 et
2212 5154 2398 5195 absolue
2435 5153 2522 5193 dis¬

1495 5214 1675 5263 crétion,
1714 5217 1754 5254 et
1794 5216 1880 5256 elle
1914 5221 2024 5256 vous
2064 5215 2210 5255 donne
2251 5216 2428 5267 l’espoir
2467 5216 2528 5256 de.

1493 5279 1672 5315 trouver
1691 5287 1738 5316 ce
1775 5271 1869 5328 qdé‘
1898 5284 2010 5319 nous
2010 5280 2012 5292 1
2024 5278 2283 5319 'cherchons
2312 5282 2411 5318 tous
2450 5278 2522 5319 ici-

1496 5338 1574 5379 bas
1600 5352 1607 5378 :
1636 5339 1675 5383 l'e
1707 5338 1905 5380 bonheur
1940 5341 2052 5380 dans
2084 5340 2246 5381 l’union
2282 5340 2452 5382 désirée
2481 5345 2521 5382 el

1494 5392 1635 5442 rêvée.
1634 5416 1639 5428 1
2147 5404 2257 5443 Jean
2284 5404 2447 5443 BACH.

1560 5562 1788 5641 SERVICE
1844 5565 1912 5641 DE
1960 5563 2450 5642 RENSEIGNEMENTS

1551 5685 1710 5727 Toute.,
1723 5696 1944 5735 personne
1975 5687 2114 5736 ayant
2143 5685 2295 5728 besoin
2330 5686 2514 5728 d’infor¬

1498 5743 1694 5784 mations
1718 5746 1858 5792 sûres,
1883 5755 1939 5786 au
1964 5746 2091 5795 point
2112 5746 2167 5786 de
2187 5758 2274 5787 vue
2296 5744 2514 5787 financier

1493 5804 1782 5845 commercial
1808 5816 1865 5845 ou
1892 5803 2034 5854 privé,
2064 5805 2337 5855 concernant
2390 5806 2514 5845 affai¬

1492 5874 1576 5911 res,
1607 5862 1832 5915 mariages
1858 5875 1916 5904 ou
1945 5865 2110 5912 autres,
2143 5875 2323 5904 recevra
2351 5864 2414 5906 du
2441 5865 2513 5904 Di¬

1493 5923 1667 5963 recteur
1694 5923 1758 5964 les
1786 5922 2171 5975 renseignements
2198 5924 2260 5964 les
2287 5924 2391 5975 plus
2416 5925 2514 5975 pré¬

1491 5983 1567 6032 cis,
1598 5982 1623 6022 à
1647 5982 1724 6022 dés
1750 5982 1852 6033 prix
1880 5976 1967 6023 très
1994 5983 2211 6024 modérés.
2243 5982 2324 6024 Ces
2351 5985 2514 6026 rensei¬

1492 6040 1730 6093 gnements
1751 6052 1796 6084 se
1818 6042 1972 6094 paient
1995 6042 2220 6084 d’avance.

1571 6208 2043 6356 Coiilbinaigon
2103 6228 2447 6359 Mariage^

1696 6429 1992 6491 NOTRE
2086 6428 2316 6492 ROLE

1552 6544 1607 6585 Re
1635 6562 1654 6583 «
1679 6543 1799 6588 Trait
1824 6541 1940 6587 d'fin
1951 6547 2023 6588 ion
2051 6563 2071 6585 »
2099 6552 2277 6602 accepte
2303 6552 2425 6588 toute
2448 6560 2512 6588 es¬

1491 6604 1597 6657 pèce
1625 6604 1680 6646 de
1708 6605 1946 6658 publicité;
1978 6607 2091 6648 mais
2119 6608 2151 6648 il
2179 6604 2386 6660 s’occupe
2415 6608 2510 6660 spé¬

1490 6663 1729 6706 cialement
1760 6665 2038 6708 d’annonces
2069 6666 2123 6707 de
2156 6670 2391 6719 mariages.

1547 6715 1604 6766 fie
1628 6722 1713 6767 but
1731 6724 1910 6780 unique
1934 6726 1986 6767 do
2011 6725 2050 6767 la
2080 6726 2310 6769 Direction
2336 6734 2401 6770 est
2455 6726 2508 6768 dé

2619 2226 2839 2274 favoriser
2865 2230 2928 2272 les
2958 2232 3126 2273 unions
3152 2232 3320 2286 légales
3346 2238 3389 2274 el
3415 2232 3641 2275 chrétien¬

2619 2299 2696 2327 nes
2728 2301 2808 2341 par
2839 2302 2901 2328 un
2930 2291 3124 2342 procédé
3154 2291 3319 2334 discret
3347 2298 3395 2345 et,
3420 2292 3636 2343 honnête,

2619 2348 2975 2392 contrairement
2996 2350 3020 2390 à
3043 2351 3238 2393 certains
3258 2352 3492 2404 journaux
3514 2354 3548 2395 si
3555 2354 3652 2394 mi-'

2618 2404 2747 2463 lapes
2772 2407 2851 2459 qui
2876 2412 2979 2448 sont
3004 2407 3080 2450 des
3104 2423 3296 2464 agences
3320 2411 3639 2455 matrimonia¬

2615 2462 2678 2504 les
2698 2463 2949 2518 déguisées.

2675 2523 2731 2565 Le
2763 2523 2995 2567 Directeur
3023 2528 3162 2578 reçoit
3189 2528 3239 2577 le.
3259 2530 3461 2571 courrier
3489 2532 3542 2572 de
3571 2544 3638 2572 ses

2615 2583 2834 2637 abonnés,
2862 2586 2975 2630 seul,
3004 2585 3035 2626 il
3062 2586 3102 2627 le
3127 2591 3364 2640 transmet,
3394 2592 3438 2630 et
3463 2591 3575 2640 seul,
3606 2591 3636 2631 il

2615 2643 2788 2695 répond
2814 2656 2901 2684 aux
2924 2644 3075 2688 lettres
3100 2647 3179 2699 qui
3203 2645 3268 2687 lui
3294 2653 3397 2689 sont
3451 2662 3636 2703 person¬

2615 2702 2863 2744 nellement
2883 2700 3124 2746 adressées.

2671 2762 2755 2803 Par
2784 2776 2871 2804 une
2898 2764 3218 2806 combinaison
3274 2766 3456 2808 d’offres
3483 2772 3525 2811 et
3581 2768 3635 2810 de

2611 2820 2859 2864 demandes
2888 2827 2931 2864 et
2963 2836 3042 2878 par
3072 2824 3114 2864 la
3145 2826 3538 2880 correspondance
3568 2828 3634 2868 di¬

2612 2885 2727 2921 recte
2751 2887 2880 2923 entre
2907 2882 2968 2925 les
2995 2883 3215 2934 abonnés,
3246 2885 3307 2926 les
3334 2887 3560 2940 mariages
3588 2899 3632 2928 se

2609 2938 2710 2980 font
2731 2954 2834 2982 sans
2855 2942 3235 2988 intermédiaires:

2683 2996 2802 3040 Nous
2840 3014 2895 3041 ne
2931 3002 3141 3043 saurions
3178 3015 3295 3044 assez
3331 3003 3506 3058 répéter
3543 3019 3631 3060 que

2610 3071 2724 3099 nous
2748 3059 2938 3100 n’avons
2962 3062 3059 3103 rien
3084 3062 3138 3102 de
3162 3075 3386 3104 commun
3411 3078 3516 3106 avec
3541 3079 3632 3107 une

2608 3130 2778 3171 agence
2812 3119 3170 3162 matrimoniale.
3211 3121 3308 3164 Non
3374 3123 3630 3167 seulement

2611 3191 2726 3218 nous
2760 3192 2814 3220 ne
2844 3180 3016 3221 faisons
3049 3194 3125 3235 pas
3156 3182 3212 3222 de
3243 3183 3483 3238 mariages,
3519 3186 3633 3225 mais

2607 3249 2770 3279 encore
2803 3251 2918 3279 nous
2952 3252 3017 3287 ne,
3039 3240 3296 3283 réclamons
3328 3255 3509 3285 aucune
3568 3258 3632 3284 es¬

2608 3296 2714 3352 pèce
2744 3297 2798 3339 de
2827 3299 3124 3341 commission
3156 3304 3196 3340 et
3228 3306 3356 3343 notre
3386 3301 3478 3351 rçje
3508 3302 3631 3343 d’au¬

2607 3354 2783 3397 xiliaire
2812 3355 2976 3399 discret
3004 3365 3123 3399 cèsse
3181 3371 3237 3400 au
3296 3367 3505 3402 moment
3535 3368 3630 3415 pré¬

2608 3415 2670 3454 cis
2704 3416 2763 3456 où
2800 3415 2861 3456 les
2898 3416 3133 3459 intéressés
3171 3417 3299 3459 n'ont
3332 3416 3436 3473 plus
3472 3419 3628 3462 besoin

2606 3467 2659 3518 de
2686 3487 2766 3515 nos
2792 3479 2998 3516 services.

2667 3534 2799 3576 Notre
2836 3531 3141 3590 système'h‘a
3178 3539 3275 3579 rien
3314 3539 3367 3582 de
3404 3552 3627 3582 commun

2608 3607 2700 3634 non
2731 3594 2835 3651 plus
2864 3610 2979 3648 avço
2987 3596 3324 3640 -le»annonces
3355 3600 3430 3656 de^
3460 3600 3632 3659 grands

2604 3653 2835 3704 journaux
2866 3655 3101 3707 parisiens.
3138 3656 3250 3696 Leur
3279 3647 3506 3699 méihôdé'
3524 3672 3628 3699 con¬

2603 3712 2707 3753 siste
2735 3714 2758 3754 à
2787 3714 2957 3754 insérer
2984 3714 3060 3755 des
3089 3715 3336 3757 demandes
3395 3722 3454 3758 et'
3491 3717 3627 3758 offres

2604 3772 2658 3812 de
2696 3774 2935 3826 mariages,
2976 3772 3319 3827 géîiéralement
3355 3782 3622 3831 anonymes,

2604 3836 2643 3875 et
2675 3838 2858 3887 portant
2862 3841 2865 3852 1
2890 3834 3182 3875 l’indication.
3210 3849 3216 3875 :
3251 3852 3271 3874 «
3303 3841 3430 3890 poste
3459 3825 3627 3878 àtan¬

2606 3896 2644 3934 te
2672 3910 2711 3933 ».
3040 3897 3137 3935 'Lui-
3166 3909 3171 3935 :
3374 3902 3444 3941 .ûé
3588 3907 3631 3935 111

2660 3952 2789 3995 Cette
2818 3954 3061 3998 discrétion
3093 3956 3182 3996 très
3215 3954 3418 4009 légitime
3450 3961 3492 3997 et
3523 3970 3626 4002 sans

2602 4011 2811 4065 dangers,
2834 4020 2959 4056 entre
2994 4015 3215 4058 honnêtes
3252 4028 3379 4069 gens,
3420 4018 3628 4070 présente

2601 4078 2640 4119 le
2671 4078 2772 4132 plus
2831 4090 3024 4131 soqvent
3082 4080 3136 4123 de
3193 4095 3352 4136 graves
3412 4083 3628 4131 inconvé¬

2603 4138 2768 4180 nients.
2822 4140 2891 4182 fin
2920 4142 3279 4196 correspondant
3305 4143 3383 4195 qui
3413 4142 3627 4184 dissimu¬

2601 4198 2641 4246 le
2669 4211 2751 4241 son
2782 4200 2971 4242 identité
3003 4215 3058 4244 ne
3087 4207 3194 4255 peut
3221 4200 3351 4253 offrir
3379 4202 3434 4243 de
3464 4216 3625 4256 garan¬

2604 4259 2683 4300 ties
2710 4259 2942 4300 sérieuses.
2972 4260 3088 4303 Neuf
3116 4262 3202 4306 fois
3231 4276 3308 4304 sur
3334 4262 3426 4310 dix,
3458 4262 3519 4304 les
3546 4264 3627 4304 let¬

2603 4323 2688 4359 tres
2743 4318 2967 4359 adressées
3022 4320 3044 4360 à
3102 4334 3172 4362 ces
3227 4335 3442 4363 coureurs
3469 4321 3523 4363 de
3548 4323 3627 4363 dot

2601 4383 2768 4420 restent
2793 4392 2896 4420 sans
2920 4378 3127 4433 réponse.
3160 4380 3214 4424 Le
3240 4382 3336 4423 naïf
3360 4395 3624 4436 correspon¬

2601 4439 2710 4479 dant
2741 4438 2979 4492 s’aperçoit
3007 4439 3120 4492 qu’il
3151 4454 3174 4479 a
3206 4441 3274 4482 été
3304 4442 3624 4483 l'amUSement

2600 4498 2711 4539 d’un
2739 4499 2926 4540 fumiste
2951 4512 3011 4541 ou
3038 4499 3149 4540 d’un
3176 4499 3370 4543 farceur.

2659 4558 2849 4601 Pareille
2884 4559 3202 4602 mésaventure
3238 4561 3351 4607 n’est
3387 4575 3464 4615 pas
3499 4563 3522 4603 à
3558 4576 3623 4603 re¬

2600 4618 2775 4668 douter,
2808 4619 2940 4673 grâce
2967 4619 2989 4660 à
3020 4618 3275 4663 l'heureuse
3304 4622 3622 4664 combinaison

2599 4679 2658 4721 clu
2688 4679 2808 4726 Trait
2835 4679 3049 4721 d’Union.
3080 4680 3219 4722 Grâce
3246 4682 3270 4723 à
3295 4682 3376 4731 lui,
3409 4683 3555 4724 riches
3582 4688 3625 4725 et

2600 4751 2795 4791 pauvres,
2850 4743 2979 4794 pont
3007 4737 3110 4793 plus
3139 4739 3295 4786 besoin
3326 4740 3381 4783 de
3408 4743 3623 4789 relations

2599 4799 2910 4852 personnelles
2944 4811 3060 4851 pour
3091 4799 3240 4847 ‘s'npir
3276 4800 3547 4855 dignement
3582 4807 3623 4844 et

2599 4858 2724 4899 selon
2759 4859 2858 4900 leur
2890 4858 3022 4901 désir.
3088 4860 3468 4910 Journellement,
3510 4875 3623 4904 nous

2580 4927 2588 4950 t
2600 4925 2816 4960 recevons
2854 4918 2931 4960 des
2967 4918 3116 4961 lettres
3154 4918 3208 4959 de
3244 4921 3616 4967 remerciements

2598 4982 2640 5020 et
2675 4978 2728 5019 de
2763 4979 3056 5020 félicitations
3093 4984 3209 5032 pour
3243 4979 3283 5019 là
3301 4981 3523 5022 .manière
3559 4981 3620 5023 sé¬

2600 5038 2743 5079 rieuse
2767 5038 2882 5084 dont
2902 5038 3036 5091 opère
3060 5038 3372 5082 la,Direction.

2659 5096 2733 5139 En'
2753 5094 2803 5139 de
2831 5097 2906 5151 qüi
2940 5107 3163 5140 concerne
3195 5100 3234 5140 la
3264 5096 3621 5152 eorrespon(fian¬

2598 5160 2661 5206 cé,
2697 5168 2810 5198 nous
2843 5170 2956 5198 nous
2987 5155 3160 5200 faisons
3191 5171 3279 5202 une
3309 5159 3368 5202 loi
3401 5158 3454 5199 de
3486 5166 3622 5202 rester

2599 5222 2779 5272 néiflres
2815 5220 2854 5258 et
2894 5215 3125 5274 d’ignorer
3162 5218 3211 5260 cè'
3246 5218 3523 5274 qu'écrivent
3561 5220 3622 5262 les

2599 5278 2704 5317 inl.a
2719 5298 2724 5308 -
2734 5292 2739 5302 -

2655 5336 2709 5379 Le
2735 5342 2875 5380 secret
2900 5338 2975 5380 des
3001 5336 3151 5380 lettrés
3176 5343 3241 5381 est
3266 5339 3399 5382 chose
3426 5351 3511 5380 saci
3527 5353 3572 5380 ce
3612 5339 3628 5387 [

3135 5410 3206 5450 LA
3237 5409 3557 5452 DIRECTION.

2681 5578 3522 5665 CONDITIONS

2766 5715 2822 5754 11
2847 5714 3008 5754 francs
3030 5725 3151 5764 pour
3174 5715 3293 5754 trois
3318 5715 3438 5752 mois

2593 5806 2804 5845 Donnant
2816 5805 2936 5844 droit
2955 5803 2982 5844 à
3003 5815 3089 5846 une
3109 5815 3326 5851 annonce,
3348 5815 3407 5844 au
3427 5804 3610 5851 journal

2647 5880 2754 5913 sous
2771 5872 3033 5923 enveloppe,
3056 5876 3099 5914 et
3118 5883 3176 5912 au
3195 5873 3364 5913 service
3384 5874 3439 5914 de
3459 5874 3502 5913 la
3522 5883 3612 5912 cor¬

2645 5931 2967 5980 respondance.

2587 5990 2920 6029 Abonnement
2944 6002 3006 6030 hu
3032 5991 3228 6040 journal
3254 5988 3366 6035 seul,
3401 6000 3514 6031 sous
3542 6000 3619 6028 en¬

2642 6044 2850 6094 veloppe.

2595 6107 2664 6144 Un
2683 6116 2740 6146 an
2759 6108 2783 6145 6
2798 6106 2968 6154 francs,
2987 6110 3056 6147 six
3077 6107 3192 6147 mois
3210 6108 3234 6144 3
3250 6107 3420 6147 francs.

3719 2238 4047 2290 abonnement,
4074 2243 4159 2282 suit
4184 2254 4300 2284 onze
4315 2246 4472 2296 francs
4492 2259 4612 2299 pour
4635 2248 4744 2289 trois

3720 2299 3847 2339 mois’
3862 2311 3914 2338 en
3940 2300 4148 2350 mandat,
4178 2302 4270 2343 bon
4295 2303 4347 2343 de
4371 2308 4498 2357 poste
4523 2310 4580 2347 ou
4640 2307 4742 2348 tim¬

3719 2356 3835 2407 bres.

3779 2416 3834 2458 Le
3859 2416 4108 2467 Directeur,
4139 2419 4232 2461 seul
4259 2422 4431 2475 occupé
4456 2437 4513 2465 au
4539 2423 4743 2478 dépouil¬

3716 2474 3891 2521 lement
3914 2475 3976 2519 du
4003 2478 4204 2523 courrier
4231 2484 4310 2530 est,
4341 2481 4601 2535 également
4626 2486 4737 2535 seul,

3715 2540 3738 2573 à
3770 2536 4030 2579 connaître-
4070 2536 4280 2580 l’adresse
4343 2541 4560 2590 véritable
4592 2543 4646 2584 de
4679 2558 4746 2587 ses

3715 2592 3932 2634 abonnés.
3972 2595 4097 2637 Cette
4162 2597 4339 2640 adresse
4372 2605 4438 2640 est
4472 2603 4741 2656 remplacée,

3715 2651 3828 2694 dans
3858 2652 3898 2694 le
3928 2655 4130 2706 journal,
4164 2669 4247 2712 par
4308 2671 4369 2699 un
4402 2662 4599 2703 numéro
4628 2663 4744 2705 d’or¬

3713 2710 3806 2760 dre,
3844 2712 4188 2768 indispensable
4251 2731 4368 2771 pour
4402 2719 4444 2761 la
4478 2734 4742 2776 correspon¬

3711 2768 3868 2811 dance.

3772 2836 3832 2878 Ce
3887 2840 4082 2882 numéro
4136 2847 4200 2883 est
4256 2848 4591 2902 communiqué
4614 2850 4639 2891 à
4667 2850 4741 2891 l’a¬

3715 2896 3867 2938 bonné
3891 2911 3947 2938 en
3973 2899 4124 2942 même
4148 2906 4299 2957 temps
4324 2919 4463 2958 quon
4490 2907 4555 2948 lui
4583 2922 4740 2952 accuse

3711 2956 3943 3010 réception
3970 2959 4031 3000 du
4057 2962 4262 3003 mandat.

3764 3022 4031 3078 Supposons
4090 3028 4260 3081 qu’une
4288 3031 4343 3074 de
4371 3046 4452 3075 nos
4510 3034 4739 3080 abonnées

3714 3084 3876 3125 veuille
3903 3085 4044 3127 écrire
4071 3088 4094 3128 à
4123 3087 4180 3128 M.
4212 3088 4321 3138 X...,
4355 3091 4468 3134 dont
4495 3094 4507 3133 1
4527 3108 4738 3138 annonce

3712 3147 3836 3192 porte
3867 3143 3904 3183 le
3935 3157 3963 3184 11
3971 3148 3986 3163 0
4019 3146 4058 3186 6.
4092 3146 4186 3187 Elle
4216 3150 4374 3195 inscrit
4404 3151 4686 3196 lisiblement
4714 3158 4735 3196 à

3708 3201 3749 3240 la
3783 3200 3940 3254 plume
3973 3217 4033 3245 ou
4066 3219 4133 3252 au.
4155 3219 4324 3260 crayon
4358 3222 4440 3251 son
4477 3224 4588 3255 nom
4619 3219 4663 3255 et
4695 3216 4735 3256 le

3708 3262 3758 3300 n°
3780 3259 3812 3309 H
3840 3260 3962 3306 dans,
3979 3263 4232 3305 l’intérieur
4258 3267 4311 3307 de
4339 3267 4377 3308 la
4407 3271 4631 3323 première
4658 3286 4734 3315 en¬

3708 3317 3912 3371 veloppe,
3950 3320 4059 3362 celle
4094 3323 4171 3375 qui
4206 3331 4338 3379 porte
4364 3328 4407 3374 je
4439 3343 4550 3371 nom
4583 3336 4626 3374 et
4659 3332 4732 3373 l’a¬

3707 3375 3858 3418 dresse
3891 3379 3952 3420 du
3987 3380 4223 3427 Directeur
4259 3386 4320 3435 du
4352 3388 4475 3435 Trait
4512 3390 4729 3433 d’Union.

3706 3434 3828 3478 Dans
3854 3442 3968 3483 celte
3993 3440 4247 3496 enveloppe
4273 3444 4357 3493 elle
4383 3446 4508 3499 place
4535 3448 4576 3488 la
4604 3449 4734 3492 lettre

3706 3494 3912 3538 cachetée
3950 3498 4027 3552 qui
4066 3498 4159 3542 doit
4195 3502 4285 3544 être
4323 3502 4342 3544 f
4347 3506 4486 3548 émise
4523 3520 4580 3549 au
4616 3511 4667 3550 n°
4707 3512 4731 3552 6

3706 3569 3784 3608 par
3822 3556 4097 3603 Lentremise
4134 3562 4194 3604 du
4234 3562 4481 3611 Directeur.
4522 3568 4590 3610 Au
4627 3583 4731 3623 reçu

3706 3616 3759 3658 de
3796 3625 3907 3656 celle
3941 3618 4088 3671 fettre;
4124 3620 4167 3661 Tê
4204 3630 4212 3660 i
4230 3638 4268 3661 Ci
4311 3645 4324 3664 ..
4340 3630 4436 3664 leur
4471 3631 4655 3668 déchire
4690 3631 4728 3669 la

3703 3667 3928 3732 prem'iere
3962 3678 4229 3732 enveloppe;
4269 3680 4291 3720 à
4327 3694 4409 3721 son
4450 3695 4575 3732 nom,
4615 3686 4730 3728 dans

3702 3721 3733 3774 Y
3737 3732 3956 3776 intérieur
3982 3732 4036 3776 de
4064 3734 4259 3790 laquelle
4278 3744 4333 3782 -sè
4363 3744 4522 3783 Douve
4550 3744 4661 3785 écrit
4691 3748 4728 3787 le

3704 3806 3811 3832 nom
3839 3793 3894 3834 de
3922 3793 4158 3838 l’abonnée
4183 3802 4226 3839 et
4251 3798 4291 3839 le
4315 3794 4512 3843 ïiufnêrô
4535 3815 4644 3844 avec
4672 3804 4728 3847 le-

3702 3851 3804 3905 ({ifél
3834 3852 3916 3894 elle
3944 3861 4047 3897 veut
4071 3859 4415 3911 correspondre.

3762 3919 3847 3960 Sur
3875 3923 3912 3962 la
3946 3922 4072 3964 lettre
4101 3927 4308 3969 ca.ehelée
4339 3927 4391 3967 de
4423 3927 4728 3983 l'expéditrice

3700 3979 3731 4020 il
3758 3977 3868 4023 écrit
3892 3981 3906 4022 1
3913 3977 4237 4039 ’auixriag.Véiit
4246 3986 4344 4030 âble
4368 3987 4428 4030 du
4457 3991 4507 4030 n°
4535 3990 4558 4030 6
4584 3997 4626 4032 et
4651 4004 4727 4032 en¬

3701 4042 3800 4082 voie
3827 4035 4095 4086 celte'lettre
4123 4051 4226 4089 slfns
4256 4046 4267 4086 l
4286 4047 4444 4092 ouvrir
4471 4050 4491 4092 è
4520 4063 4603 4093 son
4631 4050 4726 4093 des¬

3702 4100 3926 4151 tinataire,
3957 4101 4014 4143 M.
4047 4103 4172 4155 X...;,

3755 4167 3820 4208 De
3855 4173 3969 4211 celte
4004 4168 4156 4222 façon;
4191 4164 4235 4219 je
4270 4174 4498 4219 Directeu,
4540 4180 4726 4220 connaît

3696 4227 3792 4268 seul
3828 4227 4039 4271 l'adresse
4076 4230 4152 4272 dés
4188 4231 4307 4274 deux
4343 4238 4726 4292 correspondants

3696 4286 3774 4339 qui
3800 4294 4000 4339 peuvent
4024 4291 4268 4333 continuer
4291 4294 4312 4333 à
4340 4292 4477 4336 s’écrii
4540 4310 4620 4351 par
4644 4311 4724 4339 son

3698 4346 3956 4388 entremise.
4030 4348 4230 4403 Lorsque
4264 4352 4327 4399 Jçs
4365 4353 4480 4395 deux
4520 4356 4724 4400 abonnés

3697 4409 3908 4446 trouvent
3942 4406 4003 4447 les
4038 4410 4433 4463 renseignements
4470 4432 4476 4454 ,
4521 4416 4669 4458 utuels
4703 4418 4723 4457 à

3698 4463 3792 4505 leur
3823 4478 4130 4517 convenance,
4168 4468 4223 4511 ils
4254 4478 4454 4523 peuvent
4498 4478 4638 4515 entrer
4668 4490 4724 4517 en

3695 4524 3908 4567 relations
3968 4525 4158 4568 directes
4219 4535 4262 4570 et
4294 4531 4463 4572 arriver
4524 4546 4580 4575 au
4643 4534 4726 4577 but

3696 4576 3931 4639 pdifrmivi
3960 4586 4014 4627 de
4041 4586 4138 4627 leur
4166 4589 4326 4628 union.

3754 4644 3814 4695 Si,
3855 4659 3911 4686 au
3946 4646 4189 4698 contraire,
4228 4647 4291 4690 les
4328 4651 4724 4704 renseignements

3692 4706 3920 4758 ér&angés
3950 4719 4006 4747 ne
4034 4706 4096 4748 les
4119 4743 4122 4752 ,
4154 4708 4366 4751 satisfont
4424 4723 4515 4764 pas,
4547 4712 4604 4752 ils
4633 4726 4723 4756 ces¬

3692 4771 3794 4806 sent
3851 4766 3906 4807 de
3936 4767 4275 4820 correspondre'
4324 4774 4367 4811 et
4427 4783 4610 4814 comme
4671 4773 4726 4815 ils

3671 4825 3907 4878 (ignorent
3964 4826 4062 4869 l’un
4118 4832 4158 4869 el
4215 4827 4389 4878 l’autre,
4421 4830 4519 4872 leur
4547 4844 4654 4872 nom
4683 4843 4724 4875 et

3695 4885 3886 4932 adresse,
3924 4899 4075 4928 aucun
4109 4887 4241 4929 d’eux
4275 4888 4388 4930 n’est
4423 4892 4720 4944 compromis.

3751 4944 3800 4985 IL
3812 4951 3878 4986 est
3904 4945 4009 4987 bien
4039 4947 4240 4991 entendu
4299 4962 4386 5002 q,ue
4444 4963 4559 4992 nous
4588 4951 4723 4992 décli¬

3696 5018 3810 5046 nons
3844 5010 3967 5048 toute
4000 5007 4347 5061 responsabilité
4382 5011 4576 5064 puisque
4608 5024 4724 5052 nous

3673 5078 3809 5110 mous
3834 5064 4014 5116 faisons,
4032 5080 4093 5107 un
4120 5066 4276 5109 devoir
4299 5067 4355 5108 de
4380 5075 4518 5113 rester
4544 5078 4724 5112 neutres

3770 5124 3876 5192 ^’i*f
3870 5138 4003 5167 norcv
4037 5139 4086 5167 oc
4120 5126 4398 5180 qu’écrivént
4440 5138 4520 5171 nos
4556 5142 4724 5171 eorres-

3692 5196 3842 5240 ponoa
3854 5198 3878 5224 n
3887 5190 3938 5226 ts.

3748 5242 3911 5291 Depuis
3952 5243 4047 5281 huit
4086 5246 4172 5283 aiiÿ
4180 5244 4187 5258 1
4203 5253 4290 5293 que
4323 5254 4405 5284 -.ce•
4421 5232 4604 5293 jmird&i
4651 5250 4718 5286 est

3678 5295 3806 5347 tarée,
3841 5298 3872 5338 il
3903 5297 4006 5340 s’ést
4060 5300 4291 5340 contracté
4349 5299 4403 5343 de
4466 5301 4722 5344 nombreux

3668 5394 3673 5399 .
3692 5359 3920 5412 mariages
3954 5364 3994 5400 et
4031 5363 4126 5400 tout
4160 5359 4199 5401 le
4233 5360 4402 5403 monde
4436 5362 4519 5403 sait
4555 5362 4592 5403 la
4630 5376 4723 5404 ma-

3674 5432 3679 5451 >
3694 5419 3816 5460 nière
3851 5419 4046 5460 sérieuse
4078 5419 4190 5460 dont
4224 5420 4356 5472 opère
4371 5464 4375 5467 ,
4393 5419 4430 5461 la
4468 5420 4718 5466 Direction.

3746 5512 3871 5550 Nota.
3899 5535 3952 5540 —
3983 5514 4043 5552 Ne
4074 5518 4152 5560 pas
4182 5511 4356 5552 oublier
4414 5512 4475 5552 les
4531 5514 4722 5555 timbres

3691 5564 4167 5605 d’affranchissement
4201 5564 4466 5613 obligatoire
4503 5576 4615 5612 pour
4680 5568 4720 5606 la

3691 5618 3913 5667 première
3939 5622 3984 5659 et
4014 5620 4055 5659 la
4085 5619 4322 5660 deuxième
4352 5620 4639 5668 enveloppes.

3725 5785 4321 5863 Recommandations
4369 5789 4683 5869 Générales

2649 6552 2788 6596 Toute
2823 6565 3047 6606 personne
3080 6558 3156 6608 qui
3192 6557 3336 6597 désire
3369 6554 3612 6596 s’abonner

2587 6611 2611 6651 à
2637 6612 2674 6653 la
2702 6614 3017 6655 combinaison
3045 6616 3270 6668 mariages
3294 6615 3389 6654 doit
3411 6627 3610 6670 envoyer

2587 6680 2644 6711 au
2679 6672 2927 6720 Directeur,
2960 6686 3045 6716 son
3076 6686 3302 6719 annonce,
3334 6687 3419 6715 son
3481 6687 3607 6724 nom,

2588 6743 2671 6772 son
2692 6731 2869 6779 adresse
2920 6734 3152 6783 véritable,
3176 6739 3219 6777 et
3241 6735 3278 6776 le
3301 6735 3405 6789 prix,
3422 6734 3475 6778 de
3527 6750 3606 6778 son

3734 5967 3771 5995 1°
3806 5967 4004 5999 Personne
4033 5975 4079 5999 ne
4108 5972 4199 6006 peut
4227 5972 4513 6010 correspondre
4540 5980 4636 6006 avec
4664 5974 4719 6006 les

3692 6019 3867 6051 abonnés
3895 6027 3986 6052 sans
4014 6020 4124 6052 avoir
4152 6023 4264 6056 versé
4294 6024 4347 6056 les
4376 6026 4408 6056 11
4439 6026 4570 6058 francs
4599 6025 4720 6065 régle¬

3695 6073 3905 6104 mentaires
3932 6081 3943 6111 ;

3732 6139 3772 6168 3°
3798 6138 4017 6170 L’annonce
4039 6138 4107 6171 des
4128 6142 4303 6173 abonnes
4326 6139 4408 6174 doit
4430 6138 4612 6182 indiquer
4637 6144 4720 6176 leur

3691 6187 3776 6228 âge,
3807 6191 4122 6231 leur.situation,
4150 6194 4230 6225 s’ils
4258 6192 4431 6228 désirent
4459 6204 4507 6228 ou
4537 6204 4614 6229 non
4644 6204 4720 6230 une

3692 6243 3770 6275 dot.
3799 6244 3879 6274 Elle
3906 6243 3987 6275 doit
4016 6246 4171 6276 fournir
4199 6247 4371 6278 certains
4398 6249 4539 6282 détails
4568 6251 4614 6281 rie
4644 6258 4720 6283 ma¬

3694 6295 3800 6328 nière
3820 6294 3843 6328 à
3866 6294 3987 6330 éviter
4011 6299 4078 6330 des
4099 6299 4462 6336 correspondances
4486 6302 4647 6335 inutiles
4671 6311 4679 6340 ;

3730 6362 3772 6392 40
3804 6360 3876 6391 Dès
3906 6362 4026 6398 qu’un
4054 6362 4210 6395 abonné
4238 6371 4261 6395 a
4290 6366 4428 6399 trouvé
4458 6367 4494 6398 la
4523 6374 4719 6404 personne

3691 6413 3736 6444 de
3757 6420 3828 6443 son
3844 6414 3979 6452 choix,
4003 6416 4027 6446 il
4050 6415 4131 6447 doit
4152 6415 4335 6453 prévenir
4358 6419 4390 6450 le
4412 6419 4611 6451 Directeur
4633 6421 4718 6451 afin

3691 6472 3764 6508 que
3788 6472 3859 6498 son
3884 6473 4066 6501 annonce
4090 6468 4164 6499 soit
4190 6471 4360 6502 enlevée.
4390 6471 4416 6501 Il
4442 6470 4588 6503 évitera
4614 6471 4716 6503 ainsi

3694 6518 3831 6551 l’envoi
3866 6517 3912 6550 de
3947 6520 4078 6554 lettres
4112 6521 4177 6559 qui
4214 6523 4432 6556 n’auraient
4466 6524 4554 6560 plus
4587 6530 4718 6557 aucun

3692 6572 3759 6604 but
3786 6573 3822 6606 et
3848 6575 4094 6611 auxquelles,
4124 6582 4195 6612 par
4223 6576 4358 6608 devoir
4387 6576 4432 6609 de
4462 6576 4660 6615 politesse,
4692 6579 4716 6610 il

3689 6624 3841 6656 devrait
3862 6623 4057 6663 répondre
4078 6634 4086 6663 ;

3731 6692 3768 6722 5°
3796 6691 3864 6722 Les
3886 6698 4088 6724 annonces
4111 6696 4199 6724 sont
4220 6693 4267 6724 de
4290 6694 4348 6723 six
4374 6692 4499 6732 lignes
4522 6700 4572 6726 au
4598 6697 4718 6727 maxi-

3683 6739 3811 6778 iiium.
3868 6744 3936 6777 Les
3992 6746 4119 6784 lignes
4172 6744 4529 6784 supplémentaires
4586 6752 4718 6784 seront
