2472 3696
382 412 454 450 Les
489 413 644 451 mêmes
682 413 903 460 difficultés
905 414 914 461 ,
961 414 1055 452 bien
1094 412 1189 464 qu'à
1227 425 1284 452 un
1324 414 1515 453 moindre
1555 418 1677 465 degre
1681 428 1691 465 ,
1808 417 2046 465 présentent

276 480 384 518 pour
413 472 448 509 le
473 482 562 509 sexe
592 472 693 520 fort.
722 472 774 509 Le
804 473 932 520 jeune
958 472 1141 521 homme,
1173 473 1362 511 désireux
1392 473 1442 511 de
1468 488 1509 513 se
1540 475 1762 514 soustraire
1792 488 1871 513 aux
1902 476 2045 514 incon¬

277 530 463 568 vénients
495 530 551 568 du
581 530 746 577 célibat,
784 531 856 579 qui
886 535 945 569 est
976 532 1035 569 las
1068 532 1119 570 de
1150 533 1265 570 vivre
1293 546 1344 572 au
1376 536 1611 572 restaurant
1639 535 1693 572 où
1722 532 1806 572 l'on
1842 533 1934 584 paie
1963 535 2047 575 fort

274 583 379 622 cher
414 594 497 621 une
545 585 766 623 mauvaise
816 586 1079 630 nourriture,
1120 586 1171 622 de
1226 596 1377 633 passer
1423 597 1491 623 ses
1537 588 1697 625 soirées
1743 599 1796 626 au
1840 589 1943 634 café,
1999 600 2051 626 en

274 637 432 675 faisant
480 638 519 674 la
567 638 888 674 traditionnelle
939 639 1114 676 manille
1164 649 1267 676 avec
1313 641 1387 676 des
1440 642 1703 687 camarades,
1762 653 1812 680 au
1864 643 1947 680 lieu
2000 643 2051 679 de

275 695 424 742 goûter
450 695 488 732 la
516 696 649 733 douce
681 694 922 733 familiarité
950 697 1008 734 du
1042 696 1171 745 foyer,
1204 694 1288 746 qui,
1325 709 1376 735 en
1404 709 1471 735 cas
1503 697 1852 748 d’indisposition,
1884 700 2049 750 préfère

278 753 333 790 les
363 754 473 793 soins
510 753 738 792 affectueux
768 751 892 792 d’une
928 754 1085 793 femme
1110 755 1295 793 dévouée
1329 757 1351 794 à
1382 768 1484 794 ceux
1518 757 1643 796 d’une
1671 759 1899 807 étrangère,
1939 759 2046 800 celui

274 812 348 860 qui
381 812 597 852 considère
629 824 795 850 comme
829 825 912 850 une
946 813 1180 863 obligation
1216 815 1351 853 sacrée
1382 815 1419 853 la
1457 815 1676 855 fondation
1708 815 1833 856 d’une
1868 818 2043 866 famille,

277 870 353 909 but
381 871 574 920 suprême
610 872 658 909 de
687 870 931 918 l’existence,
970 885 1023 911 en
1051 885 1111 911 un
1146 878 1237 911 mot
1265 873 1466 912 l'homme
1502 874 1550 913 de
1578 888 1697 914 coeur
1730 877 1802 926 qui
1834 881 1930 915 veut
1963 878 2049 916 être

276 928 379 968 utile
409 931 430 968 à
463 929 502 967 la
534 929 695 976 société,
731 934 841 978 peut,
878 942 973 968 sans
1004 936 1102 980 trop
1129 931 1182 969 de
1210 931 1448 980 difficultés,
1485 933 1689 973 chercher
1715 935 1934 974 lui-même
1965 949 2049 977 une

275 999 526 1037 compagne,
556 993 595 1026 et
626 989 653 1025 il
682 989 740 1026 lui
772 994 831 1027 est
857 989 1018 1028 loisible
1051 990 1102 1028 de
1128 990 1355 1029 demander
1385 993 1407 1029 à
1436 1003 1495 1029 ses
1526 992 1632 1031 amis
1661 999 1700 1032 et
1731 995 2047 1035 connaissances

273 1047 326 1085 de
353 1048 412 1085 lui
441 1053 609 1086 trouver
635 1060 694 1085 un
726 1046 832 1095 parti
862 1049 1127 1095 convenable,
1159 1050 1265 1088 mais
1293 1054 1419 1087 est-ce
1444 1050 1639 1091 suffisant
1662 1053 1678 1091 ?
1709 1053 1763 1090 La
1791 1054 1959 1103 plupart
1989 1055 2047 1095 du

275 1110 423 1154 temps,
450 1106 487 1143 le
512 1106 668 1154 champ
693 1106 761 1143 des
789 1106 1030 1145 recherches
1054 1112 1113 1145 est
1144 1107 1228 1145 fort
1258 1107 1459 1156 restreint,
1495 1109 1550 1147 les
1576 1113 1680 1149 amis
1709 1112 1802 1160 plus
1825 1125 1881 1150 ou
1911 1113 2048 1151 moins

277 1163 537 1203 indifférents
561 1164 752 1203 oublient
783 1165 831 1202 de
862 1162 1073 1214 s’occuper
1104 1166 1152 1203 de
1182 1166 1220 1203 la
1250 1166 1423 1205 mission
1455 1167 1630 1207 délicate
1654 1170 1758 1209 dont
1787 1170 1837 1210 ils
1863 1169 2048 1212 s’étaient

274 1222 451 1272 chargés
485 1228 660 1261 souvent
688 1224 710 1259 à
745 1227 1038 1270 contre-cœur,
1068 1229 1109 1262 et
1141 1224 1171 1262 il
1199 1237 1251 1264 en
1281 1225 1432 1263 résulte
1465 1238 1547 1274 que
1574 1225 1810 1277 l’intéressé,
1851 1242 1901 1268 ne
1936 1236 2047 1270 trou¬

277 1288 377 1321 vant
408 1294 479 1331 pas
513 1293 558 1319 ce
590 1281 692 1331 qu’il
726 1281 868 1329 désire,
904 1283 1066 1330 préfère
1098 1280 1326 1331 s’abstenir,
1363 1287 1416 1331 et,
1451 1285 1568 1333 après
1603 1287 1799 1336 quelques
1830 1290 2047 1329 tentatives

276 1340 429 1388 vaines,
456 1351 498 1377 se
520 1341 686 1389 résigne
707 1345 797 1378 tout
822 1340 1073 1380 doucement
1094 1343 1115 1380 à
1143 1346 1270 1381 rester
1292 1342 1413 1380 vieux
1439 1355 1608 1392 garçon.

386 1411 453 1448 Ah
470 1410 484 1448 1
508 1422 584 1460 que
611 1411 659 1448 de
686 1410 889 1458 mariages
915 1412 1117 1461 manqués
1141 1413 1256 1461 faute
1283 1410 1383 1450 d'un
1411 1414 1718 1452 intermédiaire
1742 1415 1902 1453 sérieux
1903 1416 1912 1463 ,
1945 1416 2046 1454 hon¬

276 1470 368 1508 nête
393 1472 430 1507 et
459 1468 622 1516 discret,
649 1474 828 1518 prenant
855 1471 876 1507 à
899 1482 1016 1508 cœur
1042 1471 1080 1508 la
1104 1470 1273 1509 réussite
1298 1472 1369 1510 des
1394 1471 1598 1521 mariages
1625 1473 1826 1522 auxquels
1854 1473 1882 1510 il
1911 1472 2046 1511 s’inté¬

275 1539 387 1566 resse
408 1528 418 1566 I
450 1527 651 1566 Combien
678 1527 729 1566 de
761 1529 921 1576 projets
947 1530 1287 1577 matrimoniaux,
1325 1532 1589 1570 commencés
1617 1543 1711 1570 sous
1744 1531 1796 1569 dé
1821 1531 1926 1568 bons
1957 1542 2046 1568 aus¬

278 1583 399 1632 pices,
430 1590 507 1624 ont
540 1586 696 1624 échoué
728 1588 748 1624 à
785 1587 821 1624 la
853 1588 957 1625 suite
990 1586 1338 1632 d’indiscrétions,
1376 1589 1597 1628 commises
1628 1590 1766 1630 même
1799 1590 2046 1628 involontai¬

277 1648 439 1682 rement
461 1643 469 1681 I
517 1644 635 1682 Seule
669 1657 754 1683 une
785 1645 1065 1684 intervention
1105 1647 1209 1694 sûre,
1262 1647 1554 1686 bienveillante
1592 1653 1631 1687 et
1669 1648 1896 1691 raisonnée,
1950 1650 2048 1695 peut

278 1708 427 1741 mettre
454 1715 503 1741 en
534 1709 707 1752 rapport
730 1704 768 1741 la
797 1704 910 1743 foule
936 1704 1098 1744 d’isolés
1126 1705 1199 1755 qui
1222 1706 1413 1755 végètent
1440 1707 1541 1746 dans
1570 1707 1608 1745 la
1637 1706 1826 1754 solitude,
1857 1705 1971 1744 faute
2000 1705 2048 1744 de

276 1773 317 1798 se
341 1761 567 1809 connaître,
600 1766 640 1800 et
662 1768 756 1801 sont
782 1762 887 1801 ainsi
912 1763 1049 1812 privés
1076 1766 1144 1804 des
1171 1765 1277 1814 joies
1303 1764 1352 1802 de
1375 1765 1412 1802 la
1445 1765 1617 1803 famille.

384 1830 490 1870 C’est
512 1843 619 1880 pour
640 1833 846 1870 remédier
863 1834 884 1871 à
907 1839 971 1873 cet
990 1836 1072 1873 état
1097 1835 1146 1873 de
1164 1835 1306 1873 choses
1328 1834 1435 1873 aussi
1461 1836 1763 1884 préjudiciable
1786 1836 1808 1873 à
1828 1832 2048 1876 l’individu

276 1887 372 1937 qu’à
402 1890 440 1928 la
468 1891 726 1938 collectivité,
764 1892 867 1931 dont
890 1890 1032 1931 l’essor
1053 1899 1116 1932 est
1145 1894 1470 1942 complètement
1499 1895 1666 1933 entravé
1696 1906 1770 1943 par
1794 1894 1832 1932 la
1865 1893 2047 1931 diminu¬

282 1948 369 1985 tion
418 1948 467 1986 de
512 1949 605 1998 plus
650 1961 703 1987 en
752 1951 846 1999 plus
888 1952 1047 2001 grande
1088 1953 1158 1990 des
1207 1951 1409 2001 mariages
1470 1965 1550 2001 que
1598 1965 1701 1990 nous
1746 1965 1873 1991 avons
1923 1951 2048 1990 fondé

280 2026 302 2048 «
325 2010 778 2051 L’INTERMEDIAIRE
798 2011 877 2053 DU
907 2013 1074 2054 FOYER
1104 2027 1142 2053 ».

384 2087 555 2139 Jusqu’à
583 2102 629 2127 ce
654 2092 755 2139 jour
778 2088 968 2138 quantité
991 2087 1207 2137 d’agences
1234 2093 1311 2126 ont
1336 2089 1397 2126 été
1428 2089 1573 2126 créées.
1603 2088 1806 2126 Combien
1836 2089 1882 2126 de
1914 2088 2049 2125 réelle¬

279 2152 395 2186 ment
423 2147 543 2186 utiles
570 2151 608 2185 et
640 2149 822 2197 efficaces
844 2149 914 2185 ?...
946 2148 995 2186 Et
1025 2148 1112 2185 cela
1144 2158 1185 2184 se
1215 2146 1459 2195 comprend,
1492 2148 1631 2195 quand
1665 2159 1719 2185 on
1753 2146 1939 2184 réfléchit
1970 2158 2050 2196 que

277 2209 367 2246 seul
400 2206 577 2245 l'intérêt
605 2208 764 2256 guidait
797 2217 862 2244 ces
895 2207 1056 2255 gens-là
1058 2237 1066 2253 ,
1103 2210 1143 2244 et
1173 2217 1265 2255 que,
1302 2205 1404 2244 dans
1432 2217 1491 2244 un
1523 2206 1711 2255 mariage
1744 2206 1820 2245 fait
1853 2217 1930 2255 par
1953 2218 2046 2253 eux,

279 2266 328 2303 ils
355 2264 705 2314 n’envisageaient
726 2263 881 2314 qu’une
901 2265 1025 2304 chose
1048 2261 1056 2303 :
1069 2261 1114 2304 lü
1127 2269 1304 2304 SOfïliïlB
1317 2260 1347 2304 Ù
1360 2262 1557 2304 tOUCtldT
1568 2264 1596 2304 Ù
1613 2263 1725 2304 titre
1740 2263 1794 2304 Ü8
1809 2262 2053 2313 Courtage.

384 2334 614 2373 Combien
637 2333 905 2372 différente
923 2341 997 2373 est
1020 2336 1159 2373 notre
1182 2333 1379 2372 œuvre!
1403 2339 1515 2373 Nous
1536 2348 1589 2375 ne
1611 2338 1873 2375 demandons
1895 2343 2053 2373 aucun

273 2389 529 2437 courtage,
563 2396 752 2426 aucune
779 2386 1091 2426 commission
1119 2387 1132 2426 !
1167 2392 1219 2427 Le
1247 2392 1338 2427 seul
1367 2391 1550 2427 débours
1576 2391 1763 2428 consiste
1790 2392 1813 2427 à
1840 2402 1972 2437 payer
1996 2402 2054 2429 un

277 2445 478 2491 modique
495 2444 784 2481 abonnement
804 2443 970 2481 destiné
992 2446 1016 2481 à
1037 2444 1211 2481 couvrir
1232 2444 1293 2479 les
1314 2443 1418 2480 frais
1440 2443 1739 2490 d’impression
1762 2446 1800 2481 et
1823 2444 1872 2481 de
1894 2455 2057 2482 corres¬

279 2500 518 2544 pondance,
556 2499 599 2534 et
635 2497 764 2544 grâce
802 2498 957 2543 auquel
992 2498 1052 2534 les
1083 2497 1356 2534 célibataires
1394 2498 1468 2533 des
1501 2497 1608 2534 deux
1643 2507 1765 2534 sexes
1798 2500 1871 2534 ont
1902 2499 1927 2533 à
1962 2499 2057 2535 leur

277 2550 538 2598 disposition
561 2561 618 2588 un
645 2551 770 2587 choix
788 2551 839 2587 de
863 2551 1010 2596 partis,
1034 2551 1297 2597 permettant
1317 2550 1367 2586 de
1389 2550 1552 2587 donner
1573 2551 1839 2588 satisfaction
1860 2552 1882 2587 à
1912 2552 2053 2588 toutes

277 2604 338 2641 les
361 2605 597 2650 exigences.

386 2670 498 2706 Nous
522 2670 673 2705 tenons
698 2668 777 2704 aie
803 2667 975 2714 répéter
1007 2683 1014 2704 :
1044 2661 1519 2705 «L’INTERMÉDIAIRE
1552 2670 1614 2707 DIJ
1648 2670 1840 2706 FOYER»
1870 2669 1935 2706 n’a
1963 2669 2056 2706 rien

274 2722 331 2759 de
357 2732 560 2759 commun
586 2730 690 2758 avec
716 2721 777 2757 les
804 2731 991 2766 agences
1019 2721 1363 2758 matrimoniales
1397 2730 1406 2765 ;
1436 2721 1542 2760 c'est
1567 2731 1661 2759 une
1687 2731 1850 2760 œuvre
1875 2723 1988 2761 dont
2015 2725 2056 2761 le

277 2776 359 2814 but
386 2777 563 2822 unique
590 2774 658 2812 est
687 2774 739 2811 de
765 2775 925 2812 servir
951 2776 1004 2813 de
1033 2775 1367 2813 trait-d'union
1395 2777 1516 2812 entre
1550 2778 1690 2812 toutes
1721 2777 1784 2812 les
1815 2786 2055 2822 personnes

274 2833 522 2872 désireuses
549 2834 600 2870 de
628 2832 805 2877 remplir
828 2832 921 2868 leur
947 2834 1097 2870 devoir
1123 2834 1256 2870 social
1283 2844 1335 2870 en
1364 2835 1636 2871 contractant
1658 2835 1860 2881 mariage,
1892 2831 2056 2879 quelle

275 2899 374 2938 que
407 2890 505 2929 soit
530 2890 643 2928 leur
673 2888 908 2927 situation
944 2889 1002 2928 de
1023 2889 1237 2937 fortune,
1261 2889 1318 2928 de
1339 2890 1385 2928 la
1404 2889 1519 2938 plus
1554 2890 1776 2928 modeste
1808 2889 1835 2928 à
1865 2890 1915 2929 la
1945 2901 1959 2934 i
1977 2891 2056 2929 lus

276 2943 443 2982 élevée
450 2973 458 2989 ,
491 2949 533 2983 et
560 2955 669 2983 nous
692 2945 973 2991 remplissons
997 2948 1108 2983 cette
1135 2946 1317 2982 mission
1347 2957 1450 2983 avec
1484 2944 1739 2988 l'EXTREME
1771 2941 2056 2985 DISCRÉTION

276 3011 368 3052 que
399 3000 505 3041 doit
540 3000 816 3052 comporter
855 3010 917 3039 un
953 3003 1059 3041 acte
1100 3001 1234 3041 aussi
1269 3002 1543 3046 important
1549 3012 1557 3047 ,
1599 3003 1735 3041 aussi
1773 3005 1915 3042 sacré
1961 3012 2057 3052 que

274 3061 325 3099 le
364 3061 607 3112 mariage.

1554 3158 1618 3196 LA
1650 3158 1942 3196 DIRECTION.
