2472 3696
754 332 970 436 LE
1046 327 1814 437 MARIAGE

953 523 1234 576 FACILITÉ
1262 536 1298 576 A
1330 535 1487 577 TOUS
1520 535 1637 577 PAR
1939 573 1949 604 ,

420 687 441 711 «
484 674 678 716 L’IJN
692 653 1453 715 TERMÉDIAIRB
1524 674 1591 713 T)
1608 674 1670 715 LJ
1738 673 2113 716 FOYER
2167 688 2186 711 »

532 931 551 953 «
574 915 1024 954 L’INTERMEDIAIRE
1062 917 1124 957 DU
1155 916 1311 957 FOYER
1345 930 1362 957 »
1393 921 1518 958 n’est
1541 929 1633 968 pas
1662 930 1755 959 une
1783 931 1965 971 agence
2012 921 2189 960 matri¬

419 979 633 1019 moniale
646 991 659 1027 ;
684 979 801 1018 c’est
829 989 921 1017 une
942 988 1111 1017 œuvre
1132 978 1271 1018 créée
1295 989 1425 1028 pour
1449 980 1698 1018 favoriser
1718 982 1764 1019 et
1784 980 2003 1019 faciliter
2022 981 2068 1019 le
2090 991 2188 1019 ma¬

421 1040 562 1089 riage
582 1046 697 1079 entre
718 1053 939 1089 personnes
967 1040 1225 1086 honorables,
1260 1043 1282 1078 à
1308 1042 1378 1090 qui
1410 1042 1445 1079 le
1469 1054 1652 1090 manque
1682 1043 1730 1080 de
1760 1043 1954 1081 relations
1981 1050 2172 1089 lhipose
2178 1080 2186 1099 j

418 1099 539 1139 neuf
557 1099 651 1137 fois
670 1108 760 1137 sur
779 1097 881 1146 dix,
912 1098 959 1136 le
981 1097 1175 1136 célibat.

529 1174 588 1210 En
623 1172 728 1220 effet,
769 1184 848 1214 nue
883 1172 959 1210 fait
992 1173 1029 1209 la
1064 1183 1268 1221 personne
1297 1174 1367 1222 qui
1404 1173 1533 1212 désire
1571 1185 1590 1211 s
1608 1188 1614 1197 '
1635 1174 1786 1212 marier
1809 1175 1825 1212 ?
1859 1175 1957 1213 Sauf
1988 1175 2035 1213 de
2072 1188 2179 1213 rares

425 1232 673 1280 exceptions,
707 1233 783 1270 elle
808 1232 1029 1269 recherche
1057 1232 1158 1269 dans
1181 1244 1255 1270 son
1286 1237 1511 1281 entourage
1534 1233 1639 1270 celui
1665 1246 1717 1271 ou
1745 1235 1845 1272 celle
1872 1236 1942 1283 qui
1973 1234 2059 1273 doit
2087 1234 2187 1272 faire

421 1303 495 1328 son
523 1290 726 1338 bonheur,
755 1295 797 1328 et
822 1297 996 1330 souvent
1022 1291 1099 1328 elle
1125 1289 1341 1339 s’aperçoit
1368 1290 1575 1341 qu’aucun
1603 1293 1709 1340 parti
1735 1305 1788 1331 ne
1815 1292 1972 1341 répond
1998 1294 2020 1330 à
2048 1291 2185 1329 l’Idéal

421 1347 568 1397 qu’elle
603 1347 695 1386 s’est
729 1350 875 1396 formé,
920 1354 959 1387 et
991 1361 1081 1398 que,
1129 1351 1229 1388 dans
1265 1363 1324 1388 ses
1366 1352 1571 1397 relations,
1611 1351 1686 1389 elle
1722 1348 1786 1389 n’a
1832 1363 1991 1389 aucune
2031 1351 2187 1388 chance

421 1407 640 1445 d’aboutir.

528 1484 748 1523 Comment
776 1487 899 1524 sortir
931 1487 980 1524 de
1009 1491 1111 1524 cette
1144 1487 1320 1535 impasse
1346 1488 1361 1526 ?
1391 1488 1422 1525 A
1456 1490 1526 1537 qui
1554 1493 1744 1526 raconter
1773 1500 1832 1527 ses
1864 1489 2002 1537 peines
2027 1487 2042 1526 ?
2078 1487 2187 1535 Trop

422 1549 606 1585 souvent,
637 1544 748 1583 hélas
772 1544 780 1582 I
806 1546 843 1583 la
869 1557 1085 1593 personne,
1115 1558 1166 1583 ne
1191 1547 1361 1585 sachant
1385 1549 1406 1584 à
1430 1547 1500 1596 qui
1525 1560 1563 1584 se
1585 1547 1751 1594 confier,
1784 1553 1913 1586 remet
1934 1549 1953 1585 à
1981 1547 2072 1596 plus
2097 1545 2186 1584 tard

421 1604 678 1641 lanécessilé
692 1605 741 1642 de
759 1606 944 1652 prendre
959 1606 1663 1654 unedécision,espéranttoujours
1679 1608 1808 1654 qu’un
1828 1609 2020 1645 heureux
2037 1606 2190 1643 hasard

426 1662 462 1701 la
483 1663 702 1701 favorisera
733 1669 770 1702 et
803 1664 859 1701 lui
895 1670 1117 1711 permettra
1148 1665 1196 1702 de
1228 1670 1468 1703 rencontrer
1498 1667 1534 1703 le
1566 1667 1670 1714 parti
1702 1667 1927 1711 rêvé.Mais,
1942 1664 2125 1715 pendant
2144 1675 2187 1705 ce

426 1726 569 1770 temps,
611 1722 665 1759 les
697 1723 826 1770 jours,
864 1723 918 1760 les
955 1725 1168 1770 semaines,
1204 1724 1259 1760 les
1293 1727 1397 1762 mois
1430 1731 1590 1773 passent
1629 1729 1668 1762 et
1699 1725 1725 1762 il
1759 1726 1890 1762 arrive
1928 1721 2187 1773 quelquefois

424 1793 504 1830 que
551 1781 753 1830 plusieurs
804 1783 952 1819 années
999 1780 1220 1821 s’écoulent
1269 1788 1391 1822 avant
1440 1796 1519 1833 que
1557 1781 1776 1822 l’occasion
1823 1788 1910 1822 tant
1952 1782 2109 1824 désirée,
2149 1792 2189 1817 se

424 1841 623 1887 présente.

526 1918 798 1955 Nombreuses
827 1919 920 1955 sont
946 1919 1000 1955 les
1030 1918 1205 1959 familles
1231 1920 1305 1969 qui
1331 1923 1401 1957 ont
1432 1921 1491 1958 été
1522 1919 1680 1968 privées
1708 1920 1755 1957 de
1788 1922 1825 1958 la
1859 1922 1937 1969 joie
1963 1921 2013 1958 de
2038 1920 2188 1957 menier

424 1975 530 2012 leurs
560 1976 724 2023 enfants
728 1978 736 2024 ,
766 1978 873 2014 leurs
904 1978 1096 2015 relations
1120 1989 1159 2015 se
1188 1979 1364 2016 bornant
1393 1980 1415 2016 à
1445 1992 1499 2016 un
1527 1979 1737 2026 voisinage
1770 1979 1973 2017 restreint.

529 2053 575 2090 Et
606 2053 797 2090 combien
824 2054 871 2090 de
900 2064 1049 2091 veuves
1052 2055 1059 2101 ,
1091 2055 1236 2101 jeunes
1261 2064 1405 2092 encore
1411 2067 1418 2100 ,
1453 2067 1491 2092 se
1524 2057 1716 2092 trouvant
1747 2056 1848 2094 dans
1878 2057 1913 2094 le
1945 2056 2077 2094 même
2106 2065 2170 2092 cas
2174 2082 2182 2098 ,

424 2112 538 2147 n’ont
561 2122 613 2158 pu
639 2122 678 2148 se
702 2111 896 2148 remarier
916 2112 928 2148 !
952 2112 1193 2159 Cependant
1213 2114 1308 2152 elles
1333 2114 1518 2151 auraient
1544 2126 1597 2162 pu
1622 2114 1735 2151 créer
1762 2128 1815 2151 un
1844 2127 2030 2152 nouveau
2055 2113 2183 2163 foyer,

426 2168 528 2205 faire
555 2169 589 2206 le
622 2169 812 2207 bonheur
840 2168 950 2218 d’uiy,
973 2172 1122 2208 nouvel
1149 2172 1296 2220 époux,
1334 2177 1372 2210 et
1404 2172 1486 2210 être
1517 2172 1735 2210 heureuses
1770 2174 2054 2221 elles-mêmes,
2092 2174 2121 2209 si
2155 2173 2189 2209 le

425 2228 556 2264 destin
595 2227 684 2264 leur
716 2228 820 2265 avait
860 2230 1013 2275 permis
1047 2231 1095 2267 de
1129 2236 1368 2269 rencontrer
1404 2232 1506 2269 celui
1548 2232 1631 2279 qui,
1675 2242 1713 2268 se
1755 2236 1947 2270 trouvant
1990 2230 2188 2281 peut-être

423 2288 512 2322 tout
551 2285 640 2333 près
673 2285 694 2322 d
714 2286 820 2332 elles,
864 2287 1075 2326 cherchait
1107 2289 1334 2333 lui-même,
1370 2290 1417 2327 de
1455 2302 1526 2327 son
1566 2291 1668 2337 côté,
1708 2288 1828 2329 l'âme
1866 2303 1990 2330 sœur.
2030 2290 2079 2327 Et
2111 2298 2188 2337 que

426 2344 606 2380 fallait-il
642 2356 746 2392 pour
781 2358 860 2394 que
889 2347 926 2383 la
962 2347 1085 2385 chose
1115 2349 1266 2387 arrivât
1292 2349 1308 2387 ?
1348 2350 1410 2387 Un
1448 2350 1531 2387 rien
1538 2362 1545 2389 ,
1588 2361 1666 2387 une
1706 2350 1826 2390 tierce
1863 2360 2066 2399 personne
2101 2346 2170 2396 qui
2174 2375 2181 2391 ,

423 2403 746 2450 correspondant
771 2412 866 2442 avec,
891 2408 979 2443 tous
1006 2407 1059 2443 les
1081 2407 1187 2444 deux
1190 2420 1198 2454 ,
1225 2408 1356 2446 aurait
1381 2420 1437 2457 pu,
1463 2409 1517 2446 les
1542 2411 1686 2446 mettre
1713 2420 1763 2447 en
1792 2412 1974 2458 rapport.

530 2479 577 2517 Et
602 2479 657 2517 les
681 2481 826 2527 jeunes
858 2481 959 2519 filles
983 2482 999 2520 ?
1027 2483 1066 2521 Si
1097 2482 1178 2520 l’on
1206 2485 1399 2533 envisage
1429 2485 1466 2523 la
1496 2485 1691 2524 situation
1724 2484 1848 2525 d’une
1876 2484 2112 2523 demoiselle
2137 2493 2185 2520 en

422 2537 496 2586 âge
523 2539 572 2576 de
603 2549 643 2575 se
669 2541 831 2583 marier,
843 2541 918 2578 elle
944 2547 1002 2580 est
1028 2555 1110 2580 non
1135 2544 1269 2581 moins
1284 2542 1468 2584 délicate;
1482 2542 1529 2580 la
1543 2544 1747 2582 retenue
1763 2543 1980 2592 imposée
1995 2550 2092 2590 par
2104 2547 2188 2578 son

420 2604 537 2633 sexe
557 2595 630 2634 lui
652 2595 860 2635 inierdit
880 2596 1011 2637 toute
1036 2598 1298 2639 démarche
1314 2601 1630 2649 personnelle
1637 2633 1644 2644 ,
1678 2609 1713 2642 et
1749 2606 1824 2642 elle
1859 2609 1916 2643 est
1950 2603 2188 2641 fatalement

427 2657 690 2695 condamnée
717 2671 765 2696 au
800 2660 959 2705 célibat,
978 2662 1008 2698 si
1038 2661 1114 2700 elle
1140 2659 1204 2699 n’a
1224 2675 1294 2712 pas
1322 2664 1359 2701 la
1379 2663 1701 2710 |randexhance
1721 2664 1769 2702 de
1786 2668 1949 2701 trouver
1982 2661 2082 2699 dans
2115 2669 2186 2695 son

423 2721 651 2765 entourage
682 2718 896 2756 immédiat
931 2732 989 2758 un
1022 2721 1127 2769 parti
1164 2723 1380 2761 conforme
1415 2724 1436 2760 à
1472 2734 1544 2761 son
1579 2723 1665 2772 âge,
1704 2723 1725 2759 à
1761 2735 1834 2761 son
1871 2735 1976 2770 rang
2005 2724 2042 2758 et
2078 2719 2098 2756 à
2129 2727 2188 2754 ses

400 2813 403 2819 ,
422 2774 684 2823 aspirations.

538 2852 577 2890 Si
604 2857 708 2892 cette
729 2854 868 2893 bonne
893 2855 1060 2895 fortune
1085 2858 1142 2896 lui
1168 2862 1227 2897 est
1251 2860 1420 2908 refusée,
1452 2860 1529 2899 elle
1555 2865 1652 2909 peut
1679 2859 1782 2897 faire
1808 2857 1941 2908 appel,
1971 2855 2104 2905 parmi
2129 2863 2187 2890 ses

421 2910 750 2961 connaissances,
781 2915 802 2951 à
835 2927 917 2953 une
946 2928 1150 2965 personne
1179 2918 1226 2956 de
1254 2919 1392 2957 bonne
1421 2919 1585 2957 volonté
1621 2938 1669 2943 —
1706 2919 1737 2957 si
1772 2918 1847 2956 elle
1881 2929 1930 2953 en
1962 2920 2106 2954 trouve

423 2974 544 3017 ayant
582 2970 650 3007 des
689 2973 882 3011 relations
921 2987 1025 3013 assez
1057 2976 1251 3016 étendues
1292 2990 1396 3027 pour
1433 2979 1490 3014 lui
1531 2977 1630 3014 faire
1669 2980 1918 3013 contracter'
1938 2986 2019 3012 une
2056 2969 2186 3011 union

423 3028 675 3066 convenable
699 3042 708 3075 ;
744 3032 848 3070 mais
881 3038 983 3072 cette
1017 3035 1296 3075 intervention
1333 3037 1430 3074 d’un
1472 3036 1566 3073 tiers
1603 3034 1798 3074 bénévole
1840 3033 1941 3070 n’est
1984 3042 2052 3078 pas
2095 3039 2188 3064 sans

424 3087 632 3133 présenter
661 3087 708 3125 de
739 3102 882 3138 graves
913 3091 1242 3142 inconvénients,
1275 3097 1372 3133 dont
1406 3094 1442 3131 le
1473 3094 1663 3130 moindre
1691 3093 1875 3129 consiste
1904 3093 1924 3128 à
1956 3083 2190 3136 apprendre

422 3146 579 3184 bientôt
620 3159 700 3195 que
731 3148 741 3186 1
760 3148 995 3196 obligeante
1037 3163 1238 3199 personne
1276 3152 1409 3200 répète
1445 3165 1463 3188 «
1484 3151 1576 3188 urbi
1613 3156 1650 3188 et
1685 3151 1774 3188 orbi
1798 3164 1815 3186 »
1845 3160 1942 3196 que,
1999 3157 2090 3182 sans
2131 3151 2189 3178 ses

422 3205 662 3244 démarches
691 3208 888 3256 réitérées,
920 3210 957 3247 la
980 3211 1108 3258 jeune
1134 3210 1228 3255 fille,
1260 3211 1363 3248 dont
1386 3210 1460 3249 elle
1486 3222 1506 3247 a
1534 3208 1626 3246 bien
1656 3209 1781 3247 voulu
1805 3221 1824 3246 s
1840 3215 2034 3252 occuper,
2053 3200 2192 3240 aurait

421 3264 542 3305 coiffé
570 3265 963 3309 Sainte-Catherine.
1784 3297 1795 3306 .
1821 3281 1838 3294 ••
