<?xml version="1.0" encoding="UTF-8" standalone="yes"?>
<PcGts xmlns="http://schema.primaresearch.org/PAGE/gts/pagecontent/2013-07-15" xmlns:xsi="http://www.w3.org/2001/XMLSchema-instance" xsi:schemaLocation="http://schema.primaresearch.org/PAGE/gts/pagecontent/2013-07-15 http://schema.primaresearch.org/PAGE/gts/pagecontent/2013-07-15/pagecontent.xsd">
    <Metadata>
        <Creator>Transkribus</Creator>
        <Created>2019-11-10T21:10:05.566+01:00</Created>
        <LastChange>2019-11-10T21:15:47.768+01:00</LastChange>
        <Comments>
                Measurement unit: pixel
                PrimaryLanguage: English
                Language: FrenchStandard
                Producer: Transkribus
            </Comments>
        <TranskribusMetadata docId="236930" pageId="10470232" pageNr="48" tsid="19187762" status="IN_PROGRESS" userId="48236" imgUrl="https://files.transkribus.eu/Get?id=TKQIXBGZLQVPARJZFOGGCAMN&amp;fileType=view" xmlUrl="https://files.transkribus.eu/Get?id=YNEICTJNZZRHQSIPMPRCRIRI" imageId="6975083"/>
    </Metadata>
    <Page imageFilename="bpt6k940663v_004.jpg" imageWidth="2472" imageHeight="3696">
        <PrintSpace>
            <Coords points="317,213 2171,213 2171,3327 317,3327"/>
        </PrintSpace>
        <ReadingOrder>
            <OrderedGroup id="ro_1573417645690" caption="Regions reading order">
                <RegionRefIndexed index="0" regionRef="r_1_1"/>
                <RegionRefIndexed index="1" regionRef="r_1_2"/>
                <RegionRefIndexed index="2" regionRef="r_1_3"/>
                <RegionRefIndexed index="3" regionRef="r_1_4"/>
                <RegionRefIndexed index="4" regionRef="r_1_5"/>
                <RegionRefIndexed index="5" regionRef="r_1_6"/>
                <RegionRefIndexed index="6" regionRef="r_1_7"/>
                <RegionRefIndexed index="7" regionRef="r_1_8"/>
                <RegionRefIndexed index="8" regionRef="r_1_9"/>
                <RegionRefIndexed index="9" regionRef="r_1_10"/>
                <RegionRefIndexed index="10" regionRef="r_1_11"/>
                <RegionRefIndexed index="11" regionRef="r_2_1"/>
                <RegionRefIndexed index="12" regionRef="r_2_2"/>
                <RegionRefIndexed index="13" regionRef="r_2_3"/>
                <RegionRefIndexed index="14" regionRef="r_3_1"/>
                <RegionRefIndexed index="15" regionRef="r_3_2"/>
                <RegionRefIndexed index="16" regionRef="r_3_3"/>
                <RegionRefIndexed index="17" regionRef="r_3_4"/>
                <RegionRefIndexed index="18" regionRef="r_3_5"/>
                <RegionRefIndexed index="19" regionRef="r_3_6"/>
                <RegionRefIndexed index="20" regionRef="r_3_7"/>
                <RegionRefIndexed index="21" regionRef="r_4_1"/>
            </OrderedGroup>
        </ReadingOrder>
        <TextRegion type="paragraph" id="r_1_1" custom="readingOrder {index:0;}">
            <Coords points="545,226 1072,226 1072,289 545,289"/>
            <TextLine id="tl_1" primaryLanguage="English" custom="readingOrder {index:0;}">
                <Coords points="546,227 1071,227 1071,288 546,288"/>
                <Baseline points="546,288 1071,283"/>
                <Word id="w_w2aab1b1b2b1b1ab1" language="English" custom="readingOrder {index:0;}">
                    <Coords points="546,227 1071,227 1071,288 546,288"/>
                    <TextEquiv>
                        <Unicode>ABONNEMENTS</Unicode>
                    </TextEquiv>
                    <TextStyle fontFamily="Arial" fontSize="12.0" bold="true"/>
                </Word>
                <TextEquiv>
                    <Unicode>ABONNEMENTS</Unicode>
                </TextEquiv>
                <TextStyle fontFamily="Arial" fontSize="12.0" bold="true"/>
            </TextLine>
            <TextEquiv>
                <Unicode>ABONNEMENTS</Unicode>
            </TextEquiv>
        </TextRegion>
        <TextRegion type="paragraph" id="r_1_2" custom="readingOrder {index:1;}">
            <Coords points="379,335 1231,335 1231,530 379,530"/>
            <TextLine id="tl_2" primaryLanguage="English" custom="readingOrder {index:0;}">
                <Coords points="384,336 1230,336 1230,384 384,384"/>
                <Baseline points="384,383 660,382 984,376 1150,378 1230,372"/>
                <Word id="w_w2aab1b1b2b3b1ab1" language="English" custom="readingOrder {index:0;}">
                    <Coords points="384,340 660,340 660,384 384,384"/>
                    <TextEquiv>
                        <Unicode>TROIS</Unicode>
                    </TextEquiv>
                    <TextStyle fontFamily="Arial" fontSize="10.0"/>
                </Word>
                <Word id="w_w2aab1b1b2b3b1ac13" language="English" custom="readingOrder {index:1;}">
                    <Coords points="721,338 984,338 984,381 721,381"/>
                    <TextEquiv>
                        <Unicode>MOIS..</Unicode>
                    </TextEquiv>
                    <TextStyle fontFamily="Arial" fontSize="10.0"/>
                </Word>
                <Word id="w_w2aab1b1b2b3b1ac27" language="English" custom="readingOrder {index:2;}">
                    <Coords points="1056,337 1150,337 1150,378 1056,378"/>
                    <TextEquiv>
                        <Unicode>•I2</Unicode>
                    </TextEquiv>
                    <TextStyle fontFamily="Arial" fontSize="10.0"/>
                </Word>
                <Word id="w_w2aab1b1b2b3b1ac35" language="English" custom="readingOrder {index:3;}">
                    <Coords points="1207,347 1230,347 1230,372 1207,372"/>
                    <TextEquiv>
                        <Unicode>»</Unicode>
                    </TextEquiv>
                    <TextStyle fontFamily="Arial" fontSize="10.0"/>
                </Word>
                <TextEquiv>
                    <Unicode>TROIS MOIS.. •I2 »</Unicode>
                </TextEquiv>
                <TextStyle fontFamily="Arial" fontSize="10.0"/>
            </TextLine>
            <TextLine id="tl_3" primaryLanguage="English" custom="readingOrder {index:1;}">
                <Coords points="380,409 1228,409 1228,459 380,459"/>
                <Baseline points="380,459 759,454 1021,452 1148,449 1228,446"/>
                <Word id="w_w2aab1b1b2b3b3ab1" language="English" custom="readingOrder {index:0;}">
                    <Coords points="380,413 759,413 759,459 380,459"/>
                    <TextEquiv>
                        <Unicode>QUATRE</Unicode>
                    </TextEquiv>
                    <TextStyle fontFamily="Arial" fontSize="10.0"/>
                </Word>
                <Word id="w_w2aab1b1b2b3b3ac15" language="English" custom="readingOrder {index:1;}">
                    <Coords points="807,409 1021,409 1021,453 807,453"/>
                    <TextEquiv>
                        <Unicode>MOIS</Unicode>
                    </TextEquiv>
                    <TextStyle fontFamily="Arial" fontSize="10.0"/>
                </Word>
                <Word id="w_w2aab1b1b2b3b3ac25" language="English" custom="readingOrder {index:2;}">
                    <Coords points="1055,410 1148,410 1148,450 1055,450"/>
                    <TextEquiv>
                        <Unicode>-15</Unicode>
                    </TextEquiv>
                    <TextStyle fontFamily="Arial" fontSize="10.0"/>
                </Word>
                <Word id="w_w2aab1b1b2b3b3ac33" language="English" custom="readingOrder {index:3;}">
                    <Coords points="1206,421 1228,421 1228,446 1206,446"/>
                    <TextEquiv>
                        <Unicode>»</Unicode>
                    </TextEquiv>
                    <TextStyle fontFamily="Arial" fontSize="10.0"/>
                </Word>
                <TextEquiv>
                    <Unicode>QUATRE MOIS -15 »</Unicode>
                </TextEquiv>
                <TextStyle fontFamily="Arial" fontSize="10.0"/>
            </TextLine>
            <TextLine id="tl_4" primaryLanguage="English" custom="readingOrder {index:2;}">
                <Coords points="380,481 1228,481 1228,529 380,529"/>
                <Baseline points="380,529 518,528 1007,522 1145,523 1227,518"/>
                <Word id="w_w2aab1b1b2b3b5ab1" language="English" custom="readingOrder {index:0;}">
                    <Coords points="380,486 518,486 518,529 380,529"/>
                    <TextEquiv>
                        <Unicode>SIX</Unicode>
                    </TextEquiv>
                    <TextStyle fontFamily="Arial" fontSize="10.0"/>
                </Word>
                <Word id="w_w2aab1b1b2b3b5ab9" language="English" custom="readingOrder {index:1;}">
                    <Coords points="583,483 1007,483 1007,527 583,527"/>
                    <TextEquiv>
                        <Unicode>MOIS....</Unicode>
                    </TextEquiv>
                    <TextStyle fontFamily="Arial" fontSize="10.0"/>
                </Word>
                <Word id="w_w2aab1b1b2b3b5ac27" language="English" custom="readingOrder {index:2;}">
                    <Coords points="1046,481 1145,481 1145,523 1046,523"/>
                    <TextEquiv>
                        <Unicode>20</Unicode>
                    </TextEquiv>
                    <TextStyle fontFamily="Arial" fontSize="10.0"/>
                </Word>
                <Word id="w_w2aab1b1b2b3b5ac33" language="English" custom="readingOrder {index:3;}">
                    <Coords points="1204,494 1227,494 1227,518 1204,518"/>
                    <TextEquiv>
                        <Unicode>»</Unicode>
                    </TextEquiv>
                    <TextStyle fontFamily="Arial" fontSize="10.0"/>
                </Word>
                <TextEquiv>
                    <Unicode>SIX MOIS.... 20 »</Unicode>
                </TextEquiv>
                <TextStyle fontFamily="Arial" fontSize="10.0"/>
            </TextLine>
            <TextEquiv>
                <Unicode>TROIS MOIS.. •I2 »
QUATRE MOIS -15 »
SIX MOIS.... 20 »</Unicode>
            </TextEquiv>
        </TextRegion>
        <TextRegion type="paragraph" id="r_1_3" custom="readingOrder {index:2;}">
            <Coords points="422,563 1228,563 1228,617 422,617"/>
            <TextLine id="tl_5" primaryLanguage="English" custom="readingOrder {index:0;}">
                <Coords points="423,564 1227,564 1227,616 423,616"/>
                <Baseline points="423,605 590,606 894,602 1054,601 1184,600 1227,600"/>
                <Word id="w_w2aab1b1b2b5b1ab1" language="English" custom="readingOrder {index:0;}">
                    <Coords points="423,570 590,570 590,616 423,616"/>
                    <TextEquiv>
                        <Unicode>Chaque</Unicode>
                    </TextEquiv>
                    <TextStyle fontFamily="Times New Roman" fontSize="9.0"/>
                </Word>
                <Word id="w_w2aab1b1b2b5b1ac15" language="English" custom="readingOrder {index:1;}">
                    <Coords points="616,568 894,568 894,605 616,605"/>
                    <TextEquiv>
                        <Unicode>abonnement</Unicode>
                    </TextEquiv>
                    <TextStyle fontFamily="Times New Roman" fontSize="9.0"/>
                </Word>
                <Word id="w_w2aab1b1b2b5b1ac37" language="English" custom="readingOrder {index:2;}">
                    <Coords points="920,566 1054,566 1054,603 920,603"/>
                    <TextEquiv>
                        <Unicode>donne</Unicode>
                    </TextEquiv>
                    <TextStyle fontFamily="Times New Roman" fontSize="9.0"/>
                </Word>
                <Word id="w_w2aab1b1b2b5b1ac49" language="English" custom="readingOrder {index:3;}">
                    <Coords points="1076,564 1184,564 1184,601 1076,601"/>
                    <TextEquiv>
                        <Unicode>droit</Unicode>
                    </TextEquiv>
                    <TextStyle fontFamily="Times New Roman" fontSize="9.0"/>
                </Word>
                <Word id="w_w2aab1b1b2b5b1ac61" language="English" custom="readingOrder {index:4;}">
                    <Coords points="1219,574 1227,574 1227,600 1219,600"/>
                    <TextEquiv>
                        <Unicode>:</Unicode>
                    </TextEquiv>
                    <TextStyle fontFamily="Times New Roman" fontSize="9.0"/>
                </Word>
                <TextEquiv>
                    <Unicode>Chaque abonnement donne droit :</Unicode>
                </TextEquiv>
                <TextStyle fontFamily="Times New Roman" fontSize="9.0"/>
            </TextLine>
            <TextEquiv>
                <Unicode>Chaque abonnement donne droit :</Unicode>
            </TextEquiv>
        </TextRegion>
        <TextRegion type="paragraph" id="r_1_4" custom="readingOrder {index:3;}">
            <Coords points="373,628 1229,628 1229,769 373,769"/>
            <TextLine id="tl_6" primaryLanguage="English" custom="readingOrder {index:0;}">
                <Coords points="424,629 1228,629 1228,680 424,680"/>
                <Baseline points="424,670 464,656 526,671 777,669 925,669 1137,666 1228,665"/>
                <Word id="w_w2aab1b1b2b7b1ab1" language="English" custom="readingOrder {index:0;}">
                    <Coords points="424,634 464,634 464,670 424,670"/>
                    <TextEquiv>
                        <Unicode>1°</Unicode>
                    </TextEquiv>
                    <TextStyle fontFamily="Times New Roman" fontSize="9.0"/>
                </Word>
                <Word id="w_w2aab1b1b2b7b1ab7" language="English" custom="readingOrder {index:1;}">
                    <Coords points="493,636 526,636 526,671 493,671"/>
                    <TextEquiv>
                        <Unicode>A</Unicode>
                    </TextEquiv>
                    <TextStyle fontFamily="Times New Roman" fontSize="9.0"/>
                </Word>
                <Word id="w_w2aab1b1b2b7b1ac11" language="English" custom="readingOrder {index:2;}">
                    <Coords points="551,633 777,633 777,673 551,673"/>
                    <TextEquiv>
                        <Unicode>l’insertion</Unicode>
                    </TextEquiv>
                    <TextStyle fontFamily="Times New Roman" fontSize="9.0"/>
                </Word>
                <Word id="w_w2aab1b1b2b7b1ac35" language="English" custom="readingOrder {index:3;}">
                    <Coords points="802,632 925,632 925,669 802,669"/>
                    <TextEquiv>
                        <Unicode>d’une</Unicode>
                    </TextEquiv>
                    <TextStyle fontFamily="Times New Roman" fontSize="9.0"/>
                </Word>
                <Word id="w_w2aab1b1b2b7b1ac47" language="English" custom="readingOrder {index:4;}">
                    <Coords points="950,640 1137,640 1137,668 950,668"/>
                    <TextEquiv>
                        <Unicode>annonce</Unicode>
                    </TextEquiv>
                    <TextStyle fontFamily="Times New Roman" fontSize="9.0"/>
                </Word>
                <Word id="w_w2aab1b1b2b7b1ac63" language="English" custom="readingOrder {index:5;}">
                    <Coords points="1159,629 1228,629 1228,677 1159,677"/>
                    <TextEquiv>
                        <Unicode>qui</Unicode>
                    </TextEquiv>
                    <TextStyle fontFamily="Times New Roman" fontSize="9.0"/>
                </Word>
                <TextEquiv>
                    <Unicode>1° A l’insertion d’une annonce qui</Unicode>
                </TextEquiv>
                <TextStyle fontFamily="Times New Roman" fontSize="9.0"/>
            </TextLine>
            <TextLine id="tl_7" primaryLanguage="English" custom="readingOrder {index:1;}">
                <Coords points="378,678 1226,678 1226,729 378,729"/>
                <Baseline points="378,728 513,718 736,720 886,717 969,716 1134,715 1226,715"/>
                <Word id="w_w2aab1b1b2b7b3ab1" language="English" custom="readingOrder {index:0;}">
                    <Coords points="378,683 513,683 513,728 378,728"/>
                    <TextEquiv>
                        <Unicode>parait</Unicode>
                    </TextEquiv>
                    <TextStyle fontFamily="Times New Roman" fontSize="9.0"/>
                </Word>
                <Word id="w_w2aab1b1b2b7b3ac15" language="English" custom="readingOrder {index:1;}">
                    <Coords points="553,682 736,682 736,729 553,729"/>
                    <TextEquiv>
                        <Unicode>pendant</Unicode>
                    </TextEquiv>
                    <TextStyle fontFamily="Times New Roman" fontSize="9.0"/>
                </Word>
                <Word id="w_w2aab1b1b2b7b3ac31" language="English" custom="readingOrder {index:2;}">
                    <Coords points="777,681 886,681 886,717 777,717"/>
                    <TextEquiv>
                        <Unicode>toute</Unicode>
                    </TextEquiv>
                    <TextStyle fontFamily="Times New Roman" fontSize="9.0"/>
                </Word>
                <Word id="w_w2aab1b1b2b7b3ac43" language="English" custom="readingOrder {index:3;}">
                    <Coords points="928,681 969,681 969,716 928,716"/>
                    <TextEquiv>
                        <Unicode>la</Unicode>
                    </TextEquiv>
                    <TextStyle fontFamily="Times New Roman" fontSize="9.0"/>
                </Word>
                <Word id="w_w2aab1b1b2b7b3ac49" language="English" custom="readingOrder {index:4;}">
                    <Coords points="1009,678 1134,678 1134,715 1009,715"/>
                    <TextEquiv>
                        <Unicode>durée</Unicode>
                    </TextEquiv>
                    <TextStyle fontFamily="Times New Roman" fontSize="9.0"/>
                </Word>
                <Word id="w_w2aab1b1b2b7b3ac61" language="English" custom="readingOrder {index:5;}">
                    <Coords points="1177,678 1226,678 1226,715 1177,715"/>
                    <TextEquiv>
                        <Unicode>de</Unicode>
                    </TextEquiv>
                    <TextStyle fontFamily="Times New Roman" fontSize="9.0"/>
                </Word>
                <TextEquiv>
                    <Unicode>parait pendant toute la durée de</Unicode>
                </TextEquiv>
                <TextStyle fontFamily="Times New Roman" fontSize="9.0"/>
            </TextLine>
            <TextLine id="tl_8" primaryLanguage="English" custom="readingOrder {index:2;}">
                <Coords points="374,731 682,731 682,768 374,768"/>
                <Baseline points="374,767 682,766"/>
                <Word id="w_w2aab1b1b2b7b5ab1" language="English" custom="readingOrder {index:0;}">
                    <Coords points="374,731 682,731 682,768 374,768"/>
                    <TextEquiv>
                        <Unicode>l’abonnement</Unicode>
                    </TextEquiv>
                    <TextStyle fontFamily="Times New Roman" fontSize="9.0"/>
                </Word>
                <TextEquiv>
                    <Unicode>l’abonnement</Unicode>
                </TextEquiv>
                <TextStyle fontFamily="Times New Roman" fontSize="9.0"/>
            </TextLine>
            <TextEquiv>
                <Unicode>1° A l’insertion d’une annonce qui
parait pendant toute la durée de
l’abonnement</Unicode>
            </TextEquiv>
        </TextRegion>
        <TextRegion type="paragraph" id="r_1_5" custom="readingOrder {index:4;}">
            <Coords points="373,790 1226,790 1226,931 373,931"/>
            <TextLine id="tl_9" primaryLanguage="English" custom="readingOrder {index:0;}">
                <Coords points="425,791 1222,791 1222,841 425,841"/>
                <Baseline points="425,831 463,818 524,832 698,829 878,828 993,830 1076,828 1222,835"/>
                <Word id="w_w2aab1b1b2b9b1ab1" language="English" custom="readingOrder {index:0;}">
                    <Coords points="425,795 463,795 463,831 425,831"/>
                    <TextEquiv>
                        <Unicode>2°</Unicode>
                    </TextEquiv>
                    <TextStyle fontFamily="Times New Roman" fontSize="9.0"/>
                </Word>
                <Word id="w_w2aab1b1b2b9b1ab7" language="English" custom="readingOrder {index:1;}">
                    <Coords points="492,798 524,798 524,832 492,832"/>
                    <TextEquiv>
                        <Unicode>A</Unicode>
                    </TextEquiv>
                    <TextStyle fontFamily="Times New Roman" fontSize="9.0"/>
                </Word>
                <Word id="w_w2aab1b1b2b9b1ac11" language="English" custom="readingOrder {index:2;}">
                    <Coords points="546,794 698,794 698,831 546,831"/>
                    <TextEquiv>
                        <Unicode>l’envoi</Unicode>
                    </TextEquiv>
                    <TextStyle fontFamily="Times New Roman" fontSize="9.0"/>
                </Word>
                <Word id="w_w2aab1b1b2b9b1ac27" language="English" custom="readingOrder {index:3;}">
                    <Coords points="724,792 878,792 878,840 724,840"/>
                    <TextEquiv>
                        <Unicode>gratuit</Unicode>
                    </TextEquiv>
                    <TextStyle fontFamily="Times New Roman" fontSize="9.0"/>
                </Word>
                <Word id="w_w2aab1b1b2b9b1ac43" language="English" custom="readingOrder {index:4;}">
                    <Coords points="901,795 993,795 993,830 901,830"/>
                    <TextEquiv>
                        <Unicode>tous</Unicode>
                    </TextEquiv>
                    <TextStyle fontFamily="Times New Roman" fontSize="9.0"/>
                </Word>
                <Word id="w_w2aab1b1b2b9b1ac53" language="English" custom="readingOrder {index:5;}">
                    <Coords points="1017,792 1076,792 1076,829 1017,829"/>
                    <TextEquiv>
                        <Unicode>les</Unicode>
                    </TextEquiv>
                    <TextStyle fontFamily="Times New Roman" fontSize="9.0"/>
                </Word>
                <Word id="w_w2aab1b1b2b9b1ac61" language="English" custom="readingOrder {index:6;}">
                    <Coords points="1105,791 1222,791 1222,835 1105,835"/>
                    <TextEquiv>
                        <Unicode>mois,</Unicode>
                    </TextEquiv>
                    <TextStyle fontFamily="Times New Roman" fontSize="9.0"/>
                </Word>
                <TextEquiv>
                    <Unicode>2° A l’envoi gratuit tous les mois,</Unicode>
                </TextEquiv>
                <TextStyle fontFamily="Times New Roman" fontSize="9.0"/>
            </TextLine>
            <TextLine id="tl_10" primaryLanguage="English" custom="readingOrder {index:1;}">
                <Coords points="374,841 1225,841 1225,891 374,891"/>
                <Baseline points="374,880 427,881 629,890 775,881 1032,878 1133,877 1225,867"/>
                <Word id="w_w2aab1b1b2b9b3ab1" language="English" custom="readingOrder {index:0;}">
                    <Coords points="374,845 427,845 427,881 374,881"/>
                    <TextEquiv>
                        <Unicode>du</Unicode>
                    </TextEquiv>
                    <TextStyle fontFamily="Times New Roman" fontSize="9.0"/>
                </Word>
                <Word id="w_w2aab1b1b2b9b3ab7" language="English" custom="readingOrder {index:1;}">
                    <Coords points="454,845 629,845 629,891 454,891"/>
                    <TextEquiv>
                        <Unicode>journal,</Unicode>
                    </TextEquiv>
                    <TextStyle fontFamily="Times New Roman" fontSize="9.0"/>
                </Word>
                <Word id="w_w2aab1b1b2b9b3ac25" language="English" custom="readingOrder {index:2;}">
                    <Coords points="660,846 775,846 775,881 660,881"/>
                    <TextEquiv>
                        <Unicode>aussi</Unicode>
                    </TextEquiv>
                    <TextStyle fontFamily="Times New Roman" fontSize="9.0"/>
                </Word>
                <Word id="w_w2aab1b1b2b9b3ac37" language="English" custom="readingOrder {index:3;}">
                    <Coords points="800,843 1032,843 1032,889 800,889"/>
                    <TextEquiv>
                        <Unicode>longtemps</Unicode>
                    </TextEquiv>
                    <TextStyle fontFamily="Times New Roman" fontSize="9.0"/>
                </Word>
                <Word id="w_w2aab1b1b2b9b3ac57" language="English" custom="readingOrder {index:4;}">
                    <Coords points="1057,851 1133,851 1133,887 1057,887"/>
                    <TextEquiv>
                        <Unicode>que</Unicode>
                    </TextEquiv>
                    <TextStyle fontFamily="Times New Roman" fontSize="9.0"/>
                </Word>
                <Word id="w_w2aab1b1b2b9b3ac65" language="English" custom="readingOrder {index:5;}">
                    <Coords points="1156,841 1225,841 1225,876 1156,876"/>
                    <TextEquiv>
                        <Unicode>du¬</Unicode>
                    </TextEquiv>
                    <TextStyle fontFamily="Times New Roman" fontSize="9.0"/>
                </Word>
                <TextEquiv>
                    <Unicode>du journal, aussi longtemps que du¬</Unicode>
                </TextEquiv>
                <TextStyle fontFamily="Times New Roman" fontSize="9.0"/>
            </TextLine>
            <TextLine id="tl_11" primaryLanguage="English" custom="readingOrder {index:2;}">
                <Coords points="378,891 774,891 774,930 378,930"/>
                <Baseline points="378,928 423,930 774,928"/>
                <Word id="w_w2aab1b1b2b9b5ab1" language="English" custom="readingOrder {index:0;}">
                    <Coords points="378,903 423,903 423,930 378,930"/>
                    <TextEquiv>
                        <Unicode>re</Unicode>
                    </TextEquiv>
                    <TextStyle fontFamily="Times New Roman" fontSize="9.0"/>
                </Word>
                <Word id="w_w2aab1b1b2b9b5ab7" language="English" custom="readingOrder {index:1;}">
                    <Coords points="458,892 774,892 774,930 458,930"/>
                    <TextEquiv>
                        <Unicode>l’abonnement.</Unicode>
                    </TextEquiv>
                    <TextStyle fontFamily="Times New Roman" fontSize="9.0"/>
                </Word>
                <TextEquiv>
                    <Unicode>re l’abonnement.</Unicode>
                </TextEquiv>
                <TextStyle fontFamily="Times New Roman" fontSize="9.0"/>
            </TextLine>
            <TextEquiv>
                <Unicode>2° A l’envoi gratuit tous les mois,
du journal, aussi longtemps que du¬
re l’abonnement.</Unicode>
            </TextEquiv>
        </TextRegion>
        <TextRegion type="paragraph" id="r_1_6" custom="readingOrder {index:5;}">
            <Coords points="371,954 1223,954 1223,1092 371,1092"/>
            <TextLine id="tl_12" primaryLanguage="English" custom="readingOrder {index:0;}">
                <Coords points="397,955 1222,955 1222,1005 397,1005"/>
                <Baseline points="398,994 460,982 530,994 604,994 966,993 1103,991 1222,990"/>
                <Word id="w_w2aab1b1b2c11b1ab1" language="English" custom="readingOrder {index:0;}">
                    <Coords points="398,958 460,958 460,994 398,994"/>
                    <TextEquiv>
                        <Unicode>.3°</Unicode>
                    </TextEquiv>
                    <TextStyle fontFamily="Times New Roman" fontSize="9.0"/>
                </Word>
                <Word id="w_w2aab1b1b2c11b1ab9" language="English" custom="readingOrder {index:1;}">
                    <Coords points="496,960 530,960 530,994 496,994"/>
                    <TextEquiv>
                        <Unicode>A</Unicode>
                    </TextEquiv>
                    <TextStyle fontFamily="Times New Roman" fontSize="9.0"/>
                </Word>
                <Word id="w_w2aab1b1b2c11b1ac13" language="English" custom="readingOrder {index:2;}">
                    <Coords points="565,958 604,958 604,995 565,995"/>
                    <TextEquiv>
                        <Unicode>la</Unicode>
                    </TextEquiv>
                    <TextStyle fontFamily="Times New Roman" fontSize="9.0"/>
                </Word>
                <Word id="w_w2aab1b1b2c11b1ac19" language="English" custom="readingOrder {index:3;}">
                    <Coords points="632,956 966,956 966,1004 632,1004"/>
                    <TextEquiv>
                        <Unicode>corespondance</Unicode>
                    </TextEquiv>
                    <TextStyle fontFamily="Times New Roman" fontSize="9.0"/>
                </Word>
                <Word id="w_w2aab1b1b2c11b1ac47" language="English" custom="readingOrder {index:4;}">
                    <Coords points="1003,965 1103,965 1103,992 1003,992"/>
                    <TextEquiv>
                        <Unicode>avec</Unicode>
                    </TextEquiv>
                    <TextStyle fontFamily="Times New Roman" fontSize="9.0"/>
                </Word>
                <Word id="w_w2aab1b1b2c11b1ac57" language="English" custom="readingOrder {index:5;}">
                    <Coords points="1129,955 1222,955 1222,991 1129,991"/>
                    <TextEquiv>
                        <Unicode>tous</Unicode>
                    </TextEquiv>
                    <TextStyle fontFamily="Times New Roman" fontSize="9.0"/>
                </Word>
                <TextEquiv>
                    <Unicode>.3° A la corespondance avec tous</Unicode>
                </TextEquiv>
                <TextStyle fontFamily="Times New Roman" fontSize="9.0"/>
            </TextLine>
            <TextLine id="tl_13" primaryLanguage="English" custom="readingOrder {index:1;}">
                <Coords points="374,1002 1222,1002 1222,1053 374,1053"/>
                <Baseline points="374,1040 431,1045 641,1042 845,1042 909,1041 1059,1040 1129,1044 1222,1029"/>
                <Word id="w_w2aab1b1b2c11b3ab1" language="English" custom="readingOrder {index:0;}">
                    <Coords points="374,1005 431,1005 431,1045 374,1045"/>
                    <TextEquiv>
                        <Unicode>les</Unicode>
                    </TextEquiv>
                    <TextStyle fontFamily="Times New Roman" fontSize="9.0"/>
                </Word>
                <Word id="w_w2aab1b1b2c11b3ab9" language="English" custom="readingOrder {index:1;}">
                    <Coords points="457,1005 641,1005 641,1043 457,1043"/>
                    <TextEquiv>
                        <Unicode>abonnés</Unicode>
                    </TextEquiv>
                    <TextStyle fontFamily="Times New Roman" fontSize="9.0"/>
                </Word>
                <Word id="w_w2aab1b1b2c11b3ac25" language="English" custom="readingOrder {index:2;}">
                    <Coords points="664,1006 845,1006 845,1052 664,1052"/>
                    <TextEquiv>
                        <Unicode>pendant</Unicode>
                    </TextEquiv>
                    <TextStyle fontFamily="Times New Roman" fontSize="9.0"/>
                </Word>
                <Word id="w_w2aab1b1b2c11b3ac41" language="English" custom="readingOrder {index:3;}">
                    <Coords points="870,1005 909,1005 909,1041 870,1041"/>
                    <TextEquiv>
                        <Unicode>la</Unicode>
                    </TextEquiv>
                    <TextStyle fontFamily="Times New Roman" fontSize="9.0"/>
                </Word>
                <Word id="w_w2aab1b1b2c11b3ac47" language="English" custom="readingOrder {index:4;}">
                    <Coords points="933,1004 1059,1004 1059,1040 933,1040"/>
                    <TextEquiv>
                        <Unicode>durée</Unicode>
                    </TextEquiv>
                    <TextStyle fontFamily="Times New Roman" fontSize="9.0"/>
                </Word>
                <Word id="w_w2aab1b1b2c11b3ac59" language="English" custom="readingOrder {index:5;}">
                    <Coords points="1082,1003 1129,1003 1129,1044 1082,1044"/>
                    <TextEquiv>
                        <Unicode>de</Unicode>
                    </TextEquiv>
                    <TextStyle fontFamily="Times New Roman" fontSize="9.0"/>
                </Word>
                <Word id="w_w2aab1b1b2c11b3ac65" language="English" custom="readingOrder {index:6;}">
                    <Coords points="1155,1004 1222,1004 1222,1040 1155,1040"/>
                    <TextEquiv>
                        <Unicode>l’a¬</Unicode>
                    </TextEquiv>
                    <TextStyle fontFamily="Times New Roman" fontSize="9.0"/>
                </Word>
                <TextEquiv>
                    <Unicode>les abonnés pendant la durée de l’a¬</Unicode>
                </TextEquiv>
                <TextStyle fontFamily="Times New Roman" fontSize="9.0"/>
            </TextLine>
            <TextLine id="tl_14" primaryLanguage="English" custom="readingOrder {index:2;}">
                <Coords points="372,1053 631,1053 631,1091 372,1091"/>
                <Baseline points="372,1089 631,1087"/>
                <Word id="w_w2aab1b1b2c11b5ab1" language="English" custom="readingOrder {index:0;}">
                    <Coords points="372,1054 631,1054 631,1091 372,1091"/>
                    <TextEquiv>
                        <Unicode>bonnement.</Unicode>
                    </TextEquiv>
                    <TextStyle fontFamily="Times New Roman" fontSize="9.0"/>
                </Word>
                <TextEquiv>
                    <Unicode>bonnement.</Unicode>
                </TextEquiv>
                <TextStyle fontFamily="Times New Roman" fontSize="9.0"/>
            </TextLine>
            <TextEquiv>
                <Unicode>.3° A la corespondance avec tous
les abonnés pendant la durée de l’a¬
bonnement.</Unicode>
            </TextEquiv>
        </TextRegion>
        <TextRegion type="paragraph" id="r_1_7" custom="readingOrder {index:6;}">
            <Coords points="329,1108 1223,1108 1223,1344 329,1344"/>
            <TextLine id="tl_15" primaryLanguage="English" custom="readingOrder {index:0;}">
                <Coords points="418,1109 1221,1109 1221,1158 418,1158"/>
                <Baseline points="418,1148 449,1148 593,1147 722,1146 972,1145 1221,1143"/>
                <Word id="w_w2aab1b1b2c13b1ab1" language="English" custom="readingOrder {index:0;}">
                    <Coords points="418,1113 449,1113 449,1148 418,1148"/>
                    <TextEquiv>
                        <Unicode>Il</Unicode>
                    </TextEquiv>
                    <TextStyle fontFamily="Times New Roman" fontSize="9.0" bold="true"/>
                </Word>
                <Word id="w_w2aab1b1b2c13b1ab7" language="English" custom="readingOrder {index:1;}">
                    <Coords points="479,1112 593,1112 593,1148 479,1148"/>
                    <TextEquiv>
                        <Unicode>suffit</Unicode>
                    </TextEquiv>
                    <TextStyle fontFamily="Times New Roman" fontSize="9.0" bold="true"/>
                </Word>
                <Word id="w_w2aab1b1b2c13b1ac21" language="English" custom="readingOrder {index:2;}">
                    <Coords points="619,1121 722,1121 722,1157 619,1157"/>
                    <TextEquiv>
                        <Unicode>pour</Unicode>
                    </TextEquiv>
                    <TextStyle fontFamily="Times New Roman" fontSize="9.0" bold="true"/>
                </Word>
                <Word id="w_w2aab1b1b2c13b1ac31" language="English" custom="readingOrder {index:3;}">
                    <Coords points="754,1110 972,1110 972,1147 754,1147"/>
                    <TextEquiv>
                        <Unicode>s’abonner</Unicode>
                    </TextEquiv>
                    <TextStyle fontFamily="Times New Roman" fontSize="9.0" bold="true"/>
                </Word>
                <Word id="w_w2aab1b1b2c13b1ac51" language="English" custom="readingOrder {index:4;}">
                    <Coords points="1002,1109 1221,1109 1221,1155 1002,1155"/>
                    <TextEquiv>
                        <Unicode>d’envoyer</Unicode>
                    </TextEquiv>
                    <TextStyle fontFamily="Times New Roman" fontSize="9.0" bold="true"/>
                </Word>
                <TextEquiv>
                    <Unicode>Il suffit pour s’abonner d’envoyer</Unicode>
                </TextEquiv>
                <TextStyle fontFamily="Times New Roman" fontSize="9.0" bold="true"/>
            </TextLine>
            <TextLine id="tl_16" primaryLanguage="English" custom="readingOrder {index:1;}">
                <Coords points="330,1158 1221,1158 1221,1208 330,1208"/>
                <Baseline points="330,1202 345,1202 425,1195 624,1204 706,1194 842,1194 934,1194 1121,1193 1221,1193"/>
                <Word id="w_w2aab1b1b2c13b3ab1" language="English" custom="readingOrder {index:0;}">
                    <Coords points="330,1188 345,1188 345,1202 330,1202"/>
                    <TextEquiv>
                        <Unicode>.</Unicode>
                    </TextEquiv>
                    <TextStyle fontFamily="Times New Roman" fontSize="9.0" bold="true"/>
                </Word>
                <Word id="w_w2aab1b1b2c13b3ab5" language="English" custom="readingOrder {index:1;}">
                    <Coords points="369,1171 425,1171 425,1196 369,1196"/>
                    <TextEquiv>
                        <Unicode>au</Unicode>
                    </TextEquiv>
                    <TextStyle fontFamily="Times New Roman" fontSize="9.0" bold="true"/>
                </Word>
                <Word id="w_w2aab1b1b2c13b3ac11" language="English" custom="readingOrder {index:2;}">
                    <Coords points="449,1161 624,1161 624,1207 449,1207"/>
                    <TextEquiv>
                        <Unicode>journal,</Unicode>
                    </TextEquiv>
                    <TextStyle fontFamily="Times New Roman" fontSize="9.0" bold="true"/>
                </Word>
                <Word id="w_w2aab1b1b2c13b3ac29" language="English" custom="readingOrder {index:3;}">
                    <Coords points="653,1170 706,1170 706,1197 653,1197"/>
                    <TextEquiv>
                        <Unicode>en</Unicode>
                    </TextEquiv>
                    <TextStyle fontFamily="Times New Roman" fontSize="9.0" bold="true"/>
                </Word>
                <Word id="w_w2aab1b1b2c13b3ac35" language="English" custom="readingOrder {index:4;}">
                    <Coords points="731,1159 842,1159 842,1196 731,1196"/>
                    <TextEquiv>
                        <Unicode>BON</Unicode>
                    </TextEquiv>
                    <TextStyle fontFamily="Times New Roman" fontSize="9.0" bold="true"/>
                </Word>
                <Word id="w_w2aab1b1b2c13b3ac43" language="English" custom="readingOrder {index:5;}">
                    <Coords points="865,1159 934,1159 934,1194 865,1194"/>
                    <TextEquiv>
                        <Unicode>DE</Unicode>
                    </TextEquiv>
                    <TextStyle fontFamily="Times New Roman" fontSize="9.0" bold="true"/>
                </Word>
                <Word id="w_w2aab1b1b2c13b3ac49" language="English" custom="readingOrder {index:6;}">
                    <Coords points="955,1158 1121,1158 1121,1194 955,1194"/>
                    <TextEquiv>
                        <Unicode>POSTE</Unicode>
                    </TextEquiv>
                    <TextStyle fontFamily="Times New Roman" fontSize="9.0" bold="true"/>
                </Word>
                <Word id="w_w2aab1b1b2c13b3ac61" language="English" custom="readingOrder {index:7;}">
                    <Coords points="1149,1158 1221,1158 1221,1194 1149,1194"/>
                    <TextEquiv>
                        <Unicode>OU</Unicode>
                    </TextEquiv>
                    <TextStyle fontFamily="Times New Roman" fontSize="9.0" bold="true"/>
                </Word>
                <TextEquiv>
                    <Unicode>. au journal, en BON DE POSTE OU</Unicode>
                </TextEquiv>
                <TextStyle fontFamily="Times New Roman" fontSize="9.0" bold="true"/>
            </TextLine>
            <TextLine id="tl_17" primaryLanguage="English" custom="readingOrder {index:2;}">
                <Coords points="370,1205 1222,1205 1222,1253 370,1253"/>
                <Baseline points="370,1244 791,1252 857,1243 1042,1241 1222,1231"/>
                <Word id="w_w2aab1b1b2c13b5ab1" language="English" custom="readingOrder {index:0;}">
                    <Coords points="370,1208 791,1208 791,1252 370,1252"/>
                    <TextEquiv>
                        <Unicode>MANDAT-POSTE,</Unicode>
                    </TextEquiv>
                    <TextStyle fontFamily="Times New Roman" fontSize="9.0" bold="true"/>
                </Word>
                <Word id="w_w2aab1b1b2c13b5ac29" language="English" custom="readingOrder {index:1;}">
                    <Coords points="818,1211 857,1211 857,1245 818,1245"/>
                    <TextEquiv>
                        <Unicode>la</Unicode>
                    </TextEquiv>
                    <TextStyle fontFamily="Times New Roman" fontSize="9.0" bold="true"/>
                </Word>
                <Word id="w_w2aab1b1b2c13b5ac35" language="English" custom="readingOrder {index:2;}">
                    <Coords points="883,1215 1042,1215 1042,1242 883,1242"/>
                    <TextEquiv>
                        <Unicode>somme</Unicode>
                    </TextEquiv>
                    <TextStyle fontFamily="Times New Roman" fontSize="9.0" bold="true"/>
                </Word>
                <Word id="w_w2aab1b1b2c13b5ac47" language="English" custom="readingOrder {index:3;}">
                    <Coords points="1066,1215 1222,1215 1222,1242 1066,1242"/>
                    <TextEquiv>
                        <Unicode>corres¬</Unicode>
                    </TextEquiv>
                    <TextStyle fontFamily="Times New Roman" fontSize="9.0" bold="true"/>
                </Word>
                <TextEquiv>
                    <Unicode>MANDAT-POSTE, la somme corres¬</Unicode>
                </TextEquiv>
                <TextStyle fontFamily="Times New Roman" fontSize="9.0" bold="true"/>
            </TextLine>
            <TextLine id="tl_18" primaryLanguage="English" custom="readingOrder {index:3;}">
                <Coords points="370,1253 1221,1253 1221,1302 370,1302"/>
                <Baseline points="370,1302 576,1292 629,1291 968,1290 1138,1299 1221,1288"/>
                <Word id="w_w2aab1b1b2c13b7ab1" language="English" custom="readingOrder {index:0;}">
                    <Coords points="370,1256 576,1256 576,1302 370,1302"/>
                    <TextEquiv>
                        <Unicode>pondante</Unicode>
                    </TextEquiv>
                    <TextStyle fontFamily="Times New Roman" fontSize="9.0" bold="true"/>
                </Word>
                <Word id="w_w2aab1b1b2c13b7ac19" language="English" custom="readingOrder {index:1;}">
                    <Coords points="605,1255 629,1255 629,1291 605,1291"/>
                    <TextEquiv>
                        <Unicode>à</Unicode>
                    </TextEquiv>
                    <TextStyle fontFamily="Times New Roman" fontSize="9.0" bold="true"/>
                </Word>
                <Word id="w_w2aab1b1b2c13b7ac23" language="English" custom="readingOrder {index:2;}">
                    <Coords points="659,1256 968,1256 968,1291 659,1291"/>
                    <TextEquiv>
                        <Unicode>l’abonnement</Unicode>
                    </TextEquiv>
                    <TextStyle fontFamily="Times New Roman" fontSize="9.0" bold="true"/>
                </Word>
                <Word id="w_w2aab1b1b2c13b7ac49" language="English" custom="readingOrder {index:3;}">
                    <Coords points="997,1253 1138,1253 1138,1299 997,1299"/>
                    <TextEquiv>
                        <Unicode>choisi,</Unicode>
                    </TextEquiv>
                    <TextStyle fontFamily="Times New Roman" fontSize="9.0" bold="true"/>
                </Word>
                <Word id="w_w2aab1b1b2c13b7ac65" language="English" custom="readingOrder {index:4;}">
                    <Coords points="1170,1263 1221,1263 1221,1289 1170,1289"/>
                    <TextEquiv>
                        <Unicode>en</Unicode>
                    </TextEquiv>
                    <TextStyle fontFamily="Times New Roman" fontSize="9.0" bold="true"/>
                </Word>
                <TextEquiv>
                    <Unicode>pondante à l’abonnement choisi, en</Unicode>
                </TextEquiv>
                <TextStyle fontFamily="Times New Roman" fontSize="9.0" bold="true"/>
            </TextLine>
            <TextLine id="tl_19" primaryLanguage="English" custom="readingOrder {index:4;}">
                <Coords points="370,1301 999,1301 999,1343 370,1343"/>
                <Baseline points="370,1338 553,1340 673,1340 952,1337 999,1341"/>
                <Word id="w_w2aab1b1b2c13b9ab1" language="English" custom="readingOrder {index:0;}">
                    <Coords points="370,1304 553,1304 553,1341 370,1341"/>
                    <TextEquiv>
                        <Unicode>donnant</Unicode>
                    </TextEquiv>
                    <TextStyle fontFamily="Times New Roman" fontSize="9.0" bold="true"/>
                </Word>
                <Word id="w_w2aab1b1b2c13b9ac17" language="English" custom="readingOrder {index:1;}">
                    <Coords points="589,1304 673,1304 673,1340 589,1340"/>
                    <TextEquiv>
                        <Unicode>très</Unicode>
                    </TextEquiv>
                    <TextStyle fontFamily="Times New Roman" fontSize="9.0" bold="true"/>
                </Word>
                <Word id="w_w2aab1b1b2c13b9ac27" language="English" custom="readingOrder {index:2;}">
                    <Coords points="703,1302 952,1302 952,1339 703,1339"/>
                    <TextEquiv>
                        <Unicode>lisiblement</Unicode>
                    </TextEquiv>
                    <TextStyle fontFamily="Times New Roman" fontSize="9.0" bold="true"/>
                </Word>
                <Word id="w_w2aab1b1b2c13b9ac51" language="English" custom="readingOrder {index:3;}">
                    <Coords points="991,1316 999,1316 999,1341 991,1341"/>
                    <TextEquiv>
                        <Unicode>:</Unicode>
                    </TextEquiv>
                    <TextStyle fontFamily="Times New Roman" fontSize="9.0" bold="true"/>
                </Word>
                <TextEquiv>
                    <Unicode>donnant très lisiblement :</Unicode>
                </TextEquiv>
                <TextStyle fontFamily="Times New Roman" fontSize="9.0" bold="true"/>
            </TextLine>
            <TextEquiv>
                <Unicode>Il suffit pour s’abonner d’envoyer
. au journal, en BON DE POSTE OU
MANDAT-POSTE, la somme corres¬
pondante à l’abonnement choisi, en
donnant très lisiblement :</Unicode>
            </TextEquiv>
        </TextRegion>
        <TextRegion type="paragraph" id="r_1_8" custom="readingOrder {index:7;}">
            <Coords points="415,1350 716,1350 716,1394 415,1394"/>
            <TextLine id="tl_20" primaryLanguage="English" custom="readingOrder {index:0;}">
                <Coords points="416,1351 715,1351 715,1393 416,1393"/>
                <Baseline points="416,1388 452,1393 573,1388 715,1387"/>
                <Word id="w_w2aab1b1b2c15b1ab1" language="English" custom="readingOrder {index:0;}">
                    <Coords points="416,1352 452,1352 452,1393 416,1393"/>
                    <TextEquiv>
                        <Unicode>a)</Unicode>
                    </TextEquiv>
                    <TextStyle fontFamily="Times New Roman" fontSize="9.0"/>
                </Word>
                <Word id="w_w2aab1b1b2c15b1ab7" language="English" custom="readingOrder {index:1;}">
                    <Coords points="492,1352 573,1352 573,1388 492,1388"/>
                    <TextEquiv>
                        <Unicode>Son</Unicode>
                    </TextEquiv>
                    <TextStyle fontFamily="Times New Roman" fontSize="9.0"/>
                </Word>
                <Word id="w_w2aab1b1b2c15b1ac15" language="English" custom="readingOrder {index:2;}">
                    <Coords points="606,1359 715,1359 715,1388 606,1388"/>
                    <TextEquiv>
                        <Unicode>nom.</Unicode>
                    </TextEquiv>
                    <TextStyle fontFamily="Times New Roman" fontSize="9.0"/>
                </Word>
                <TextEquiv>
                    <Unicode>a) Son nom.</Unicode>
                </TextEquiv>
                <TextStyle fontFamily="Times New Roman" fontSize="9.0"/>
            </TextLine>
            <TextEquiv>
                <Unicode>a) Son nom.</Unicode>
            </TextEquiv>
        </TextRegion>
        <TextRegion type="paragraph" id="r_1_9" custom="readingOrder {index:8;}">
            <Coords points="365,1395 1221,1395 1221,1591 365,1591"/>
            <TextLine id="tl_21" primaryLanguage="English" custom="readingOrder {index:0;}">
                <Coords points="368,1396 1220,1396 1220,1447 368,1447"/>
                <Baseline points="368,1435 406,1445 528,1435 749,1446 955,1436 1110,1434 1220,1424"/>
                <Word id="w_w2aab1b1b2c17b1ab1" language="English" custom="readingOrder {index:0;}">
                    <Coords points="368,1400 406,1400 406,1445 368,1445"/>
                    <TextEquiv>
                        <Unicode>b)</Unicode>
                    </TextEquiv>
                    <TextStyle fontFamily="Times New Roman" fontSize="9.0"/>
                </Word>
                <Word id="w_w2aab1b1b2c17b1ab7" language="English" custom="readingOrder {index:1;}">
                    <Coords points="447,1400 528,1400 528,1437 447,1437"/>
                    <TextEquiv>
                        <Unicode>Son</Unicode>
                    </TextEquiv>
                    <TextStyle fontFamily="Times New Roman" fontSize="9.0"/>
                </Word>
                <Word id="w_w2aab1b1b2c17b1ac15" language="English" custom="readingOrder {index:2;}">
                    <Coords points="565,1398 749,1398 749,1446 565,1446"/>
                    <TextEquiv>
                        <Unicode>adresse,</Unicode>
                    </TextEquiv>
                    <TextStyle fontFamily="Times New Roman" fontSize="9.0"/>
                </Word>
                <Word id="w_w2aab1b1b2c17b1ac33" language="English" custom="readingOrder {index:3;}">
                    <Coords points="781,1399 955,1399 955,1444 781,1444"/>
                    <TextEquiv>
                        <Unicode>laquelle</Unicode>
                    </TextEquiv>
                    <TextStyle fontFamily="Times New Roman" fontSize="9.0"/>
                </Word>
                <Word id="w_w2aab1b1b2c17b1ac51" language="English" custom="readingOrder {index:4;}">
                    <Coords points="993,1396 1110,1396 1110,1434 993,1434"/>
                    <TextEquiv>
                        <Unicode>notée</Unicode>
                    </TextEquiv>
                    <TextStyle fontFamily="Times New Roman" fontSize="9.0"/>
                </Word>
                <Word id="w_w2aab1b1b2c17b1ac63" language="English" custom="readingOrder {index:5;}">
                    <Coords points="1141,1397 1220,1397 1220,1434 1141,1434"/>
                    <TextEquiv>
                        <Unicode>dis¬</Unicode>
                    </TextEquiv>
                    <TextStyle fontFamily="Times New Roman" fontSize="9.0"/>
                </Word>
                <TextEquiv>
                    <Unicode>b) Son adresse, laquelle notée dis¬</Unicode>
                </TextEquiv>
                <TextStyle fontFamily="Times New Roman" fontSize="9.0"/>
            </TextLine>
            <TextLine id="tl_22" primaryLanguage="English" custom="readingOrder {index:1;}">
                <Coords points="368,1445 1219,1445 1219,1493 368,1493"/>
                <Baseline points="368,1482 593,1483 683,1483 940,1483 1219,1471"/>
                <Word id="w_w2aab1b1b2c17b3ab1" language="English" custom="readingOrder {index:0;}">
                    <Coords points="368,1448 593,1448 593,1485 368,1485"/>
                    <TextEquiv>
                        <Unicode>crètement</Unicode>
                    </TextEquiv>
                    <TextStyle fontFamily="Times New Roman" fontSize="9.0"/>
                </Word>
                <Word id="w_w2aab1b1b2c17b3ac21" language="English" custom="readingOrder {index:1;}">
                    <Coords points="621,1448 683,1448 683,1484 621,1484"/>
                    <TextEquiv>
                        <Unicode>est</Unicode>
                    </TextEquiv>
                    <TextStyle fontFamily="Times New Roman" fontSize="9.0"/>
                </Word>
                <Word id="w_w2aab1b1b2c17b3ac29" language="English" custom="readingOrder {index:2;}">
                    <Coords points="710,1447 940,1447 940,1491 710,1491"/>
                    <TextEquiv>
                        <Unicode>remplacée</Unicode>
                    </TextEquiv>
                    <TextStyle fontFamily="Times New Roman" fontSize="9.0"/>
                </Word>
                <Word id="w_w2aab1b1b2c17b3ac49" language="English" custom="readingOrder {index:3;}">
                    <Coords points="965,1446 1219,1446 1219,1483 965,1483"/>
                    <TextEquiv>
                        <Unicode>immédiate¬</Unicode>
                    </TextEquiv>
                    <TextStyle fontFamily="Times New Roman" fontSize="9.0"/>
                </Word>
                <TextEquiv>
                    <Unicode>crètement est remplacée immédiate¬</Unicode>
                </TextEquiv>
                <TextStyle fontFamily="Times New Roman" fontSize="9.0"/>
            </TextLine>
            <TextLine id="tl_23" primaryLanguage="English" custom="readingOrder {index:2;}">
                <Coords points="368,1493 1217,1493 1217,1542 368,1542"/>
                <Baseline points="368,1530 480,1531 590,1530 676,1530 879,1531 1075,1531 1217,1519"/>
                <Word id="w_w2aab1b1b2c17b5ab1" language="English" custom="readingOrder {index:0;}">
                    <Coords points="368,1496 480,1496 480,1532 368,1532"/>
                    <TextEquiv>
                        <Unicode>ment</Unicode>
                    </TextEquiv>
                    <TextStyle fontFamily="Times New Roman" fontSize="9.0"/>
                </Word>
                <Word id="w_w2aab1b1b2c17b5ac11" language="English" custom="readingOrder {index:1;}">
                    <Coords points="511,1505 590,1505 590,1542 511,1542"/>
                    <TextEquiv>
                        <Unicode>par</Unicode>
                    </TextEquiv>
                    <TextStyle fontFamily="Times New Roman" fontSize="9.0"/>
                </Word>
                <Word id="w_w2aab1b1b2c17b5ac19" language="English" custom="readingOrder {index:2;}">
                    <Coords points="620,1505 676,1505 676,1530 620,1530"/>
                    <TextEquiv>
                        <Unicode>un</Unicode>
                    </TextEquiv>
                    <TextStyle fontFamily="Times New Roman" fontSize="9.0"/>
                </Word>
                <Word id="w_w2aab1b1b2c17b5ac25" language="English" custom="readingOrder {index:3;}">
                    <Coords points="706,1496 879,1496 879,1531 706,1531"/>
                    <TextEquiv>
                        <Unicode>numéro</Unicode>
                    </TextEquiv>
                    <TextStyle fontFamily="Times New Roman" fontSize="9.0"/>
                </Word>
                <Word id="w_w2aab1b1b2c17b5ac39" language="English" custom="readingOrder {index:4;}">
                    <Coords points="916,1494 1075,1494 1075,1531 916,1531"/>
                    <TextEquiv>
                        <Unicode>d’ordre</Unicode>
                    </TextEquiv>
                    <TextStyle fontFamily="Times New Roman" fontSize="9.0"/>
                </Word>
                <Word id="w_w2aab1b1b2c17b5ac55" language="English" custom="readingOrder {index:5;}">
                    <Coords points="1112,1503 1217,1503 1217,1530 1112,1530"/>
                    <TextEquiv>
                        <Unicode>com¬</Unicode>
                    </TextEquiv>
                    <TextStyle fontFamily="Times New Roman" fontSize="9.0"/>
                </Word>
                <TextEquiv>
                    <Unicode>ment par un numéro d’ordre com¬</Unicode>
                </TextEquiv>
                <TextStyle fontFamily="Times New Roman" fontSize="9.0"/>
            </TextLine>
            <TextLine id="tl_24" primaryLanguage="English" custom="readingOrder {index:3;}">
                <Coords points="366,1540 1047,1540 1047,1590 366,1590"/>
                <Baseline points="366,1578 561,1580 767,1580 821,1579 1047,1578"/>
                <Word id="w_w2aab1b1b2c17b7ab1" language="English" custom="readingOrder {index:0;}">
                    <Coords points="366,1543 561,1543 561,1590 366,1590"/>
                    <TextEquiv>
                        <Unicode>muniqué</Unicode>
                    </TextEquiv>
                    <TextStyle fontFamily="Times New Roman" fontSize="9.0"/>
                </Word>
                <Word id="w_w2aab1b1b2c17b7ac17" language="English" custom="readingOrder {index:1;}">
                    <Coords points="591,1543 767,1543 767,1580 591,1580"/>
                    <TextEquiv>
                        <Unicode>aussitôt</Unicode>
                    </TextEquiv>
                    <TextStyle fontFamily="Times New Roman" fontSize="9.0"/>
                </Word>
                <Word id="w_w2aab1b1b2c17b7ac35" language="English" custom="readingOrder {index:2;}">
                    <Coords points="793,1544 821,1544 821,1579 793,1579"/>
                    <TextEquiv>
                        <Unicode>à</Unicode>
                    </TextEquiv>
                    <TextStyle fontFamily="Times New Roman" fontSize="9.0"/>
                </Word>
                <Word id="w_w2aab1b1b2c17b7ac39" language="English" custom="readingOrder {index:3;}">
                    <Coords points="848,1541 1047,1541 1047,1579 848,1579"/>
                    <TextEquiv>
                        <Unicode>l’abonné.</Unicode>
                    </TextEquiv>
                    <TextStyle fontFamily="Times New Roman" fontSize="9.0"/>
                </Word>
                <TextEquiv>
                    <Unicode>muniqué aussitôt à l’abonné.</Unicode>
                </TextEquiv>
                <TextStyle fontFamily="Times New Roman" fontSize="9.0"/>
            </TextLine>
            <TextEquiv>
                <Unicode>b) Son adresse, laquelle notée dis¬
crètement est remplacée immédiate¬
ment par un numéro d’ordre com¬
muniqué aussitôt à l’abonné.</Unicode>
            </TextEquiv>
        </TextRegion>
        <TextRegion type="paragraph" id="r_1_10" custom="readingOrder {index:9;}">
            <Coords points="357,1588 1218,1588 1218,2453 357,2453"/>
            <TextLine id="tl_25" primaryLanguage="English" custom="readingOrder {index:0;}">
                <Coords points="414,1589 1217,1589 1217,1635 414,1635"/>
                <Baseline points="414,1628 447,1635 538,1628 713,1628 805,1628 1056,1629 1123,1627 1216,1616"/>
                <Word id="w_w2aab1b1b2c19b1ab1" language="English" custom="readingOrder {index:0;}">
                    <Coords points="414,1592 447,1592 447,1635 414,1635"/>
                    <TextEquiv>
                        <Unicode>c)</Unicode>
                    </TextEquiv>
                    <TextStyle fontFamily="Times New Roman" fontSize="9.0"/>
                </Word>
                <Word id="w_w2aab1b1b2c19b1ab7" language="English" custom="readingOrder {index:1;}">
                    <Coords points="486,1593 538,1593 538,1628 486,1628"/>
                    <TextEquiv>
                        <Unicode>Le</Unicode>
                    </TextEquiv>
                    <TextStyle fontFamily="Times New Roman" fontSize="9.0"/>
                </Word>
                <Word id="w_w2aab1b1b2c19b1ac13" language="English" custom="readingOrder {index:2;}">
                    <Coords points="583,1591 713,1591 713,1628 583,1628"/>
                    <TextEquiv>
                        <Unicode>libellé</Unicode>
                    </TextEquiv>
                    <TextStyle fontFamily="Times New Roman" fontSize="9.0"/>
                </Word>
                <Word id="w_w2aab1b1b2c19b1ac29" language="English" custom="readingOrder {index:3;}">
                    <Coords points="759,1591 805,1591 805,1628 759,1628"/>
                    <TextEquiv>
                        <Unicode>de</Unicode>
                    </TextEquiv>
                    <TextStyle fontFamily="Times New Roman" fontSize="9.0"/>
                </Word>
                <Word id="w_w2aab1b1b2c19b1ac35" language="English" custom="readingOrder {index:4;}">
                    <Coords points="843,1591 1056,1591 1056,1629 843,1629"/>
                    <TextEquiv>
                        <Unicode>l’annonce</Unicode>
                    </TextEquiv>
                    <TextStyle fontFamily="Times New Roman" fontSize="9.0"/>
                </Word>
                <Word id="w_w2aab1b1b2c19b1ac55" language="English" custom="readingOrder {index:5;}">
                    <Coords points="1099,1591 1123,1591 1123,1627 1099,1627"/>
                    <TextEquiv>
                        <Unicode>à</Unicode>
                    </TextEquiv>
                    <TextStyle fontFamily="Times New Roman" fontSize="9.0"/>
                </Word>
                <Word id="w_w2aab1b1b2c19b1ac59" language="English" custom="readingOrder {index:6;}">
                    <Coords points="1161,1589 1216,1589 1216,1626 1161,1626"/>
                    <TextEquiv>
                        <Unicode>in¬</Unicode>
                    </TextEquiv>
                    <TextStyle fontFamily="Times New Roman" fontSize="9.0"/>
                </Word>
                <TextEquiv>
                    <Unicode>c) Le libellé de l’annonce à in¬</Unicode>
                </TextEquiv>
                <TextStyle fontFamily="Times New Roman" fontSize="9.0"/>
            </TextLine>
            <TextLine id="tl_26" primaryLanguage="English" custom="readingOrder {index:1;}">
                <Coords points="367,1636 1216,1636 1216,1686 367,1686"/>
                <Baseline points="367,1675 480,1675 583,1676 770,1674 938,1675 992,1674 1070,1675 1216,1672"/>
                <Word id="w_w2aab1b1b2c19b3ab1" language="English" custom="readingOrder {index:0;}">
                    <Coords points="367,1639 480,1639 480,1676 367,1676"/>
                    <TextEquiv>
                        <Unicode>sérer</Unicode>
                    </TextEquiv>
                    <TextStyle fontFamily="Times New Roman" fontSize="9.0"/>
                </Word>
                <Word id="w_w2aab1b1b2c19b3ac13" language="English" custom="readingOrder {index:1;}">
                    <Coords points="506,1649 583,1649 583,1686 506,1686"/>
                    <TextEquiv>
                        <Unicode>que</Unicode>
                    </TextEquiv>
                    <TextStyle fontFamily="Times New Roman" fontSize="9.0"/>
                </Word>
                <Word id="w_w2aab1b1b2c19b3ac21" language="English" custom="readingOrder {index:2;}">
                    <Coords points="611,1639 770,1639 770,1676 611,1676"/>
                    <TextEquiv>
                        <Unicode>chacun</Unicode>
                    </TextEquiv>
                    <TextStyle fontFamily="Times New Roman" fontSize="9.0"/>
                </Word>
                <Word id="w_w2aab1b1b2c19b3ac35" language="English" custom="readingOrder {index:3;}">
                    <Coords points="799,1637 938,1637 938,1684 799,1684"/>
                    <TextEquiv>
                        <Unicode>rédige</Unicode>
                    </TextEquiv>
                    <TextStyle fontFamily="Times New Roman" fontSize="9.0"/>
                </Word>
                <Word id="w_w2aab1b1b2c19b3ac49" language="English" custom="readingOrder {index:4;}">
                    <Coords points="967,1639 992,1639 992,1674 967,1674"/>
                    <TextEquiv>
                        <Unicode>à</Unicode>
                    </TextEquiv>
                    <TextStyle fontFamily="Times New Roman" fontSize="9.0"/>
                </Word>
                <Word id="w_w2aab1b1b2c19b3ac53" language="English" custom="readingOrder {index:5;}">
                    <Coords points="1022,1648 1070,1648 1070,1675 1022,1675"/>
                    <TextEquiv>
                        <Unicode>sa</Unicode>
                    </TextEquiv>
                    <TextStyle fontFamily="Times New Roman" fontSize="9.0"/>
                </Word>
                <Word id="w_w2aab1b1b2c19b3ac59" language="English" custom="readingOrder {index:6;}">
                    <Coords points="1101,1644 1216,1644 1216,1683 1101,1683"/>
                    <TextEquiv>
                        <Unicode>guise</Unicode>
                    </TextEquiv>
                    <TextStyle fontFamily="Times New Roman" fontSize="9.0"/>
                </Word>
                <TextEquiv>
                    <Unicode>sérer que chacun rédige à sa guise</Unicode>
                </TextEquiv>
                <TextStyle fontFamily="Times New Roman" fontSize="9.0"/>
            </TextLine>
            <TextLine id="tl_27" primaryLanguage="English" custom="readingOrder {index:2;}">
                <Coords points="365,1684 1215,1684 1215,1734 365,1734"/>
                <Baseline points="365,1725 389,1725 463,1724 704,1722 880,1723 965,1723 1215,1720"/>
                <Word id="w_w2aab1b1b2c19b5ab1" language="English" custom="readingOrder {index:0;}">
                    <Coords points="365,1690 389,1690 389,1725 365,1725"/>
                    <TextEquiv>
                        <Unicode>à</Unicode>
                    </TextEquiv>
                    <TextStyle fontFamily="Times New Roman" fontSize="9.0"/>
                </Word>
                <Word id="w_w2aab1b1b2c19b5ab5" language="English" custom="readingOrder {index:1;}">
                    <Coords points="425,1689 463,1689 463,1724 425,1724"/>
                    <TextEquiv>
                        <Unicode>la</Unicode>
                    </TextEquiv>
                    <TextStyle fontFamily="Times New Roman" fontSize="9.0"/>
                </Word>
                <Word id="w_w2aab1b1b2c19b5ac11" language="English" custom="readingOrder {index:2;}">
                    <Coords points="495,1686 704,1686 704,1725 495,1725"/>
                    <TextEquiv>
                        <Unicode>condition</Unicode>
                    </TextEquiv>
                    <TextStyle fontFamily="Times New Roman" fontSize="9.0"/>
                </Word>
                <Word id="w_w2aab1b1b2c19b5ac31" language="English" custom="readingOrder {index:3;}">
                    <Coords points="738,1686 880,1686 880,1733 738,1733"/>
                    <TextEquiv>
                        <Unicode>qu’elle</Unicode>
                    </TextEquiv>
                    <TextStyle fontFamily="Times New Roman" fontSize="9.0"/>
                </Word>
                <Word id="w_w2aab1b1b2c19b5ac47" language="English" custom="readingOrder {index:4;}">
                    <Coords points="915,1696 965,1696 965,1723 915,1723"/>
                    <TextEquiv>
                        <Unicode>ne</Unicode>
                    </TextEquiv>
                    <TextStyle fontFamily="Times New Roman" fontSize="9.0"/>
                </Word>
                <Word id="w_w2aab1b1b2c19b5ac53" language="English" custom="readingOrder {index:5;}">
                    <Coords points="1002,1685 1215,1685 1215,1722 1002,1722"/>
                    <TextEquiv>
                        <Unicode>Contienne</Unicode>
                    </TextEquiv>
                    <TextStyle fontFamily="Times New Roman" fontSize="9.0"/>
                </Word>
                <TextEquiv>
                    <Unicode>à la condition qu’elle ne Contienne</Unicode>
                </TextEquiv>
                <TextStyle fontFamily="Times New Roman" fontSize="9.0"/>
            </TextLine>
            <TextLine id="tl_28" primaryLanguage="English" custom="readingOrder {index:3;}">
                <Coords points="362,1731 1215,1731 1215,1775 362,1775"/>
                <Baseline points="362,1770 451,1770 522,1772 749,1771 799,1773 865,1770 1059,1770 1215,1758"/>
                <Word id="w_w2aab1b1b2c19b7ab1" language="English" custom="readingOrder {index:0;}">
                    <Coords points="362,1734 451,1734 451,1772 362,1772"/>
                    <TextEquiv>
                        <Unicode>rien</Unicode>
                    </TextEquiv>
                    <TextStyle fontFamily="Times New Roman" fontSize="9.0"/>
                </Word>
                <Word id="w_w2aab1b1b2c19b7ac11" language="English" custom="readingOrder {index:1;}">
                    <Coords points="474,1735 522,1735 522,1772 474,1772"/>
                    <TextEquiv>
                        <Unicode>de</Unicode>
                    </TextEquiv>
                    <TextStyle fontFamily="Times New Roman" fontSize="9.0"/>
                </Word>
                <Word id="w_w2aab1b1b2c19b7ac17" language="English" custom="readingOrder {index:2;}">
                    <Coords points="544,1734 749,1734 749,1772 544,1772"/>
                    <TextEquiv>
                        <Unicode>contraire</Unicode>
                    </TextEquiv>
                    <TextStyle fontFamily="Times New Roman" fontSize="9.0"/>
                </Word>
                <Word id="w_w2aab1b1b2c19b7ac37" language="English" custom="readingOrder {index:3;}">
                    <Coords points="774,1737 799,1737 799,1773 774,1773"/>
                    <TextEquiv>
                        <Unicode>à</Unicode>
                    </TextEquiv>
                    <TextStyle fontFamily="Times New Roman" fontSize="9.0"/>
                </Word>
                <Word id="w_w2aab1b1b2c19b7ac41" language="English" custom="readingOrder {index:4;}">
                    <Coords points="827,1737 865,1737 865,1770 827,1770"/>
                    <TextEquiv>
                        <Unicode>la</Unicode>
                    </TextEquiv>
                    <TextStyle fontFamily="Times New Roman" fontSize="9.0"/>
                </Word>
                <Word id="w_w2aab1b1b2c19b7ac47" language="English" custom="readingOrder {index:5;}">
                    <Coords points="890,1733 1059,1733 1059,1770 890,1770"/>
                    <TextEquiv>
                        <Unicode>morale.</Unicode>
                    </TextEquiv>
                    <TextStyle fontFamily="Times New Roman" fontSize="9.0"/>
                </Word>
                <Word id="w_w2aab1b1b2c19b7ac63" language="English" custom="readingOrder {index:6;}">
                    <Coords points="1079,1733 1215,1733 1215,1772 1079,1772"/>
                    <TextEquiv>
                        <Unicode>L’INTER¬</Unicode>
                    </TextEquiv>
                    <TextStyle fontFamily="Times New Roman" fontSize="9.0"/>
                </Word>
                <TextEquiv>
                    <Unicode>rien de contraire à la morale. L’INTER¬</Unicode>
                </TextEquiv>
                <TextStyle fontFamily="Times New Roman" fontSize="9.0"/>
            </TextLine>
            <TextLine id="tl_29" primaryLanguage="English" custom="readingOrder {index:4;}">
                <Coords points="362,1780 1215,1780 1215,1829 362,1829"/>
                <Baseline points="362,1822 503,1822 551,1823 657,1822 720,1818 862,1814 954,1815 987,1816 1047,1815 1215,1818"/>
                <Word id="w_w2aab1b1b2c19b9ab1" language="English" custom="readingOrder {index:0;}">
                    <Coords points="362,1783 503,1783 503,1823 362,1823"/>
                    <TextEquiv>
                        <Unicode>MEDIAIRE</Unicode>
                    </TextEquiv>
                    <TextStyle fontFamily="Times New Roman" fontSize="9.0"/>
                </Word>
                <Word id="w_w2aab1b1b2c19b9ac19" language="English" custom="readingOrder {index:1;}">
                    <Coords points="514,1784 551,1784 551,1823 514,1823"/>
                    <TextEquiv>
                        <Unicode>DU</Unicode>
                    </TextEquiv>
                    <TextStyle fontFamily="Times New Roman" fontSize="9.0"/>
                </Word>
                <Word id="w_w2aab1b1b2c19b9ac25" language="English" custom="readingOrder {index:2;}">
                    <Coords points="561,1783 657,1783 657,1822 561,1822"/>
                    <TextEquiv>
                        <Unicode>FOYER</Unicode>
                    </TextEquiv>
                    <TextStyle fontFamily="Times New Roman" fontSize="9.0"/>
                </Word>
                <Word id="w_w2aab1b1b2c19b9ac37" language="English" custom="readingOrder {index:3;}">
                    <Coords points="670,1792 720,1792 720,1818 670,1818"/>
                    <TextEquiv>
                        <Unicode>ne</Unicode>
                    </TextEquiv>
                    <TextStyle fontFamily="Times New Roman" fontSize="9.0"/>
                </Word>
                <Word id="w_w2aab1b1b2c19b9ac43" language="English" custom="readingOrder {index:4;}">
                    <Coords points="732,1785 862,1785 862,1828 732,1828"/>
                    <TextEquiv>
                        <Unicode>prend</Unicode>
                    </TextEquiv>
                    <TextStyle fontFamily="Times New Roman" fontSize="9.0"/>
                </Word>
                <Word id="w_w2aab1b1b2c19b9ac55" language="English" custom="readingOrder {index:5;}">
                    <Coords points="880,1792 954,1792 954,1826 880,1826"/>
                    <TextEquiv>
                        <Unicode>pas</Unicode>
                    </TextEquiv>
                    <TextStyle fontFamily="Times New Roman" fontSize="9.0"/>
                </Word>
                <Word id="w_w2aab1b1b2c19b9ac63" language="English" custom="readingOrder {index:6;}">
                    <Coords points="968,1792 987,1792 987,1816 968,1816"/>
                    <TextEquiv>
                        <Unicode>a</Unicode>
                    </TextEquiv>
                    <TextStyle fontFamily="Times New Roman" fontSize="9.0"/>
                </Word>
                <Word id="w_w2aab1b1b2c19b9ac67" language="English" custom="readingOrder {index:7;}">
                    <Coords points="1003,1790 1047,1790 1047,1817 1003,1817"/>
                    <TextEquiv>
                        <Unicode>sa</Unicode>
                    </TextEquiv>
                    <TextStyle fontFamily="Times New Roman" fontSize="9.0"/>
                </Word>
                <Word id="w_w2aab1b1b2c19b9ac73" language="English" custom="readingOrder {index:8;}">
                    <Coords points="1060,1780 1215,1780 1215,1822 1060,1822"/>
                    <TextEquiv>
                        <Unicode>charge</Unicode>
                    </TextEquiv>
                    <TextStyle fontFamily="Times New Roman" fontSize="9.0"/>
                </Word>
                <TextEquiv>
                    <Unicode>MEDIAIRE DU FOYER ne prend pas a sa charge</Unicode>
                </TextEquiv>
                <TextStyle fontFamily="Times New Roman" fontSize="9.0"/>
            </TextLine>
            <TextLine id="tl_30" primaryLanguage="English" custom="readingOrder {index:5;}">
                <Coords points="362,1828 1214,1828 1214,1877 362,1877"/>
                <Baseline points="362,1868 402,1869 637,1865 728,1868 990,1866 1214,1857"/>
                <Word id="w_w2aab1b1b2c19c11ab1" language="English" custom="readingOrder {index:0;}">
                    <Coords points="362,1833 402,1833 402,1869 362,1869"/>
                    <TextEquiv>
                        <Unicode>la</Unicode>
                    </TextEquiv>
                    <TextStyle fontFamily="Times New Roman" fontSize="9.0"/>
                </Word>
                <Word id="w_w2aab1b1b2c19c11ab7" language="English" custom="readingOrder {index:1;}">
                    <Coords points="423,1831 637,1831 637,1868 423,1868"/>
                    <TextEquiv>
                        <Unicode>rédaction</Unicode>
                    </TextEquiv>
                    <TextStyle fontFamily="Times New Roman" fontSize="9.0"/>
                </Word>
                <Word id="w_w2aab1b1b2c19c11ac27" language="English" custom="readingOrder {index:2;}">
                    <Coords points="653,1832 728,1832 728,1868 653,1868"/>
                    <TextEquiv>
                        <Unicode>des</Unicode>
                    </TextEquiv>
                    <TextStyle fontFamily="Times New Roman" fontSize="9.0"/>
                </Word>
                <Word id="w_w2aab1b1b2c19c11ac35" language="English" custom="readingOrder {index:3;}">
                    <Coords points="752,1829 990,1829 990,1875 752,1875"/>
                    <TextEquiv>
                        <Unicode>annonces).</Unicode>
                    </TextEquiv>
                    <TextStyle fontFamily="Times New Roman" fontSize="9.0"/>
                </Word>
                <Word id="w_w2aab1b1b2c19c11ac57" language="English" custom="readingOrder {index:4;}">
                    <Coords points="1015,1829 1214,1829 1214,1866 1015,1866"/>
                    <TextEquiv>
                        <Unicode>L’annon¬</Unicode>
                    </TextEquiv>
                    <TextStyle fontFamily="Times New Roman" fontSize="9.0"/>
                </Word>
                <TextEquiv>
                    <Unicode>la rédaction des annonces). L’annon¬</Unicode>
                </TextEquiv>
                <TextStyle fontFamily="Times New Roman" fontSize="9.0"/>
            </TextLine>
            <TextLine id="tl_31" primaryLanguage="English" custom="readingOrder {index:6;}">
                <Coords points="365,1876 1215,1876 1215,1926 365,1926"/>
                <Baseline points="365,1916 409,1919 527,1917 745,1914 878,1915 953,1914 1027,1914 1215,1903"/>
                <Word id="w_w2aab1b1b2c19c13ab1" language="English" custom="readingOrder {index:0;}">
                    <Coords points="365,1890 409,1890 409,1919 365,1919"/>
                    <TextEquiv>
                        <Unicode>ce</Unicode>
                    </TextEquiv>
                    <TextStyle fontFamily="Times New Roman" fontSize="9.0"/>
                </Word>
                <Word id="w_w2aab1b1b2c19c13ab7" language="English" custom="readingOrder {index:1;}">
                    <Coords points="441,1879 527,1879 527,1917 441,1917"/>
                    <TextEquiv>
                        <Unicode>doit</Unicode>
                    </TextEquiv>
                    <TextStyle fontFamily="Times New Roman" fontSize="9.0"/>
                </Word>
                <Word id="w_w2aab1b1b2c19c13ac17" language="English" custom="readingOrder {index:2;}">
                    <Coords points="555,1878 745,1878 745,1925 555,1925"/>
                    <TextEquiv>
                        <Unicode>indiquer</Unicode>
                    </TextEquiv>
                    <TextStyle fontFamily="Times New Roman" fontSize="9.0"/>
                </Word>
                <Word id="w_w2aab1b1b2c19c13ac35" language="English" custom="readingOrder {index:3;}">
                    <Coords points="772,1878 878,1878 878,1924 772,1924"/>
                    <TextEquiv>
                        <Unicode>l’ûge</Unicode>
                    </TextEquiv>
                    <TextStyle fontFamily="Times New Roman" fontSize="9.0"/>
                </Word>
                <Word id="w_w2aab1b1b2c19c13ac47" language="English" custom="readingOrder {index:4;}">
                    <Coords points="911,1878 953,1878 953,1914 911,1914"/>
                    <TextEquiv>
                        <Unicode>ét</Unicode>
                    </TextEquiv>
                    <TextStyle fontFamily="Times New Roman" fontSize="9.0"/>
                </Word>
                <Word id="w_w2aab1b1b2c19c13ac53" language="English" custom="readingOrder {index:5;}">
                    <Coords points="987,1879 1027,1879 1027,1914 987,1914"/>
                    <TextEquiv>
                        <Unicode>la</Unicode>
                    </TextEquiv>
                    <TextStyle fontFamily="Times New Roman" fontSize="9.0"/>
                </Word>
                <Word id="w_w2aab1b1b2c19c13ac59" language="English" custom="readingOrder {index:6;}">
                    <Coords points="1062,1877 1215,1877 1215,1923 1062,1923"/>
                    <TextEquiv>
                        <Unicode>profes¬</Unicode>
                    </TextEquiv>
                    <TextStyle fontFamily="Times New Roman" fontSize="9.0"/>
                </Word>
                <TextEquiv>
                    <Unicode>ce doit indiquer l’ûge ét la profes¬</Unicode>
                </TextEquiv>
                <TextStyle fontFamily="Times New Roman" fontSize="9.0"/>
            </TextLine>
            <TextLine id="tl_32" primaryLanguage="English" custom="readingOrder {index:7;}">
                <Coords points="361,1924 1213,1924 1213,1974 361,1974"/>
                <Baseline points="361,1961 454,1962 527,1964 740,1962 801,1963 1013,1962 1128,1962 1213,1961"/>
                <Word id="w_w2aab1b1b2c19c15ab1" language="English" custom="readingOrder {index:0;}">
                    <Coords points="361,1927 454,1927 454,1964 361,1964"/>
                    <TextEquiv>
                        <Unicode>sion</Unicode>
                    </TextEquiv>
                    <TextStyle fontFamily="Times New Roman" fontSize="9.0"/>
                </Word>
                <Word id="w_w2aab1b1b2c19c15ac11" language="English" custom="readingOrder {index:1;}">
                    <Coords points="479,1927 527,1927 527,1964 479,1964"/>
                    <TextEquiv>
                        <Unicode>de</Unicode>
                    </TextEquiv>
                    <TextStyle fontFamily="Times New Roman" fontSize="9.0"/>
                </Word>
                <Word id="w_w2aab1b1b2c19c15ac17" language="English" custom="readingOrder {index:2;}">
                    <Coords points="548,1927 740,1927 740,1964 548,1964"/>
                    <TextEquiv>
                        <Unicode>l’abonné</Unicode>
                    </TextEquiv>
                    <TextStyle fontFamily="Times New Roman" fontSize="9.0"/>
                </Word>
                <Word id="w_w2aab1b1b2c19c15ac35" language="English" custom="readingOrder {index:3;}">
                    <Coords points="763,1927 801,1927 801,1964 763,1964"/>
                    <TextEquiv>
                        <Unicode>et</Unicode>
                    </TextEquiv>
                    <TextStyle fontFamily="Times New Roman" fontSize="9.0"/>
                </Word>
                <Word id="w_w2aab1b1b2c19c15ac41" language="English" custom="readingOrder {index:4;}">
                    <Coords points="822,1925 1013,1925 1013,1972 822,1972"/>
                    <TextEquiv>
                        <Unicode>spécifier</Unicode>
                    </TextEquiv>
                    <TextStyle fontFamily="Times New Roman" fontSize="9.0"/>
                </Word>
                <Word id="w_w2aab1b1b2c19c15ac61" language="English" custom="readingOrder {index:5;}">
                    <Coords points="1036,1925 1128,1925 1128,1962 1036,1962"/>
                    <TextEquiv>
                        <Unicode>tous</Unicode>
                    </TextEquiv>
                    <TextStyle fontFamily="Times New Roman" fontSize="9.0"/>
                </Word>
                <Word id="w_w2aab1b1b2c19c15ac71" language="English" custom="readingOrder {index:6;}">
                    <Coords points="1153,1926 1213,1926 1213,1962 1153,1962"/>
                    <TextEquiv>
                        <Unicode>les</Unicode>
                    </TextEquiv>
                    <TextStyle fontFamily="Times New Roman" fontSize="9.0"/>
                </Word>
                <TextEquiv>
                    <Unicode>sion de l’abonné et spécifier tous les</Unicode>
                </TextEquiv>
                <TextStyle fontFamily="Times New Roman" fontSize="9.0"/>
            </TextLine>
            <TextLine id="tl_33" primaryLanguage="English" custom="readingOrder {index:8;}">
                <Coords points="363,1972 1213,1972 1213,2022 363,2022"/>
                <Baseline points="363,2010 591,2012 714,2010 803,2011 854,2010 1016,2011 1087,2010 1213,2010"/>
                <Word id="w_w2aab1b1b2c19c17ab1" language="English" custom="readingOrder {index:0;}">
                    <Coords points="363,1975 591,1975 591,2022 363,2022"/>
                    <TextEquiv>
                        <Unicode>avantages</Unicode>
                    </TextEquiv>
                    <TextStyle fontFamily="Times New Roman" fontSize="9.0"/>
                </Word>
                <Word id="w_w2aab1b1b2c19c17ac21" language="English" custom="readingOrder {index:1;}">
                    <Coords points="620,1974 714,1974 714,2021 620,2021"/>
                    <TextEquiv>
                        <Unicode>qu’il</Unicode>
                    </TextEquiv>
                    <TextStyle fontFamily="Times New Roman" fontSize="9.0"/>
                </Word>
                <Word id="w_w2aab1b1b2c19c17ac33" language="English" custom="readingOrder {index:2;}">
                    <Coords points="742,1976 803,1976 803,2012 742,2012"/>
                    <TextEquiv>
                        <Unicode>est</Unicode>
                    </TextEquiv>
                    <TextStyle fontFamily="Times New Roman" fontSize="9.0"/>
                </Word>
                <Word id="w_w2aab1b1b2c19c17ac41" language="English" custom="readingOrder {index:3;}">
                    <Coords points="829,1975 854,1975 854,2010 829,2010"/>
                    <TextEquiv>
                        <Unicode>à</Unicode>
                    </TextEquiv>
                    <TextStyle fontFamily="Times New Roman" fontSize="9.0"/>
                </Word>
                <Word id="w_w2aab1b1b2c19c17ac45" language="English" custom="readingOrder {index:4;}">
                    <Coords points="879,1975 1016,1975 1016,2011 879,2011"/>
                    <TextEquiv>
                        <Unicode>même</Unicode>
                    </TextEquiv>
                    <TextStyle fontFamily="Times New Roman" fontSize="9.0"/>
                </Word>
                <Word id="w_w2aab1b1b2c19c17ac55" language="English" custom="readingOrder {index:5;}">
                    <Coords points="1035,1972 1087,1972 1087,2010 1035,2010"/>
                    <TextEquiv>
                        <Unicode>de</Unicode>
                    </TextEquiv>
                    <TextStyle fontFamily="Times New Roman" fontSize="9.0"/>
                </Word>
                <Word id="w_w2aab1b1b2c19c17ac61" language="English" custom="readingOrder {index:6;}">
                    <Coords points="1110,1972 1213,1972 1213,2010 1110,2010"/>
                    <TextEquiv>
                        <Unicode>faire</Unicode>
                    </TextEquiv>
                    <TextStyle fontFamily="Times New Roman" fontSize="9.0"/>
                </Word>
                <TextEquiv>
                    <Unicode>avantages qu’il est à même de faire</Unicode>
                </TextEquiv>
                <TextStyle fontFamily="Times New Roman" fontSize="9.0"/>
            </TextLine>
            <TextLine id="tl_34" primaryLanguage="English" custom="readingOrder {index:9;}">
                <Coords points="363,2020 1212,2020 1212,2071 363,2071"/>
                <Baseline points="363,2058 504,2068 621,2060 737,2059 785,2058 902,2066 1066,2062 1212,2046"/>
                <Word id="w_w2aab1b1b2c19c19ab1" language="English" custom="readingOrder {index:0;}">
                    <Coords points="363,2023 504,2023 504,2068 363,2068"/>
                    <TextEquiv>
                        <Unicode>valoir,</Unicode>
                    </TextEquiv>
                    <TextStyle fontFamily="Times New Roman" fontSize="9.0"/>
                </Word>
                <Word id="w_w2aab1b1b2c19c19ac17" language="English" custom="readingOrder {index:1;}">
                    <Coords points="545,2023 621,2023 621,2061 545,2061"/>
                    <TextEquiv>
                        <Unicode>tels</Unicode>
                    </TextEquiv>
                    <TextStyle fontFamily="Times New Roman" fontSize="9.0"/>
                </Word>
                <Word id="w_w2aab1b1b2c19c19ac27" language="English" custom="readingOrder {index:2;}">
                    <Coords points="660,2032 737,2032 737,2068 660,2068"/>
                    <TextEquiv>
                        <Unicode>que</Unicode>
                    </TextEquiv>
                    <TextStyle fontFamily="Times New Roman" fontSize="9.0"/>
                </Word>
                <Word id="w_w2aab1b1b2c19c19ac35" language="English" custom="readingOrder {index:3;}">
                    <Coords points="779,2033 785,2033 785,2058 779,2058"/>
                    <TextEquiv>
                        <Unicode>:</Unicode>
                    </TextEquiv>
                    <TextStyle fontFamily="Times New Roman" fontSize="9.0"/>
                </Word>
                <Word id="w_w2aab1b1b2c19c19ac39" language="English" custom="readingOrder {index:4;}">
                    <Coords points="824,2022 902,2022 902,2066 824,2066"/>
                    <TextEquiv>
                        <Unicode>dot,</Unicode>
                    </TextEquiv>
                    <TextStyle fontFamily="Times New Roman" fontSize="9.0"/>
                </Word>
                <Word id="w_w2aab1b1b2c19c19ac49" language="English" custom="readingOrder {index:5;}">
                    <Coords points="935,2021 1066,2021 1066,2062 935,2062"/>
                    <TextEquiv>
                        <Unicode>avoir,</Unicode>
                    </TextEquiv>
                    <TextStyle fontFamily="Times New Roman" fontSize="9.0"/>
                </Word>
                <Word id="w_w2aab1b1b2c19c19ac63" language="English" custom="readingOrder {index:6;}">
                    <Coords points="1097,2021 1212,2021 1212,2068 1097,2068"/>
                    <TextEquiv>
                        <Unicode>espé¬</Unicode>
                    </TextEquiv>
                    <TextStyle fontFamily="Times New Roman" fontSize="9.0"/>
                </Word>
                <TextEquiv>
                    <Unicode>valoir, tels que : dot, avoir, espé¬</Unicode>
                </TextEquiv>
                <TextStyle fontFamily="Times New Roman" fontSize="9.0"/>
            </TextLine>
            <TextLine id="tl_35" primaryLanguage="English" custom="readingOrder {index:10;}">
                <Coords points="361,2063 1212,2063 1212,2117 361,2117"/>
                <Baseline points="362,2105 522,2116 769,2116 896,2115 955,2106 1212,2104"/>
                <Word id="w_w2aab1b1b2c19c21ab1" language="English" custom="readingOrder {index:0;}">
                    <Coords points="362,2079 522,2079 522,2116 362,2116"/>
                    <TextEquiv>
                        <Unicode>rances,</Unicode>
                    </TextEquiv>
                    <TextStyle fontFamily="Times New Roman" fontSize="9.0"/>
                </Word>
                <Word id="w_w2aab1b1b2c19c21ac17" language="English" custom="readingOrder {index:1;}">
                    <Coords points="562,2069 769,2069 769,2116 562,2116"/>
                    <TextEquiv>
                        <Unicode>situation,</Unicode>
                    </TextEquiv>
                    <TextStyle fontFamily="Times New Roman" fontSize="9.0"/>
                </Word>
                <Word id="w_w2aab1b1b2c19c21ac39" language="English" custom="readingOrder {index:2;}">
                    <Coords points="809,2069 896,2069 896,2115 809,2115"/>
                    <TextEquiv>
                        <Unicode>etc.,</Unicode>
                    </TextEquiv>
                    <TextStyle fontFamily="Times New Roman" fontSize="9.0"/>
                </Word>
                <Word id="w_w2aab1b1b2c19c21ac51" language="English" custom="readingOrder {index:3;}">
                    <Coords points="932,2063 1008,2063 1008,2106 932,2106"/>
                    <TextEquiv>
                        <Unicode>etc.</Unicode>
                    </TextEquiv>
                    <TextStyle fontFamily="Times New Roman" fontSize="9.0"/>
                </Word>
                <Word id="w_w2aab1b1b2c19c21b1b1" language="English" custom="readingOrder {index:4;}">
                    <Coords points="1047,2063 1212,2063 1212,2114 1047,2114"/>
                    <TextEquiv>
                        <Unicode>Chaque</Unicode>
                    </TextEquiv>
                    <TextStyle fontFamily="Times New Roman" fontSize="9.0" bold="true"/>
                </Word>
                <TextEquiv>
                    <Unicode>rances, situation, etc., etc. Chaque</Unicode>
                </TextEquiv>
            </TextLine>
            <TextLine id="tl_36" primaryLanguage="English" custom="readingOrder {index:11;}">
                <Coords points="362,2116 1212,2116 1212,2165 362,2165"/>
                <Baseline points="362,2154 549,2154 618,2154 721,2153 819,2153 1025,2152 1139,2152 1212,2152"/>
                <Word id="w_w2aab1b1b2c19c23ab1" language="English" custom="readingOrder {index:0;}">
                    <Coords points="362,2128 549,2128 549,2155 362,2155"/>
                    <TextEquiv>
                        <Unicode>annonce</Unicode>
                    </TextEquiv>
                    <TextStyle fontFamily="Times New Roman" fontSize="9.0" bold="true"/>
                </Word>
                <Word id="w_w2aab1b1b2c19c23ac17" language="English" custom="readingOrder {index:1;}">
                    <Coords points="567,2128 618,2128 618,2154 567,2154"/>
                    <TextEquiv>
                        <Unicode>ne</Unicode>
                    </TextEquiv>
                    <TextStyle fontFamily="Times New Roman" fontSize="9.0" bold="true"/>
                </Word>
                <Word id="w_w2aab1b1b2c19c23ac23" language="English" custom="readingOrder {index:2;}">
                    <Coords points="638,2118 721,2118 721,2153 638,2153"/>
                    <TextEquiv>
                        <Unicode>doit</Unicode>
                    </TextEquiv>
                    <TextStyle fontFamily="Times New Roman" fontSize="9.0" bold="true"/>
                </Word>
                <Word id="w_w2aab1b1b2c19c23ac33" language="English" custom="readingOrder {index:3;}">
                    <Coords points="743,2127 819,2127 819,2164 743,2164"/>
                    <TextEquiv>
                        <Unicode>pas</Unicode>
                    </TextEquiv>
                    <TextStyle fontFamily="Times New Roman" fontSize="9.0" bold="true"/>
                </Word>
                <Word id="w_w2aab1b1b2c19c23ac41" language="English" custom="readingOrder {index:4;}">
                    <Coords points="842,2117 1025,2117 1025,2153 842,2153"/>
                    <TextEquiv>
                        <Unicode>contenir</Unicode>
                    </TextEquiv>
                    <TextStyle fontFamily="Times New Roman" fontSize="9.0" bold="true"/>
                </Word>
                <Word id="w_w2aab1b1b2c19c23ac59" language="English" custom="readingOrder {index:5;}">
                    <Coords points="1047,2116 1139,2116 1139,2161 1047,2161"/>
                    <TextEquiv>
                        <Unicode>plus</Unicode>
                    </TextEquiv>
                    <TextStyle fontFamily="Times New Roman" fontSize="9.0" bold="true"/>
                </Word>
                <Word id="w_w2aab1b1b2c19c23ac69" language="English" custom="readingOrder {index:6;}">
                    <Coords points="1164,2118 1212,2118 1212,2152 1164,2152"/>
                    <TextEquiv>
                        <Unicode>de</Unicode>
                    </TextEquiv>
                    <TextStyle fontFamily="Times New Roman" fontSize="9.0" bold="true"/>
                </Word>
                <TextEquiv>
                    <Unicode>annonce ne doit pas contenir plus de</Unicode>
                </TextEquiv>
                <TextStyle fontFamily="Times New Roman" fontSize="9.0" bold="true"/>
            </TextLine>
            <TextLine id="tl_37" primaryLanguage="English" custom="readingOrder {index:12;}">
                <Coords points="361,2165 1212,2165 1212,2204 361,2204"/>
                <Baseline points="361,2202 494,2203 626,2201 752,2201 1077,2201 1212,2200"/>
                <Word id="w_w2aab1b1b2c19c25ab1" language="English" custom="readingOrder {index:0;}">
                    <Coords points="361,2169 494,2169 494,2203 361,2203"/>
                    <TextEquiv>
                        <Unicode>trente</Unicode>
                    </TextEquiv>
                    <TextStyle fontFamily="Times New Roman" fontSize="9.0" bold="true"/>
                </Word>
                <Word id="w_w2aab1b1b2c19c25ac15" language="English" custom="readingOrder {index:1;}">
                    <Coords points="518,2169 626,2169 626,2203 518,2203"/>
                    <TextEquiv>
                        <Unicode>mots</Unicode>
                    </TextEquiv>
                    <TextStyle fontFamily="Times New Roman" fontSize="9.0" bold="true"/>
                </Word>
                <Word id="w_w2aab1b1b2c19c25ac25" language="English" custom="readingOrder {index:2;}">
                    <Coords points="652,2176 752,2176 752,2203 652,2203"/>
                    <TextEquiv>
                        <Unicode>sans</Unicode>
                    </TextEquiv>
                    <TextStyle fontFamily="Times New Roman" fontSize="9.0" bold="true"/>
                </Word>
                <Word id="w_w2aab1b1b2c19c25ac35" language="English" custom="readingOrder {index:3;}">
                    <Coords points="782,2166 1077,2166 1077,2202 782,2202"/>
                    <TextEquiv>
                        <Unicode>abréviations.</Unicode>
                    </TextEquiv>
                    <TextStyle fontFamily="Times New Roman" fontSize="9.0" bold="true"/>
                </Word>
                <Word id="w_w2aab1b1b2c19c25ac63" language="English" custom="readingOrder {index:4;}">
                    <Coords points="1108,2165 1212,2165 1212,2200 1108,2200"/>
                    <TextEquiv>
                        <Unicode>Tout</Unicode>
                    </TextEquiv>
                    <TextStyle fontFamily="Times New Roman" fontSize="9.0" bold="true"/>
                </Word>
                <TextEquiv>
                    <Unicode>trente mots sans abréviations. Tout</Unicode>
                </TextEquiv>
                <TextStyle fontFamily="Times New Roman" fontSize="9.0" bold="true"/>
            </TextLine>
            <TextLine id="tl_38" primaryLanguage="English" custom="readingOrder {index:13;}">
                <Coords points="360,2212 1211,2212 1211,2259 360,2259"/>
                <Baseline points="360,2249 444,2250 822,2249 913,2249 1034,2249 1148,2249 1211,2248"/>
                <Word id="w_w2aab1b1b2c19c27ab1" language="English" custom="readingOrder {index:0;}">
                    <Coords points="360,2218 444,2218 444,2251 360,2251"/>
                    <TextEquiv>
                        <Unicode>mot</Unicode>
                    </TextEquiv>
                    <TextStyle fontFamily="Times New Roman" fontSize="9.0" bold="true"/>
                </Word>
                <Word id="w_w2aab1b1b2c19c27ab9" language="English" custom="readingOrder {index:1;}">
                    <Coords points="473,2214 822,2214 822,2259 473,2259"/>
                    <TextEquiv>
                        <Unicode>supplémentaire</Unicode>
                    </TextEquiv>
                    <TextStyle fontFamily="Times New Roman" fontSize="9.0" bold="true"/>
                </Word>
                <Word id="w_w2aab1b1b2c19c27ac39" language="English" custom="readingOrder {index:2;}">
                    <Coords points="850,2217 913,2217 913,2249 850,2249"/>
                    <TextEquiv>
                        <Unicode>est</Unicode>
                    </TextEquiv>
                    <TextStyle fontFamily="Times New Roman" fontSize="9.0" bold="true"/>
                </Word>
                <Word id="w_w2aab1b1b2c19c27ac47" language="English" custom="readingOrder {index:3;}">
                    <Coords points="941,2213 1034,2213 1034,2249 941,2249"/>
                    <TextEquiv>
                        <Unicode>taxé</Unicode>
                    </TextEquiv>
                    <TextStyle fontFamily="Times New Roman" fontSize="9.0" bold="true"/>
                </Word>
                <Word id="w_w2aab1b1b2c19c27ac57" language="English" custom="readingOrder {index:4;}">
                    <Coords points="1065,2213 1148,2213 1148,2249 1065,2249"/>
                    <TextEquiv>
                        <Unicode>0.15</Unicode>
                    </TextEquiv>
                    <TextStyle fontFamily="Times New Roman" fontSize="9.0" bold="true"/>
                </Word>
                <Word id="w_w2aab1b1b2c19c27ac67" language="English" custom="readingOrder {index:5;}">
                    <Coords points="1175,2214 1211,2214 1211,2249 1175,2249"/>
                    <TextEquiv>
                        <Unicode>le</Unicode>
                    </TextEquiv>
                    <TextStyle fontFamily="Times New Roman" fontSize="9.0" bold="true"/>
                </Word>
                <TextEquiv>
                    <Unicode>mot supplémentaire est taxé 0.15 le</Unicode>
                </TextEquiv>
                <TextStyle fontFamily="Times New Roman" fontSize="9.0" bold="true"/>
            </TextLine>
            <TextLine id="tl_39" primaryLanguage="English" custom="readingOrder {index:14;}">
                <Coords points="359,2260 1210,2260 1210,2308 359,2308"/>
                <Baseline points="359,2298 457,2299 586,2297 674,2303 882,2295 1000,2296 1134,2296 1210,2295"/>
                <Word id="w_w2aab1b1b2c19c29ab1" language="English" custom="readingOrder {index:0;}">
                    <Coords points="359,2266 457,2266 457,2299 359,2299"/>
                    <TextEquiv>
                        <Unicode>mot.</Unicode>
                    </TextEquiv>
                    <TextStyle fontFamily="Times New Roman" fontSize="9.0" bold="true"/>
                </Word>
                <Word id="w_w2aab1b1b2c19c29ac11" language="English" custom="readingOrder {index:1;}">
                    <Coords points="486,2263 586,2263 586,2299 486,2299"/>
                    <TextEquiv>
                        <Unicode>MM.</Unicode>
                    </TextEquiv>
                    <TextStyle fontFamily="Times New Roman" fontSize="9.0" bold="true"/>
                </Word>
                <Word id="w_w2aab1b1b2c19c29ac19" language="English" custom="readingOrder {index:2;}">
                    <Coords points="614,2265 674,2265 674,2303 614,2303"/>
                    <TextEquiv>
                        <Unicode>les</Unicode>
                    </TextEquiv>
                    <TextStyle fontFamily="Times New Roman" fontSize="9.0" bold="true"/>
                </Word>
                <Word id="w_w2aab1b1b2c19c29ac27" language="English" custom="readingOrder {index:3;}">
                    <Coords points="695,2261 882,2261 882,2298 695,2298"/>
                    <TextEquiv>
                        <Unicode>abonnés</Unicode>
                    </TextEquiv>
                    <TextStyle fontFamily="Times New Roman" fontSize="9.0" bold="true"/>
                </Word>
                <Word id="w_w2aab1b1b2c19c29ac43" language="English" custom="readingOrder {index:4;}">
                    <Coords points="905,2264 1000,2264 1000,2298 905,2298"/>
                    <TextEquiv>
                        <Unicode>sont</Unicode>
                    </TextEquiv>
                    <TextStyle fontFamily="Times New Roman" fontSize="9.0" bold="true"/>
                </Word>
                <Word id="w_w2aab1b1b2c19c29ac53" language="English" custom="readingOrder {index:5;}">
                    <Coords points="1024,2260 1134,2260 1134,2305 1024,2305"/>
                    <TextEquiv>
                        <Unicode>priés</Unicode>
                    </TextEquiv>
                    <TextStyle fontFamily="Times New Roman" fontSize="9.0" bold="true"/>
                </Word>
                <Word id="w_w2aab1b1b2c19c29ac65" language="English" custom="readingOrder {index:6;}">
                    <Coords points="1161,2260 1210,2260 1210,2295 1161,2295"/>
                    <TextEquiv>
                        <Unicode>de</Unicode>
                    </TextEquiv>
                    <TextStyle fontFamily="Times New Roman" fontSize="9.0" bold="true"/>
                </Word>
                <TextEquiv>
                    <Unicode>mot. MM. les abonnés sont priés de</Unicode>
                </TextEquiv>
                <TextStyle fontFamily="Times New Roman" fontSize="9.0" bold="true"/>
            </TextLine>
            <TextLine id="tl_40" primaryLanguage="English" custom="readingOrder {index:15;}">
                <Coords points="360,2307 1210,2307 1210,2357 360,2357"/>
                <Baseline points="360,2357 518,2347 592,2347 746,2347 821,2345 935,2345 1148,2344 1210,2344"/>
                <Word id="w_w2aab1b1b2c19c31ab1" language="English" custom="readingOrder {index:0;}">
                    <Coords points="360,2310 518,2310 518,2357 360,2357"/>
                    <TextEquiv>
                        <Unicode>joindre</Unicode>
                    </TextEquiv>
                    <TextStyle fontFamily="Times New Roman" fontSize="9.0" bold="true"/>
                </Word>
                <Word id="w_w2aab1b1b2c19c31ac17" language="English" custom="readingOrder {index:1;}">
                    <Coords points="539,2321 592,2321 592,2347 539,2347"/>
                    <TextEquiv>
                        <Unicode>au</Unicode>
                    </TextEquiv>
                    <TextStyle fontFamily="Times New Roman" fontSize="9.0" bold="true"/>
                </Word>
                <Word id="w_w2aab1b1b2c19c31ac23" language="English" custom="readingOrder {index:2;}">
                    <Coords points="614,2310 746,2310 746,2347 614,2347"/>
                    <TextEquiv>
                        <Unicode>libellé</Unicode>
                    </TextEquiv>
                    <TextStyle fontFamily="Times New Roman" fontSize="9.0" bold="true"/>
                </Word>
                <Word id="w_w2aab1b1b2c19c31ac39" language="English" custom="readingOrder {index:3;}">
                    <Coords points="772,2309 821,2309 821,2346 772,2346"/>
                    <TextEquiv>
                        <Unicode>de</Unicode>
                    </TextEquiv>
                    <TextStyle fontFamily="Times New Roman" fontSize="9.0" bold="true"/>
                </Word>
                <Word id="w_w2aab1b1b2c19c31ac45" language="English" custom="readingOrder {index:4;}">
                    <Coords points="848,2310 935,2310 935,2345 848,2345"/>
                    <TextEquiv>
                        <Unicode>leur</Unicode>
                    </TextEquiv>
                    <TextStyle fontFamily="Times New Roman" fontSize="9.0" bold="true"/>
                </Word>
                <Word id="w_w2aab1b1b2c19c31ac55" language="English" custom="readingOrder {index:5;}">
                    <Coords points="962,2317 1148,2317 1148,2344 962,2344"/>
                    <TextEquiv>
                        <Unicode>annonce</Unicode>
                    </TextEquiv>
                    <TextStyle fontFamily="Times New Roman" fontSize="9.0" bold="true"/>
                </Word>
                <Word id="w_w2aab1b1b2c19c31ac71" language="English" custom="readingOrder {index:6;}">
                    <Coords points="1174,2309 1210,2309 1210,2344 1174,2344"/>
                    <TextEquiv>
                        <Unicode>le</Unicode>
                    </TextEquiv>
                    <TextStyle fontFamily="Times New Roman" fontSize="9.0" bold="true"/>
                </Word>
                <TextEquiv>
                    <Unicode>joindre au libellé de leur annonce le</Unicode>
                </TextEquiv>
                <TextStyle fontFamily="Times New Roman" fontSize="9.0" bold="true"/>
            </TextLine>
            <TextLine id="tl_41" primaryLanguage="English" custom="readingOrder {index:16;}">
                <Coords points="358,2355 1209,2355 1209,2404 358,2404"/>
                <Baseline points="358,2395 547,2395 654,2394 800,2393 1209,2390"/>
                <Word id="w_w2aab1b1b2c19c33ab1" language="English" custom="readingOrder {index:0;}">
                    <Coords points="358,2362 547,2362 547,2395 358,2395"/>
                    <TextEquiv>
                        <Unicode>montant</Unicode>
                    </TextEquiv>
                    <TextStyle fontFamily="Times New Roman" fontSize="9.0" bold="true"/>
                </Word>
                <Word id="w_w2aab1b1b2c19c33ac17" language="English" custom="readingOrder {index:1;}">
                    <Coords points="584,2357 654,2357 654,2394 584,2394"/>
                    <TextEquiv>
                        <Unicode>des</Unicode>
                    </TextEquiv>
                    <TextStyle fontFamily="Times New Roman" fontSize="9.0" bold="true"/>
                </Word>
                <Word id="w_w2aab1b1b2c19c33ac25" language="English" custom="readingOrder {index:2;}">
                    <Coords points="692,2361 800,2361 800,2393 692,2393"/>
                    <TextEquiv>
                        <Unicode>mots</Unicode>
                    </TextEquiv>
                    <TextStyle fontFamily="Times New Roman" fontSize="9.0" bold="true"/>
                </Word>
                <Word id="w_w2aab1b1b2c19c33ac35" language="English" custom="readingOrder {index:3;}">
                    <Coords points="839,2356 1209,2356 1209,2402 839,2402"/>
                    <TextEquiv>
                        <Unicode>supplémentaires</Unicode>
                    </TextEquiv>
                    <TextStyle fontFamily="Times New Roman" fontSize="9.0" bold="true"/>
                </Word>
                <TextEquiv>
                    <Unicode>montant des mots supplémentaires</Unicode>
                </TextEquiv>
                <TextStyle fontFamily="Times New Roman" fontSize="9.0" bold="true"/>
            </TextLine>
            <TextLine id="tl_42" primaryLanguage="English" custom="readingOrder {index:17;}">
                <Coords points="359,2403 833,2403 833,2452 359,2452"/>
                <Baseline points="359,2451 476,2440 577,2442 833,2441"/>
                <Word id="w_w2aab1b1b2c19c35ab1" language="English" custom="readingOrder {index:0;}">
                    <Coords points="359,2405 476,2405 476,2451 359,2451"/>
                    <TextEquiv>
                        <Unicode>qu'ils</Unicode>
                    </TextEquiv>
                    <TextStyle fontFamily="Times New Roman" fontSize="9.0" bold="true"/>
                </Word>
                <Word id="w_w2aab1b1b2c19c35ac15" language="English" custom="readingOrder {index:1;}">
                    <Coords points="509,2408 577,2408 577,2442 509,2442"/>
                    <TextEquiv>
                        <Unicode>ont</Unicode>
                    </TextEquiv>
                    <TextStyle fontFamily="Times New Roman" fontSize="9.0" bold="true"/>
                </Word>
                <Word id="w_w2aab1b1b2c19c35ac23" language="English" custom="readingOrder {index:2;}">
                    <Coords points="610,2405 833,2405 833,2451 610,2451"/>
                    <TextEquiv>
                        <Unicode>employés.</Unicode>
                    </TextEquiv>
                    <TextStyle fontFamily="Times New Roman" fontSize="9.0" bold="true"/>
                </Word>
                <TextEquiv>
                    <Unicode>qu'ils ont employés.</Unicode>
                </TextEquiv>
                <TextStyle fontFamily="Times New Roman" fontSize="9.0" bold="true"/>
            </TextLine>
            <TextEquiv>
                <Unicode>c) Le libellé de l’annonce à in¬
sérer que chacun rédige à sa guise
à la condition qu’elle ne Contienne
rien de contraire à la morale. L’INTER¬
MEDIAIRE DU FOYER ne prend pas a sa charge
la rédaction des annonces). L’annon¬
ce doit indiquer l’ûge ét la profes¬
sion de l’abonné et spécifier tous les
avantages qu’il est à même de faire
valoir, tels que : dot, avoir, espé¬
rances, situation, etc., etc. Chaque
annonce ne doit pas contenir plus de
trente mots sans abréviations. Tout
mot supplémentaire est taxé 0.15 le
mot. MM. les abonnés sont priés de
joindre au libellé de leur annonce le
montant des mots supplémentaires
qu'ils ont employés.</Unicode>
            </TextEquiv>
        </TextRegion>
        <TextRegion type="paragraph" id="r_1_11" custom="readingOrder {index:10;}">
            <Coords points="356,2449 1210,2449 1210,2636 356,2636"/>
            <TextLine id="tl_43" primaryLanguage="English" custom="readingOrder {index:0;}">
                <Coords points="405,2450 1208,2450 1208,2491 405,2491"/>
                <Baseline points="405,2488 508,2490 826,2488 948,2488 1208,2486"/>
                <Word id="w_w2aab1b1b2c21b1ab1" language="English" custom="readingOrder {index:0;}">
                    <Coords points="405,2454 508,2454 508,2490 405,2490"/>
                    <TextEquiv>
                        <Unicode>Tout</Unicode>
                    </TextEquiv>
                    <TextStyle fontFamily="Times New Roman" fontSize="9.0"/>
                </Word>
                <Word id="w_w2aab1b1b2c21b1ac11" language="English" custom="readingOrder {index:1;}">
                    <Coords points="547,2453 826,2453 826,2490 547,2490"/>
                    <TextEquiv>
                        <Unicode>abonnement</Unicode>
                    </TextEquiv>
                    <TextStyle fontFamily="Times New Roman" fontSize="9.0"/>
                </Word>
                <Word id="w_w2aab1b1b2c21b1ac33" language="English" custom="readingOrder {index:2;}">
                    <Coords points="865,2462 948,2462 948,2489 865,2489"/>
                    <TextEquiv>
                        <Unicode>non</Unicode>
                    </TextEquiv>
                    <TextStyle fontFamily="Times New Roman" fontSize="9.0"/>
                </Word>
                <Word id="w_w2aab1b1b2c21b1ac41" language="English" custom="readingOrder {index:3;}">
                    <Coords points="989,2450 1208,2450 1208,2489 989,2489"/>
                    <TextEquiv>
                        <Unicode>renouvelé</Unicode>
                    </TextEquiv>
                    <TextStyle fontFamily="Times New Roman" fontSize="9.0"/>
                </Word>
                <TextEquiv>
                    <Unicode>Tout abonnement non renouvelé</Unicode>
                </TextEquiv>
                <TextStyle fontFamily="Times New Roman" fontSize="9.0"/>
            </TextLine>
            <TextLine id="tl_44" primaryLanguage="English" custom="readingOrder {index:1;}">
                <Coords points="358,2498 1209,2498 1209,2548 358,2548"/>
                <Baseline points="358,2547 503,2538 660,2539 825,2537 935,2535 1209,2534"/>
                <Word id="w_w2aab1b1b2c21b3ab1" language="English" custom="readingOrder {index:0;}">
                    <Coords points="358,2502 503,2502 503,2547 358,2547"/>
                    <TextEquiv>
                        <Unicode>quinze</Unicode>
                    </TextEquiv>
                    <TextStyle fontFamily="Times New Roman" fontSize="9.0"/>
                </Word>
                <Word id="w_w2aab1b1b2c21b3ac15" language="English" custom="readingOrder {index:1;}">
                    <Coords points="544,2502 660,2502 660,2548 544,2548"/>
                    <TextEquiv>
                        <Unicode>jours</Unicode>
                    </TextEquiv>
                    <TextStyle fontFamily="Times New Roman" fontSize="9.0"/>
                </Word>
                <Word id="w_w2aab1b1b2c21b3ac27" language="English" custom="readingOrder {index:2;}">
                    <Coords points="696,2501 825,2501 825,2538 696,2538"/>
                    <TextEquiv>
                        <Unicode>avant</Unicode>
                    </TextEquiv>
                    <TextStyle fontFamily="Times New Roman" fontSize="9.0"/>
                </Word>
                <Word id="w_w2aab1b1b2c21b3ac39" language="English" custom="readingOrder {index:3;}">
                    <Coords points="859,2510 935,2510 935,2537 859,2537"/>
                    <TextEquiv>
                        <Unicode>son</Unicode>
                    </TextEquiv>
                    <TextStyle fontFamily="Times New Roman" fontSize="9.0"/>
                </Word>
                <Word id="w_w2aab1b1b2c21b3ac47" language="English" custom="readingOrder {index:4;}">
                    <Coords points="979,2498 1209,2498 1209,2545 979,2545"/>
                    <TextEquiv>
                        <Unicode>expiration</Unicode>
                    </TextEquiv>
                    <TextStyle fontFamily="Times New Roman" fontSize="9.0"/>
                </Word>
                <TextEquiv>
                    <Unicode>quinze jours avant son expiration</Unicode>
                </TextEquiv>
                <TextStyle fontFamily="Times New Roman" fontSize="9.0"/>
            </TextLine>
            <TextLine id="tl_45" primaryLanguage="English" custom="readingOrder {index:2;}">
                <Coords points="359,2546 1208,2546 1208,2597 359,2597"/>
                <Baseline points="359,2584 543,2586 625,2585 763,2585 832,2584 1132,2582 1208,2583"/>
                <Word id="w_w2aab1b1b2c21b5ab1" language="English" custom="readingOrder {index:0;}">
                    <Coords points="359,2550 543,2550 543,2586 359,2586"/>
                    <TextEquiv>
                        <Unicode>entraîne</Unicode>
                    </TextEquiv>
                    <TextStyle fontFamily="Times New Roman" fontSize="9.0"/>
                </Word>
                <Word id="w_w2aab1b1b2c21b5ac19" language="English" custom="readingOrder {index:1;}">
                    <Coords points="573,2549 625,2549 625,2587 573,2587"/>
                    <TextEquiv>
                        <Unicode>de</Unicode>
                    </TextEquiv>
                    <TextStyle fontFamily="Times New Roman" fontSize="9.0"/>
                </Word>
                <Word id="w_w2aab1b1b2c21b5ac25" language="English" custom="readingOrder {index:2;}">
                    <Coords points="653,2549 763,2549 763,2586 653,2586"/>
                    <TextEquiv>
                        <Unicode>droit</Unicode>
                    </TextEquiv>
                    <TextStyle fontFamily="Times New Roman" fontSize="9.0"/>
                </Word>
                <Word id="w_w2aab1b1b2c21b5ac37" language="English" custom="readingOrder {index:3;}">
                    <Coords points="792,2549 832,2549 832,2586 792,2586"/>
                    <TextEquiv>
                        <Unicode>la</Unicode>
                    </TextEquiv>
                    <TextStyle fontFamily="Times New Roman" fontSize="9.0"/>
                </Word>
                <Word id="w_w2aab1b1b2c21b5ac43" language="English" custom="readingOrder {index:4;}">
                    <Coords points="858,2546 1132,2546 1132,2595 858,2595"/>
                    <TextEquiv>
                        <Unicode>suppression</Unicode>
                    </TextEquiv>
                    <TextStyle fontFamily="Times New Roman" fontSize="9.0"/>
                </Word>
                <Word id="w_w2aab1b1b2c21b5ac67" language="English" custom="readingOrder {index:5;}">
                    <Coords points="1161,2546 1208,2546 1208,2583 1161,2583"/>
                    <TextEquiv>
                        <Unicode>de</Unicode>
                    </TextEquiv>
                    <TextStyle fontFamily="Times New Roman" fontSize="9.0"/>
                </Word>
                <TextEquiv>
                    <Unicode>entraîne de droit la suppression de</Unicode>
                </TextEquiv>
                <TextStyle fontFamily="Times New Roman" fontSize="9.0"/>
            </TextLine>
            <TextLine id="tl_46" primaryLanguage="English" custom="readingOrder {index:3;}">
                <Coords points="357,2594 917,2594 917,2635 357,2635"/>
                <Baseline points="357,2632 569,2634 645,2634 917,2632"/>
                <Word id="w_w2aab1b1b2c21b7ab1" language="English" custom="readingOrder {index:0;}">
                    <Coords points="357,2596 569,2596 569,2634 357,2634"/>
                    <TextEquiv>
                        <Unicode>l’annonce</Unicode>
                    </TextEquiv>
                    <TextStyle fontFamily="Times New Roman" fontSize="9.0"/>
                </Word>
                <Word id="w_w2aab1b1b2c21b7ac21" language="English" custom="readingOrder {index:1;}">
                    <Coords points="596,2597 645,2597 645,2634 596,2634"/>
                    <TextEquiv>
                        <Unicode>de</Unicode>
                    </TextEquiv>
                    <TextStyle fontFamily="Times New Roman" fontSize="9.0"/>
                </Word>
                <Word id="w_w2aab1b1b2c21b7ac27" language="English" custom="readingOrder {index:2;}">
                    <Coords points="678,2596 917,2596 917,2634 678,2634"/>
                    <TextEquiv>
                        <Unicode>l’intéressé.</Unicode>
                    </TextEquiv>
                    <TextStyle fontFamily="Times New Roman" fontSize="9.0"/>
                </Word>
                <TextEquiv>
                    <Unicode>l’annonce de l’intéressé.</Unicode>
                </TextEquiv>
                <TextStyle fontFamily="Times New Roman" fontSize="9.0"/>
            </TextLine>
            <TextEquiv>
                <Unicode>Tout abonnement non renouvelé
quinze jours avant son expiration
entraîne de droit la suppression de
l’annonce de l’intéressé.</Unicode>
            </TextEquiv>
        </TextRegion>
        <TextRegion type="paragraph" id="r_2_1" custom="readingOrder {index:11;}">
            <Coords points="412,2748 1177,2748 1177,2817 412,2817"/>
            <TextLine id="tl_47" primaryLanguage="English" custom="readingOrder {index:0;}">
                <Coords points="413,2749 1176,2749 1176,2816 413,2816"/>
                <Baseline points="413,2815 634,2814 732,2814 1176,2812"/>
                <Word id="w_w2aab1b3b2b1b1ab1" language="English" custom="readingOrder {index:0;}">
                    <Coords points="413,2752 634,2752 634,2816 413,2816"/>
                    <TextEquiv>
                        <Unicode>MANIÈRE</Unicode>
                    </TextEquiv>
                    <TextStyle fontFamily="Times New Roman" fontSize="13.0" bold="true"/>
                </Word>
                <Word id="w_w2aab1b3b2b1b1ac17" language="English" custom="readingOrder {index:1;}">
                    <Coords points="673,2762 732,2762 732,2815 673,2815"/>
                    <TextEquiv>
                        <Unicode>DE</Unicode>
                    </TextEquiv>
                    <TextStyle fontFamily="Times New Roman" fontSize="13.0" bold="true"/>
                </Word>
                <Word id="w_w2aab1b3b2b1b1ac23" language="English" custom="readingOrder {index:2;}">
                    <Coords points="769,2760 1176,2760 1176,2815 769,2815"/>
                    <TextEquiv>
                        <Unicode>CORRESPONDRE</Unicode>
                    </TextEquiv>
                    <TextStyle fontFamily="Times New Roman" fontSize="13.0" bold="true"/>
                </Word>
                <TextEquiv>
                    <Unicode>MANIÈRE DE CORRESPONDRE</Unicode>
                </TextEquiv>
                <TextStyle fontFamily="Times New Roman" fontSize="13.0" bold="true"/>
            </TextLine>
            <TextEquiv>
                <Unicode>MANIÈRE DE CORRESPONDRE</Unicode>
            </TextEquiv>
        </TextRegion>
        <TextRegion type="paragraph" id="r_2_2" custom="readingOrder {index:12;}">
            <Coords points="351,2869 1206,2869 1206,3085 351,3085"/>
            <TextLine id="tl_48" primaryLanguage="English" custom="readingOrder {index:0;}">
                <Coords points="409,2870 1205,2870 1205,2922 409,2922"/>
                <Baseline points="409,2909 588,2910 718,2910 837,2908 1081,2907 1205,2907"/>
                <Word id="w_w2aab1b3b2b3b1ab1" language="English" custom="readingOrder {index:0;}">
                    <Coords points="409,2873 588,2873 588,2922 409,2922"/>
                    <TextEquiv>
                        <Unicode>Lorsque</Unicode>
                    </TextEquiv>
                    <TextStyle fontFamily="Times New Roman" fontSize="9.5" italic="true"/>
                </Word>
                <Word id="w_w2aab1b3b2b3b1ac17" language="English" custom="readingOrder {index:1;}">
                    <Coords points="617,2883 718,2883 718,2910 617,2910"/>
                    <TextEquiv>
                        <Unicode>vous</Unicode>
                    </TextEquiv>
                    <TextStyle fontFamily="Times New Roman" fontSize="9.5" italic="true"/>
                </Word>
                <Word id="w_w2aab1b3b2b3b1ac27" language="English" custom="readingOrder {index:2;}">
                    <Coords points="743,2882 837,2882 837,2910 743,2910"/>
                    <TextEquiv>
                        <Unicode>avez</Unicode>
                    </TextEquiv>
                    <TextStyle fontFamily="Times New Roman" fontSize="9.5" italic="true"/>
                </Word>
                <Word id="w_w2aab1b3b2b3b1ac37" language="English" custom="readingOrder {index:3;}">
                    <Coords points="864,2870 1081,2870 1081,2919 864,2919"/>
                    <TextEquiv>
                        <Unicode>remarqué</Unicode>
                    </TextEquiv>
                    <TextStyle fontFamily="Times New Roman" fontSize="9.5" italic="true"/>
                </Word>
                <Word id="w_w2aab1b3b2b3b1ac55" language="English" custom="readingOrder {index:4;}">
                    <Coords points="1105,2871 1205,2871 1205,2908 1105,2908"/>
                    <TextEquiv>
                        <Unicode>dans</Unicode>
                    </TextEquiv>
                    <TextStyle fontFamily="Times New Roman" fontSize="9.5" italic="true"/>
                </Word>
                <TextEquiv>
                    <Unicode>Lorsque vous avez remarqué dans</Unicode>
                </TextEquiv>
                <TextStyle fontFamily="Times New Roman" fontSize="9.5" italic="true"/>
            </TextLine>
            <TextLine id="tl_49" primaryLanguage="English" custom="readingOrder {index:1;}">
                <Coords points="357,2924 1205,2924 1205,2975 357,2975"/>
                <Baseline points="357,2965 390,2964 606,2963 734,2964 972,2962 1205,2960"/>
                <Word id="w_w2aab1b3b2b3b3ab1" language="English" custom="readingOrder {index:0;}">
                    <Coords points="357,2928 390,2928 390,2965 357,2965"/>
                    <TextEquiv>
                        <Unicode>le</Unicode>
                    </TextEquiv>
                    <TextStyle fontFamily="Times New Roman" fontSize="9.5" italic="true"/>
                </Word>
                <Word id="w_w2aab1b3b2b3b3ab7" language="English" custom="readingOrder {index:1;}">
                    <Coords points="435,2927 606,2927 606,2975 435,2975"/>
                    <TextEquiv>
                        <Unicode>journal</Unicode>
                    </TextEquiv>
                    <TextStyle fontFamily="Times New Roman" fontSize="9.5" italic="true"/>
                </Word>
                <Word id="w_w2aab1b3b2b3b3ac23" language="English" custom="readingOrder {index:2;}">
                    <Coords points="655,2938 734,2938 734,2964 655,2964"/>
                    <TextEquiv>
                        <Unicode>une</Unicode>
                    </TextEquiv>
                    <TextStyle fontFamily="Times New Roman" fontSize="9.5" italic="true"/>
                </Word>
                <Word id="w_w2aab1b3b2b3b3ac31" language="English" custom="readingOrder {index:3;}">
                    <Coords points="781,2936 972,2936 972,2962 781,2962"/>
                    <TextEquiv>
                        <Unicode>annonce</Unicode>
                    </TextEquiv>
                    <TextStyle fontFamily="Times New Roman" fontSize="9.5" italic="true"/>
                </Word>
                <Word id="w_w2aab1b3b2b3b3ac47" language="English" custom="readingOrder {index:4;}">
                    <Coords points="1021,2926 1205,2926 1205,2971 1021,2971"/>
                    <TextEquiv>
                        <Unicode>pouvant</Unicode>
                    </TextEquiv>
                    <TextStyle fontFamily="Times New Roman" fontSize="9.5" italic="true"/>
                </Word>
                <TextEquiv>
                    <Unicode>le journal une annonce pouvant</Unicode>
                </TextEquiv>
                <TextStyle fontFamily="Times New Roman" fontSize="9.5" italic="true"/>
            </TextLine>
            <TextLine id="tl_50" primaryLanguage="English" custom="readingOrder {index:2;}">
                <Coords points="355,2979 1205,2979 1205,3030 355,3030"/>
                <Baseline points="355,3020 456,3020 633,3018 710,3028 845,3016 1066,3016 1140,3015 1205,3014"/>
                <Word id="w_w2aab1b3b2b3b5ab1" language="English" custom="readingOrder {index:0;}">
                    <Coords points="355,2994 456,2994 456,3020 355,3020"/>
                    <TextEquiv>
                        <Unicode>vous</Unicode>
                    </TextEquiv>
                    <TextStyle fontFamily="Times New Roman" fontSize="9.5" italic="true"/>
                </Word>
                <Word id="w_w2aab1b3b2b3b5ac11" language="English" custom="readingOrder {index:1;}">
                    <Coords points="486,2982 700,2982 700,3019 486,3019"/>
                    <TextEquiv>
                        <Unicode>intéresser</Unicode>
                    </TextEquiv>
                    <TextStyle fontFamily="Times New Roman" fontSize="9.5" italic="true"/>
                </Word>
                <Word id="w_w2aab1b3b2b3b5b1b1" language="English" custom="readingOrder {index:2;}">
                    <Coords points="703,2992 710,2992 710,3028 703,3028"/>
                    <TextEquiv>
                        <Unicode>,</Unicode>
                    </TextEquiv>
                    <TextStyle fontFamily="Times New Roman" fontSize="9.0"/>
                </Word>
                <Word id="w_w2aab1b3b2b3b5b2b1" language="English" custom="readingOrder {index:3;}">
                    <Coords points="745,2990 845,2990 845,3018 745,3018"/>
                    <TextEquiv>
                        <Unicode>vous</Unicode>
                    </TextEquiv>
                    <TextStyle fontFamily="Times New Roman" fontSize="9.5" italic="true"/>
                </Word>
                <Word id="w_w2aab1b3b2b3b5b2c11" language="English" custom="readingOrder {index:4;}">
                    <Coords points="868,2979 1066,2979 1066,3027 868,3027"/>
                    <TextEquiv>
                        <Unicode>procédez</Unicode>
                    </TextEquiv>
                    <TextStyle fontFamily="Times New Roman" fontSize="9.5" italic="true"/>
                </Word>
                <Word id="w_w2aab1b3b2b3b5b2c29" language="English" custom="readingOrder {index:5;}">
                    <Coords points="1093,2979 1140,2979 1140,3015 1093,3015"/>
                    <TextEquiv>
                        <Unicode>de</Unicode>
                    </TextEquiv>
                    <TextStyle fontFamily="Times New Roman" fontSize="9.5" italic="true"/>
                </Word>
                <Word id="w_w2aab1b3b2b3b5b2c35" language="English" custom="readingOrder {index:6;}">
                    <Coords points="1170,2979 1205,2979 1205,3015 1170,3015"/>
                    <TextEquiv>
                        <Unicode>la</Unicode>
                    </TextEquiv>
                    <TextStyle fontFamily="Times New Roman" fontSize="9.5" italic="true"/>
                </Word>
                <TextEquiv>
                    <Unicode>vous intéresser, vous procédez de la</Unicode>
                </TextEquiv>
            </TextLine>
            <TextLine id="tl_51" primaryLanguage="English" custom="readingOrder {index:3;}">
                <Coords points="352,3035 721,3035 721,3084 352,3084"/>
                <Baseline points="352,3084 478,3072 687,3072 721,3071"/>
                <Word id="w_w2aab1b3b2b3b7ab1" language="English" custom="readingOrder {index:0;}">
                    <Coords points="352,3037 478,3037 478,3084 352,3084"/>
                    <TextEquiv>
                        <Unicode>façon</Unicode>
                    </TextEquiv>
                    <TextStyle fontFamily="Times New Roman" fontSize="9.5" italic="true"/>
                </Word>
                <Word id="w_w2aab1b3b2b3b7ac13" language="English" custom="readingOrder {index:1;}">
                    <Coords points="502,3036 687,3036 687,3073 502,3073"/>
                    <TextEquiv>
                        <Unicode>suivante</Unicode>
                    </TextEquiv>
                    <TextStyle fontFamily="Times New Roman" fontSize="9.5" italic="true"/>
                </Word>
                <Word id="w_w2aab1b3b2b3b7ac31" language="English" custom="readingOrder {index:2;}">
                    <Coords points="711,3047 721,3047 721,3071 711,3071"/>
                    <TextEquiv>
                        <Unicode>:</Unicode>
                    </TextEquiv>
                    <TextStyle fontFamily="Times New Roman" fontSize="9.5" italic="true"/>
                </Word>
                <TextEquiv>
                    <Unicode>façon suivante :</Unicode>
                </TextEquiv>
                <TextStyle fontFamily="Times New Roman" fontSize="9.5" italic="true"/>
            </TextLine>
            <TextEquiv>
                <Unicode>Lorsque vous avez remarqué dans
le journal une annonce pouvant
vous intéresser, vous procédez de la
façon suivante :</Unicode>
            </TextEquiv>
        </TextRegion>
        <TextRegion type="paragraph" id="r_2_3" custom="readingOrder {index:13;}">
            <Coords points="353,3080 1203,3080 1203,3292 353,3292"/>
            <TextLine id="tl_52" primaryLanguage="English" custom="readingOrder {index:0;}">
                <Coords points="405,3081 1202,3081 1202,3138 405,3138"/>
                <Baseline points="405,3127 645,3126 750,3125 790,3126 869,3125 937,3121 982,3125 1022,3126 1077,3119 1202,3123"/>
                <Word id="w_w2aab1b3b2b5b1ab1" language="English" custom="readingOrder {index:0;}">
                    <Coords points="405,3090 645,3090 645,3137 405,3137"/>
                    <TextEquiv>
                        <Unicode>Supposons</Unicode>
                    </TextEquiv>
                    <TextStyle fontFamily="Times New Roman" fontSize="9.5" italic="true"/>
                </Word>
                <Word id="w_w2aab1b3b2b5b1ac21" language="English" custom="readingOrder {index:1;}">
                    <Coords points="673,3099 750,3099 750,3137 673,3137"/>
                    <TextEquiv>
                        <Unicode>que</Unicode>
                    </TextEquiv>
                    <TextStyle fontFamily="Times New Roman" fontSize="9.5" italic="true"/>
                </Word>
                <Word id="w_w2aab1b3b2b5b1ac29" language="English" custom="readingOrder {index:2;}">
                    <Coords points="779,3082 811,3082 811,3126 779,3126"/>
                    <TextEquiv>
                        <Unicode>le</Unicode>
                    </TextEquiv>
                    <TextStyle fontFamily="Times New Roman" fontSize="9.5" italic="true"/>
                </Word>
                <Word id="w_w2aab1b3b2b5b1b1b1" language="English" custom="readingOrder {index:3;}">
                    <Coords points="835,3082 869,3082 869,3125 835,3125"/>
                    <TextEquiv>
                        <Unicode>N</Unicode>
                    </TextEquiv>
                    <TextStyle fontFamily="Times New Roman" fontSize="11.0" italic="true"/>
                </Word>
                <Word id="w_w2aab1b3b2b5b1b3b1" language="English" custom="readingOrder {index:4;}">
                    <Coords points="914,3097 937,3097 937,3121 914,3121"/>
                    <TextEquiv>
                        <Unicode>«</Unicode>
                    </TextEquiv>
                    <TextStyle fontFamily="Times New Roman" fontSize="9.0"/>
                </Word>
                <Word id="w_w2aab1b3b2b5b1b3b5" language="English" custom="readingOrder {index:5;}">
                    <Coords points="963,3082 982,3082 982,3126 963,3126"/>
                    <TextEquiv>
                        <Unicode>/</Unicode>
                    </TextEquiv>
                    <TextStyle fontFamily="Times New Roman" fontSize="9.0"/>
                </Word>
                <Word id="w_w2aab1b3b2b5b1b4b1" language="English" custom="readingOrder {index:6;}">
                    <Coords points="993,3081 1022,3081 1022,3126 993,3126"/>
                    <TextEquiv>
                        <Unicode>8</Unicode>
                    </TextEquiv>
                    <TextStyle fontFamily="Times New Roman" fontSize="11.0" italic="true"/>
                </Word>
                <Word id="w_w2aab1b3b2b5b1b6b1" language="English" custom="readingOrder {index:7;}">
                    <Coords points="1054,3094 1077,3094 1077,3123 1054,3123"/>
                    <TextEquiv>
                        <Unicode>»</Unicode>
                    </TextEquiv>
                    <TextStyle fontFamily="Times New Roman" fontSize="9.0"/>
                </Word>
                <Word id="w_w2aab1b3b2b5b1b7b1" language="English" custom="readingOrder {index:8;}">
                    <Coords points="1102,3097 1202,3097 1202,3124 1102,3124"/>
                    <TextEquiv>
                        <Unicode>vous</Unicode>
                    </TextEquiv>
                    <TextStyle fontFamily="Times New Roman" fontSize="9.5" italic="true"/>
                </Word>
                <TextEquiv>
                    <Unicode>Supposons que le N « / 8 » vous</Unicode>
                </TextEquiv>
            </TextLine>
            <TextLine id="tl_53" primaryLanguage="English" custom="readingOrder {index:1;}">
                <Coords points="355,3139 1202,3139 1202,3192 355,3192"/>
                <Baseline points="355,3182 408,3181 498,3180 617,3179 710,3188 781,3180 883,3177 1009,3179 1202,3178"/>
                <Word id="w_w2aab1b3b2b5b3ab1" language="English" custom="readingOrder {index:0;}">
                    <Coords points="355,3145 408,3145 408,3182 355,3182"/>
                    <TextEquiv>
                        <Unicode>lit</Unicode>
                    </TextEquiv>
                    <TextStyle fontFamily="Times New Roman" fontSize="9.5" italic="true"/>
                </Word>
                <Word id="w_w2aab1b3b2b5b3ab9" language="English" custom="readingOrder {index:1;}">
                    <Coords points="435,3144 498,3144 498,3181 435,3181"/>
                    <TextEquiv>
                        <Unicode>été</Unicode>
                    </TextEquiv>
                    <TextStyle fontFamily="Times New Roman" fontSize="9.5" italic="true"/>
                </Word>
                <Word id="w_w2aab1b3b2b5b3ac17" language="English" custom="readingOrder {index:2;}">
                    <Coords points="522,3143 699,3143 699,3181 522,3181"/>
                    <TextEquiv>
                        <Unicode>attribué</Unicode>
                    </TextEquiv>
                    <TextStyle fontFamily="Times New Roman" fontSize="9.5" italic="true"/>
                </Word>
                <Word id="w_w2aab1b3b2b5b3b1b1" language="English" custom="readingOrder {index:3;}">
                    <Coords points="702,3155 710,3155 710,3188 702,3188"/>
                    <TextEquiv>
                        <Unicode>,</Unicode>
                    </TextEquiv>
                    <TextStyle fontFamily="Times New Roman" fontSize="9.0"/>
                </Word>
                <Word id="w_w2aab1b3b2b5b3b2b1" language="English" custom="readingOrder {index:4;}">
                    <Coords points="744,3145 781,3145 781,3180 744,3180"/>
                    <TextEquiv>
                        <Unicode>et</Unicode>
                    </TextEquiv>
                    <TextStyle fontFamily="Times New Roman" fontSize="9.5" italic="true"/>
                </Word>
                <Word id="w_w2aab1b3b2b5b3b2b7" language="English" custom="readingOrder {index:5;}">
                    <Coords points="807,3152 883,3152 883,3189 807,3189"/>
                    <TextEquiv>
                        <Unicode>que</Unicode>
                    </TextEquiv>
                    <TextStyle fontFamily="Times New Roman" fontSize="9.5" italic="true"/>
                </Word>
                <Word id="w_w2aab1b3b2b5b3b2c15" language="English" custom="readingOrder {index:6;}">
                    <Coords points="906,3152 1009,3152 1009,3179 906,3179"/>
                    <TextEquiv>
                        <Unicode>vous</Unicode>
                    </TextEquiv>
                    <TextStyle fontFamily="Times New Roman" fontSize="9.5" italic="true"/>
                </Word>
                <Word id="w_w2aab1b3b2b5b3b2c25" language="English" custom="readingOrder {index:7;}">
                    <Coords points="1035,3139 1202,3139 1202,3178 1035,3178"/>
                    <TextEquiv>
                        <Unicode>désiriez</Unicode>
                    </TextEquiv>
                    <TextStyle fontFamily="Times New Roman" fontSize="9.5" italic="true"/>
                </Word>
                <TextEquiv>
                    <Unicode>lit été attribué, et que vous désiriez</Unicode>
                </TextEquiv>
            </TextLine>
            <TextLine id="tl_54" primaryLanguage="English" custom="readingOrder {index:2;}">
                <Coords points="354,3189 1200,3189 1200,3246 354,3246"/>
                <Baseline points="354,3236 649,3234 765,3234 800,3234 882,3233 940,3229 983,3232 1060,3227 1200,3230"/>
                <Word id="w_w2aab1b3b2b5b5ab1" language="English" custom="readingOrder {index:0;}">
                    <Coords points="354,3197 649,3197 649,3245 354,3245"/>
                    <TextEquiv>
                        <Unicode>correspondre</Unicode>
                    </TextEquiv>
                    <TextStyle fontFamily="Times New Roman" fontSize="9.5" italic="true"/>
                </Word>
                <Word id="w_w2aab1b3b2b5b5ac27" language="English" custom="readingOrder {index:1;}">
                    <Coords points="670,3208 765,3208 765,3234 670,3234"/>
                    <TextEquiv>
                        <Unicode>avec</Unicode>
                    </TextEquiv>
                    <TextStyle fontFamily="Times New Roman" fontSize="9.5" italic="true"/>
                </Word>
                <Word id="w_w2aab1b3b2b5b5ac37" language="English" custom="readingOrder {index:2;}">
                    <Coords points="789,3190 823,3190 823,3234 789,3234"/>
                    <TextEquiv>
                        <Unicode>le</Unicode>
                    </TextEquiv>
                    <TextStyle fontFamily="Times New Roman" fontSize="9.5" italic="true"/>
                </Word>
                <Word id="w_w2aab1b3b2b5b5b1b1" language="English" custom="readingOrder {index:3;}">
                    <Coords points="848,3190 897,3190 897,3233 848,3233"/>
                    <TextEquiv>
                        <Unicode>N°</Unicode>
                    </TextEquiv>
                    <TextStyle fontFamily="Times New Roman" fontSize="11.0" italic="true"/>
                </Word>
                <Word id="w_w2aab1b3b2b5b5b3b1" language="English" custom="readingOrder {index:4;}">
                    <Coords points="917,3192 940,3192 940,3232 917,3232"/>
                    <TextEquiv>
                        <Unicode>«</Unicode>
                    </TextEquiv>
                    <TextStyle fontFamily="Times New Roman" fontSize="9.0"/>
                </Word>
                <Word id="w_w2aab1b3b2b5b5b4b1" language="English" custom="readingOrder {index:5;}">
                    <Coords points="964,3191 1020,3191 1020,3234 964,3234"/>
                    <TextEquiv>
                        <Unicode>15</Unicode>
                    </TextEquiv>
                    <TextStyle fontFamily="Times New Roman" fontSize="11.0" italic="true"/>
                </Word>
                <Word id="w_w2aab1b3b2b5b5b6b1" language="English" custom="readingOrder {index:6;}">
                    <Coords points="1036,3194 1077,3194 1077,3239 1036,3239"/>
                    <TextEquiv>
                        <Unicode>»,</Unicode>
                    </TextEquiv>
                    <TextStyle fontFamily="Times New Roman" fontSize="9.0"/>
                </Word>
                <Word id="w_w2aab1b3b2b5b5b7b1" language="English" custom="readingOrder {index:7;}">
                    <Coords points="1102,3194 1200,3194 1200,3230 1102,3230"/>
                    <TextEquiv>
                        <Unicode>dont</Unicode>
                    </TextEquiv>
                    <TextStyle fontFamily="Times New Roman" fontSize="9.5" italic="true"/>
                </Word>
                <TextEquiv>
                    <Unicode>correspondre avec le N° « 15 », dont</Unicode>
                </TextEquiv>
            </TextLine>
            <TextLine id="tl_55" primaryLanguage="English" custom="readingOrder {index:3;}">
                <Coords points="355,3248 1199,3248 1199,3291 355,3291"/>
                <Baseline points="355,3289 570,3289 657,3288 730,3288 902,3286 955,3288 1080,3285 1199,3275"/>
                <Word id="w_w2aab1b3b2b5b7ab1" language="English" custom="readingOrder {index:0;}">
                    <Coords points="355,3253 570,3253 570,3289 355,3289"/>
                    <TextEquiv>
                        <Unicode>l’annonce</Unicode>
                    </TextEquiv>
                    <TextStyle fontFamily="Times New Roman" fontSize="9.5" italic="true"/>
                </Word>
                <Word id="w_w2aab1b3b2b5b7ac21" language="English" custom="readingOrder {index:1;}">
                    <Coords points="600,3253 657,3253 657,3288 600,3288"/>
                    <TextEquiv>
                        <Unicode>est</Unicode>
                    </TextEquiv>
                    <TextStyle fontFamily="Times New Roman" fontSize="9.5" italic="true"/>
                </Word>
                <Word id="w_w2aab1b3b2b5b7ac29" language="English" custom="readingOrder {index:2;}">
                    <Coords points="683,3251 730,3251 730,3289 683,3289"/>
                    <TextEquiv>
                        <Unicode>de</Unicode>
                    </TextEquiv>
                    <TextStyle fontFamily="Times New Roman" fontSize="9.5" italic="true"/>
                </Word>
                <Word id="w_w2aab1b3b2b5b7ac35" language="English" custom="readingOrder {index:3;}">
                    <Coords points="759,3252 902,3252 902,3288 759,3288"/>
                    <TextEquiv>
                        <Unicode>nature</Unicode>
                    </TextEquiv>
                    <TextStyle fontFamily="Times New Roman" fontSize="9.5" italic="true"/>
                </Word>
                <Word id="w_w2aab1b3b2b5b7ac49" language="English" custom="readingOrder {index:4;}">
                    <Coords points="933,3249 955,3249 955,3288 933,3288"/>
                    <TextEquiv>
                        <Unicode>à</Unicode>
                    </TextEquiv>
                    <TextStyle fontFamily="Times New Roman" fontSize="9.5" italic="true"/>
                </Word>
                <Word id="w_w2aab1b3b2b5b7ac53" language="English" custom="readingOrder {index:5;}">
                    <Coords points="981,3259 1080,3259 1080,3287 981,3287"/>
                    <TextEquiv>
                        <Unicode>vous</Unicode>
                    </TextEquiv>
                    <TextStyle fontFamily="Times New Roman" fontSize="9.5" italic="true"/>
                </Word>
                <Word id="w_w2aab1b3b2b5b7ac63" language="English" custom="readingOrder {index:6;}">
                    <Coords points="1106,3259 1199,3259 1199,3286 1106,3286"/>
                    <TextEquiv>
                        <Unicode>con¬</Unicode>
                    </TextEquiv>
                    <TextStyle fontFamily="Times New Roman" fontSize="9.5" italic="true"/>
                </Word>
                <TextEquiv>
                    <Unicode>l’annonce est de nature à vous con¬</Unicode>
                </TextEquiv>
                <TextStyle fontFamily="Times New Roman" fontSize="9.5" italic="true"/>
            </TextLine>
            <TextEquiv>
                <Unicode>Supposons que le N « / 8 » vous
lit été attribué, et que vous désiriez
correspondre avec le N° « 15 », dont
l’annonce est de nature à vous con¬</Unicode>
            </TextEquiv>
        </TextRegion>
        <TextRegion type="paragraph" id="r_3_1" custom="readingOrder {index:14;}">
            <Coords points="1303,220 2157,220 2157,536 1303,536"/>
            <TextLine id="tl_56" primaryLanguage="English" custom="readingOrder {index:0;}">
                <Coords points="1304,221 2152,221 2152,272 1304,272"/>
                <Baseline points="1304,262 1421,262 1451,264 1582,262 1759,261 1895,260 1972,260 2048,266 2152,259"/>
                <Word id="w_w2aab1b5b2b1b1ab1" language="English" custom="readingOrder {index:0;}">
                    <Coords points="1304,227 1421,227 1421,264 1304,264"/>
                    <TextEquiv>
                        <Unicode>venir</Unicode>
                    </TextEquiv>
                    <TextStyle fontFamily="Times New Roman" fontSize="9.5" italic="true"/>
                </Word>
                <Word id="w_w2aab1b5b2b1b1ac13" language="English" custom="readingOrder {index:1;}">
                    <Coords points="1441,238 1451,238 1451,264 1441,264"/>
                    <TextEquiv>
                        <Unicode>:</Unicode>
                    </TextEquiv>
                    <TextStyle fontFamily="Times New Roman" fontSize="9.5" italic="true"/>
                </Word>
                <Word id="w_w2aab1b5b2b1b1ac17" language="English" custom="readingOrder {index:2;}">
                    <Coords points="1476,225 1582,225 1582,263 1476,263"/>
                    <TextEquiv>
                        <Unicode>Vous</Unicode>
                    </TextEquiv>
                    <TextStyle fontFamily="Times New Roman" fontSize="9.5" italic="true"/>
                </Word>
                <Word id="w_w2aab1b5b2b1b1ac27" language="English" custom="readingOrder {index:3;}">
                    <Coords points="1605,223 1759,223 1759,262 1605,262"/>
                    <TextEquiv>
                        <Unicode>écrivez</Unicode>
                    </TextEquiv>
                    <TextStyle fontFamily="Times New Roman" fontSize="9.5" italic="true"/>
                </Word>
                <Word id="w_w2aab1b5b2b1b1ac43" language="English" custom="readingOrder {index:4;}">
                    <Coords points="1782,226 1895,226 1895,261 1782,261"/>
                    <TextEquiv>
                        <Unicode>votre</Unicode>
                    </TextEquiv>
                    <TextStyle fontFamily="Times New Roman" fontSize="9.5" italic="true"/>
                </Word>
                <Word id="w_w2aab1b5b2b1b1ac55" language="English" custom="readingOrder {index:5;}">
                    <Coords points="1920,222 2035,222 2035,260 1920,260"/>
                    <TextEquiv>
                        <Unicode>lettre</Unicode>
                    </TextEquiv>
                    <TextStyle fontFamily="Times New Roman" fontSize="9.5" italic="true"/>
                </Word>
                <Word id="w_w2aab1b5b2b1b1b1b1" language="English" custom="readingOrder {index:6;}">
                    <Coords points="2039,233 2048,233 2048,269 2039,269"/>
                    <TextEquiv>
                        <Unicode>,</Unicode>
                    </TextEquiv>
                    <TextStyle fontFamily="Times New Roman" fontSize="9.0"/>
                </Word>
                <Word id="w_w2aab1b5b2b1b1b2b1" language="English" custom="readingOrder {index:7;}">
                    <Coords points="2074,231 2152,231 2152,269 2074,269"/>
                    <TextEquiv>
                        <Unicode>que</Unicode>
                    </TextEquiv>
                    <TextStyle fontFamily="Times New Roman" fontSize="9.5" italic="true"/>
                </Word>
                <TextEquiv>
                    <Unicode>venir : Vous écrivez votre lettre, que</Unicode>
                </TextEquiv>
            </TextLine>
            <TextLine id="tl_57" primaryLanguage="English" custom="readingOrder {index:1;}">
                <Coords points="1310,272 2152,272 2152,329 1310,329"/>
                <Baseline points="1310,318 1411,319 1570,317 1636,314 1771,315 1970,313 2152,312"/>
                <Word id="w_w2aab1b5b2b1b3ab1" language="English" custom="readingOrder {index:0;}">
                    <Coords points="1310,293 1411,293 1411,319 1310,319"/>
                    <TextEquiv>
                        <Unicode>vous</Unicode>
                    </TextEquiv>
                    <TextStyle fontFamily="Times New Roman" fontSize="9.5" italic="true"/>
                </Word>
                <Word id="w_w2aab1b5b2b1b3ac11" language="English" custom="readingOrder {index:1;}">
                    <Coords points="1431,280 1570,280 1570,328 1431,328"/>
                    <TextEquiv>
                        <Unicode>signez</Unicode>
                    </TextEquiv>
                    <TextStyle fontFamily="Times New Roman" fontSize="9.5" italic="true"/>
                </Word>
                <Word id="w_w2aab1b5b2b1b3ac25" language="English" custom="readingOrder {index:2;}">
                    <Coords points="1589,280 1636,280 1636,317 1589,317"/>
                    <TextEquiv>
                        <Unicode>de</Unicode>
                    </TextEquiv>
                    <TextStyle fontFamily="Times New Roman" fontSize="9.5" italic="true"/>
                </Word>
                <Word id="w_w2aab1b5b2b1b3ac31" language="English" custom="readingOrder {index:3;}">
                    <Coords points="1658,278 1771,278 1771,316 1658,316"/>
                    <TextEquiv>
                        <Unicode>votre</Unicode>
                    </TextEquiv>
                    <TextStyle fontFamily="Times New Roman" fontSize="9.5" italic="true"/>
                </Word>
                <Word id="w_w2aab1b5b2b1b3ac43" language="English" custom="readingOrder {index:4;}">
                    <Coords points="1795,277 1970,277 1970,314 1795,314"/>
                    <TextEquiv>
                        <Unicode>numéro</Unicode>
                    </TextEquiv>
                    <TextStyle fontFamily="Times New Roman" fontSize="9.5" italic="true"/>
                </Word>
                <Word id="w_w2aab1b5b2b1b3ac57" language="English" custom="readingOrder {index:5;}">
                    <Coords points="1991,273 2152,273 2152,314 1991,314"/>
                    <TextEquiv>
                        <Unicode>d'ordre</Unicode>
                    </TextEquiv>
                    <TextStyle fontFamily="Times New Roman" fontSize="9.5" italic="true"/>
                </Word>
                <TextEquiv>
                    <Unicode>vous signez de votre numéro d'ordre</Unicode>
                </TextEquiv>
                <TextStyle fontFamily="Times New Roman" fontSize="9.5" italic="true"/>
            </TextLine>
            <TextLine id="tl_58" primaryLanguage="English" custom="readingOrder {index:2;}">
                <Coords points="1307,327 2156,327 2156,381 1307,381"/>
                <Baseline points="1307,369 1329,369 1366,374 1446,369 1498,371 1672,371 1798,369 1903,370 2156,365"/>
                <Word id="w_w2aab1b5b2b1b5ab1" language="English" custom="readingOrder {index:0;}">
                    <Coords points="1307,332 1329,332 1329,374 1307,374"/>
                    <TextEquiv>
                        <Unicode>«</Unicode>
                    </TextEquiv>
                    <TextStyle fontFamily="Times New Roman" fontSize="9.0"/>
                </Word>
                <Word id="w_w2aab1b5b2b1b5b1b1" language="English" custom="readingOrder {index:1;}">
                    <Coords points="1347,331 1406,331 1406,374 1347,374"/>
                    <TextEquiv>
                        <Unicode>18</Unicode>
                    </TextEquiv>
                    <TextStyle fontFamily="Times New Roman" fontSize="9.5" italic="true"/>
                </Word>
                <Word id="w_w2aab1b5b2b1b5b2b3" language="English" custom="readingOrder {index:2;}">
                    <Coords points="1423,335 1446,335 1446,372 1423,372"/>
                    <TextEquiv>
                        <Unicode>»</Unicode>
                    </TextEquiv>
                    <TextStyle fontFamily="Times New Roman" fontSize="9.0"/>
                </Word>
                <Word id="w_w2aab1b5b2b1b5b3b1" language="English" custom="readingOrder {index:3;}">
                    <Coords points="1463,335 1498,335 1498,371 1463,371"/>
                    <TextEquiv>
                        <Unicode>la</Unicode>
                    </TextEquiv>
                    <TextStyle fontFamily="Times New Roman" fontSize="9.5" italic="true"/>
                </Word>
                <Word id="w_w2aab1b5b2b1b5b3b7" language="English" custom="readingOrder {index:4;}">
                    <Coords points="1528,335 1672,335 1672,371 1528,371"/>
                    <TextEquiv>
                        <Unicode>mettez</Unicode>
                    </TextEquiv>
                    <TextStyle fontFamily="Times New Roman" fontSize="9.5" italic="true"/>
                </Word>
                <Word id="w_w2aab1b5b2b1b5b3c21" language="English" custom="readingOrder {index:5;}">
                    <Coords points="1697,334 1798,334 1798,369 1697,369"/>
                    <TextEquiv>
                        <Unicode>dans</Unicode>
                    </TextEquiv>
                    <TextStyle fontFamily="Times New Roman" fontSize="9.5" italic="true"/>
                </Word>
                <Word id="w_w2aab1b5b2b1b5b3c31" language="English" custom="readingOrder {index:6;}">
                    <Coords points="1825,342 1903,342 1903,370 1825,370"/>
                    <TextEquiv>
                        <Unicode>une</Unicode>
                    </TextEquiv>
                    <TextStyle fontFamily="Times New Roman" fontSize="9.5" italic="true"/>
                </Word>
                <Word id="w_w2aab1b5b2b1b5b3c39" language="English" custom="readingOrder {index:7;}">
                    <Coords points="1932,330 2156,330 2156,378 1932,378"/>
                    <TextEquiv>
                        <Unicode>enveloppe</Unicode>
                    </TextEquiv>
                    <TextStyle fontFamily="Times New Roman" fontSize="9.5" italic="true"/>
                </Word>
                <TextEquiv>
                    <Unicode>« 18 » la mettez dans une enveloppe</Unicode>
                </TextEquiv>
            </TextLine>
            <TextLine id="tl_59" primaryLanguage="English" custom="readingOrder {index:3;}">
                <Coords points="1310,383 2155,383 2155,437 1310,437"/>
                <Baseline points="1310,427 1358,427 1520,434 1627,423 1854,423 2015,422 2155,407"/>
                <Word id="w_w2aab1b5b2b1b7ab1" language="English" custom="readingOrder {index:0;}">
                    <Coords points="1310,401 1358,401 1358,427 1310,427"/>
                    <TextEquiv>
                        <Unicode>en</Unicode>
                    </TextEquiv>
                    <TextStyle fontFamily="Times New Roman" fontSize="9.5" italic="true"/>
                </Word>
                <Word id="w_w2aab1b5b2b1b7ab7" language="English" custom="readingOrder {index:1;}">
                    <Coords points="1387,391 1520,391 1520,434 1387,434"/>
                    <TextEquiv>
                        <Unicode>blanc,</Unicode>
                    </TextEquiv>
                    <TextStyle fontFamily="Times New Roman" fontSize="9.5" italic="true"/>
                </Word>
                <Word id="w_w2aab1b5b2b1b7ac21" language="English" custom="readingOrder {index:2;}">
                    <Coords points="1557,397 1627,397 1627,425 1557,425"/>
                    <TextEquiv>
                        <Unicode>sur</Unicode>
                    </TextEquiv>
                    <TextStyle fontFamily="Times New Roman" fontSize="9.5" italic="true"/>
                </Word>
                <Word id="w_w2aab1b5b2b1b7ac29" language="English" custom="readingOrder {index:3;}">
                    <Coords points="1683,387 1854,387 1854,435 1683,435"/>
                    <TextEquiv>
                        <Unicode>laquelle</Unicode>
                    </TextEquiv>
                    <TextStyle fontFamily="Times New Roman" fontSize="9.5" italic="true"/>
                </Word>
                <Word id="w_w2aab1b5b2b1b7ac47" language="English" custom="readingOrder {index:4;}">
                    <Coords points="1915,394 2015,394 2015,422 1915,422"/>
                    <TextEquiv>
                        <Unicode>vous</Unicode>
                    </TextEquiv>
                    <TextStyle fontFamily="Times New Roman" fontSize="9.5" italic="true"/>
                </Word>
                <Word id="w_w2aab1b5b2b1b7ac57" language="English" custom="readingOrder {index:5;}">
                    <Coords points="2078,384 2155,384 2155,421 2078,421"/>
                    <TextEquiv>
                        <Unicode>ins¬</Unicode>
                    </TextEquiv>
                    <TextStyle fontFamily="Times New Roman" fontSize="9.5" italic="true"/>
                </Word>
                <TextEquiv>
                    <Unicode>en blanc, sur laquelle vous ins¬</Unicode>
                </TextEquiv>
                <TextStyle fontFamily="Times New Roman" fontSize="9.5" italic="true"/>
            </TextLine>
            <TextLine id="tl_60" primaryLanguage="English" custom="readingOrder {index:4;}">
                <Coords points="1307,432 2154,432 2154,490 1307,490"/>
                <Baseline points="1307,480 1326,480 1577,475 1824,472 1953,469 2154,476"/>
                <Word id="w_w2aab1b5b2b1b9ab1" language="English" custom="readingOrder {index:0;}">
                    <Coords points="1307,437 1456,437 1456,490 1307,490"/>
                    <TextEquiv>
                        <Unicode>crivez,'</Unicode>
                    </TextEquiv>
                    <TextStyle fontFamily="Times New Roman" fontSize="9.5" italic="true"/>
                </Word>
                <Word id="w_w2aab1b5b2b1b9b1b1" language="English" custom="readingOrder {index:1;}">
                    <Coords points="1481,437 1577,437 1577,475 1481,475"/>
                    <TextEquiv>
                        <Unicode>très</Unicode>
                    </TextEquiv>
                    <TextStyle fontFamily="Times New Roman" fontSize="11.0" bold="true" italic="true"/>
                </Word>
                <Word id="w_w2aab1b5b2b1b9b1c11" language="English" custom="readingOrder {index:2;}">
                    <Coords points="1599,434 1882,434 1882,484 1599,484"/>
                    <TextEquiv>
                        <Unicode>légèrement</Unicode>
                    </TextEquiv>
                    <TextStyle fontFamily="Times New Roman" fontSize="11.0" bold="true" italic="true"/>
                </Word>
                <Word id="w_w2aab1b5b2b1b9b3b1" language="English" custom="readingOrder {index:3;}">
                    <Coords points="1904,444 1953,444 1953,470 1904,470"/>
                    <TextEquiv>
                        <Unicode>au</Unicode>
                    </TextEquiv>
                    <TextStyle fontFamily="Times New Roman" fontSize="9.0"/>
                </Word>
                <Word id="w_w2aab1b5b2b1b9b3b7" language="English" custom="readingOrder {index:4;}">
                    <Coords points="1982,442 2154,442 2154,480 1982,480"/>
                    <TextEquiv>
                        <Unicode>crayon,</Unicode>
                    </TextEquiv>
                    <TextStyle fontFamily="Times New Roman" fontSize="9.0"/>
                </Word>
                <TextEquiv>
                    <Unicode>crivez,' très légèrement au crayon,</Unicode>
                </TextEquiv>
            </TextLine>
            <TextLine id="tl_61" primaryLanguage="English" custom="readingOrder {index:5;}">
                <Coords points="1307,487 1952,487 1952,535 1307,535"/>
                <Baseline points="1307,535 1361,535 1580,534 1650,529 1698,533 1794,532 1851,533 1888,532 1952,529"/>
                <Word id="w_w2aab1b5b2b1c11ab1" language="English" custom="readingOrder {index:0;}">
                    <Coords points="1307,498 1361,498 1361,535 1307,535"/>
                    <TextEquiv>
                        <Unicode>les</Unicode>
                    </TextEquiv>
                    <TextStyle fontFamily="Times New Roman" fontSize="9.5" italic="true"/>
                </Word>
                <Word id="w_w2aab1b5b2b1c11ab9" language="English" custom="readingOrder {index:1;}">
                    <Coords points="1385,497 1580,497 1580,535 1385,535"/>
                    <TextEquiv>
                        <Unicode>numéros</Unicode>
                    </TextEquiv>
                    <TextStyle fontFamily="Times New Roman" fontSize="9.5" italic="true"/>
                </Word>
                <Word id="w_w2aab1b5b2b1c11ac25" language="English" custom="readingOrder {index:2;}">
                    <Coords points="1625,491 1650,491 1650,534 1625,534"/>
                    <TextEquiv>
                        <Unicode>«</Unicode>
                    </TextEquiv>
                    <TextStyle fontFamily="Times New Roman" fontSize="9.5" italic="true"/>
                </Word>
                <Word id="w_w2aab1b5b2b1c11b1b1" language="English" custom="readingOrder {index:3;}">
                    <Coords points="1678,490 1738,490 1738,533 1678,533"/>
                    <TextEquiv>
                        <Unicode>18</Unicode>
                    </TextEquiv>
                    <TextStyle fontFamily="Times New Roman" fontSize="11.0" bold="true" italic="true"/>
                </Word>
                <Word id="w_w2aab1b5b2b1c11b2b3" language="English" custom="readingOrder {index:4;}">
                    <Coords points="1765,488 1794,488 1794,532 1765,532"/>
                    <TextEquiv>
                        <Unicode>à</Unicode>
                    </TextEquiv>
                    <TextStyle fontFamily="Times New Roman" fontSize="10.0" bold="true" italic="true"/>
                </Word>
                <Word id="w_w2aab1b5b2b1c11b3b3" language="English" custom="readingOrder {index:5;}">
                    <Coords points="1832,490 1851,490 1851,533 1832,533"/>
                    <TextEquiv>
                        <Unicode>/</Unicode>
                    </TextEquiv>
                    <TextStyle fontFamily="Times New Roman" fontSize="10.0"/>
                </Word>
                <Word id="w_w2aab1b5b2b1c11b4b1" language="English" custom="readingOrder {index:6;}">
                    <Coords points="1864,492 1888,492 1888,532 1864,532"/>
                    <TextEquiv>
                        <Unicode>à</Unicode>
                    </TextEquiv>
                    <TextStyle fontFamily="Times New Roman" fontSize="10.0" bold="true" italic="true"/>
                </Word>
                <Word id="w_w2aab1b5b2b1c11b6b1" language="English" custom="readingOrder {index:7;}">
                    <Coords points="1913,502 1952,502 1952,529 1913,529"/>
                    <TextEquiv>
                        <Unicode>».</Unicode>
                    </TextEquiv>
                    <TextStyle fontFamily="Times New Roman" fontSize="9.0"/>
                </Word>
                <TextEquiv>
                    <Unicode>les numéros « 18 à / à ».</Unicode>
                </TextEquiv>
            </TextLine>
            <TextEquiv>
                <Unicode>venir : Vous écrivez votre lettre, que
vous signez de votre numéro d'ordre
« 18 » la mettez dans une enveloppe
en blanc, sur laquelle vous ins¬
crivez,' très légèrement au crayon,
les numéros « 18 à / à ».</Unicode>
            </TextEquiv>
        </TextRegion>
        <TextRegion type="paragraph" id="r_3_2" custom="readingOrder {index:15;}">
            <Coords points="1303,563 2150,563 2150,781 1303,781"/>
            <TextLine id="tl_62" primaryLanguage="English" custom="readingOrder {index:0;}">
                <Coords points="1357,564 2146,564 2146,616 1357,616"/>
                <Baseline points="1357,616 1467,606 1558,604 1668,605 1926,601 1961,609 2046,601 2146,599"/>
                <Word id="w_w2aab1b5b2b3b1ab1" language="English" custom="readingOrder {index:0;}">
                    <Coords points="1357,569 1467,569 1467,616 1357,616"/>
                    <TextEquiv>
                        <Unicode>(Ceci</Unicode>
                    </TextEquiv>
                    <TextStyle fontFamily="Times New Roman" fontSize="9.5" italic="true"/>
                </Word>
                <Word id="w_w2aab1b5b2b3b1ac13" language="English" custom="readingOrder {index:1;}">
                    <Coords points="1502,570 1558,570 1558,606 1502,606"/>
                    <TextEquiv>
                        <Unicode>est</Unicode>
                    </TextEquiv>
                    <TextStyle fontFamily="Times New Roman" fontSize="9.5" italic="true"/>
                </Word>
                <Word id="w_w2aab1b5b2b3b1ac21" language="English" custom="readingOrder {index:2;}">
                    <Coords points="1591,567 1668,567 1668,605 1591,605"/>
                    <TextEquiv>
                        <Unicode>très</Unicode>
                    </TextEquiv>
                    <TextStyle fontFamily="Times New Roman" fontSize="9.5" italic="true"/>
                </Word>
                <Word id="w_w2aab1b5b2b3b1ac31" language="English" custom="readingOrder {index:3;}">
                    <Coords points="1694,567 1926,567 1926,614 1694,614"/>
                    <TextEquiv>
                        <Unicode>important</Unicode>
                    </TextEquiv>
                    <TextStyle fontFamily="Times New Roman" fontSize="9.5" italic="true"/>
                </Word>
                <Word id="w_w2aab1b5b2b3b1ac51" language="English" custom="readingOrder {index:4;}">
                    <Coords points="1945,576 1961,576 1961,609 1945,609"/>
                    <TextEquiv>
                        <Unicode>;</Unicode>
                    </TextEquiv>
                    <TextStyle fontFamily="Times New Roman" fontSize="9.5" italic="true"/>
                </Word>
                <Word id="w_w2aab1b5b2b3b1ac55" language="English" custom="readingOrder {index:5;}">
                    <Coords points="1997,576 2046,576 2046,601 1997,601"/>
                    <TextEquiv>
                        <Unicode>ne</Unicode>
                    </TextEquiv>
                    <TextStyle fontFamily="Times New Roman" fontSize="9.5" italic="true"/>
                </Word>
                <Word id="w_w2aab1b5b2b3b1ac61" language="English" custom="readingOrder {index:6;}">
                    <Coords points="2075,574 2146,574 2146,611 2075,611"/>
                    <TextEquiv>
                        <Unicode>pas</Unicode>
                    </TextEquiv>
                    <TextStyle fontFamily="Times New Roman" fontSize="9.5" italic="true"/>
                </Word>
                <TextEquiv>
                    <Unicode>(Ceci est très important ; ne pas</Unicode>
                </TextEquiv>
                <TextStyle fontFamily="Times New Roman" fontSize="9.5" italic="true"/>
            </TextLine>
            <TextLine id="tl_63" primaryLanguage="English" custom="readingOrder {index:1;}">
                <Coords points="1310,616 2149,616 2149,669 1310,669"/>
                <Baseline points="1310,665 1408,661 1566,659 1635,659 1831,659 2053,666 2149,653"/>
                <Word id="w_w2aab1b5b2b3b3ab1" language="English" custom="readingOrder {index:0;}">
                    <Coords points="1310,624 1408,624 1408,665 1310,665"/>
                    <TextEquiv>
                        <Unicode>faire</Unicode>
                    </TextEquiv>
                    <TextStyle fontFamily="Times New Roman" fontSize="9.5" italic="true"/>
                </Word>
                <Word id="w_w2aab1b5b2b3b3ac13" language="English" custom="readingOrder {index:1;}">
                    <Coords points="1428,634 1566,634 1566,660 1428,660"/>
                    <TextEquiv>
                        <Unicode>erreur</Unicode>
                    </TextEquiv>
                    <TextStyle fontFamily="Times New Roman" fontSize="9.5" italic="true"/>
                </Word>
                <Word id="w_w2aab1b5b2b3b3ac27" language="English" custom="readingOrder {index:2;}">
                    <Coords points="1586,634 1635,634 1635,660 1586,660"/>
                    <TextEquiv>
                        <Unicode>en</Unicode>
                    </TextEquiv>
                    <TextStyle fontFamily="Times New Roman" fontSize="9.5" italic="true"/>
                </Word>
                <Word id="w_w2aab1b5b2b3b3ac33" language="English" custom="readingOrder {index:3;}">
                    <Coords points="1658,623 1831,623 1831,659 1658,659"/>
                    <TextEquiv>
                        <Unicode>mettant</Unicode>
                    </TextEquiv>
                    <TextStyle fontFamily="Times New Roman" fontSize="9.5" italic="true"/>
                </Word>
                <Word id="w_w2aab1b5b2b3b3ac49" language="English" custom="readingOrder {index:4;}">
                    <Coords points="1853,618 2053,618 2053,666 1853,666"/>
                    <TextEquiv>
                        <Unicode>l’inverse,</Unicode>
                    </TextEquiv>
                    <TextStyle fontFamily="Times New Roman" fontSize="9.5" italic="true"/>
                </Word>
                <Word id="w_w2aab1b5b2b3b3ac71" language="English" custom="readingOrder {index:5;}">
                    <Coords points="2080,628 2149,628 2149,655 2080,655"/>
                    <TextEquiv>
                        <Unicode>car</Unicode>
                    </TextEquiv>
                    <TextStyle fontFamily="Times New Roman" fontSize="9.5" italic="true"/>
                </Word>
                <TextEquiv>
                    <Unicode>faire erreur en mettant l’inverse, car</Unicode>
                </TextEquiv>
                <TextStyle fontFamily="Times New Roman" fontSize="9.5" italic="true"/>
            </TextLine>
            <TextLine id="tl_64" primaryLanguage="English" custom="readingOrder {index:2;}">
                <Coords points="1306,672 2146,672 2146,726 1306,726"/>
                <Baseline points="1306,716 1572,714 1807,712 2062,710 2146,709"/>
                <Word id="w_w2aab1b5b2b3b5ab1" language="English" custom="readingOrder {index:0;}">
                    <Coords points="1306,676 1572,676 1572,726 1306,726"/>
                    <TextEquiv>
                        <Unicode>l'expéditeur</Unicode>
                    </TextEquiv>
                    <TextStyle fontFamily="Times New Roman" fontSize="9.5" italic="true"/>
                </Word>
                <Word id="w_w2aab1b5b2b3b5ac27" language="English" custom="readingOrder {index:1;}">
                    <Coords points="1612,676 1807,676 1807,713 1612,713"/>
                    <TextEquiv>
                        <Unicode>recevrait</Unicode>
                    </TextEquiv>
                    <TextStyle fontFamily="Times New Roman" fontSize="9.5" italic="true"/>
                </Word>
                <Word id="w_w2aab1b5b2b3b5ac47" language="English" custom="readingOrder {index:2;}">
                    <Coords points="1849,673 2062,673 2062,712 1849,712"/>
                    <TextEquiv>
                        <Unicode>lui-même</Unicode>
                    </TextEquiv>
                    <TextStyle fontFamily="Times New Roman" fontSize="9.5" italic="true"/>
                </Word>
                <Word id="w_w2aab1b5b2b3b5ac65" language="English" custom="readingOrder {index:3;}">
                    <Coords points="2102,683 2146,683 2146,709 2102,709"/>
                    <TextEquiv>
                        <Unicode>sa</Unicode>
                    </TextEquiv>
                    <TextStyle fontFamily="Times New Roman" fontSize="9.5" italic="true"/>
                </Word>
                <TextEquiv>
                    <Unicode>l'expéditeur recevrait lui-même sa</Unicode>
                </TextEquiv>
                <TextStyle fontFamily="Times New Roman" fontSize="9.5" italic="true"/>
            </TextLine>
            <TextLine id="tl_65" primaryLanguage="English" custom="readingOrder {index:3;}">
                <Coords points="1304,730 1626,730 1626,780 1304,780"/>
                <Baseline points="1305,779 1454,769 1626,777"/>
                <Word id="w_w2aab1b5b2b3b7ab1" language="English" custom="readingOrder {index:0;}">
                    <Coords points="1305,743 1454,743 1454,780 1305,780"/>
                    <TextEquiv>
                        <Unicode>propre</Unicode>
                    </TextEquiv>
                    <TextStyle fontFamily="Times New Roman" fontSize="9.5" italic="true"/>
                </Word>
                <Word id="w_w2aab1b5b2b3b7ac15" language="English" custom="readingOrder {index:1;}">
                    <Coords points="1477,730 1626,730 1626,777 1477,777"/>
                    <TextEquiv>
                        <Unicode>lettre.)</Unicode>
                    </TextEquiv>
                    <TextStyle fontFamily="Times New Roman" fontSize="9.5" italic="true"/>
                </Word>
                <TextEquiv>
                    <Unicode>propre lettre.)</Unicode>
                </TextEquiv>
                <TextStyle fontFamily="Times New Roman" fontSize="9.5" italic="true"/>
            </TextLine>
            <TextEquiv>
                <Unicode>(Ceci est très important ; ne pas
faire erreur en mettant l’inverse, car
l'expéditeur recevrait lui-même sa
propre lettre.)</Unicode>
            </TextEquiv>
        </TextRegion>
        <TextRegion type="paragraph" id="r_3_3" custom="readingOrder {index:16;}">
            <Coords points="1300,798 2151,798 2151,961 1300,961"/>
            <TextLine id="tl_66" primaryLanguage="English" custom="readingOrder {index:0;}">
                <Coords points="1347,799 2150,799 2150,851 1347,851"/>
                <Baseline points="1347,841 1386,840 1513,840 1694,840 2024,836 2150,835"/>
                <Word id="w_w2aab1b5b2b5b1ab1" language="English" custom="readingOrder {index:0;}">
                    <Coords points="1347,805 1386,805 1386,841 1347,841"/>
                    <TextEquiv>
                        <Unicode>Si</Unicode>
                    </TextEquiv>
                    <TextStyle fontFamily="Times New Roman" fontSize="9.0"/>
                </Word>
                <Word id="w_w2aab1b5b2b5b1ab7" language="English" custom="readingOrder {index:1;}">
                    <Coords points="1408,814 1513,814 1513,841 1408,841"/>
                    <TextEquiv>
                        <Unicode>vous</Unicode>
                    </TextEquiv>
                    <TextStyle fontFamily="Times New Roman" fontSize="9.0"/>
                </Word>
                <Word id="w_w2aab1b5b2b5b1ac17" language="English" custom="readingOrder {index:2;}">
                    <Coords points="1531,803 1694,803 1694,841 1531,841"/>
                    <TextEquiv>
                        <Unicode>désirez</Unicode>
                    </TextEquiv>
                    <TextStyle fontFamily="Times New Roman" fontSize="9.0"/>
                </Word>
                <Word id="w_w2aab1b5b2b5b1ac33" language="English" custom="readingOrder {index:3;}">
                    <Coords points="1715,800 2024,800 2024,849 1715,849"/>
                    <TextEquiv>
                        <Unicode>correspondre</Unicode>
                    </TextEquiv>
                    <TextStyle fontFamily="Times New Roman" fontSize="9.0"/>
                </Word>
                <Word id="w_w2aab1b5b2b5b1ac59" language="English" custom="readingOrder {index:4;}">
                    <Coords points="2047,809 2150,809 2150,837 2047,837"/>
                    <TextEquiv>
                        <Unicode>avec</Unicode>
                    </TextEquiv>
                    <TextStyle fontFamily="Times New Roman" fontSize="9.0"/>
                </Word>
                <TextEquiv>
                    <Unicode>Si vous désirez correspondre avec</Unicode>
                </TextEquiv>
                <TextStyle fontFamily="Times New Roman" fontSize="9.0"/>
            </TextLine>
            <TextLine id="tl_67" primaryLanguage="English" custom="readingOrder {index:1;}">
                <Coords points="1303,853 2150,853 2150,905 1303,905"/>
                <Baseline points="1303,905 1517,894 1738,893 1878,892 2078,890 2150,889"/>
                <Word id="w_w2aab1b5b2b5b3ab1" language="English" custom="readingOrder {index:0;}">
                    <Coords points="1303,859 1517,859 1517,905 1303,905"/>
                    <TextEquiv>
                        <Unicode>plusieurs</Unicode>
                    </TextEquiv>
                    <TextStyle fontFamily="Times New Roman" fontSize="9.0"/>
                </Word>
                <Word id="w_w2aab1b5b2b5b3ac21" language="English" custom="readingOrder {index:1;}">
                    <Coords points="1550,857 1738,857 1738,895 1550,895"/>
                    <TextEquiv>
                        <Unicode>abonnés</Unicode>
                    </TextEquiv>
                    <TextStyle fontFamily="Times New Roman" fontSize="9.0"/>
                </Word>
                <Word id="w_w2aab1b5b2b5b3ac37" language="English" custom="readingOrder {index:2;}">
                    <Coords points="1768,866 1878,866 1878,894 1768,894"/>
                    <TextEquiv>
                        <Unicode>vous</Unicode>
                    </TextEquiv>
                    <TextStyle fontFamily="Times New Roman" fontSize="9.0"/>
                </Word>
                <Word id="w_w2aab1b5b2b5b3ac47" language="English" custom="readingOrder {index:3;}">
                    <Coords points="1910,855 2078,855 2078,901 1910,901"/>
                    <TextEquiv>
                        <Unicode>répétez</Unicode>
                    </TextEquiv>
                    <TextStyle fontFamily="Times New Roman" fontSize="9.0"/>
                </Word>
                <Word id="w_w2aab1b5b2b5b3ac63" language="English" custom="readingOrder {index:4;}">
                    <Coords points="2111,853 2150,853 2150,890 2111,890"/>
                    <TextEquiv>
                        <Unicode>la</Unicode>
                    </TextEquiv>
                    <TextStyle fontFamily="Times New Roman" fontSize="9.0"/>
                </Word>
                <TextEquiv>
                    <Unicode>plusieurs abonnés vous répétez la</Unicode>
                </TextEquiv>
                <TextStyle fontFamily="Times New Roman" fontSize="9.0"/>
            </TextLine>
            <TextLine id="tl_68" primaryLanguage="English" custom="readingOrder {index:2;}">
                <Coords points="1301,906 2146,906 2146,960 1301,960"/>
                <Baseline points="1301,948 1439,950 1684,948 1811,946 1997,945 2146,943"/>
                <Word id="w_w2aab1b5b2b5b5ab1" language="English" custom="readingOrder {index:0;}">
                    <Coords points="1301,913 1439,913 1439,950 1301,950"/>
                    <TextEquiv>
                        <Unicode>même</Unicode>
                    </TextEquiv>
                    <TextStyle fontFamily="Times New Roman" fontSize="9.0"/>
                </Word>
                <Word id="w_w2aab1b5b2b5b5ac11" language="English" custom="readingOrder {index:1;}">
                    <Coords points="1461,911 1684,911 1684,959 1461,959"/>
                    <TextEquiv>
                        <Unicode>opération</Unicode>
                    </TextEquiv>
                    <TextStyle fontFamily="Times New Roman" fontSize="9.0"/>
                </Word>
                <Word id="w_w2aab1b5b2b5b5ac31" language="English" custom="readingOrder {index:2;}">
                    <Coords points="1703,921 1811,921 1811,957 1703,957"/>
                    <TextEquiv>
                        <Unicode>pour</Unicode>
                    </TextEquiv>
                    <TextStyle fontFamily="Times New Roman" fontSize="9.0"/>
                </Word>
                <Word id="w_w2aab1b5b2b5b5ac41" language="English" custom="readingOrder {index:3;}">
                    <Coords points="1832,911 1997,911 1997,947 1832,947"/>
                    <TextEquiv>
                        <Unicode>chacun</Unicode>
                    </TextEquiv>
                    <TextStyle fontFamily="Times New Roman" fontSize="9.0"/>
                </Word>
                <Word id="w_w2aab1b5b2b5b5ac55" language="English" custom="readingOrder {index:4;}">
                    <Coords points="2013,907 2146,907 2146,945 2013,945"/>
                    <TextEquiv>
                        <Unicode>d’eux.</Unicode>
                    </TextEquiv>
                    <TextStyle fontFamily="Times New Roman" fontSize="9.0"/>
                </Word>
                <TextEquiv>
                    <Unicode>même opération pour chacun d’eux.</Unicode>
                </TextEquiv>
                <TextStyle fontFamily="Times New Roman" fontSize="9.0"/>
            </TextLine>
            <TextEquiv>
                <Unicode>Si vous désirez correspondre avec
plusieurs abonnés vous répétez la
même opération pour chacun d’eux.</Unicode>
            </TextEquiv>
        </TextRegion>
        <TextRegion type="paragraph" id="r_3_4" custom="readingOrder {index:17;}">
            <Coords points="1289,974 2151,974 2151,1941 1289,1941"/>
            <TextLine id="tl_69" primaryLanguage="English" custom="readingOrder {index:0;}">
                <Coords points="1346,975 2147,975 2147,1027 1346,1027"/>
                <Baseline points="1346,1017 1440,1017 1564,1024 1702,1014 1904,1013 2054,1012 2147,1010"/>
                <Word id="w_w2aab1b5b2b7b1ab1" language="English" custom="readingOrder {index:0;}">
                    <Coords points="1346,980 1440,980 1440,1017 1346,1017"/>
                    <TextEquiv>
                        <Unicode>Cela</Unicode>
                    </TextEquiv>
                    <TextStyle fontFamily="Times New Roman" fontSize="9.0"/>
                </Word>
                <Word id="w_w2aab1b5b2b7b1ac11" language="English" custom="readingOrder {index:1;}">
                    <Coords points="1479,979 1564,979 1564,1024 1479,1024"/>
                    <TextEquiv>
                        <Unicode>fait,</Unicode>
                    </TextEquiv>
                    <TextStyle fontFamily="Times New Roman" fontSize="9.0"/>
                </Word>
                <Word id="w_w2aab1b5b2b7b1ac23" language="English" custom="readingOrder {index:2;}">
                    <Coords points="1595,988 1702,988 1702,1016 1595,1016"/>
                    <TextEquiv>
                        <Unicode>vous</Unicode>
                    </TextEquiv>
                    <TextStyle fontFamily="Times New Roman" fontSize="9.0"/>
                </Word>
                <Word id="w_w2aab1b5b2b7b1ac33" language="English" custom="readingOrder {index:3;}">
                    <Coords points="1734,977 1904,977 1904,1025 1734,1025"/>
                    <TextEquiv>
                        <Unicode>joignez</Unicode>
                    </TextEquiv>
                    <TextStyle fontFamily="Times New Roman" fontSize="9.0"/>
                </Word>
                <Word id="w_w2aab1b5b2b7b1ac49" language="English" custom="readingOrder {index:4;}">
                    <Coords points="1936,977 2054,977 2054,1012 1936,1012"/>
                    <TextEquiv>
                        <Unicode>votre</Unicode>
                    </TextEquiv>
                    <TextStyle fontFamily="Times New Roman" fontSize="9.0"/>
                </Word>
                <Word id="w_w2aab1b5b2b7b1ac61" language="English" custom="readingOrder {index:5;}">
                    <Coords points="2093,985 2147,985 2147,1012 2093,1012"/>
                    <TextEquiv>
                        <Unicode>ou</Unicode>
                    </TextEquiv>
                    <TextStyle fontFamily="Times New Roman" fontSize="9.0"/>
                </Word>
                <TextEquiv>
                    <Unicode>Cela fait, vous joignez votre ou</Unicode>
                </TextEquiv>
                <TextStyle fontFamily="Times New Roman" fontSize="9.0"/>
            </TextLine>
            <TextLine id="tl_70" primaryLanguage="English" custom="readingOrder {index:1;}">
                <Coords points="1298,1029 2150,1029 2150,1081 1298,1081"/>
                <Baseline points="1298,1071 1373,1070 1653,1069 1905,1068 1963,1066 2150,1054"/>
                <Word id="w_w2aab1b5b2b7b3ab1" language="English" custom="readingOrder {index:0;}">
                    <Coords points="1298,1044 1373,1044 1373,1071 1298,1071"/>
                    <TextEquiv>
                        <Unicode>vos</Unicode>
                    </TextEquiv>
                    <TextStyle fontFamily="Times New Roman" fontSize="9.0"/>
                </Word>
                <Word id="w_w2aab1b5b2b7b3ab9" language="English" custom="readingOrder {index:1;}">
                    <Coords points="1395,1034 1653,1034 1653,1080 1395,1080"/>
                    <TextEquiv>
                        <Unicode>enveloppes</Unicode>
                    </TextEquiv>
                    <TextStyle fontFamily="Times New Roman" fontSize="9.0"/>
                </Word>
                <Word id="w_w2aab1b5b2b7b3ac31" language="English" custom="readingOrder {index:2;}">
                    <Coords points="1675,1031 1905,1031 1905,1069 1675,1069"/>
                    <TextEquiv>
                        <Unicode>contenant</Unicode>
                    </TextEquiv>
                    <TextStyle fontFamily="Times New Roman" fontSize="9.0"/>
                </Word>
                <Word id="w_w2aab1b5b2b7b3ac51" language="English" custom="readingOrder {index:3;}">
                    <Coords points="1926,1030 1963,1030 1963,1066 1926,1066"/>
                    <TextEquiv>
                        <Unicode>la</Unicode>
                    </TextEquiv>
                    <TextStyle fontFamily="Times New Roman" fontSize="9.0"/>
                </Word>
                <Word id="w_w2aab1b5b2b7b3ac57" language="English" custom="readingOrder {index:4;}">
                    <Coords points="1984,1038 2150,1038 2150,1066 1984,1066"/>
                    <TextEquiv>
                        <Unicode>corres¬</Unicode>
                    </TextEquiv>
                    <TextStyle fontFamily="Times New Roman" fontSize="9.0"/>
                </Word>
                <TextEquiv>
                    <Unicode>vos enveloppes contenant la corres¬</Unicode>
                </TextEquiv>
                <TextStyle fontFamily="Times New Roman" fontSize="9.0"/>
            </TextLine>
            <TextLine id="tl_71" primaryLanguage="English" custom="readingOrder {index:2;}">
                <Coords points="1297,1083 2147,1083 2147,1135 1297,1135"/>
                <Baseline points="1297,1135 1516,1125 1742,1123 1863,1122 2147,1119"/>
                <Word id="w_w2aab1b5b2b7b5ab1" language="English" custom="readingOrder {index:0;}">
                    <Coords points="1297,1089 1516,1089 1516,1135 1297,1135"/>
                    <TextEquiv>
                        <Unicode>pondance</Unicode>
                    </TextEquiv>
                    <TextStyle fontFamily="Times New Roman" fontSize="9.0"/>
                </Word>
                <Word id="w_w2aab1b5b2b7b5ac19" language="English" custom="readingOrder {index:1;}">
                    <Coords points="1555,1085 1742,1085 1742,1124 1555,1124"/>
                    <TextEquiv>
                        <Unicode>destinée</Unicode>
                    </TextEquiv>
                    <TextStyle fontFamily="Times New Roman" fontSize="9.0"/>
                </Word>
                <Word id="w_w2aab1b5b2b7b5ac37" language="English" custom="readingOrder {index:2;}">
                    <Coords points="1780,1095 1863,1095 1863,1122 1780,1122"/>
                    <TextEquiv>
                        <Unicode>aux</Unicode>
                    </TextEquiv>
                    <TextStyle fontFamily="Times New Roman" fontSize="9.0"/>
                </Word>
                <Word id="w_w2aab1b5b2b7b5ac45" language="English" custom="readingOrder {index:3;}">
                    <Coords points="1912,1093 2147,1093 2147,1132 1912,1132"/>
                    <TextEquiv>
                        <Unicode>personnes</Unicode>
                    </TextEquiv>
                    <TextStyle fontFamily="Times New Roman" fontSize="9.0"/>
                </Word>
                <TextEquiv>
                    <Unicode>pondance destinée aux personnes</Unicode>
                </TextEquiv>
                <TextStyle fontFamily="Times New Roman" fontSize="9.0"/>
            </TextLine>
            <TextLine id="tl_72" primaryLanguage="English" custom="readingOrder {index:3;}">
                <Coords points="1296,1137 2148,1137 2148,1189 1296,1189"/>
                <Baseline points="1296,1180 1397,1180 1647,1179 1782,1177 1975,1174 2147,1172"/>
                <Word id="w_w2aab1b5b2b7b7ab1" language="English" custom="readingOrder {index:0;}">
                    <Coords points="1296,1153 1397,1153 1397,1180 1296,1180"/>
                    <TextEquiv>
                        <Unicode>avec</Unicode>
                    </TextEquiv>
                    <TextStyle fontFamily="Times New Roman" fontSize="9.0"/>
                </Word>
                <Word id="w_w2aab1b5b2b7b7ac11" language="English" custom="readingOrder {index:1;}">
                    <Coords points="1419,1142 1647,1142 1647,1188 1419,1188"/>
                    <TextEquiv>
                        <Unicode>lesquelles</Unicode>
                    </TextEquiv>
                    <TextStyle fontFamily="Times New Roman" fontSize="9.0"/>
                </Word>
                <Word id="w_w2aab1b5b2b7b7ac33" language="English" custom="readingOrder {index:2;}">
                    <Coords points="1673,1151 1782,1151 1782,1178 1673,1178"/>
                    <TextEquiv>
                        <Unicode>vous</Unicode>
                    </TextEquiv>
                    <TextStyle fontFamily="Times New Roman" fontSize="9.0"/>
                </Word>
                <Word id="w_w2aab1b5b2b7b7ac43" language="English" custom="readingOrder {index:3;}">
                    <Coords points="1810,1139 1975,1139 1975,1176 1810,1176"/>
                    <TextEquiv>
                        <Unicode>désirez</Unicode>
                    </TextEquiv>
                    <TextStyle fontFamily="Times New Roman" fontSize="9.0"/>
                </Word>
                <Word id="w_w2aab1b5b2b7b7ac59" language="English" custom="readingOrder {index:4;}">
                    <Coords points="2002,1140 2147,1140 2147,1174 2002,1174"/>
                    <TextEquiv>
                        <Unicode>entrer</Unicode>
                    </TextEquiv>
                    <TextStyle fontFamily="Times New Roman" fontSize="9.0"/>
                </Word>
                <TextEquiv>
                    <Unicode>avec lesquelles vous désirez entrer</Unicode>
                </TextEquiv>
                <TextStyle fontFamily="Times New Roman" fontSize="9.0"/>
            </TextLine>
            <TextLine id="tl_73" primaryLanguage="English" custom="readingOrder {index:4;}">
                <Coords points="1297,1192 2145,1192 2145,1242 1297,1242"/>
                <Baseline points="1297,1233 1347,1233 1558,1237 1594,1231 1666,1232 1864,1230 2054,1227 2145,1227"/>
                <Word id="w_w2aab1b5b2b7b9ab1" language="English" custom="readingOrder {index:0;}">
                    <Coords points="1297,1208 1347,1208 1347,1233 1297,1233"/>
                    <TextEquiv>
                        <Unicode>en</Unicode>
                    </TextEquiv>
                    <TextStyle fontFamily="Times New Roman" fontSize="9.0"/>
                </Word>
                <Word id="w_w2aab1b5b2b7b9ab7" language="English" custom="readingOrder {index:1;}">
                    <Coords points="1364,1196 1558,1196 1558,1237 1364,1237"/>
                    <TextEquiv>
                        <Unicode>relation,</Unicode>
                    </TextEquiv>
                    <TextStyle fontFamily="Times New Roman" fontSize="9.0"/>
                </Word>
                <Word id="w_w2aab1b5b2b7b9ac27" language="English" custom="readingOrder {index:2;}">
                    <Coords points="1575,1197 1594,1197 1594,1231 1575,1231"/>
                    <TextEquiv>
                        <Unicode>à</Unicode>
                    </TextEquiv>
                    <TextStyle fontFamily="Times New Roman" fontSize="9.0"/>
                </Word>
                <Word id="w_w2aab1b5b2b7b9ac31" language="English" custom="readingOrder {index:3;}">
                    <Coords points="1612,1206 1666,1206 1666,1232 1612,1232"/>
                    <TextEquiv>
                        <Unicode>un</Unicode>
                    </TextEquiv>
                    <TextStyle fontFamily="Times New Roman" fontSize="9.0"/>
                </Word>
                <Word id="w_w2aab1b5b2b7b9ac37" language="English" custom="readingOrder {index:4;}">
                    <Coords points="1685,1194 1864,1194 1864,1231 1685,1231"/>
                    <TextEquiv>
                        <Unicode>bulletin</Unicode>
                    </TextEquiv>
                    <TextStyle fontFamily="Times New Roman" fontSize="9.0"/>
                </Word>
                <Word id="w_w2aab1b5b2b7b9ac55" language="English" custom="readingOrder {index:5;}">
                    <Coords points="1881,1194 2054,1194 2054,1240 1881,1240"/>
                    <TextEquiv>
                        <Unicode>portant</Unicode>
                    </TextEquiv>
                    <TextStyle fontFamily="Times New Roman" fontSize="9.0"/>
                </Word>
                <Word id="w_w2aab1b5b2b7b9ac71" language="English" custom="readingOrder {index:6;}">
                    <Coords points="2068,1201 2145,1201 2145,1228 2068,1228"/>
                    <TextEquiv>
                        <Unicode>vos</Unicode>
                    </TextEquiv>
                    <TextStyle fontFamily="Times New Roman" fontSize="9.0"/>
                </Word>
                <TextEquiv>
                    <Unicode>en relation, à un bulletin portant vos</Unicode>
                </TextEquiv>
                <TextStyle fontFamily="Times New Roman" fontSize="9.0"/>
            </TextLine>
            <TextLine id="tl_74" primaryLanguage="English" custom="readingOrder {index:5;}">
                <Coords points="1296,1246 2145,1246 2145,1296 1296,1296"/>
                <Baseline points="1296,1287 1394,1288 1460,1288 1653,1287 1710,1275 1816,1286 1934,1284 2007,1284 2145,1283"/>
                <Word id="w_w2aab1b5b2b7c11ab1" language="English" custom="readingOrder {index:0;}">
                    <Coords points="1296,1262 1394,1262 1394,1288 1296,1288"/>
                    <TextEquiv>
                        <Unicode>nom</Unicode>
                    </TextEquiv>
                    <TextStyle fontFamily="Times New Roman" fontSize="9.0"/>
                </Word>
                <Word id="w_w2aab1b5b2b7c11ab9" language="English" custom="readingOrder {index:1;}">
                    <Coords points="1419,1253 1460,1253 1460,1288 1419,1288"/>
                    <TextEquiv>
                        <Unicode>et</Unicode>
                    </TextEquiv>
                    <TextStyle fontFamily="Times New Roman" fontSize="9.0"/>
                </Word>
                <Word id="w_w2aab1b5b2b7c11ac15" language="English" custom="readingOrder {index:2;}">
                    <Coords points="1481,1251 1653,1251 1653,1287 1481,1287"/>
                    <TextEquiv>
                        <Unicode>adresse</Unicode>
                    </TextEquiv>
                    <TextStyle fontFamily="Times New Roman" fontSize="9.0"/>
                </Word>
                <Word id="w_w2aab1b5b2b7c11ac31" language="English" custom="readingOrder {index:3;}">
                    <Coords points="1666,1257 1710,1257 1710,1287 1666,1287"/>
                    <TextEquiv>
                        <Unicode>—</Unicode>
                    </TextEquiv>
                    <TextStyle fontFamily="Times New Roman" fontSize="9.0"/>
                </Word>
                <Word id="w_w2aab1b5b2b7c11b1b1" language="English" custom="readingOrder {index:4;}">
                    <Coords points="1721,1250 1816,1250 1816,1287 1721,1287"/>
                    <TextEquiv>
                        <Unicode>ceci</Unicode>
                    </TextEquiv>
                    <TextStyle fontFamily="Times New Roman" fontSize="11.0" bold="true" italic="true"/>
                </Word>
                <Word id="w_w2aab1b5b2b7c11b1c11" language="English" custom="readingOrder {index:5;}">
                    <Coords points="1837,1247 1934,1247 1934,1294 1837,1294"/>
                    <TextEquiv>
                        <Unicode>afin</Unicode>
                    </TextEquiv>
                    <TextStyle fontFamily="Times New Roman" fontSize="11.0" bold="true" italic="true"/>
                </Word>
                <Word id="w_w2aab1b5b2b7c11b1c21" language="English" custom="readingOrder {index:6;}">
                    <Coords points="1955,1248 2007,1248 2007,1284 1955,1284"/>
                    <TextEquiv>
                        <Unicode>de</Unicode>
                    </TextEquiv>
                    <TextStyle fontFamily="Times New Roman" fontSize="11.0" bold="true" italic="true"/>
                </Word>
                <Word id="w_w2aab1b5b2b7c11b1c27" language="English" custom="readingOrder {index:7;}">
                    <Coords points="2027,1253 2145,1253 2145,1283 2027,1283"/>
                    <TextEquiv>
                        <Unicode>nous</Unicode>
                    </TextEquiv>
                    <TextStyle fontFamily="Times New Roman" fontSize="11.0" bold="true" italic="true"/>
                </Word>
                <TextEquiv>
                    <Unicode>nom et adresse — ceci afin de nous</Unicode>
                </TextEquiv>
            </TextLine>
            <TextLine id="tl_75" primaryLanguage="English" custom="readingOrder {index:6;}">
                <Coords points="1292,1298 2142,1298 2142,1351 1292,1351"/>
                <Baseline points="1292,1351 1558,1342 1646,1342 1875,1339 2142,1324"/>
                <Word id="w_w2aab1b5b2b7c13ab1" language="English" custom="readingOrder {index:0;}">
                    <Coords points="1292,1304 1558,1304 1558,1351 1292,1351"/>
                    <TextEquiv>
                        <Unicode>permettre</Unicode>
                    </TextEquiv>
                    <TextStyle fontFamily="Times New Roman" fontSize="11.0" bold="true" italic="true"/>
                </Word>
                <Word id="w_w2aab1b5b2b7c13ac21" language="English" custom="readingOrder {index:1;}">
                    <Coords points="1594,1305 1646,1305 1646,1342 1594,1342"/>
                    <TextEquiv>
                        <Unicode>de</Unicode>
                    </TextEquiv>
                    <TextStyle fontFamily="Times New Roman" fontSize="11.0" bold="true" italic="true"/>
                </Word>
                <Word id="w_w2aab1b5b2b7c13ac27" language="English" custom="readingOrder {index:2;}">
                    <Coords points="1683,1302 1875,1302 1875,1348 1683,1348"/>
                    <TextEquiv>
                        <Unicode>vérifier</Unicode>
                    </TextEquiv>
                    <TextStyle fontFamily="Times New Roman" fontSize="11.0" bold="true" italic="true"/>
                </Word>
                <Word id="w_w2aab1b5b2b7c13ac45" language="English" custom="readingOrder {index:3;}">
                    <Coords points="1913,1299 2142,1299 2142,1339 1913,1339"/>
                    <TextEquiv>
                        <Unicode>l'authen¬</Unicode>
                    </TextEquiv>
                    <TextStyle fontFamily="Times New Roman" fontSize="11.0" bold="true" italic="true"/>
                </Word>
                <TextEquiv>
                    <Unicode>permettre de vérifier l'authen¬</Unicode>
                </TextEquiv>
                <TextStyle fontFamily="Times New Roman" fontSize="11.0" bold="true" italic="true"/>
            </TextLine>
            <TextLine id="tl_76" primaryLanguage="English" custom="readingOrder {index:7;}">
                <Coords points="1295,1354 2142,1354 2142,1403 1295,1403"/>
                <Baseline points="1295,1397 1429,1397 1522,1397 1791,1394 1910,1381 1979,1390 2142,1379"/>
                <Word id="w_w2aab1b5b2b7c15ab1" language="English" custom="readingOrder {index:0;}">
                    <Coords points="1295,1359 1429,1359 1429,1398 1295,1398"/>
                    <TextEquiv>
                        <Unicode>ticité</Unicode>
                    </TextEquiv>
                    <TextStyle fontFamily="Times New Roman" fontSize="11.0" bold="true" italic="true"/>
                </Word>
                <Word id="w_w2aab1b5b2b7c15ac15" language="English" custom="readingOrder {index:1;}">
                    <Coords points="1447,1359 1522,1359 1522,1397 1447,1397"/>
                    <TextEquiv>
                        <Unicode>des</Unicode>
                    </TextEquiv>
                    <TextStyle fontFamily="Times New Roman" fontSize="11.0" bold="true" italic="true"/>
                </Word>
                <Word id="w_w2aab1b5b2b7c15ac23" language="English" custom="readingOrder {index:2;}">
                    <Coords points="1543,1356 1845,1356 1845,1402 1543,1402"/>
                    <TextEquiv>
                        <Unicode>expéditeurs</Unicode>
                    </TextEquiv>
                    <TextStyle fontFamily="Times New Roman" fontSize="11.0" bold="true" italic="true"/>
                </Word>
                <Word id="w_w2aab1b5b2b7c15b2b1" language="English" custom="readingOrder {index:3;}">
                    <Coords points="1864,1376 1910,1376 1910,1381 1864,1381"/>
                    <TextEquiv>
                        <Unicode>—</Unicode>
                    </TextEquiv>
                    <TextStyle fontFamily="Times New Roman" fontSize="9.0"/>
                </Word>
                <Word id="w_w2aab1b5b2b7c15b2b5" language="English" custom="readingOrder {index:4;}">
                    <Coords points="1937,1356 1979,1356 1979,1391 1937,1391"/>
                    <TextEquiv>
                        <Unicode>et</Unicode>
                    </TextEquiv>
                    <TextStyle fontFamily="Times New Roman" fontSize="9.0"/>
                </Word>
                <Word id="w_w2aab1b5b2b7c15b2c11" language="English" custom="readingOrder {index:5;}">
                    <Coords points="1999,1355 2142,1355 2142,1390 1999,1390"/>
                    <TextEquiv>
                        <Unicode>conte¬</Unicode>
                    </TextEquiv>
                    <TextStyle fontFamily="Times New Roman" fontSize="9.0"/>
                </Word>
                <TextEquiv>
                    <Unicode>ticité des expéditeurs — et conte¬</Unicode>
                </TextEquiv>
            </TextLine>
            <TextLine id="tl_77" primaryLanguage="English" custom="readingOrder {index:8;}">
                <Coords points="1295,1407 2143,1407 2143,1451 1295,1451"/>
                <Baseline points="1295,1449 1398,1450 1448,1449 1640,1448 1875,1446 1945,1445 2143,1433"/>
                <Word id="w_w2aab1b5b2b7c17ab1" language="English" custom="readingOrder {index:0;}">
                    <Coords points="1295,1416 1398,1416 1398,1450 1295,1450"/>
                    <TextEquiv>
                        <Unicode>nant</Unicode>
                    </TextEquiv>
                    <TextStyle fontFamily="Times New Roman" fontSize="9.0"/>
                </Word>
                <Word id="w_w2aab1b5b2b7c17ac11" language="English" custom="readingOrder {index:1;}">
                    <Coords points="1416,1414 1448,1414 1448,1449 1416,1449"/>
                    <TextEquiv>
                        <Unicode>la</Unicode>
                    </TextEquiv>
                    <TextStyle fontFamily="Times New Roman" fontSize="9.0"/>
                </Word>
                <Word id="w_w2aab1b5b2b7c17ac17" language="English" custom="readingOrder {index:2;}">
                    <Coords points="1473,1422 1640,1422 1640,1450 1473,1450"/>
                    <TextEquiv>
                        <Unicode>somme</Unicode>
                    </TextEquiv>
                    <TextStyle fontFamily="Times New Roman" fontSize="9.0"/>
                </Word>
                <Word id="w_w2aab1b5b2b7c17ac29" language="English" custom="readingOrder {index:3;}">
                    <Coords points="1662,1409 1900,1409 1900,1448 1662,1448"/>
                    <TextEquiv>
                        <Unicode>nécessaire</Unicode>
                    </TextEquiv>
                    <TextStyle fontFamily="Times New Roman" fontSize="9.0"/>
                </Word>
                <Word id="w_w2aab1b5b2b7c17b1b1" language="English" custom="readingOrder {index:4;}">
                    <Coords points="1922,1409 1945,1409 1945,1445 1922,1445"/>
                    <TextEquiv>
                        <Unicode>h</Unicode>
                    </TextEquiv>
                    <TextStyle fontFamily="Times New Roman" fontSize="9.5" italic="true"/>
                </Word>
                <Word id="w_w2aab1b5b2b7c17b2b3" language="English" custom="readingOrder {index:5;}">
                    <Coords points="1968,1408 2143,1408 2143,1444 1968,1444"/>
                    <TextEquiv>
                        <Unicode>l’affran¬</Unicode>
                    </TextEquiv>
                    <TextStyle fontFamily="Times New Roman" fontSize="9.0"/>
                </Word>
                <TextEquiv>
                    <Unicode>nant la somme nécessaire h l’affran¬</Unicode>
                </TextEquiv>
            </TextLine>
            <TextLine id="tl_78" primaryLanguage="English" custom="readingOrder {index:9;}">
                <Coords points="1294,1462 2141,1462 2141,1512 1294,1512"/>
                <Baseline points="1294,1504 1552,1504 1638,1503 1716,1501 2141,1498"/>
                <Word id="w_w2aab1b5b2b7c19ab1" language="English" custom="readingOrder {index:0;}">
                    <Coords points="1294,1468 1552,1468 1552,1505 1294,1505"/>
                    <TextEquiv>
                        <Unicode>chissement</Unicode>
                    </TextEquiv>
                    <TextStyle fontFamily="Times New Roman" fontSize="9.0"/>
                </Word>
                <Word id="w_w2aab1b5b2b7c19ac23" language="English" custom="readingOrder {index:1;}">
                    <Coords points="1590,1467 1638,1467 1638,1503 1590,1503"/>
                    <TextEquiv>
                        <Unicode>de</Unicode>
                    </TextEquiv>
                    <TextStyle fontFamily="Times New Roman" fontSize="9.0"/>
                </Word>
                <Word id="w_w2aab1b5b2b7c19ac29" language="English" custom="readingOrder {index:2;}">
                    <Coords points="1678,1466 1716,1466 1716,1501 1678,1501"/>
                    <TextEquiv>
                        <Unicode>la</Unicode>
                    </TextEquiv>
                    <TextStyle fontFamily="Times New Roman" fontSize="9.0"/>
                </Word>
                <Word id="w_w2aab1b5b2b7c19ac35" language="English" custom="readingOrder {index:3;}">
                    <Coords points="1771,1463 2141,1463 2141,1509 1771,1509"/>
                    <TextEquiv>
                        <Unicode>correspondance</Unicode>
                    </TextEquiv>
                    <TextStyle fontFamily="Times New Roman" fontSize="9.0"/>
                </Word>
                <TextEquiv>
                    <Unicode>chissement de la correspondance</Unicode>
                </TextEquiv>
                <TextStyle fontFamily="Times New Roman" fontSize="9.0"/>
            </TextLine>
            <TextLine id="tl_79" primaryLanguage="English" custom="readingOrder {index:10;}">
                <Coords points="1293,1515 2141,1515 2141,1569 1293,1569"/>
                <Baseline points="1293,1569 1376,1559 1522,1557 1664,1557 1877,1555 2016,1552 2141,1552"/>
                <Word id="w_w2aab1b5b2b7c21ab1" language="English" custom="readingOrder {index:0;}">
                    <Coords points="1293,1533 1376,1533 1376,1569 1293,1569"/>
                    <TextEquiv>
                        <Unicode>que</Unicode>
                    </TextEquiv>
                    <TextStyle fontFamily="Times New Roman" fontSize="9.0"/>
                </Word>
                <Word id="w_w2aab1b5b2b7c21ab9" language="English" custom="readingOrder {index:1;}">
                    <Coords points="1417,1531 1522,1531 1522,1560 1417,1560"/>
                    <TextEquiv>
                        <Unicode>vous</Unicode>
                    </TextEquiv>
                    <TextStyle fontFamily="Times New Roman" fontSize="9.0"/>
                </Word>
                <Word id="w_w2aab1b5b2b7c21ac19" language="English" custom="readingOrder {index:2;}">
                    <Coords points="1555,1531 1664,1531 1664,1558 1555,1558"/>
                    <TextEquiv>
                        <Unicode>nous</Unicode>
                    </TextEquiv>
                    <TextStyle fontFamily="Times New Roman" fontSize="9.0"/>
                </Word>
                <Word id="w_w2aab1b5b2b7c21ac29" language="English" custom="readingOrder {index:3;}">
                    <Coords points="1691,1530 1877,1530 1877,1566 1691,1566"/>
                    <TextEquiv>
                        <Unicode>envoyez</Unicode>
                    </TextEquiv>
                    <TextStyle fontFamily="Times New Roman" fontSize="9.0"/>
                </Word>
                <Word id="w_w2aab1b5b2b7c21ac45" language="English" custom="readingOrder {index:4;}">
                    <Coords points="1908,1527 2016,1527 2016,1564 1908,1564"/>
                    <TextEquiv>
                        <Unicode>pour</Unicode>
                    </TextEquiv>
                    <TextStyle fontFamily="Times New Roman" fontSize="9.0"/>
                </Word>
                <Word id="w_w2aab1b5b2b7c21ac55" language="English" custom="readingOrder {index:5;}">
                    <Coords points="2052,1516 2141,1516 2141,1553 2052,1553"/>
                    <TextEquiv>
                        <Unicode>être</Unicode>
                    </TextEquiv>
                    <TextStyle fontFamily="Times New Roman" fontSize="9.0"/>
                </Word>
                <TextEquiv>
                    <Unicode>que vous nous envoyez pour être</Unicode>
                </TextEquiv>
                <TextStyle fontFamily="Times New Roman" fontSize="9.0"/>
            </TextLine>
            <TextLine id="tl_80" primaryLanguage="English" custom="readingOrder {index:11;}">
                <Coords points="1293,1571 2142,1571 2142,1621 1293,1621"/>
                <Baseline points="1293,1613 1535,1619 1692,1612 1899,1609 1987,1608 2142,1605"/>
                <Word id="w_w2aab1b5b2b7c23ab1" language="English" custom="readingOrder {index:0;}">
                    <Coords points="1293,1577 1535,1577 1535,1619 1293,1619"/>
                    <TextEquiv>
                        <Unicode>transmise,</Unicode>
                    </TextEquiv>
                    <TextStyle fontFamily="Times New Roman" fontSize="9.0"/>
                </Word>
                <Word id="w_w2aab1b5b2b7c23ac23" language="English" custom="readingOrder {index:1;}">
                    <Coords points="1584,1585 1692,1585 1692,1612 1584,1612"/>
                    <TextEquiv>
                        <Unicode>vous</Unicode>
                    </TextEquiv>
                    <TextStyle fontFamily="Times New Roman" fontSize="9.0"/>
                </Word>
                <Word id="w_w2aab1b5b2b7c23ac33" language="English" custom="readingOrder {index:2;}">
                    <Coords points="1744,1574 1899,1574 1899,1619 1744,1619"/>
                    <TextEquiv>
                        <Unicode>glissez</Unicode>
                    </TextEquiv>
                    <TextStyle fontFamily="Times New Roman" fontSize="9.0"/>
                </Word>
                <Word id="w_w2aab1b5b2b7c23ac49" language="English" custom="readingOrder {index:3;}">
                    <Coords points="1949,1572 1987,1572 1987,1608 1949,1608"/>
                    <TextEquiv>
                        <Unicode>le</Unicode>
                    </TextEquiv>
                    <TextStyle fontFamily="Times New Roman" fontSize="9.0"/>
                </Word>
                <Word id="w_w2aab1b5b2b7c23ac55" language="English" custom="readingOrder {index:4;}">
                    <Coords points="2050,1571 2142,1571 2142,1607 2050,1607"/>
                    <TextEquiv>
                        <Unicode>tout</Unicode>
                    </TextEquiv>
                    <TextStyle fontFamily="Times New Roman" fontSize="9.0"/>
                </Word>
                <TextEquiv>
                    <Unicode>transmise, vous glissez le tout</Unicode>
                </TextEquiv>
                <TextStyle fontFamily="Times New Roman" fontSize="9.0"/>
            </TextLine>
            <TextLine id="tl_81" primaryLanguage="English" custom="readingOrder {index:12;}">
                <Coords points="1294,1627 2142,1627 2142,1676 1294,1676"/>
                <Baseline points="1294,1667 1399,1667 1500,1667 1641,1666 1900,1664 2009,1661 2142,1660"/>
                <Word id="w_w2aab1b5b2b7c25ab1" language="English" custom="readingOrder {index:0;}">
                    <Coords points="1294,1632 1399,1632 1399,1667 1294,1667"/>
                    <TextEquiv>
                        <Unicode>dans</Unicode>
                    </TextEquiv>
                    <TextStyle fontFamily="Times New Roman" fontSize="9.0"/>
                </Word>
                <Word id="w_w2aab1b5b2b7c25ac11" language="English" custom="readingOrder {index:1;}">
                    <Coords points="1418,1640 1500,1640 1500,1668 1418,1668"/>
                    <TextEquiv>
                        <Unicode>une</Unicode>
                    </TextEquiv>
                    <TextStyle fontFamily="Times New Roman" fontSize="9.0"/>
                </Word>
                <Word id="w_w2aab1b5b2b7c25ac19" language="English" custom="readingOrder {index:2;}">
                    <Coords points="1520,1632 1641,1632 1641,1666 1520,1666"/>
                    <TextEquiv>
                        <Unicode>autre</Unicode>
                    </TextEquiv>
                    <TextStyle fontFamily="Times New Roman" fontSize="9.0"/>
                </Word>
                <Word id="w_w2aab1b5b2b7c25ac31" language="English" custom="readingOrder {index:3;}">
                    <Coords points="1663,1629 1900,1629 1900,1674 1663,1674"/>
                    <TextEquiv>
                        <Unicode>enveloppe</Unicode>
                    </TextEquiv>
                    <TextStyle fontFamily="Times New Roman" fontSize="9.0"/>
                </Word>
                <Word id="w_w2aab1b5b2b7c25ac51" language="English" custom="readingOrder {index:4;}">
                    <Coords points="1927,1636 2009,1636 2009,1673 1927,1673"/>
                    <TextEquiv>
                        <Unicode>que</Unicode>
                    </TextEquiv>
                    <TextStyle fontFamily="Times New Roman" fontSize="9.0"/>
                </Word>
                <Word id="w_w2aab1b5b2b7c25ac59" language="English" custom="readingOrder {index:5;}">
                    <Coords points="2035,1634 2142,1634 2142,1661 2035,1661"/>
                    <TextEquiv>
                        <Unicode>vous</Unicode>
                    </TextEquiv>
                    <TextStyle fontFamily="Times New Roman" fontSize="9.0"/>
                </Word>
                <TextEquiv>
                    <Unicode>dans une autre enveloppe que vous</Unicode>
                </TextEquiv>
                <TextStyle fontFamily="Times New Roman" fontSize="9.0"/>
            </TextLine>
            <TextLine id="tl_82" primaryLanguage="English" custom="readingOrder {index:13;}">
                <Coords points="1292,1678 2139,1678 2139,1730 1292,1730"/>
                <Baseline points="1292,1722 1500,1729 1825,1719 1886,1719 2104,1715 2139,1715"/>
                <Word id="w_w2aab1b5b2b7c27ab1" language="English" custom="readingOrder {index:0;}">
                    <Coords points="1292,1686 1500,1686 1500,1729 1292,1729"/>
                    <TextEquiv>
                        <Unicode>cachetez,</Unicode>
                    </TextEquiv>
                    <TextStyle fontFamily="Times New Roman" fontSize="9.0"/>
                </Word>
                <Word id="w_w2aab1b5b2b7c27ac21" language="English" custom="readingOrder {index:1;}">
                    <Coords points="1523,1683 1825,1683 1825,1721 1523,1721"/>
                    <TextEquiv>
                        <Unicode>aflranchissez</Unicode>
                    </TextEquiv>
                    <TextStyle fontFamily="Times New Roman" fontSize="9.0"/>
                </Word>
                <Word id="w_w2aab1b5b2b7c27ac49" language="English" custom="readingOrder {index:2;}">
                    <Coords points="1845,1684 1886,1684 1886,1719 1845,1719"/>
                    <TextEquiv>
                        <Unicode>et</Unicode>
                    </TextEquiv>
                    <TextStyle fontFamily="Times New Roman" fontSize="9.0"/>
                </Word>
                <Word id="w_w2aab1b5b2b7c27ac55" language="English" custom="readingOrder {index:3;}">
                    <Coords points="1907,1681 2104,1681 2104,1717 1907,1717"/>
                    <TextEquiv>
                        <Unicode>adressez</Unicode>
                    </TextEquiv>
                    <TextStyle fontFamily="Times New Roman" fontSize="9.0"/>
                </Word>
                <Word id="w_w2aab1b5b2b7c27ac73" language="English" custom="readingOrder {index:4;}">
                    <Coords points="2119,1678 2139,1678 2139,1715 2119,1715"/>
                    <TextEquiv>
                        <Unicode>à</Unicode>
                    </TextEquiv>
                    <TextStyle fontFamily="Times New Roman" fontSize="9.0"/>
                </Word>
                <TextEquiv>
                    <Unicode>cachetez, aflranchissez et adressez à</Unicode>
                </TextEquiv>
                <TextStyle fontFamily="Times New Roman" fontSize="9.0"/>
            </TextLine>
            <TextLine id="tl_83" primaryLanguage="English" custom="readingOrder {index:14;}">
                <Coords points="1291,1732 2142,1732 2142,1785 1291,1785"/>
                <Baseline points="1291,1776 1667,1775 1754,1774 1951,1769 2068,1776 2142,1769"/>
                <Word id="w_w2aab1b5b2b7c29ab1" language="English" custom="readingOrder {index:0;}">
                    <Coords points="1291,1739 1667,1739 1667,1777 1291,1777"/>
                    <TextEquiv>
                        <Unicode>l’dntermédiaire</Unicode>
                    </TextEquiv>
                    <TextStyle fontFamily="Times New Roman" fontSize="9.0"/>
                </Word>
                <Word id="w_w2aab1b5b2b7c29ac33" language="English" custom="readingOrder {index:1;}">
                    <Coords points="1701,1738 1754,1738 1754,1774 1701,1774"/>
                    <TextEquiv>
                        <Unicode>du</Unicode>
                    </TextEquiv>
                    <TextStyle fontFamily="Times New Roman" fontSize="9.0"/>
                </Word>
                <Word id="w_w2aab1b5b2b7c29ac39" language="English" custom="readingOrder {index:2;}">
                    <Coords points="1791,1738 1951,1738 1951,1783 1791,1783"/>
                    <TextEquiv>
                        <Unicode>Foyer»</Unicode>
                    </TextEquiv>
                    <TextStyle fontFamily="Times New Roman" fontSize="9.0"/>
                </Word>
                <Word id="w_w2aab1b5b2b7c29ac53" language="English" custom="readingOrder {index:3;}">
                    <Coords points="1982,1733 2068,1733 2068,1781 1982,1781"/>
                    <TextEquiv>
                        <Unicode>qui,</Unicode>
                    </TextEquiv>
                    <TextStyle fontFamily="Times New Roman" fontSize="9.0"/>
                </Word>
                <Word id="w_w2aab1b5b2b7c29ac63" language="English" custom="readingOrder {index:4;}">
                    <Coords points="2102,1733 2142,1733 2142,1769 2102,1769"/>
                    <TextEquiv>
                        <Unicode>la</Unicode>
                    </TextEquiv>
                    <TextStyle fontFamily="Times New Roman" fontSize="9.0"/>
                </Word>
                <TextEquiv>
                    <Unicode>l’dntermédiaire du Foyer» qui, la</Unicode>
                </TextEquiv>
                <TextStyle fontFamily="Times New Roman" fontSize="9.0"/>
            </TextLine>
            <TextLine id="tl_84" primaryLanguage="English" custom="readingOrder {index:15;}">
                <Coords points="1291,1787 2140,1787 2140,1838 1291,1838"/>
                <Baseline points="1291,1830 1505,1837 1695,1829 1757,1828 2034,1824 2140,1822"/>
                <Word id="w_w2aab1b5b2b7c31ab1" language="English" custom="readingOrder {index:0;}">
                    <Coords points="1291,1796 1505,1796 1505,1837 1291,1837"/>
                    <TextEquiv>
                        <Unicode>recevant,</Unicode>
                    </TextEquiv>
                    <TextStyle fontFamily="Times New Roman" fontSize="9.0"/>
                </Word>
                <Word id="w_w2aab1b5b2b7c31ac21" language="English" custom="readingOrder {index:1;}">
                    <Coords points="1547,1795 1695,1795 1695,1830 1547,1830"/>
                    <TextEquiv>
                        <Unicode>trouve</Unicode>
                    </TextEquiv>
                    <TextStyle fontFamily="Times New Roman" fontSize="9.0"/>
                </Word>
                <Word id="w_w2aab1b5b2b7c31ac35" language="English" custom="readingOrder {index:2;}">
                    <Coords points="1736,1792 1757,1792 1757,1828 1736,1828"/>
                    <TextEquiv>
                        <Unicode>à</Unicode>
                    </TextEquiv>
                    <TextStyle fontFamily="Times New Roman" fontSize="9.0"/>
                </Word>
                <Word id="w_w2aab1b5b2b7c31ac39" language="English" custom="readingOrder {index:3;}">
                    <Coords points="1801,1789 2034,1789 2034,1828 1801,1828"/>
                    <TextEquiv>
                        <Unicode>l’intérieur</Unicode>
                    </TextEquiv>
                    <TextStyle fontFamily="Times New Roman" fontSize="9.0"/>
                </Word>
                <Word id="w_w2aab1b5b2b7c31ac63" language="English" custom="readingOrder {index:4;}">
                    <Coords points="2078,1788 2140,1788 2140,1823 2078,1823"/>
                    <TextEquiv>
                        <Unicode>les</Unicode>
                    </TextEquiv>
                    <TextStyle fontFamily="Times New Roman" fontSize="9.0"/>
                </Word>
                <TextEquiv>
                    <Unicode>recevant, trouve à l’intérieur les</Unicode>
                </TextEquiv>
                <TextStyle fontFamily="Times New Roman" fontSize="9.0"/>
            </TextLine>
            <TextLine id="tl_85" primaryLanguage="English" custom="readingOrder {index:16;}">
                <Coords points="1290,1844 2139,1844 2139,1896 1290,1896"/>
                <Baseline points="1290,1884 1548,1883 1675,1883 1787,1882 2014,1879 2139,1867"/>
                <Word id="w_w2aab1b5b2b7c33ab1" language="English" custom="readingOrder {index:0;}">
                    <Coords points="1290,1850 1548,1850 1548,1896 1290,1896"/>
                    <TextEquiv>
                        <Unicode>enveloppes</Unicode>
                    </TextEquiv>
                    <TextStyle fontFamily="Times New Roman" fontSize="9.0"/>
                </Word>
                <Word id="w_w2aab1b5b2b7c33ac23" language="English" custom="readingOrder {index:1;}">
                    <Coords points="1577,1848 1675,1848 1675,1894 1577,1894"/>
                    <TextEquiv>
                        <Unicode>qu’il</Unicode>
                    </TextEquiv>
                    <TextStyle fontFamily="Times New Roman" fontSize="9.0"/>
                </Word>
                <Word id="w_w2aab1b5b2b7c33ac35" language="English" custom="readingOrder {index:2;}">
                    <Coords points="1714,1846 1787,1846 1787,1883 1714,1883"/>
                    <TextEquiv>
                        <Unicode>fait</Unicode>
                    </TextEquiv>
                    <TextStyle fontFamily="Times New Roman" fontSize="9.0"/>
                </Word>
                <Word id="w_w2aab1b5b2b7c33ac45" language="English" custom="readingOrder {index:3;}">
                    <Coords points="1813,1845 2014,1845 2014,1892 1813,1892"/>
                    <TextEquiv>
                        <Unicode>parvenir</Unicode>
                    </TextEquiv>
                    <TextStyle fontFamily="Times New Roman" fontSize="9.0"/>
                </Word>
                <Word id="w_w2aab1b5b2b7c33ac63" language="English" custom="readingOrder {index:4;}">
                    <Coords points="2041,1851 2139,1851 2139,1878 2041,1878"/>
                    <TextEquiv>
                        <Unicode>aus¬</Unicode>
                    </TextEquiv>
                    <TextStyle fontFamily="Times New Roman" fontSize="9.0"/>
                </Word>
                <TextEquiv>
                    <Unicode>enveloppes qu’il fait parvenir aus¬</Unicode>
                </TextEquiv>
                <TextStyle fontFamily="Times New Roman" fontSize="9.0"/>
            </TextLine>
            <TextLine id="tl_86" primaryLanguage="English" custom="readingOrder {index:17;}">
                <Coords points="1290,1901 1764,1901 1764,1940 1290,1940"/>
                <Baseline points="1290,1939 1395,1939 1497,1938 1764,1936"/>
                <Word id="w_w2aab1b5b2b7c35ab1" language="English" custom="readingOrder {index:0;}">
                    <Coords points="1290,1903 1395,1903 1395,1940 1290,1940"/>
                    <TextEquiv>
                        <Unicode>sitôt</Unicode>
                    </TextEquiv>
                    <TextStyle fontFamily="Times New Roman" fontSize="9.0"/>
                </Word>
                <Word id="w_w2aab1b5b2b7c35ac13" language="English" custom="readingOrder {index:1;}">
                    <Coords points="1416,1913 1497,1913 1497,1939 1416,1939"/>
                    <TextEquiv>
                        <Unicode>aux</Unicode>
                    </TextEquiv>
                    <TextStyle fontFamily="Times New Roman" fontSize="9.0"/>
                </Word>
                <Word id="w_w2aab1b5b2b7c35ac21" language="English" custom="readingOrder {index:2;}">
                    <Coords points="1519,1901 1764,1901 1764,1938 1519,1938"/>
                    <TextEquiv>
                        <Unicode>intéressés.</Unicode>
                    </TextEquiv>
                    <TextStyle fontFamily="Times New Roman" fontSize="9.0"/>
                </Word>
                <TextEquiv>
                    <Unicode>sitôt aux intéressés.</Unicode>
                </TextEquiv>
                <TextStyle fontFamily="Times New Roman" fontSize="9.0"/>
            </TextLine>
            <TextEquiv>
                <Unicode>Cela fait, vous joignez votre ou
vos enveloppes contenant la corres¬
pondance destinée aux personnes
avec lesquelles vous désirez entrer
en relation, à un bulletin portant vos
nom et adresse — ceci afin de nous
permettre de vérifier l'authen¬
ticité des expéditeurs — et conte¬
nant la somme nécessaire h l’affran¬
chissement de la correspondance
que vous nous envoyez pour être
transmise, vous glissez le tout
dans une autre enveloppe que vous
cachetez, aflranchissez et adressez à
l’dntermédiaire du Foyer» qui, la
recevant, trouve à l’intérieur les
enveloppes qu’il fait parvenir aus¬
sitôt aux intéressés.</Unicode>
            </TextEquiv>
        </TextRegion>
        <TextRegion type="paragraph" id="r_3_5" custom="readingOrder {index:18;}">
            <Coords points="1289,1963 2134,1963 2134,2457 1289,2457"/>
            <TextLine id="tl_87" primaryLanguage="English" custom="readingOrder {index:0;}">
                <Coords points="1350,1964 2133,1964 2133,2023 1350,2023"/>
                <Baseline points="1350,2011 1402,2012 1655,2010 1730,2009 1855,2010 2057,2008 2133,2007"/>
                <Word id="w_w2aab1b5b2b9b1ab1" language="English" custom="readingOrder {index:0;}">
                    <Coords points="1350,1974 1402,1974 1402,2012 1350,2012"/>
                    <TextEquiv>
                        <Unicode>La</Unicode>
                    </TextEquiv>
                    <TextStyle fontFamily="Times New Roman" fontSize="9.0"/>
                </Word>
                <Word id="w_w2aab1b5b2b9b1ab7" language="English" custom="readingOrder {index:1;}">
                    <Coords points="1435,1973 1655,1973 1655,2011 1435,2011"/>
                    <TextEquiv>
                        <Unicode>discrétion</Unicode>
                    </TextEquiv>
                    <TextStyle fontFamily="Times New Roman" fontSize="9.0"/>
                </Word>
                <Word id="w_w2aab1b5b2b9b1ac29" language="English" custom="readingOrder {index:2;}">
                    <Coords points="1692,1972 1730,1972 1730,2009 1692,2009"/>
                    <TextEquiv>
                        <Unicode>la</Unicode>
                    </TextEquiv>
                    <TextStyle fontFamily="Times New Roman" fontSize="9.0"/>
                </Word>
                <Word id="w_w2aab1b5b2b9b1ac35" language="English" custom="readingOrder {index:3;}">
                    <Coords points="1747,1966 1855,1966 1855,2021 1747,2021"/>
                    <TextEquiv>
                        <Unicode>'plus</Unicode>
                    </TextEquiv>
                    <TextStyle fontFamily="Times New Roman" fontSize="9.0"/>
                </Word>
                <Word id="w_w2aab1b5b2b9b1ac47" language="English" custom="readingOrder {index:4;}">
                    <Coords points="1893,1970 2057,1970 2057,2009 1893,2009"/>
                    <TextEquiv>
                        <Unicode>absolue</Unicode>
                    </TextEquiv>
                    <TextStyle fontFamily="Times New Roman" fontSize="9.0"/>
                </Word>
                <Word id="w_w2aab1b5b2b9b1ac63" language="English" custom="readingOrder {index:5;}">
                    <Coords points="2094,1981 2133,1981 2133,2007 2094,2007"/>
                    <TextEquiv>
                        <Unicode>se</Unicode>
                    </TextEquiv>
                    <TextStyle fontFamily="Times New Roman" fontSize="9.0"/>
                </Word>
                <TextEquiv>
                    <Unicode>La discrétion la 'plus absolue se</Unicode>
                </TextEquiv>
                <TextStyle fontFamily="Times New Roman" fontSize="9.0"/>
            </TextLine>
            <TextLine id="tl_88" primaryLanguage="English" custom="readingOrder {index:1;}">
                <Coords points="1291,2023 2133,2023 2133,2076 1291,2076"/>
                <Baseline points="1291,2066 1435,2066 1569,2066 1777,2074 2132,2062"/>
                <Word id="w_w2aab1b5b2b9b3ab1" language="English" custom="readingOrder {index:0;}">
                    <Coords points="1291,2033 1435,2033 1435,2066 1291,2066"/>
                    <TextEquiv>
                        <Unicode>trouve</Unicode>
                    </TextEquiv>
                    <TextStyle fontFamily="Times New Roman" fontSize="9.0"/>
                </Word>
                <Word id="w_w2aab1b5b2b9b3ac15" language="English" custom="readingOrder {index:1;}">
                    <Coords points="1467,2028 1569,2028 1569,2066 1467,2066"/>
                    <TextEquiv>
                        <Unicode>ainsi</Unicode>
                    </TextEquiv>
                    <TextStyle fontFamily="Times New Roman" fontSize="9.0"/>
                </Word>
                <Word id="w_w2aab1b5b2b9b3ac27" language="English" custom="readingOrder {index:2;}">
                    <Coords points="1604,2027 1777,2027 1777,2074 1604,2074"/>
                    <TextEquiv>
                        <Unicode>assurée,</Unicode>
                    </TextEquiv>
                    <TextStyle fontFamily="Times New Roman" fontSize="9.0"/>
                </Word>
                <Word id="w_w2aab1b5b2b9b3ac45" language="English" custom="readingOrder {index:3;}">
                    <Coords points="1815,2024 2132,2024 2132,2063 1815,2063"/>
                    <TextEquiv>
                        <Unicode>L’INTERESSE</Unicode>
                    </TextEquiv>
                    <TextStyle fontFamily="Times New Roman" fontSize="9.0"/>
                </Word>
                <TextEquiv>
                    <Unicode>trouve ainsi assurée, L’INTERESSE</Unicode>
                </TextEquiv>
                <TextStyle fontFamily="Times New Roman" fontSize="9.0"/>
            </TextLine>
            <TextLine id="tl_89" primaryLanguage="English" custom="readingOrder {index:2;}">
                <Coords points="1294,2078 2132,2078 2132,2121 1294,2121"/>
                <Baseline points="1294,2120 1461,2120 1648,2111 1745,2118 2019,2116 2132,2116"/>
                <Word id="w_w2aab1b5b2b9b5ab1" language="English" custom="readingOrder {index:0;}">
                    <Coords points="1294,2082 1461,2082 1461,2120 1294,2120"/>
                    <TextEquiv>
                        <Unicode>AYANT</Unicode>
                    </TextEquiv>
                    <TextStyle fontFamily="Times New Roman" fontSize="9.0"/>
                </Word>
                <Word id="w_w2aab1b5b2b9b5ac13" language="English" custom="readingOrder {index:1;}">
                    <Coords points="1507,2082 1648,2082 1648,2120 1507,2120"/>
                    <TextEquiv>
                        <Unicode>SEUL-</Unicode>
                    </TextEquiv>
                    <TextStyle fontFamily="Times New Roman" fontSize="9.0"/>
                </Word>
                <Word id="w_w2aab1b5b2b9b5ac25" language="English" custom="readingOrder {index:2;}">
                    <Coords points="1681,2081 1745,2081 1745,2119 1681,2119"/>
                    <TextEquiv>
                        <Unicode>LA</Unicode>
                    </TextEquiv>
                    <TextStyle fontFamily="Times New Roman" fontSize="9.0"/>
                </Word>
                <Word id="w_w2aab1b5b2b9b5ac31" language="English" custom="readingOrder {index:3;}">
                    <Coords points="1790,2079 2019,2079 2019,2118 1790,2118"/>
                    <TextEquiv>
                        <Unicode>FACULTE</Unicode>
                    </TextEquiv>
                    <TextStyle fontFamily="Times New Roman" fontSize="9.0"/>
                </Word>
                <Word id="w_w2aab1b5b2b9b5ac47" language="English" custom="readingOrder {index:4;}">
                    <Coords points="2066,2078 2132,2078 2132,2116 2066,2116"/>
                    <TextEquiv>
                        <Unicode>DE</Unicode>
                    </TextEquiv>
                    <TextStyle fontFamily="Times New Roman" fontSize="9.0"/>
                </Word>
                <TextEquiv>
                    <Unicode>AYANT SEUL- LA FACULTE DE</Unicode>
                </TextEquiv>
                <TextStyle fontFamily="Times New Roman" fontSize="9.0"/>
            </TextLine>
            <TextLine id="tl_90" primaryLanguage="English" custom="readingOrder {index:3;}">
                <Coords points="1294,2132 2128,2132 2128,2175 1294,2175"/>
                <Baseline points="1294,2174 1443,2175 1770,2172 1843,2172 1966,2172 2128,2160"/>
                <Word id="w_w2aab1b5b2b9b7ab1" language="English" custom="readingOrder {index:0;}">
                    <Coords points="1294,2137 1443,2137 1443,2175 1294,2175"/>
                    <TextEquiv>
                        <Unicode>FAIRE</Unicode>
                    </TextEquiv>
                    <TextStyle fontFamily="Times New Roman" fontSize="9.0"/>
                </Word>
                <Word id="w_w2aab1b5b2b9b7ac13" language="English" custom="readingOrder {index:1;}">
                    <Coords points="1481,2135 1770,2135 1770,2174 1481,2174"/>
                    <TextEquiv>
                        <Unicode>CONNAITRE</Unicode>
                    </TextEquiv>
                    <TextStyle fontFamily="Times New Roman" fontSize="9.0"/>
                </Word>
                <Word id="w_w2aab1b5b2b9b7ac33" language="English" custom="readingOrder {index:2;}">
                    <Coords points="1812,2136 1843,2136 1843,2172 1812,2172"/>
                    <TextEquiv>
                        <Unicode>A</Unicode>
                    </TextEquiv>
                    <TextStyle fontFamily="Times New Roman" fontSize="9.0"/>
                </Word>
                <Word id="w_w2aab1b5b2b9b7ac37" language="English" custom="readingOrder {index:3;}">
                    <Coords points="1881,2133 1966,2133 1966,2173 1881,2173"/>
                    <TextEquiv>
                        <Unicode>SES</Unicode>
                    </TextEquiv>
                    <TextStyle fontFamily="Times New Roman" fontSize="9.0"/>
                </Word>
                <Word id="w_w2aab1b5b2b9b7ac45" language="English" custom="readingOrder {index:4;}">
                    <Coords points="2012,2133 2128,2133 2128,2172 2012,2172"/>
                    <TextEquiv>
                        <Unicode>COR¬</Unicode>
                    </TextEquiv>
                    <TextStyle fontFamily="Times New Roman" fontSize="9.0"/>
                </Word>
                <TextEquiv>
                    <Unicode>FAIRE CONNAITRE A SES COR¬</Unicode>
                </TextEquiv>
                <TextStyle fontFamily="Times New Roman" fontSize="9.0"/>
            </TextLine>
            <TextLine id="tl_91" primaryLanguage="English" custom="readingOrder {index:4;}">
                <Coords points="1291,2187 2129,2187 2129,2230 1291,2230"/>
                <Baseline points="1291,2229 1655,2228 1780,2227 1916,2227 2010,2226 2129,2225"/>
                <Word id="w_w2aab1b5b2b9b9ab1" language="English" custom="readingOrder {index:0;}">
                    <Coords points="1291,2190 1655,2190 1655,2230 1291,2230"/>
                    <TextEquiv>
                        <Unicode>RESPONDANTS</Unicode>
                    </TextEquiv>
                    <TextStyle fontFamily="Times New Roman" fontSize="9.0"/>
                </Word>
                <Word id="w_w2aab1b5b2b9b9ac25" language="English" custom="readingOrder {index:1;}">
                    <Coords points="1686,2189 1780,2189 1780,2227 1686,2227"/>
                    <TextEquiv>
                        <Unicode>SON</Unicode>
                    </TextEquiv>
                    <TextStyle fontFamily="Times New Roman" fontSize="9.0"/>
                </Word>
                <Word id="w_w2aab1b5b2b9b9ac33" language="English" custom="readingOrder {index:2;}">
                    <Coords points="1808,2188 1916,2188 1916,2227 1808,2227"/>
                    <TextEquiv>
                        <Unicode>NOM</Unicode>
                    </TextEquiv>
                    <TextStyle fontFamily="Times New Roman" fontSize="9.0"/>
                </Word>
                <Word id="w_w2aab1b5b2b9b9ac41" language="English" custom="readingOrder {index:3;}">
                    <Coords points="1948,2188 2010,2188 2010,2226 1948,2226"/>
                    <TextEquiv>
                        <Unicode>ET</Unicode>
                    </TextEquiv>
                    <TextStyle fontFamily="Times New Roman" fontSize="9.0"/>
                </Word>
                <Word id="w_w2aab1b5b2b9b9ac47" language="English" custom="readingOrder {index:4;}">
                    <Coords points="2037,2187 2129,2187 2129,2227 2037,2227"/>
                    <TextEquiv>
                        <Unicode>SON</Unicode>
                    </TextEquiv>
                    <TextStyle fontFamily="Times New Roman" fontSize="9.0"/>
                </Word>
                <TextEquiv>
                    <Unicode>RESPONDANTS SON NOM ET SON</Unicode>
                </TextEquiv>
                <TextStyle fontFamily="Times New Roman" fontSize="9.0"/>
            </TextLine>
            <TextLine id="tl_92" primaryLanguage="English" custom="readingOrder {index:5;}">
                <Coords points="1292,2241 2130,2241 2130,2293 1292,2293"/>
                <Baseline points="1292,2283 1529,2292 1608,2282 1869,2280 1901,2288 1988,2281 2129,2279"/>
                <Word id="w_w2aab1b5b2b9c11ab1" language="English" custom="readingOrder {index:0;}">
                    <Coords points="1292,2244 1529,2244 1529,2292 1292,2292"/>
                    <TextEquiv>
                        <Unicode>ADRESSE,</Unicode>
                    </TextEquiv>
                    <TextStyle fontFamily="Times New Roman" fontSize="9.0"/>
                </Word>
                <Word id="w_w2aab1b5b2b9c11ac19" language="English" custom="readingOrder {index:1;}">
                    <Coords points="1574,2250 1608,2250 1608,2282 1574,2282"/>
                    <TextEquiv>
                        <Unicode>et</Unicode>
                    </TextEquiv>
                    <TextStyle fontFamily="Times New Roman" fontSize="9.0"/>
                </Word>
                <Word id="w_w2aab1b5b2b9c11ac25" language="English" custom="readingOrder {index:2;}">
                    <Coords points="1650,2243 1869,2243 1869,2281 1650,2281"/>
                    <TextEquiv>
                        <Unicode>vice-versa</Unicode>
                    </TextEquiv>
                    <TextStyle fontFamily="Times New Roman" fontSize="9.0"/>
                </Word>
                <Word id="w_w2aab1b5b2b9c11ac47" language="English" custom="readingOrder {index:3;}">
                    <Coords points="1892,2243 1901,2243 1901,2288 1892,2288"/>
                    <TextEquiv>
                        <Unicode>;</Unicode>
                    </TextEquiv>
                    <TextStyle fontFamily="Times New Roman" fontSize="9.0"/>
                </Word>
                <Word id="w_w2aab1b5b2b9c11b1b1" language="English" custom="readingOrder {index:4;}">
                    <Coords points="1941,2243 1988,2243 1988,2281 1941,2281"/>
                    <TextEquiv>
                        <Unicode>de</Unicode>
                    </TextEquiv>
                    <TextStyle fontFamily="Times New Roman" fontSize="9.5" italic="true"/>
                </Word>
                <Word id="w_w2aab1b5b2b9c11b1b7" language="English" custom="readingOrder {index:5;}">
                    <Coords points="2025,2243 2129,2243 2129,2280 2025,2280"/>
                    <TextEquiv>
                        <Unicode>sorte</Unicode>
                    </TextEquiv>
                    <TextStyle fontFamily="Times New Roman" fontSize="9.5" italic="true"/>
                </Word>
                <TextEquiv>
                    <Unicode>ADRESSE, et vice-versa ; de sorte</Unicode>
                </TextEquiv>
            </TextLine>
            <TextLine id="tl_93" primaryLanguage="English" custom="readingOrder {index:6;}">
                <Coords points="1293,2296 2132,2296 2132,2348 1293,2348"/>
                <Baseline points="1293,2348 1367,2337 1443,2346 1600,2336 1692,2336 1911,2335 1995,2335 2132,2333"/>
                <Word id="w_w2aab1b5b2b9c13ab1" language="English" custom="readingOrder {index:0;}">
                    <Coords points="1293,2311 1367,2311 1367,2348 1293,2348"/>
                    <TextEquiv>
                        <Unicode>que</Unicode>
                    </TextEquiv>
                    <TextStyle fontFamily="Times New Roman" fontSize="9.5" italic="true"/>
                </Word>
                <Word id="w_w2aab1b5b2b9c13ab9" language="English" custom="readingOrder {index:1;}">
                    <Coords points="1399,2300 1443,2300 1443,2346 1399,2346"/>
                    <TextEquiv>
                        <Unicode>si,</Unicode>
                    </TextEquiv>
                    <TextStyle fontFamily="Times New Roman" fontSize="9.5" italic="true"/>
                </Word>
                <Word id="w_w2aab1b5b2b9c13ac17" language="English" custom="readingOrder {index:2;}">
                    <Coords points="1485,2299 1600,2299 1600,2347 1485,2347"/>
                    <TextEquiv>
                        <Unicode>après</Unicode>
                    </TextEquiv>
                    <TextStyle fontFamily="Times New Roman" fontSize="9.5" italic="true"/>
                </Word>
                <Word id="w_w2aab1b5b2b9c13ac29" language="English" custom="readingOrder {index:3;}">
                    <Coords points="1637,2310 1692,2310 1692,2336 1637,2336"/>
                    <TextEquiv>
                        <Unicode>un</Unicode>
                    </TextEquiv>
                    <TextStyle fontFamily="Times New Roman" fontSize="9.5" italic="true"/>
                </Word>
                <Word id="w_w2aab1b5b2b9c13ac35" language="English" custom="readingOrder {index:4;}">
                    <Coords points="1728,2298 1911,2298 1911,2346 1728,2346"/>
                    <TextEquiv>
                        <Unicode>échange</Unicode>
                    </TextEquiv>
                    <TextStyle fontFamily="Times New Roman" fontSize="9.5" italic="true"/>
                </Word>
                <Word id="w_w2aab1b5b2b9c13ac51" language="English" custom="readingOrder {index:5;}">
                    <Coords points="1942,2309 1995,2309 1995,2335 1942,2335"/>
                    <TextEquiv>
                        <Unicode>ou</Unicode>
                    </TextEquiv>
                    <TextStyle fontFamily="Times New Roman" fontSize="9.5" italic="true"/>
                </Word>
                <Word id="w_w2aab1b5b2b9c13ac57" language="English" custom="readingOrder {index:6;}">
                    <Coords points="2025,2297 2132,2297 2132,2334 2025,2334"/>
                    <TextEquiv>
                        <Unicode>deux</Unicode>
                    </TextEquiv>
                    <TextStyle fontFamily="Times New Roman" fontSize="9.5" italic="true"/>
                </Word>
                <TextEquiv>
                    <Unicode>que si, après un échange ou deux</Unicode>
                </TextEquiv>
                <TextStyle fontFamily="Times New Roman" fontSize="9.5" italic="true"/>
            </TextLine>
            <TextLine id="tl_94" primaryLanguage="English" custom="readingOrder {index:7;}">
                <Coords points="1290,2347 2129,2347 2129,2403 1290,2403"/>
                <Baseline points="1290,2392 1338,2392 1434,2392 1510,2399 1598,2391 1734,2389 1887,2390 2129,2378"/>
                <Word id="w_w2aab1b5b2b9c15ab1" language="English" custom="readingOrder {index:0;}">
                    <Coords points="1290,2355 1338,2355 1338,2392 1290,2392"/>
                    <TextEquiv>
                        <Unicode>de</Unicode>
                    </TextEquiv>
                    <TextStyle fontFamily="Times New Roman" fontSize="9.5" italic="true"/>
                </Word>
                <Word id="w_w2aab1b5b2b9c15ab7" language="English" custom="readingOrder {index:1;}">
                    <Coords points="1364,2355 1500,2355 1500,2392 1364,2392"/>
                    <TextEquiv>
                        <Unicode>lettres</Unicode>
                    </TextEquiv>
                    <TextStyle fontFamily="Times New Roman" fontSize="9.5" italic="true"/>
                </Word>
                <Word id="w_w2aab1b5b2b9c15b1b1" language="English" custom="readingOrder {index:2;}">
                    <Coords points="1503,2354 1510,2354 1510,2399 1503,2399"/>
                    <TextEquiv>
                        <Unicode>,</Unicode>
                    </TextEquiv>
                    <TextStyle fontFamily="Times New Roman" fontSize="9.0"/>
                </Word>
                <Word id="w_w2aab1b5b2b9c15b2b1" language="English" custom="readingOrder {index:3;}">
                    <Coords points="1544,2354 1598,2354 1598,2391 1544,2391"/>
                    <TextEquiv>
                        <Unicode>les</Unicode>
                    </TextEquiv>
                    <TextStyle fontFamily="Times New Roman" fontSize="9.5" italic="true"/>
                </Word>
                <Word id="w_w2aab1b5b2b9c15b2b9" language="English" custom="readingOrder {index:4;}">
                    <Coords points="1629,2353 1734,2353 1734,2390 1629,2390"/>
                    <TextEquiv>
                        <Unicode>deux</Unicode>
                    </TextEquiv>
                    <TextStyle fontFamily="Times New Roman" fontSize="9.5" italic="true"/>
                </Word>
                <Word id="w_w2aab1b5b2b9c15b2c19" language="English" custom="readingOrder {index:5;}">
                    <Coords points="1760,2352 1887,2352 1887,2400 1760,2400"/>
                    <TextEquiv>
                        <Unicode>partis</Unicode>
                    </TextEquiv>
                    <TextStyle fontFamily="Times New Roman" fontSize="9.5" italic="true"/>
                </Word>
                <Word id="w_w2aab1b5b2b9c15b2c33" language="English" custom="readingOrder {index:6;}">
                    <Coords points="1917,2348 2129,2348 2129,2400 1917,2400"/>
                    <TextEquiv>
                        <Unicode>s'aperçoi¬</Unicode>
                    </TextEquiv>
                    <TextStyle fontFamily="Times New Roman" fontSize="9.5" italic="true"/>
                </Word>
                <TextEquiv>
                    <Unicode>de lettres, les deux partis s'aperçoi¬</Unicode>
                </TextEquiv>
            </TextLine>
            <TextLine id="tl_95" primaryLanguage="English" custom="readingOrder {index:8;}">
                <Coords points="1290,2402 2124,2402 2124,2456 1290,2456"/>
                <Baseline points="1290,2446 1385,2446 1534,2443 1611,2444 1821,2444 1888,2443 2074,2441 2124,2450"/>
                <Word id="w_w2aab1b5b2b9c17ab1" language="English" custom="readingOrder {index:0;}">
                    <Coords points="1290,2411 1385,2411 1385,2446 1290,2446"/>
                    <TextEquiv>
                        <Unicode>vent</Unicode>
                    </TextEquiv>
                    <TextStyle fontFamily="Times New Roman" fontSize="9.5" italic="true"/>
                </Word>
                <Word id="w_w2aab1b5b2b9c17ac11" language="English" custom="readingOrder {index:1;}">
                    <Coords points="1415,2404 1534,2404 1534,2456 1415,2456"/>
                    <TextEquiv>
                        <Unicode>qu'ils</Unicode>
                    </TextEquiv>
                    <TextStyle fontFamily="Times New Roman" fontSize="9.5" italic="true"/>
                </Word>
                <Word id="w_w2aab1b5b2b9c17ac25" language="English" custom="readingOrder {index:2;}">
                    <Coords points="1564,2419 1611,2419 1611,2444 1564,2444"/>
                    <TextEquiv>
                        <Unicode>ne</Unicode>
                    </TextEquiv>
                    <TextStyle fontFamily="Times New Roman" fontSize="9.5" italic="true"/>
                </Word>
                <Word id="w_w2aab1b5b2b9c17ac31" language="English" custom="readingOrder {index:3;}">
                    <Coords points="1641,2410 1821,2410 1821,2455 1641,2455"/>
                    <TextEquiv>
                        <Unicode>peuvent</Unicode>
                    </TextEquiv>
                    <TextStyle fontFamily="Times New Roman" fontSize="9.5" italic="true"/>
                </Word>
                <Word id="w_w2aab1b5b2b9c17ac47" language="English" custom="readingOrder {index:4;}">
                    <Coords points="1849,2418 1888,2418 1888,2444 1849,2444"/>
                    <TextEquiv>
                        <Unicode>se</Unicode>
                    </TextEquiv>
                    <TextStyle fontFamily="Times New Roman" fontSize="9.5" italic="true"/>
                </Word>
                <Word id="w_w2aab1b5b2b9c17ac53" language="English" custom="readingOrder {index:5;}">
                    <Coords points="1916,2405 2114,2405 2114,2443 1916,2443"/>
                    <TextEquiv>
                        <Unicode>convenir</Unicode>
                    </TextEquiv>
                    <TextStyle fontFamily="Times New Roman" fontSize="9.5" italic="true"/>
                </Word>
                <Word id="w_w2aab1b5b2b9c17b1b1" language="English" custom="readingOrder {index:6;}">
                    <Coords points="2116,2436 2124,2436 2124,2450 2116,2450"/>
                    <TextEquiv>
                        <Unicode>,</Unicode>
                    </TextEquiv>
                    <TextStyle fontFamily="Times New Roman" fontSize="9.0"/>
                </Word>
                <TextEquiv>
                    <Unicode>vent qu'ils ne peuvent se convenir,</Unicode>
                </TextEquiv>
            </TextLine>
            <TextEquiv>
                <Unicode>La discrétion la 'plus absolue se
trouve ainsi assurée, L’INTERESSE
AYANT SEUL- LA FACULTE DE
FAIRE CONNAITRE A SES COR¬
RESPONDANTS SON NOM ET SON
ADRESSE, et vice-versa ; de sorte
que si, après un échange ou deux
de lettres, les deux partis s'aperçoi¬
vent qu'ils ne peuvent se convenir,</Unicode>
            </TextEquiv>
        </TextRegion>
        <TextRegion type="paragraph" id="r_3_6" custom="readingOrder {index:19;}">
            <Coords points="1266,2457 2131,2457 2131,2946 1266,2946"/>
            <TextLine id="tl_96" primaryLanguage="English" custom="readingOrder {index:0;}">
                <Coords points="1267,2458 2128,2458 2128,2500 1267,2500"/>
                <Baseline points="1267,2497 1274,2497 1319,2500 1440,2499 1535,2498 1734,2497 1819,2498 1985,2496 2128,2495"/>
                <Word id="w_w2aab1b5b2c11b1ab1" language="English" custom="readingOrder {index:0;}">
                    <Coords points="1267,2464 1274,2464 1274,2500 1267,2500"/>
                    <TextEquiv>
                        <Unicode>.</Unicode>
                    </TextEquiv>
                    <TextStyle fontFamily="Times New Roman" fontSize="9.0"/>
                </Word>
                <Word id="w_w2aab1b5b2c11b1b1b1" language="English" custom="readingOrder {index:1;}">
                    <Coords points="1292,2464 1319,2464 1319,2500 1292,2500"/>
                    <TextEquiv>
                        <Unicode>il</Unicode>
                    </TextEquiv>
                    <TextStyle fontFamily="Times New Roman" fontSize="9.5" italic="true"/>
                </Word>
                <Word id="w_w2aab1b5b2c11b1b1b7" language="English" custom="readingOrder {index:2;}">
                    <Coords points="1353,2463 1440,2463 1440,2500 1353,2500"/>
                    <TextEquiv>
                        <Unicode>leur</Unicode>
                    </TextEquiv>
                    <TextStyle fontFamily="Times New Roman" fontSize="9.5" italic="true"/>
                </Word>
                <Word id="w_w2aab1b5b2c11b1b1c17" language="English" custom="readingOrder {index:3;}">
                    <Coords points="1479,2464 1535,2464 1535,2499 1479,2499"/>
                    <TextEquiv>
                        <Unicode>est</Unicode>
                    </TextEquiv>
                    <TextStyle fontFamily="Times New Roman" fontSize="9.5" italic="true"/>
                </Word>
                <Word id="w_w2aab1b5b2c11b1b1c25" language="English" custom="readingOrder {index:4;}">
                    <Coords points="1577,2461 1734,2461 1734,2499 1577,2499"/>
                    <TextEquiv>
                        <Unicode>loisible</Unicode>
                    </TextEquiv>
                    <TextStyle fontFamily="Times New Roman" fontSize="9.5" italic="true"/>
                </Word>
                <Word id="w_w2aab1b5b2c11b1b1c43" language="English" custom="readingOrder {index:5;}">
                    <Coords points="1773,2462 1819,2462 1819,2498 1773,2498"/>
                    <TextEquiv>
                        <Unicode>de</Unicode>
                    </TextEquiv>
                    <TextStyle fontFamily="Times New Roman" fontSize="9.5" italic="true"/>
                </Word>
                <Word id="w_w2aab1b5b2c11b1b1c49" language="English" custom="readingOrder {index:6;}">
                    <Coords points="1854,2471 1985,2471 1985,2498 1854,2498"/>
                    <TextEquiv>
                        <Unicode>cesser</Unicode>
                    </TextEquiv>
                    <TextStyle fontFamily="Times New Roman" fontSize="9.5" italic="true"/>
                </Word>
                <Word id="w_w2aab1b5b2c11b1b1c63" language="English" custom="readingOrder {index:7;}">
                    <Coords points="2023,2460 2128,2460 2128,2497 2023,2497"/>
                    <TextEquiv>
                        <Unicode>leurs</Unicode>
                    </TextEquiv>
                    <TextStyle fontFamily="Times New Roman" fontSize="9.5" italic="true"/>
                </Word>
                <TextEquiv>
                    <Unicode>. il leur est loisible de cesser leurs</Unicode>
                </TextEquiv>
            </TextLine>
            <TextLine id="tl_97" primaryLanguage="English" custom="readingOrder {index:1;}">
                <Coords points="1291,2513 2128,2513 2128,2564 1291,2564"/>
                <Baseline points="1291,2553 1310,2553 1674,2561 1793,2553 1868,2552 2049,2552 2128,2540"/>
                <Word id="w_w2aab1b5b2c11b3ab1" language="English" custom="readingOrder {index:0;}">
                    <Coords points="1291,2516 1663,2516 1663,2564 1291,2564"/>
                    <TextEquiv>
                        <Unicode>correspondances</Unicode>
                    </TextEquiv>
                    <TextStyle fontFamily="Times New Roman" fontSize="9.5" italic="true"/>
                </Word>
                <Word id="w_w2aab1b5b2c11b3b1b1" language="English" custom="readingOrder {index:1;}">
                    <Coords points="1667,2545 1674,2545 1674,2561 1667,2561"/>
                    <TextEquiv>
                        <Unicode>,</Unicode>
                    </TextEquiv>
                    <TextStyle fontFamily="Times New Roman" fontSize="9.0"/>
                </Word>
                <Word id="w_w2aab1b5b2c11b3b1b5" language="English" custom="readingOrder {index:2;}">
                    <Coords points="1703,2519 1793,2519 1793,2553 1703,2553"/>
                    <TextEquiv>
                        <Unicode>tout</Unicode>
                    </TextEquiv>
                    <TextStyle fontFamily="Times New Roman" fontSize="9.0"/>
                </Word>
                <Word id="w_w2aab1b5b2c11b3b1c15" language="English" custom="readingOrder {index:3;}">
                    <Coords points="1820,2527 1868,2527 1868,2552 1820,2552"/>
                    <TextEquiv>
                        <Unicode>en</Unicode>
                    </TextEquiv>
                    <TextStyle fontFamily="Times New Roman" fontSize="9.0"/>
                </Word>
                <Word id="w_w2aab1b5b2c11b3b1c21" language="English" custom="readingOrder {index:4;}">
                    <Coords points="1894,2518 2049,2518 2049,2552 1894,2552"/>
                    <TextEquiv>
                        <Unicode>restant</Unicode>
                    </TextEquiv>
                    <TextStyle fontFamily="Times New Roman" fontSize="9.0"/>
                </Word>
                <Word id="w_w2aab1b5b2c11b3b1c37" language="English" custom="readingOrder {index:5;}">
                    <Coords points="2069,2514 2128,2514 2128,2551 2069,2551"/>
                    <TextEquiv>
                        <Unicode>in¬</Unicode>
                    </TextEquiv>
                    <TextStyle fontFamily="Times New Roman" fontSize="9.0"/>
                </Word>
                <TextEquiv>
                    <Unicode>correspondances, tout en restant in¬</Unicode>
                </TextEquiv>
            </TextLine>
            <TextLine id="tl_98" primaryLanguage="English" custom="readingOrder {index:2;}">
                <Coords points="1290,2565 2122,2565 2122,2616 1290,2616"/>
                <Baseline points="1290,2608 1448,2608 1565,2608 1652,2607 1698,2605 1941,2605 2043,2604 2122,2613"/>
                <Word id="w_w2aab1b5b2c11b5ab1" language="English" custom="readingOrder {index:0;}">
                    <Coords points="1290,2583 1448,2583 1448,2609 1290,2609"/>
                    <TextEquiv>
                        <Unicode>connus</Unicode>
                    </TextEquiv>
                    <TextStyle fontFamily="Times New Roman" fontSize="9.0"/>
                </Word>
                <Word id="w_w2aab1b5b2c11b5ac15" language="English" custom="readingOrder {index:1;}">
                    <Coords points="1480,2567 1565,2567 1565,2608 1480,2608"/>
                    <TextEquiv>
                        <Unicode>l’un</Unicode>
                    </TextEquiv>
                    <TextStyle fontFamily="Times New Roman" fontSize="9.0"/>
                </Word>
                <Word id="w_w2aab1b5b2c11b5ac25" language="English" custom="readingOrder {index:2;}">
                    <Coords points="1603,2569 1652,2569 1652,2607 1603,2607"/>
                    <TextEquiv>
                        <Unicode>de</Unicode>
                    </TextEquiv>
                    <TextStyle fontFamily="Times New Roman" fontSize="9.0"/>
                </Word>
                <Word id="w_w2aab1b5b2c11b5ac31" language="English" custom="readingOrder {index:3;}">
                    <Coords points="1687,2566 1844,2566 1844,2609 1687,2609"/>
                    <TextEquiv>
                        <Unicode>l’autre.</Unicode>
                    </TextEquiv>
                    <TextStyle fontFamily="Times New Roman" fontSize="9.0"/>
                </Word>
                <Word id="w_w2aab1b5b2c11b5b1b1" language="English" custom="readingOrder {index:4;}">
                    <Coords points="1884,2569 1941,2569 1941,2605 1884,2605"/>
                    <TextEquiv>
                        <Unicode>De</Unicode>
                    </TextEquiv>
                    <TextStyle fontFamily="Times New Roman" fontSize="9.5" italic="true"/>
                </Word>
                <Word id="w_w2aab1b5b2c11b5b1b7" language="English" custom="readingOrder {index:5;}">
                    <Coords points="1978,2568 2109,2568 2109,2605 1978,2605"/>
                    <TextEquiv>
                        <Unicode>même</Unicode>
                    </TextEquiv>
                    <TextStyle fontFamily="Times New Roman" fontSize="9.5" italic="true"/>
                </Word>
                <Word id="w_w2aab1b5b2c11b5b2b1" language="English" custom="readingOrder {index:6;}">
                    <Coords points="2115,2597 2122,2597 2122,2613 2115,2613"/>
                    <TextEquiv>
                        <Unicode>,</Unicode>
                    </TextEquiv>
                    <TextStyle fontFamily="Times New Roman" fontSize="9.0"/>
                </Word>
                <TextEquiv>
                    <Unicode>connus l’un de l’autre. De même,</Unicode>
                </TextEquiv>
            </TextLine>
            <TextLine id="tl_99" primaryLanguage="English" custom="readingOrder {index:3;}">
                <Coords points="1289,2620 2123,2620 2123,2670 1289,2670"/>
                <Baseline points="1289,2663 1390,2663 1453,2662 1543,2662 1790,2668 1905,2660 2123,2667"/>
                <Word id="w_w2aab1b5b2c11b7ab1" language="English" custom="readingOrder {index:0;}">
                    <Coords points="1289,2627 1390,2627 1390,2663 1289,2663"/>
                    <TextEquiv>
                        <Unicode>dans</Unicode>
                    </TextEquiv>
                    <TextStyle fontFamily="Times New Roman" fontSize="9.5" italic="true"/>
                </Word>
                <Word id="w_w2aab1b5b2c11b7ac11" language="English" custom="readingOrder {index:1;}">
                    <Coords points="1420,2626 1453,2626 1453,2662 1420,2662"/>
                    <TextEquiv>
                        <Unicode>le</Unicode>
                    </TextEquiv>
                    <TextStyle fontFamily="Times New Roman" fontSize="9.5" italic="true"/>
                </Word>
                <Word id="w_w2aab1b5b2c11b7ac17" language="English" custom="readingOrder {index:2;}">
                    <Coords points="1479,2636 1543,2636 1543,2662 1479,2662"/>
                    <TextEquiv>
                        <Unicode>cas</Unicode>
                    </TextEquiv>
                    <TextStyle fontFamily="Times New Roman" fontSize="9.5" italic="true"/>
                </Word>
                <Word id="w_w2aab1b5b2c11b7ac25" language="English" custom="readingOrder {index:3;}">
                    <Coords points="1573,2623 1790,2623 1790,2668 1573,2668"/>
                    <TextEquiv>
                        <Unicode>contraire,</Unicode>
                    </TextEquiv>
                    <TextStyle fontFamily="Times New Roman" fontSize="9.5" italic="true"/>
                </Word>
                <Word id="w_w2aab1b5b2c11b7ac47" language="English" custom="readingOrder {index:4;}">
                    <Coords points="1821,2621 1905,2621 1905,2661 1821,2661"/>
                    <TextEquiv>
                        <Unicode>s'ils</Unicode>
                    </TextEquiv>
                    <TextStyle fontFamily="Times New Roman" fontSize="9.5" italic="true"/>
                </Word>
                <Word id="w_w2aab1b5b2c11b7ac59" language="English" custom="readingOrder {index:5;}">
                    <Coords points="1934,2622 2123,2622 2123,2667 1934,2667"/>
                    <TextEquiv>
                        <Unicode>désirent,</Unicode>
                    </TextEquiv>
                    <TextStyle fontFamily="Times New Roman" fontSize="9.5" italic="true"/>
                </Word>
                <TextEquiv>
                    <Unicode>dans le cas contraire, s'ils désirent,</Unicode>
                </TextEquiv>
                <TextStyle fontFamily="Times New Roman" fontSize="9.5" italic="true"/>
            </TextLine>
            <TextLine id="tl_100" primaryLanguage="English" custom="readingOrder {index:4;}">
                <Coords points="1287,2675 2130,2675 2130,2727 1287,2727"/>
                <Baseline points="1287,2717 1406,2717 1586,2716 1859,2724 1925,2713 2130,2712"/>
                <Word id="w_w2aab1b5b2c11b9ab1" language="English" custom="readingOrder {index:0;}">
                    <Coords points="1287,2679 1406,2679 1406,2727 1287,2727"/>
                    <TextEquiv>
                        <Unicode>après</Unicode>
                    </TextEquiv>
                    <TextStyle fontFamily="Times New Roman" fontSize="9.5" italic="true"/>
                </Word>
                <Word id="w_w2aab1b5b2c11b9ac13" language="English" custom="readingOrder {index:1;}">
                    <Coords points="1425,2681 1586,2681 1586,2716 1425,2716"/>
                    <TextEquiv>
                        <Unicode>entente</Unicode>
                    </TextEquiv>
                    <TextStyle fontFamily="Times New Roman" fontSize="9.5" italic="true"/>
                </Word>
                <Word id="w_w2aab1b5b2c11b9ac29" language="English" custom="readingOrder {index:2;}">
                    <Coords points="1607,2677 1859,2677 1859,2725 1607,2725"/>
                    <TextEquiv>
                        <Unicode>réciproque,</Unicode>
                    </TextEquiv>
                    <TextStyle fontFamily="Times New Roman" fontSize="9.5" italic="true"/>
                </Word>
                <Word id="w_w2aab1b5b2c11b9ac53" language="English" custom="readingOrder {index:3;}">
                    <Coords points="1886,2687 1925,2687 1925,2715 1886,2715"/>
                    <TextEquiv>
                        <Unicode>se</Unicode>
                    </TextEquiv>
                    <TextStyle fontFamily="Times New Roman" fontSize="9.5" italic="true"/>
                </Word>
                <Word id="w_w2aab1b5b2c11b9ac59" language="English" custom="readingOrder {index:4;}">
                    <Coords points="1950,2677 2130,2677 2130,2714 1950,2714"/>
                    <TextEquiv>
                        <Unicode>dévoiler</Unicode>
                    </TextEquiv>
                    <TextStyle fontFamily="Times New Roman" fontSize="9.5" italic="true"/>
                </Word>
                <TextEquiv>
                    <Unicode>après entente réciproque, se dévoiler</Unicode>
                </TextEquiv>
                <TextStyle fontFamily="Times New Roman" fontSize="9.5" italic="true"/>
            </TextLine>
            <TextLine id="tl_101" primaryLanguage="English" custom="readingOrder {index:5;}">
                <Coords points="1291,2731 2126,2731 2126,2777 1291,2777"/>
                <Baseline points="1291,2771 1605,2770 1722,2768 1852,2769 1921,2768 2126,2774"/>
                <Word id="w_w2aab1b5b2c11c11ab1" language="English" custom="readingOrder {index:0;}">
                    <Coords points="1291,2733 1605,2733 1605,2772 1291,2772"/>
                    <TextEquiv>
                        <Unicode>mutuellement</Unicode>
                    </TextEquiv>
                    <TextStyle fontFamily="Times New Roman" fontSize="9.5" italic="true"/>
                </Word>
                <Word id="w_w2aab1b5b2c11c11ac27" language="English" custom="readingOrder {index:1;}">
                    <Coords points="1635,2733 1722,2733 1722,2770 1635,2770"/>
                    <TextEquiv>
                        <Unicode>leur</Unicode>
                    </TextEquiv>
                    <TextStyle fontFamily="Times New Roman" fontSize="9.5" italic="true"/>
                </Word>
                <Word id="w_w2aab1b5b2c11c11ac37" language="English" custom="readingOrder {index:2;}">
                    <Coords points="1754,2742 1852,2742 1852,2769 1754,2769"/>
                    <TextEquiv>
                        <Unicode>nom</Unicode>
                    </TextEquiv>
                    <TextStyle fontFamily="Times New Roman" fontSize="9.5" italic="true"/>
                </Word>
                <Word id="w_w2aab1b5b2c11c11ac45" language="English" custom="readingOrder {index:3;}">
                    <Coords points="1885,2733 1921,2733 1921,2769 1885,2769"/>
                    <TextEquiv>
                        <Unicode>et</Unicode>
                    </TextEquiv>
                    <TextStyle fontFamily="Times New Roman" fontSize="9.5" italic="true"/>
                </Word>
                <Word id="w_w2aab1b5b2c11c11ac51" language="English" custom="readingOrder {index:4;}">
                    <Coords points="1954,2731 2126,2731 2126,2774 1954,2774"/>
                    <TextEquiv>
                        <Unicode>adresse,</Unicode>
                    </TextEquiv>
                    <TextStyle fontFamily="Times New Roman" fontSize="9.5" italic="true"/>
                </Word>
                <TextEquiv>
                    <Unicode>mutuellement leur nom et adresse,</Unicode>
                </TextEquiv>
                <TextStyle fontFamily="Times New Roman" fontSize="9.5" italic="true"/>
            </TextLine>
            <TextLine id="tl_102" primaryLanguage="English" custom="readingOrder {index:6;}">
                <Coords points="1291,2782 2128,2782 2128,2836 1291,2836"/>
                <Baseline points="1291,2824 1339,2825 1557,2824 1615,2824 2128,2812"/>
                <Word id="w_w2aab1b5b2c11c13ab1" language="English" custom="readingOrder {index:0;}">
                    <Coords points="1291,2787 1339,2787 1339,2825 1291,2825"/>
                    <TextEquiv>
                        <Unicode>ils</Unicode>
                    </TextEquiv>
                    <TextStyle fontFamily="Times New Roman" fontSize="9.5" italic="true"/>
                </Word>
                <Word id="w_w2aab1b5b2c11c13ab9" language="English" custom="readingOrder {index:1;}">
                    <Coords points="1379,2789 1557,2789 1557,2836 1379,2836"/>
                    <TextEquiv>
                        <Unicode>peuvent</Unicode>
                    </TextEquiv>
                    <TextStyle fontFamily="Times New Roman" fontSize="9.5" italic="true"/>
                </Word>
                <Word id="w_w2aab1b5b2c11c13ac25" language="English" custom="readingOrder {index:2;}">
                    <Coords points="1596,2784 1920,2784 1920,2834 1596,2834"/>
                    <TextEquiv>
                        <Unicode>communiquer</Unicode>
                    </TextEquiv>
                    <TextStyle fontFamily="Times New Roman" fontSize="9.5" italic="true"/>
                </Word>
                <Word id="w_w2aab1b5b2c11c13b1b3" language="English" custom="readingOrder {index:3;}">
                    <Coords points="1961,2784 2128,2784 2128,2822 1961,2822"/>
                    <TextEquiv>
                        <Unicode>directe¬</Unicode>
                    </TextEquiv>
                    <TextStyle fontFamily="Times New Roman" fontSize="9.0"/>
                </Word>
                <TextEquiv>
                    <Unicode>ils peuvent communiquer directe¬</Unicode>
                </TextEquiv>
            </TextLine>
            <TextLine id="tl_103" primaryLanguage="English" custom="readingOrder {index:7;}">
                <Coords points="1290,2837 2128,2837 2128,2891 1290,2891"/>
                <Baseline points="1290,2880 1406,2880 1538,2879 1577,2879 1765,2877 1925,2875 2022,2876 2128,2865"/>
                <Word id="w_w2aab1b5b2c11c15ab1" language="English" custom="readingOrder {index:0;}">
                    <Coords points="1290,2847 1406,2847 1406,2880 1290,2880"/>
                    <TextEquiv>
                        <Unicode>ment</Unicode>
                    </TextEquiv>
                    <TextStyle fontFamily="Times New Roman" fontSize="9.0"/>
                </Word>
                <Word id="w_w2aab1b5b2c11c15ac11" language="English" custom="readingOrder {index:1;}">
                    <Coords points="1425,2846 1538,2846 1538,2880 1425,2880"/>
                    <TextEquiv>
                        <Unicode>entre</Unicode>
                    </TextEquiv>
                    <TextStyle fontFamily="Times New Roman" fontSize="9.0"/>
                </Word>
                <Word id="w_w2aab1b5b2c11c15ac23" language="English" custom="readingOrder {index:2;}">
                    <Coords points="1556,2853 1647,2853 1647,2889 1556,2889"/>
                    <TextEquiv>
                        <Unicode>eux,</Unicode>
                    </TextEquiv>
                    <TextStyle fontFamily="Times New Roman" fontSize="9.0"/>
                </Word>
                <Word id="w_w2aab1b5b2c11c15b1b1" language="English" custom="readingOrder {index:3;}">
                    <Coords points="1671,2851 1765,2851 1765,2878 1671,2878"/>
                    <TextEquiv>
                        <Unicode>sans</Unicode>
                    </TextEquiv>
                    <TextStyle fontFamily="Times New Roman" fontSize="9.5" italic="true"/>
                </Word>
                <Word id="w_w2aab1b5b2c11c15b1c11" language="English" custom="readingOrder {index:4;}">
                    <Coords points="1786,2851 1925,2851 1925,2889 1786,2889"/>
                    <TextEquiv>
                        <Unicode>passer</Unicode>
                    </TextEquiv>
                    <TextStyle fontFamily="Times New Roman" fontSize="9.5" italic="true"/>
                </Word>
                <Word id="w_w2aab1b5b2c11c15b1c25" language="English" custom="readingOrder {index:5;}">
                    <Coords points="1946,2850 2022,2850 2022,2887 1946,2887"/>
                    <TextEquiv>
                        <Unicode>par</Unicode>
                    </TextEquiv>
                    <TextStyle fontFamily="Times New Roman" fontSize="9.5" italic="true"/>
                </Word>
                <Word id="w_w2aab1b5b2c11c15b1c33" language="English" custom="readingOrder {index:6;}">
                    <Coords points="2042,2838 2128,2838 2128,2875 2042,2875"/>
                    <TextEquiv>
                        <Unicode>l’in¬</Unicode>
                    </TextEquiv>
                    <TextStyle fontFamily="Times New Roman" fontSize="9.5" italic="true"/>
                </Word>
                <TextEquiv>
                    <Unicode>ment entre eux, sans passer par l’in¬</Unicode>
                </TextEquiv>
            </TextLine>
            <TextLine id="tl_104" primaryLanguage="English" custom="readingOrder {index:8;}">
                <Coords points="1291,2894 1834,2894 1834,2945 1291,2945"/>
                <Baseline points="1291,2933 1546,2933 1628,2933 1834,2932"/>
                <Word id="w_w2aab1b5b2c11c17ab1" language="English" custom="readingOrder {index:0;}">
                    <Coords points="1291,2895 1546,2895 1546,2934 1291,2934"/>
                    <TextEquiv>
                        <Unicode>termédiaire</Unicode>
                    </TextEquiv>
                    <TextStyle fontFamily="Times New Roman" fontSize="9.5" italic="true"/>
                </Word>
                <Word id="w_w2aab1b5b2c11c17ac25" language="English" custom="readingOrder {index:1;}">
                    <Coords points="1573,2896 1628,2896 1628,2934 1573,2934"/>
                    <TextEquiv>
                        <Unicode>du</Unicode>
                    </TextEquiv>
                    <TextStyle fontFamily="Times New Roman" fontSize="9.5" italic="true"/>
                </Word>
                <Word id="w_w2aab1b5b2c11c17ac31" language="English" custom="readingOrder {index:2;}">
                    <Coords points="1651,2895 1834,2895 1834,2944 1651,2944"/>
                    <TextEquiv>
                        <Unicode>journal.</Unicode>
                    </TextEquiv>
                    <TextStyle fontFamily="Times New Roman" fontSize="9.5" italic="true"/>
                </Word>
                <TextEquiv>
                    <Unicode>termédiaire du journal.</Unicode>
                </TextEquiv>
                <TextStyle fontFamily="Times New Roman" fontSize="9.5" italic="true"/>
            </TextLine>
            <TextEquiv>
                <Unicode>. il leur est loisible de cesser leurs
correspondances, tout en restant in¬
connus l’un de l’autre. De même,
dans le cas contraire, s'ils désirent,
après entente réciproque, se dévoiler
mutuellement leur nom et adresse,
ils peuvent communiquer directe¬
ment entre eux, sans passer par l’in¬
termédiaire du journal.</Unicode>
            </TextEquiv>
        </TextRegion>
        <TextRegion type="paragraph" id="r_3_7" custom="readingOrder {index:20;}">
            <Coords points="1274,2957 2135,2957 2135,3287 1274,3287"/>
            <TextLine id="tl_105" primaryLanguage="English" custom="readingOrder {index:0;}">
                <Coords points="1334,2958 2131,2958 2131,3001 1334,3001"/>
                <Baseline points="1334,2999 1444,2999 1765,2997 1913,2999 2050,2997 2131,2996"/>
                <Word id="w_w2aab1b5b2c13b1ab1" language="English" custom="readingOrder {index:0;}">
                    <Coords points="1334,2963 1444,2963 1444,2999 1334,2999"/>
                    <TextEquiv>
                        <Unicode>Cette</Unicode>
                    </TextEquiv>
                    <TextStyle fontFamily="Times New Roman" fontSize="9.0"/>
                </Word>
                <Word id="w_w2aab1b5b2c13b1ac13" language="English" custom="readingOrder {index:1;}">
                    <Coords points="1479,2961 1765,2961 1765,2999 1479,2999"/>
                    <TextEquiv>
                        <Unicode>combinaison</Unicode>
                    </TextEquiv>
                    <TextStyle fontFamily="Times New Roman" fontSize="9.0"/>
                </Word>
                <Word id="w_w2aab1b5b2c13b1ac37" language="English" custom="readingOrder {index:2;}">
                    <Coords points="1812,2961 1913,2961 1913,2999 1812,2999"/>
                    <TextEquiv>
                        <Unicode>offre</Unicode>
                    </TextEquiv>
                    <TextStyle fontFamily="Times New Roman" fontSize="9.0"/>
                </Word>
                <Word id="w_w2aab1b5b2c13b1ac49" language="English" custom="readingOrder {index:3;}">
                    <Coords points="1944,2959 2050,2959 2050,2997 1944,2997"/>
                    <TextEquiv>
                        <Unicode>ainsi</Unicode>
                    </TextEquiv>
                    <TextStyle fontFamily="Times New Roman" fontSize="9.0"/>
                </Word>
                <Word id="w_w2aab1b5b2c13b1ac61" language="English" custom="readingOrder {index:4;}">
                    <Coords points="2095,2959 2131,2959 2131,2996 2095,2996"/>
                    <TextEquiv>
                        <Unicode>le</Unicode>
                    </TextEquiv>
                    <TextStyle fontFamily="Times New Roman" fontSize="9.0"/>
                </Word>
                <TextEquiv>
                    <Unicode>Cette combinaison offre ainsi le</Unicode>
                </TextEquiv>
                <TextStyle fontFamily="Times New Roman" fontSize="9.0"/>
            </TextLine>
            <TextLine id="tl_106" primaryLanguage="English" custom="readingOrder {index:1;}">
                <Coords points="1284,2999 2134,2999 2134,3055 1284,3055"/>
                <Baseline points="1284,3046 1513,3045 1580,3045 1785,3053 1861,3043 2134,3032"/>
                <Word id="w_w2aab1b5b2c13b3ab1" language="English" custom="readingOrder {index:0;}">
                    <Coords points="1284,3011 1513,3011 1513,3047 1284,3047"/>
                    <TextEquiv>
                        <Unicode>maximum</Unicode>
                    </TextEquiv>
                    <TextStyle fontFamily="Times New Roman" fontSize="9.0"/>
                </Word>
                <Word id="w_w2aab1b5b2c13b3ac17" language="English" custom="readingOrder {index:1;}">
                    <Coords points="1532,3010 1580,3010 1580,3045 1532,3045"/>
                    <TextEquiv>
                        <Unicode>de</Unicode>
                    </TextEquiv>
                    <TextStyle fontFamily="Times New Roman" fontSize="9.0"/>
                </Word>
                <Word id="w_w2aab1b5b2c13b3ac23" language="English" custom="readingOrder {index:2;}">
                    <Coords points="1598,3008 1785,3008 1785,3053 1598,3053"/>
                    <TextEquiv>
                        <Unicode>sécurité,</Unicode>
                    </TextEquiv>
                    <TextStyle fontFamily="Times New Roman" fontSize="9.0"/>
                </Word>
                <Word id="w_w2aab1b5b2c13b3ac43" language="English" custom="readingOrder {index:3;}">
                    <Coords points="1822,3010 1861,3010 1861,3043 1822,3043"/>
                    <TextEquiv>
                        <Unicode>et</Unicode>
                    </TextEquiv>
                    <TextStyle fontFamily="Times New Roman" fontSize="9.0"/>
                </Word>
                <Word id="w_w2aab1b5b2c13b3ac49" language="English" custom="readingOrder {index:4;}">
                    <Coords points="1905,3000 2134,3000 2134,3046 1905,3046"/>
                    <TextEquiv>
                        <Unicode>«L’INTERMÉ¬</Unicode>
                    </TextEquiv>
                    <TextStyle fontFamily="Times New Roman" fontSize="9.0"/>
                </Word>
                <TextEquiv>
                    <Unicode>maximum de sécurité, et «L’INTERMÉ¬</Unicode>
                </TextEquiv>
                <TextStyle fontFamily="Times New Roman" fontSize="9.0"/>
            </TextLine>
            <TextLine id="tl_107" primaryLanguage="English" custom="readingOrder {index:2;}">
                <Coords points="1279,3053 2132,3053 2132,3104 1279,3104"/>
                <Baseline points="1279,3097 1380,3097 1436,3097 1550,3096 1594,3091 1861,3092 2132,3081"/>
                <Word id="w_w2aab1b5b2c13b5ab1" language="English" custom="readingOrder {index:0;}">
                    <Coords points="1279,3058 1380,3058 1380,3097 1279,3097"/>
                    <TextEquiv>
                        <Unicode>DIAIRE</Unicode>
                    </TextEquiv>
                    <TextStyle fontFamily="Times New Roman" fontSize="9.0"/>
                </Word>
                <Word id="w_w2aab1b5b2c13b5ac15" language="English" custom="readingOrder {index:1;}">
                    <Coords points="1400,3058 1436,3058 1436,3097 1400,3097"/>
                    <TextEquiv>
                        <Unicode>DU</Unicode>
                    </TextEquiv>
                    <TextStyle fontFamily="Times New Roman" fontSize="9.0"/>
                </Word>
                <Word id="w_w2aab1b5b2c13b5ac21" language="English" custom="readingOrder {index:2;}">
                    <Coords points="1456,3057 1550,3057 1550,3097 1456,3097"/>
                    <TextEquiv>
                        <Unicode>FOYER</Unicode>
                    </TextEquiv>
                    <TextStyle fontFamily="Times New Roman" fontSize="9.0"/>
                </Word>
                <Word id="w_w2aab1b5b2c13b5ac33" language="English" custom="readingOrder {index:3;}">
                    <Coords points="1576,3068 1605,3068 1605,3100 1576,3100"/>
                    <TextEquiv>
                        <Unicode>»,</Unicode>
                    </TextEquiv>
                    <TextStyle fontFamily="Times New Roman" fontSize="9.0"/>
                </Word>
                <Word id="w_w2aab1b5b2c13b5b1b1" language="English" custom="readingOrder {index:4;}">
                    <Coords points="1639,3057 1861,3057 1861,3094 1639,3094"/>
                    <TextEquiv>
                        <Unicode>observant</Unicode>
                    </TextEquiv>
                    <TextStyle fontFamily="Times New Roman" fontSize="9.5" italic="true"/>
                </Word>
                <Word id="w_w2aab1b5b2c13b5b1c21" language="English" custom="readingOrder {index:5;}">
                    <Coords points="1894,3055 2132,3055 2132,3101 1894,3101"/>
                    <TextEquiv>
                        <Unicode>l'impartia¬</Unicode>
                    </TextEquiv>
                    <TextStyle fontFamily="Times New Roman" fontSize="9.5" italic="true"/>
                </Word>
                <TextEquiv>
                    <Unicode>DIAIRE DU FOYER », observant l'impartia¬</Unicode>
                </TextEquiv>
            </TextLine>
            <TextLine id="tl_108" primaryLanguage="English" custom="readingOrder {index:3;}">
                <Coords points="1283,3103 2123,3103 2123,3151 1283,3151"/>
                <Baseline points="1283,3142 1351,3142 1410,3142 1469,3141 1709,3140 1787,3140 1898,3140 2064,3138 2123,3145"/>
                <Word id="w_w2aab1b5b2c13b7ab1" language="English" custom="readingOrder {index:0;}">
                    <Coords points="1283,3107 1351,3107 1351,3143 1283,3143"/>
                    <TextEquiv>
                        <Unicode>lité</Unicode>
                    </TextEquiv>
                    <TextStyle fontFamily="Times New Roman" fontSize="9.5" italic="true"/>
                </Word>
                <Word id="w_w2aab1b5b2c13b7ac11" language="English" custom="readingOrder {index:1;}">
                    <Coords points="1372,3109 1410,3109 1410,3143 1372,3143"/>
                    <TextEquiv>
                        <Unicode>et</Unicode>
                    </TextEquiv>
                    <TextStyle fontFamily="Times New Roman" fontSize="9.5" italic="true"/>
                </Word>
                <Word id="w_w2aab1b5b2c13b7ac17" language="English" custom="readingOrder {index:2;}">
                    <Coords points="1431,3106 1469,3106 1469,3141 1431,3141"/>
                    <TextEquiv>
                        <Unicode>la</Unicode>
                    </TextEquiv>
                    <TextStyle fontFamily="Times New Roman" fontSize="9.5" italic="true"/>
                </Word>
                <Word id="w_w2aab1b5b2c13b7ac23" language="English" custom="readingOrder {index:3;}">
                    <Coords points="1492,3105 1709,3105 1709,3141 1492,3141"/>
                    <TextEquiv>
                        <Unicode>discrétion</Unicode>
                    </TextEquiv>
                    <TextStyle fontFamily="Times New Roman" fontSize="9.5" italic="true"/>
                </Word>
                <Word id="w_w2aab1b5b2c13b7ac45" language="English" custom="readingOrder {index:4;}">
                    <Coords points="1730,3104 1787,3104 1787,3140 1730,3140"/>
                    <TextEquiv>
                        <Unicode>les</Unicode>
                    </TextEquiv>
                    <TextStyle fontFamily="Times New Roman" fontSize="9.5" italic="true"/>
                </Word>
                <Word id="w_w2aab1b5b2c13b7ac53" language="English" custom="readingOrder {index:5;}">
                    <Coords points="1806,3104 1898,3104 1898,3149 1806,3149"/>
                    <TextEquiv>
                        <Unicode>plus</Unicode>
                    </TextEquiv>
                    <TextStyle fontFamily="Times New Roman" fontSize="9.5" italic="true"/>
                </Word>
                <Word id="w_w2aab1b5b2c13b7ac63" language="English" custom="readingOrder {index:6;}">
                    <Coords points="1920,3103 2112,3103 2112,3139 1920,3139"/>
                    <TextEquiv>
                        <Unicode>absolues</Unicode>
                    </TextEquiv>
                    <TextStyle fontFamily="Times New Roman" fontSize="9.5" italic="true"/>
                </Word>
                <Word id="w_w2aab1b5b2c13b7b1b1" language="English" custom="readingOrder {index:7;}">
                    <Coords points="2116,3130 2123,3130 2123,3145 2116,3145"/>
                    <TextEquiv>
                        <Unicode>,</Unicode>
                    </TextEquiv>
                    <TextStyle fontFamily="Times New Roman" fontSize="9.0"/>
                </Word>
                <TextEquiv>
                    <Unicode>lité et la discrétion les plus absolues,</Unicode>
                </TextEquiv>
            </TextLine>
            <TextLine id="tl_109" primaryLanguage="English" custom="readingOrder {index:4;}">
                <Coords points="1282,3149 2127,3149 2127,3199 1282,3199"/>
                <Baseline points="1282,3189 1438,3189 1506,3187 1858,3195 1932,3186 2127,3185"/>
                <Word id="w_w2aab1b5b2c13b9ab1" language="English" custom="readingOrder {index:0;}">
                    <Coords points="1282,3155 1438,3155 1438,3199 1282,3199"/>
                    <TextEquiv>
                        <Unicode>cépage</Unicode>
                    </TextEquiv>
                    <TextStyle fontFamily="Times New Roman" fontSize="9.5" italic="true"/>
                </Word>
                <Word id="w_w2aab1b5b2c13b9ac15" language="English" custom="readingOrder {index:1;}">
                    <Coords points="1459,3162 1506,3162 1506,3190 1459,3190"/>
                    <TextEquiv>
                        <Unicode>sa</Unicode>
                    </TextEquiv>
                    <TextStyle fontFamily="Times New Roman" fontSize="9.5" italic="true"/>
                </Word>
                <Word id="w_w2aab1b5b2c13b9ac21" language="English" custom="readingOrder {index:2;}">
                    <Coords points="1529,3150 1858,3150 1858,3197 1529,3197"/>
                    <TextEquiv>
                        <Unicode>responsabilité,</Unicode>
                    </TextEquiv>
                    <TextStyle fontFamily="Times New Roman" fontSize="9.5" italic="true"/>
                </Word>
                <Word id="w_w2aab1b5b2c13b9ac53" language="English" custom="readingOrder {index:3;}">
                    <Coords points="1883,3160 1932,3160 1932,3187 1883,3187"/>
                    <TextEquiv>
                        <Unicode>en</Unicode>
                    </TextEquiv>
                    <TextStyle fontFamily="Times New Roman" fontSize="9.5" italic="true"/>
                </Word>
                <Word id="w_w2aab1b5b2c13b9ac59" language="English" custom="readingOrder {index:4;}">
                    <Coords points="1954,3150 2127,3150 2127,3186 1954,3186"/>
                    <TextEquiv>
                        <Unicode>laissant</Unicode>
                    </TextEquiv>
                    <TextStyle fontFamily="Times New Roman" fontSize="9.5" italic="true"/>
                </Word>
                <TextEquiv>
                    <Unicode>cépage sa responsabilité, en laissant</Unicode>
                </TextEquiv>
                <TextStyle fontFamily="Times New Roman" fontSize="9.5" italic="true"/>
            </TextLine>
            <TextLine id="tl_110" primaryLanguage="English" custom="readingOrder {index:5;}">
                <Coords points="1282,3194 2133,3194 2133,3246 1282,3246"/>
                <Baseline points="1282,3237 1307,3237 1491,3235 1542,3235 1741,3234 1857,3233 1929,3233 2133,3231"/>
                <Word id="w_w2aab1b5b2c13c11ab1" language="English" custom="readingOrder {index:0;}">
                    <Coords points="1282,3202 1307,3202 1307,3237 1282,3237"/>
                    <TextEquiv>
                        <Unicode>à</Unicode>
                    </TextEquiv>
                    <TextStyle fontFamily="Times New Roman" fontSize="9.5" italic="true"/>
                </Word>
                <Word id="w_w2aab1b5b2c13c11ab5" language="English" custom="readingOrder {index:1;}">
                    <Coords points="1334,3202 1491,3202 1491,3246 1334,3246"/>
                    <TextEquiv>
                        <Unicode>chaque</Unicode>
                    </TextEquiv>
                    <TextStyle fontFamily="Times New Roman" fontSize="9.5" italic="true"/>
                </Word>
                <Word id="w_w2aab1b5b2c13c11ac19" language="English" custom="readingOrder {index:2;}">
                    <Coords points="1517,3199 1678,3199 1678,3237 1517,3237"/>
                    <TextEquiv>
                        <Unicode>abonné</Unicode>
                    </TextEquiv>
                    <TextStyle fontFamily="Times New Roman" fontSize="9.5" italic="true"/>
                </Word>
                <Word id="w_w2aab1b5b2c13c11b1b3" language="English" custom="readingOrder {index:3;}">
                    <Coords points="1706,3198 1741,3198 1741,3234 1706,3234"/>
                    <TextEquiv>
                        <Unicode>le</Unicode>
                    </TextEquiv>
                    <TextStyle fontFamily="Times New Roman" fontSize="9.0"/>
                </Word>
                <Word id="w_w2aab1b5b2c13c11b1b9" language="English" custom="readingOrder {index:4;}">
                    <Coords points="1769,3196 1857,3196 1857,3235 1769,3235"/>
                    <TextEquiv>
                        <Unicode>soin</Unicode>
                    </TextEquiv>
                    <TextStyle fontFamily="Times New Roman" fontSize="9.0"/>
                </Word>
                <Word id="w_w2aab1b5b2c13c11b1c19" language="English" custom="readingOrder {index:5;}">
                    <Coords points="1882,3197 1929,3197 1929,3233 1882,3233"/>
                    <TextEquiv>
                        <Unicode>de</Unicode>
                    </TextEquiv>
                    <TextStyle fontFamily="Times New Roman" fontSize="9.0"/>
                </Word>
                <Word id="w_w2aab1b5b2c13c11b1c25" language="English" custom="readingOrder {index:6;}">
                    <Coords points="1953,3196 2133,3196 2133,3233 1953,3233"/>
                    <TextEquiv>
                        <Unicode>dévoiler</Unicode>
                    </TextEquiv>
                    <TextStyle fontFamily="Times New Roman" fontSize="9.0"/>
                </Word>
                <TextEquiv>
                    <Unicode>à chaque abonné le soin de dévoiler</Unicode>
                </TextEquiv>
            </TextLine>
            <TextLine id="tl_111" primaryLanguage="English" custom="readingOrder {index:6;}">
                <Coords points="1275,3245 1811,3245 1811,3286 1275,3286"/>
                <Baseline points="1275,3284 1483,3285 1595,3282 1811,3282"/>
                <Word id="w_w2aab1b5b2c13c13ab1" language="English" custom="readingOrder {index:0;}">
                    <Coords points="1275,3248 1483,3248 1483,3285 1275,3285"/>
                    <TextEquiv>
                        <Unicode>lui-même</Unicode>
                    </TextEquiv>
                    <TextStyle fontFamily="Times New Roman" fontSize="9.0"/>
                </Word>
                <Word id="w_w2aab1b5b2c13c13ac19" language="English" custom="readingOrder {index:1;}">
                    <Coords points="1521,3256 1595,3256 1595,3283 1521,3283"/>
                    <TextEquiv>
                        <Unicode>son</Unicode>
                    </TextEquiv>
                    <TextStyle fontFamily="Times New Roman" fontSize="9.0"/>
                </Word>
                <Word id="w_w2aab1b5b2c13c13ac27" language="English" custom="readingOrder {index:2;}">
                    <Coords points="1630,3246 1811,3246 1811,3283 1630,3283"/>
                    <TextEquiv>
                        <Unicode>adresse.</Unicode>
                    </TextEquiv>
                    <TextStyle fontFamily="Times New Roman" fontSize="9.0"/>
                </Word>
                <TextEquiv>
                    <Unicode>lui-même son adresse.</Unicode>
                </TextEquiv>
                <TextStyle fontFamily="Times New Roman" fontSize="9.0"/>
            </TextLine>
            <TextEquiv>
                <Unicode>Cette combinaison offre ainsi le
maximum de sécurité, et «L’INTERMÉ¬
DIAIRE DU FOYER », observant l'impartia¬
lité et la discrétion les plus absolues,
cépage sa responsabilité, en laissant
à chaque abonné le soin de dévoiler
lui-même son adresse.</Unicode>
            </TextEquiv>
        </TextRegion>
        <TextRegion type="paragraph" id="r_4_1" custom="readingOrder {index:21;}">
            <Coords points="1240,3295 1249,3295 1249,3320 1240,3320"/>
            <TextLine id="tl_112" primaryLanguage="English" custom="readingOrder {index:0;}">
                <Coords points="1241,3296 1248,3296 1248,3319 1241,3319"/>
                <Baseline points="1241,3319 1248,3319"/>
                <Word id="w_w2aab1b7b2b1b1ab1" language="English" custom="readingOrder {index:0;}">
                    <Coords points="1241,3296 1248,3296 1248,3319 1241,3319"/>
                    <TextEquiv>
                        <Unicode>r</Unicode>
                    </TextEquiv>
                    <TextStyle fontFamily="Times New Roman" fontSize="9.0" bold="true"/>
                </Word>
                <TextEquiv>
                    <Unicode>r</Unicode>
                </TextEquiv>
                <TextStyle fontFamily="Times New Roman" fontSize="9.0" bold="true"/>
            </TextLine>
            <TextEquiv>
                <Unicode>r</Unicode>
            </TextEquiv>
        </TextRegion>
        <SeparatorRegion id="r_5" custom="readingOrder {index:22;}">
            <Coords points="357,2677 1204,2677 1204,2685 357,2685"/>
        </SeparatorRegion>
        <SeparatorRegion id="r_6" custom="readingOrder {index:23;}">
            <Coords points="357,2685 1208,2685 1208,2700 357,2700"/>
        </SeparatorRegion>
        <SeparatorRegion id="r_7" custom="readingOrder {index:24;}">
            <Coords points="1241,2222 1254,2222 1254,3288 1241,3288"/>
        </SeparatorRegion>
        <SeparatorRegion id="r_8" custom="readingOrder {index:25;}">
            <Coords points="1250,1978 1255,1978 1255,2222 1250,2222"/>
        </SeparatorRegion>
        <SeparatorRegion id="r_9" custom="readingOrder {index:26;}">
            <Coords points="1252,424 1270,424 1270,1978 1252,1978"/>
        </SeparatorRegion>
        <SeparatorRegion id="r_10" custom="readingOrder {index:27;}">
            <Coords points="1267,226 1274,226 1274,424 1267,424"/>
        </SeparatorRegion>
        <SeparatorRegion id="r_11" custom="readingOrder {index:28;}">
            <Coords points="811,514 1007,514 1007,522 811,522"/>
        </SeparatorRegion>
    </Page>
</PcGts>
