2472 3696
1113 284 1164 289 —
1196 262 1326 300 li¬

326 375 432 402 mai;,
487 373 589 402 vous
643 373 743 401 avez
794 367 1175 413 quatre-vingt-dix-

324 414 422 448 neuf
450 412 626 449 chances
655 425 727 450 sur
752 418 843 450 cent
867 416 916 451 de
944 415 1115 452 réussir.
1141 417 1174 452 Il

321 470 375 496 ne
394 460 518 505 s’agit
536 471 614 504 que
632 461 682 497 de
701 459 872 499 vouloir.

369 597 446 634 ir?6.
483 599 532 634 —
562 599 725 644 Garçon
758 599 954 644 boucher,
993 599 1039 636 40
1073 611 1163 645 ans,

316 646 434 683 avoir
454 645 561 682 6.000
583 647 648 692 fr.,
675 647 910 693 épouserait
927 649 1048 694 jeune
1068 649 1167 687 fem¬

320 699 396 736 me.
426 693 470 731 30
499 705 587 740 ans,
615 695 743 742 ayant
766 696 893 742 .petite
919 697 997 734 dot.

369 830 442 868 138.
468 852 517 857 —
542 832 670 869 Jeune
694 834 873 880 homme,
900 834 941 870 31
964 845 1056 877 ans,
1084 837 1164 874 éta-

318 878 362 915 bl
395 878 558 927 épicier,
590 882 825 926 épouserait
849 884 969 929 jeune
998 885 1091 927 fille,
1119 885 1165 921 20

318 929 344 963 à
377 929 419 964 25
454 938 542 973 ans,
587 929 782 976 sérieuse,
824 933 958 969 bonne
992 933 1158 977 famille,

321 977 482 1023 capable
518 976 565 1014 de
608 979 714 1016 tenir
752 989 994 1027 commence,
1030 981 1162 1028 .petite

306 1018 388 1067 <oî.

356 1168 437 1204 142.
461 1191 509 1196 —
527 1170 729 1213 Mobilisé,
756 1170 796 1206 31
827 1182 916 1217 ans,
942 1173 1161 1211 attendant

415 1219 566 1261 'forme,
599 1220 734 1256 bonne
760 1222 890 1265 santé,
924 1221 1158 1267 épouserait

305 1266 428 1310 jeune
453 1266 541 1310 fille,
573 1265 618 1304 20
642 1268 666 1304 à
693 1267 736 1304 25
761 1278 850 1313 ans,
881 1268 1038 1306 aimant
1062 1269 1157 1308 bien

303 1314 339 1350 le
363 1323 604 1352 commerce.

352 1456 432 1493 143.
453 1479 499 1484 —
519 1459 649 1494 Jeune
669 1460 849 1503 homme,
870 1461 915 1497 25
934 1472 1026 1509 ans,
1050 1464 1154 1500 bles¬

302 1505 347 1541 sé
386 1505 435 1542 de
468 1514 628 1551 guerre,
673 1508 819 1554 valide,
857 1520 927 1548 sur
965 1512 1001 1548 le
1040 1510 1153 1557 point

300 1554 430 1591 d’être
451 1555 641 1599 réformé,
670 1558 904 1604 épouserait
929 1558 1049 1604 jeune
1074 1560 1152 1596 fille

295 1601 440 1643 d'ouce,
465 1602 729 1648 affectueuse,
754 1615 802 1643 en
826 1608 996 1653 rapport
1016 1607 1146 1655 d’âge.

346 1745 425 1782 145.
449 1767 496 1772 —
519 1748 648 1783 Jeune
673 1748 853 1793 homme,
875 1748 922 1785 27
946 1759 1037 1794 ans,
1065 1759 1145 1786 em¬

298 1794 417 1841 ployé
440 1794 544 1832 dans
573 1796 730 1841 grande
754 1798 1000 1844 .compagnie
1024 1798 1146 1837 mari¬

297 1842 406 1886 time,
441 1853 490 1880 en
524 1843 658 1880 sursis
685 1846 858 1892 d’appel,
890 1846 1010 1883 avoir
1039 1844 1147 1884 5.000

293 1891 449 1932 francs,
475 1892 711 1938 épouserait
736 1893 859 1940 jeune
879 1894 961 1933 fille
987 1893 1147 1933 aimant

298 1948 540 1985 commerce,
566 1951 667 1987 pour
695 1941 888 1987 s’établir,
914 1944 1039 1989 petite
1065 1945 1143 1981 dot.

342 2086 421 2124 148.
445 2109 492 2114 —
513 2088 815 2134 Commerçant,
841 2090 885 2126 34
908 2101 997 2136 ans,
1022 2093 1144 2129 établi

288 2135 398 2172 dans
420 2137 515 2173 ville
537 2136 702 2181 littoral,
726 2147 959 2176 commerce
979 2142 1145 2187 prospè¬

292 2193 347 2228 re,
392 2184 629 2231 épouserait
662 2187 785 2232 jeune
826 2188 978 2226 femme
1011 2190 1144 2236 ayant

286 2231 421 2270 20.000
448 2233 492 2269 fr.
516 2234 567 2271 de
589 2233 667 2272 dot.

339 2361 418 2398 149.
444 2383 491 2389 —
514 2362 642 2400 Jeune
672 2366 852 2409 homme,
875 2365 922 2402 32
945 2377 1035 2413 ans,
1062 2368 1142 2406 bel¬

287 2418 348 2456 ge,
373 2410 422 2448 de
444 2411 598 2448 famille
618 2413 855 2458 honorable,
883 2415 1058 2459 sérieux,
1085 2415 1139 2453 ai¬

286 2459 407 2495 mant,
449 2459 513 2496 vie
550 2461 599 2497 de
634 2461 800 2502 famille,
845 2464 1140 2502 actuellement

286 2508 486 2551 mobilisé,
525 2511 652 2546 avant
684 2509 887 2548 hostilités
921 2512 1137 2551 industriel

287 2555 391 2593 dans
427 2558 462 2592 le
500 2557 623 2599 Nord,
685 2560 907 2596 recherche
951 2560 1136 2607 mariage

284 2605 512 2643 honorable
541 2616 642 2644 avec
667 2607 789 2653 jeune
819 2609 898 2645 fille
921 2620 974 2646 ou
1002 2619 1136 2646 veuve

281 2652 334 2691 de
371 2654 505 2692 bonne
543 2646 709 2699 famille,
764 2656 959 2693 situation
1008 2657 1131 2702 aisée,

284 2702 466 2745 pouvant
500 2703 696 2749 posséder
720 2704 920 2742 industrie
951 2714 1001 2742 ou
1030 2716 1135 2743 com¬

280 2757 430 2788 merce.

330 2885 408 2921 150.
434 2908 479 2912 —
500 2886 620 2930 Veuf,
642 2886 686 2924 35
708 2898 799 2923 ans.
828 2889 928 2926 trois
948 2890 1129 2932 enfants,

282 2937 458 2976 réformé
487 2941 538 2977 de
572 2948 731 2985 guerre,
771 2940 966 2979 situation
1001 2943 1131 2980 10.000

280 2986 421 3024 francs
455 2998 531 3033 par
558 2998 623 3030 an,
661 2990 897 3036 épouserait
926 3000 1130 3036 personne

279 3033 474 3072 sérieuse,
502 3035 697 3074 situation
718 3048 766 3074 en
786 3037 967 3084 rapport.

327 3172 406 3209 153.
437 3193 484 3197 —
513 3173 716 3217 Mobilisé,
747 3174 790 3210 28
820 3186 908 3217 ans.
943 3175 1048 3214 belle
1077 3175 1127 3215 si¬

278 3221 432 3257 tuation
455 3223 579 3266 après
603 3230 760 3264 guerre,
784 3223 1025 3268 épouserait
1045 3223 1127 3270 jeu¬

278 3277 328 3303 ne
351 3270 427 3306 fille
445 3269 493 3304 de
512 3269 645 3305 bonne
662 3271 827 3308 famille,
849 3271 980 3315 ayant
1000 3269 1127 3308 avoir.

1294 370 1372 408 156.
1419 394 1457 398 —
1490 372 1685 410 Réformé
1723 373 1772 411 de
1809 386 1957 422 guerre
1994 387 2102 418 avec

1248 418 1432 464 pension,
1460 419 1504 456 24
1531 432 1622 465 ans,
1653 423 1819 470 amputé
1843 426 1896 462 de
1922 426 2099 468 l’avant-

1247 469 1350 505 bras
1386 468 1493 507 droit
1525 472 1564 508 et
1595 469 1783 509 écrivant
1815 475 1864 514 de
1903 475 1942 511 la
1981 475 2096 516 main

1245 516 1416 562 gauche,
1460 517 1594 556 désire
1637 521 1869 559 contracter
1909 523 2094 571 mariage

1246 575 1347 603 avec
1367 575 1571 611 personne
1589 568 1660 614 qui
1677 565 1868 607 voudrait
1886 571 1980 609 bien
2000 571 2098 609 unir

1245 623 1323 650 son
1350 617 1438 652 sort
1470 625 1524 651 au
1557 616 1645 653 sién
1673 628 1775 664 pour
1803 618 1862 655 lui
1888 619 1991 658 faire
2025 631 2093 658 ou¬

1245 660 1346 698 blier
1371 673 1438 700 ses
1467 664 1736 703 souffrances.

1290 798 1370 834 157.
1397 821 1444 826 —
1468 799 1598 836 Jeune
1625 801 1803 845 homme,
1834 802 1879 839 28
1910 812 1999 849 ans,
2027 815 2091 841 ac¬

1243 847 1480 884 tuellement
1511 849 1872 896 quartier-maître,
1908 852 1994 889 très
2031 853 2074 890 sé
2079 874 2092 900 :

1239 895 1368 938 rieux,
1411 896 1651 944 catholique,
1712 898 1944 937 économies
1982 893 2092 938 4.00Ô

1242 944 1393 988 francs,
1436 944 1571 984 désire
1612 945 1795 993 mariage
1833 958 1937 988 avec
1967 949 2089 995 jeune

1241 991 1319 1028 fille
1352 992 1529 1031 honnête
1562 1005 1612 1031 ou
1642 997 1779 1032 même
1807 996 1928 1043 jeune
1955 1003 2090 1035 veuve

1238 1050 1341 1077 avec
1363 1051 1420 1078 un
1440 1042 1593 1079 enfant.

1526 1154 1609 1161 .
1611 1149 1619 1160 ,
1634 1133 1649 1158 /
1791 1147 1795 1153 •

1282 1162 1362 1199 158.
1386 1185 1431 1189 —
1459 1165 1671 1202 Maréchal
1698 1167 1770 1204 des
1795 1167 1898 1213 logis
1924 1167 1972 1207 de
1999 1168 2094 1205 dra¬

1233 1216 1349 1255 gons,
1395 1209 1610 1249 auxiliaire
1669 1222 1743 1259 par
1800 1214 1987 1255 blessure
2041 1215 2093 1253 de

1233 1263 1394 1303 guerre,
1434 1257 1479 1294 27
1522 1269 1611 1303 ans,
1667 1261 1904 1306 épouserait
1959 1264 2081 1309 jeune

1233 1304 1310 1342 tille
1344 1315 1394 1341 ou
1424 1314 1568 1351 veuve,
1600 1307 1792 1352 sérieuse,
1823 1309 2089 1354 affectueuse,

1230 1354 1358 1397 ayant
1396 1362 1637 1398 commerce,
1681 1354 1877 1395 situation
1909 1367 1959 1393 ou
1998 1366 2091 1395 ren¬

1230 1399 1328 1436 tière

1254 1523 1349 1561 161-.
1377 1546 1424 1551 —
1456 1526 1585 1562 Jeune
1613 1527 1791 1573 homme,
1824 1528 1869 1564 26
1898 1538 1988 1575 ans,
2027 1530 2089 1567 sé¬

1227 1571 1355 1613 rieux,
1387 1572 1604 1610 libération
1632 1575 1822 1614 militaire
1850 1573 2085 1622 prochaine,

1227 1618 1382 1656 famille
1415 1620 1653 1665 honorable,
1690 1622 1922 1663 économies
1955 1625 1993 1661 et
2026 1633 2089 1661 es¬

1228 1666 1441 1711 pérances,
1479 1666 1612 1705 désire
1644 1669 1835 1715 mariage
1863 1672 1965 1717 av.ee
2004 1672 2090 1717 jeu¬

1227 1721 1277 1749 ne
1301 1713 1380 1751 fille
1404 1723 1456 1750 ou
1484 1715 1603 1760 jeune
1631 1726 1763 1753 veuve
1788 1717 1949 1755 aimant
1978 1728 2088 1754 cam¬

1226 1767 1371 1805 pagne,
1409 1771 1514 1806 pour
1542 1761 1648 1799 tenir
1681 1772 1921 1808 commerce,
1955 1766 2088 1812 épice¬

1226 1805 1295 1851 rie,
1325 1811 1454 1853 ayant
1478 1810 1653 1855 quelque
1677 1811 1803 1849 avoir.

1273 1940 1351 1977 162.
1387 1961 1435 1965 —
1470 1940 1641 1976 Divorcé
1681 1951 1730 1978 en
1768 1951 1817 1979 sa
1847 1942 2003 1990 faveur,
2036 1943 2087 1980 34

1221 1993 1312 2030 ans,
1343 1985 1584 2026 travaillant
1605 1987 1715 2025 dans
1739 1991 1778 2027 la
1804 1989 2079 2038 métallurgie,

1222 2042 1342 2069 assez
1395 2035 1531 2070 bonne
1585 2035 1791 2079 situation,
1848 2037 2086 2083 épouserait

1221 2078 1343 2123 jeune
1378 2081 1458 2117 tille
1497 2091 1547 2117 ou
1591 2091 1726 2122 veuve
1768 2094 1868 2123 sans
1920 2084 2078 2129 enfant,

1220 2128 1348 2172 ayant
1384 2128 1512 2165 avoir.

1266 2259 1346 2297 164.
1384 2261 1431 2296 —
1469 2261 1739 2307 Agriculteur.
1781 2263 1826 2300 26
1857 2273 1946 2304 ans,
1985 2275 2078 2302 con¬

1218 2306 1409 2344 naissant
1447 2306 1539 2344 bien
1584 2320 1655 2346 son
1695 2309 1850 2357 métier,
1887 2313 2080 2350 actuelle¬

1216 2354 1327 2389 ment
1359 2353 1495 2391 blessé
1522 2356 1573 2391 de
1604 2364 1762 2402 guerre,
1797 2358 1904 2401 mais
1934 2360 2075 2405 vigou¬

1217 2408 1329 2439 reux.
1364 2401 1471 2441 actif,
1505 2404 1683 2448 instruit,
1712 2408 1895 2450 pouvant
1923 2404 2081 2454 diriger

1213 2447 1361 2485 affaire
1388 2448 1578 2496 agricole,
1609 2452 1742 2489 désire
1767 2454 1951 2499 mariage
1975 2464 2078 2491 avec

1212 2492 1333 2536 jeune
1364 2495 1444 2533 fille
1471 2506 1519 2532 ou
1551 2498 1671 2542 jeune
1699 2510 1833 2539 veuve
1862 2504 1990 2546 ayant
2018 2501 2073 2539 si¬

1213 2541 1367 2578 tuation
1404 2543 1509 2581 dans
1540 2545 1830 2590 l’agriculture.

1258 2671 1337 2708 165.
1376 2693 1424 2703 —.
1452 2671 1781 2719 Fonctionnaire,
1816 2675 1860 2712 35
1898 2686 1987 2718 ans,
2026 2677 2071 2713 li¬

1210 2718 1317 2754 béré.
1370 2718 1568 2757 situation
1621 2721 1730 2759 8.003
1766 2724 1829 2765 fr.,
1886 2725 2071 2771 déplace¬

1208 2765 1345 2801 ments
1380 2766 1659 2812 Côte-d’Azur,
1705 2769 1859 2809 famille
1893 2772 2070 2809 honora¬

1208 2811 1286 2852 ble.
1324 2812 1616 2857 désintéressé,
1667 2816 1902 2862 épouserait
1943 2818 2068 2864 jeune

1206 2857 1358 2896 femme
1396 2859 1441 2896 25
1480 2861 1504 2896 à
1537 2861 1582 2896 30
1614 2872 1702 2905 ans.
1748 2865 1880 2901 bonne
1920 2865 2069 2903 éduca¬

1204 2904 1298 2949 tion,
1342 2906 1494 2945 femme
1532 2907 1784 2952 d’intérieur.

1254 3036 1333 3073 167.
1360 3057 1406 3063 —
1436 3037 1564 3075 Jeune
1597 3040 1774 3085 homme,
1803 3041 1851 3078 20
1878 3050 1956 3080 ans
1984 3043 2070 3087 (ac¬

1205 3083 1441 3123 tuellement
1472 3085 1897 3135 mobilisé),physique
1921 3091 2069 3143 agréa¬

1207 3131 1282 3174 ble,
1325 3131 1616 3177 désintéressé,
1662 3134 1895 3180 épouserait
1936 3136 2057 3182 jeune
2114 3172 2120 3178 .

1205 3175 1330 3216 rieux.
1369 3181 1526 3216 aimant
1563 3181 1625 3218 vie
1659 3182 1708 3217 de
1737 3183 1902 3222 famille,
1942 3185 2065 3228 épou¬

1203 3225 1329 3262 serait
1363 3225 1487 3271 jeune
1521 3225 1600 3267 fille
1631 3227 1674 3263 18
1709 3230 1733 3266 à
1761 3229 1807 3266 20
1842 3240 1932 3275 ans,
1968 3241 2064 3268 cou¬

1198 3273 1350 3311 turière
1382 3285 1435 3310 ou
1467 3273 1689 3321 employée.
