2472 3696
1088 268 1136 274 —
1168 244 1192 283 9
1223 268 1273 272 —

330 357 409 393 166.
452 378 499 383 —
532 354 789 398 Demoiselle,
834 354 878 391 29
918 364 1007 398 ans,
1054 354 1135 390 ins¬

277 405 411 449 truite,
445 404 567 450 goûts
590 403 776 449 simples,
811 403 943 440 25.000
973 404 1019 441 fr.
1056 403 1136 441 dot.

275 453 538 498 espérances,
574 451 808 496 épouserait
837 450 1049 487 Monsieur
1082 460 1142 486 re¬

277 502 370 536 tour
398 500 446 535 de
475 506 636 545 guerre,
665 501 851 544 pouvant
879 505 1054 542 occuper
1084 507 1138 534 un

274 545 437 591 emploi.

325 696 403 732 169.
446 718 494 722 —
527 696 657 735 Jeune
699 695 791 738 fille,
834 695 878 738 Z5
913 703 1002 737 ans,
1040 694 1139 729 chez

277 751 346 781 ses
394 742 576 788 parents,
641 741 1130 788 propriétaires-agricul¬

276 791 415 835 teurs,,
431 790 532 827 belle
560 789 759 827 situation
787 787 984 833 d'avenir,
1019 788 1138 833 épou¬

275 837 404 873 serait
443 836 689 873 cultivateur
730 837 864 875 bonne
900 835 1112 876 situation.

280 982 362 1018 170.
391 1002 439 1007 —
465 982 593 1019 Jeune
622 980 715 1023 fille,
773 980 817 1017 25
840 991 929 1024 ans,
961 981 1046 1017 très
1072 979 1137 1015 dé¬

278 1030 418 1075 vouée,
457 1031 543 1067 très
581 1029 846 1073 convenable,
885 1027 1006 1073 goûts
1040 1027 1139 1062 sim¬

277 1079 375 1122 ples,
413 1076 572 1115 aimant
606 1076 816 1121 intérieur,
859 1075 1014 1114 famille
1054 1075 1138 1111 très

277 1125 514 1170 honorable,
554 1123 790 1169 épouserait
824 1123 943 1168 jeune
974 1121 1139 1157 homme

276 1172 514 1217 intelligent,
553 1171 797 1215 affectueux,
833 1172 968 1206 même
996 1167 1139 1205 mutilé

272 1219 323 1256 de
359 1226 518 1263 guerre.

1259 352 1337 388 171.
1379 373 1425 383 —>
1461 353 1588 387 Jeune
1628 352 1708 388 fille
1748 351 1989 397 catholique,
2025 350 2066 386 21

1204 410 1300 444 .ans,
1336 401 1419 436 très
1453 399 1647 444 sérieuse,
1691 399 1893 443 châtaine,
1935 399 2069 435 bonne

1209 448 1375 491 famille,
1403 448 1531 493 ayant
1556 447 1636 491 dot,
1668 446 1803 483 désire
1829 454 2070 490 correspon¬

1210 495 1281 532 dre
1319 504 1419 540 pour
1450 494 1636 538 mariage
1667 503 1768 531 avec
1802 494 1923 539 jeune
1958 494 2071 529 hom¬

1212 553 1274 582 me
1314 542 1357 579 25
1395 543 1418 577 à
1456 541 1500 577 30
1539 551 1626 585 ans,
1663 541 1832 584 aimant,
1869 549 2069 576 commer¬

1215 592 1311 634 çant
1327 597 1381 627 ou
1402 589 1521 627 autre
1545 589 1647 625 belle
1670 585 1880 626 situation.

1260 713 1338 749 177.
1391 736 1437 740 —
1483 712 1611 746 Jeune
1659 710 1740 746 fille
1752 703 1957 752 ’israélite,
2012 706 2062 743 20

1206 769 1297 805 ans,
1360 759 1444 795 très
1502 758 1696 803 sérieuse,
1742 758 1885 803 brune,
1931 757 2069 793 désire

1194 833 1199 838 •
1209 805 1504 852 correspondre
1567 815 1669 851 pour
1729 805 1915 850 mariage
1969 812 2073 840 avec

1209 855 1328 892 ieune
1366 855 1531 891 homme
1570 855 1706 893 môme
1746 852 1929 897 religion,
1965 851 2010 886 25
2049 854 2072 887 à

1208 902 1254 938 30
1289 911 1377 947 ans,
1416 901 1659 945 affectueux,
1703 903 1831 943 ayant
1868 907 2071 936 commer¬

1210 959 1254 988 ce
1288 959 1339 986 ou
1372 949 1495 988 autre
1522 948 1623 985 belle
1653 946 1861 986 situation.

1259 1071 1337 1108 174.
1372 1092 1420 1096 —
1448 1067 1704 1114 Célibataire,
1738 1067 1783 1103 45
1818 1077 1907 1111 ans,
1946 1065 2071 1103 situa¬

1211 1118 1295 1154 tion
1336 1116 1576 1161 honorable,
1624 1117 1760 1153 bonne
1801 1115 1930 1160 santé,
1974 1114 2056 1149 bon

1203 1166 1430 1209 caractère,
1462 1165 1547 1201 très
1572 1163 1766 1206 dévouée,
1792 1161 1927 1199 désire
1952 1162 2071 1206 épou¬

1209 1224 1277 1250 ser
1309 1211 1518 1249 Monsieur
1549 1212 1623 1256 âgé
1654 1213 1693 1248 et
1724 1210 1897 1248 sérieux.

317 1405 604 1472 A^partir
639 1408 716 1456 du
755 1406 832 1455 1er
866 1407 1121 1455 Janvier
1158 1403 1315 1452 1919
1354 1403 1443 1451 les
1479 1413 1779 1450 annonces
1824 1402 2029 1448 seront

498 1499 755 1548 classées
790 1512 904 1561 par
939 1496 1392 1559 départements
1428 1507 1497 1540 ou
1537 1491 1852 1555 provinces

274 1777 632 1828 N’attendez
679 1790 791 1840 pas
859 1776 948 1824 les
1003 1774 1279 1823 derniers
1332 1773 1505 1836 jours
1566 1770 1640 1818 du
1712 1768 1864 1817 mois
1912 1780 2069 1831 pour

436 1882 587 1916 nous
623 1881 887 1928 envoyer
924 1868 1092 1914 votre
1130 1876 1414 1922 annonce,
1458 1860 1569 1910 elle
1603 1860 1736 1909 n’en
1775 1872 1907 1907 sera

882 1970 994 2020 que
1030 1955 1237 2003 mieux
1268 1953 1472 2017 placée

1043 2529 1239 2638 '*^7
1239 2547 1295 2607 r
