2472 3696
417 250 943 311 ABONNEMENTS

259 363 538 411 TROIS
597 359 862 404 MOIS..
931 359 963 398 A
981 356 1027 397 2
1083 367 1107 391 »

258 436 637 485 QUATRE
684 429 900 474 MOIS
932 429 1026 470 -15
1083 440 1106 464 »

258 511 396 556 SIX
462 505 886 550 MOIS.
926 500 1024 543 20
1084 512 1106 536 »

302 594 469 639 Chaque
496 589 773 628 abonnement
798 586 934 622 donne
956 582 1065 621 droit
1100 591 1108 617 :

303 660 343 694 1°
373 661 407 695 A
431 654 657 695 l’insertion
683 652 806 689 d’une
830 658 1017 687 annonce
1040 646 1108 694 qui

257 707 394 754 parait
434 705 618 752 pendant
659 702 768 739 toute
810 700 851 735 la
891 697 1016 734 durée
1060 694 1108 731 de

255 753 565 793 l’abonnement
600 760 609 796 ;

307 820 346 856 2°
375 821 406 856 A
432 815 582 854 l’envoi
607 812 761 861 gratuit
785 814 877 848 tous
901 810 960 847 les
989 808 1106 851 mois,

256 869 311 906 du
338 869 513 915 journal,
541 865 660 902 aussi
686 863 919 908 longtemps
941 868 1019 905 que
1041 857 1110 893 du¬

265 927 309 954 re
346 914 663 953 l’abonnement.

303 982 347 1018 3°
385 983 417 1017 A
454 981 491 1017 la
518 975 854 1023 corespondance
890 981 991 1009 avec
1018 971 1110 1008 tous

261 1031 318 1069 les
345 1027 530 1067 abonnés
554 1026 733 1073 pendant
758 1024 799 1060 la
821 1021 948 1058 durée
971 1019 1019 1056 de
1045 1020 1112 1056 l’a¬

259 1076 521 1115 bonnement.

306 1137 338 1172 Il
369 1135 483 1172 suffit
510 1141 613 1178 pour
643 1130 862 1167 s’abonner
892 1126 1112 1171 d’envoyer

259 1195 315 1222 au
340 1185 516 1230 journal,
545 1190 597 1218 en
622 1179 733 1215 BON
757 1178 825 1214 DE
846 1175 1012 1212 POSTE
1040 1173 1112 1209 OU

261 1228 683 1272 MANDAT-POSTE,
710 1230 748 1265 la
775 1232 934 1260 somme
958 1231 1114 1259 corres¬

261 1280 469 1327 pondante
497 1277 523 1312 à
551 1276 862 1312 l’abonnement
889 1269 1032 1315 choisi,
1063 1278 1114 1304 en

262 1328 448 1364 donnant
483 1325 567 1361 très
598 1322 845 1358 lisiblement
885 1332 893 1357 :

309 1376 347 1418 a)
386 1374 469 1411 Son
500 1379 611 1408 nom.

262 1423 300 1470 b)
341 1423 422 1460 Son
461 1419 643 1465 adresse,
677 1417 850 1463 laquelle
889 1413 1006 1451 notée
1037 1412 1115 1449 dis¬

261 1470 490 1507 crètement
517 1470 579 1504 est
606 1465 836 1510 remplacée
860 1461 1115 1499 immédiate¬

264 1519 377 1555 ment
410 1526 488 1563 par
519 1526 573 1551 un
605 1515 777 1550 numéro
814 1511 973 1548 d’ordre
1011 1517 1116 1546 com¬

262 1565 461 1611 muniqué
489 1562 666 1601 aussitôt
695 1563 720 1598 à
746 1559 946 1598 l’abonné.

312 1615 345 1658 c)
386 1615 438 1650 Le
483 1612 613 1649 libellé
657 1609 705 1646 de
742 1610 956 1647 l’annonce
999 1607 1024 1642 à
1062 1604 1116 1640 in¬

263 1662 380 1699 sérer
406 1670 482 1707 que
510 1660 669 1696 chacun
699 1655 837 1702 rédige
867 1655 892 1691 à
923 1665 970 1691 sa
1001 1659 1116 1699 guise

265 1713 290 1749 à
325 1712 365 1747 la
397 1707 604 1746 condition
640 1705 783 1752 qu’elle
817 1713 868 1740 ne
904 1701 1117 1738 contienne

265 1757 354 1795 rien
377 1756 425 1793 de
448 1754 652 1793 contraire
678 1756 704 1792 à
731 1756 769 1790 la
794 1751 963 1787 morale.
983 1747 1119 1788 I,'INTER¬

266 1803 409 1846 MEDIAIRE
419 1805 456 1844 DU
466 1803 562 1843 FOYER
576 1812 625 1838 ne
637 1800 768 1847 prend
786 1808 859 1844 pas
873 1800 896 1834 à
908 1808 952 1833 sa
965 1795 1120 1837 charge

268 1857 307 1893 la
329 1851 542 1890 rédaction'
560 1851 634 1888 des
658 1846 895 1892 annonces).
921 1846 1121 1882 L’annon¬

268 1913 313 1942 ce
346 1900 432 1938 doit
461 1898 650 1945 indiquer
675 1896 784 1942 l’âge
821 1896 859 1931 et
891 1894 932 1929 la
967 1893 1121 1940 profes¬

266 1949 360 1986 sion
386 1948 433 1985 de
456 1945 646 1984 l’abonné
669 1946 707 1982 et
733 1942 919 1990 spécifier
945 1942 1036 1978 tous
1060 1940 1120 1977 les

270 1997 499 2042 avantages
529 1993 622 2041 qu’il
649 1995 712 2030 est
737 1994 762 2028 à
789 1992 924 2027 même
947 1988 994 2026 de
1018 1988 1122 2024 faire

270 2045 412 2088 valoir,
456 2043 530 2081 tels
568 2051 645 2088 que
687 2051 694 2075 :
732 2040 810 2081 dot,
843 2038 974 2077 avoir,
1005 2035 1121 2082 espé¬

268 2101 429 2136 rances,
470 2089 677 2134 situation,
716 2088 805 2132 etc.,
838 2086 916 2123 etc.
956 2084 1121 2128 Chaque

269 2149 458 2177 annonce
476 2148 527 2174 ne
547 2136 629 2173 doit
650 2146 727 2182 pas
749 2132 935 2171 contenir
956 2131 1048 2178 plus
1072 2132 1121 2167 de

269 2191 404 2225 trente
427 2189 536 2223 mots
561 2194 662 2222 sans
691 2181 987 2219 abréviations.
1017 2180 1123 2215 Tout

269 2240 354 2272 mot
384 2231 733 2279 supplémentaire
760 2233 823 2267 est
851 2229 946 2265 taxé
976 2228 1059 2265 0.15
1086 2228 1121 2263 le

269 2288 368 2320 mot.
398 2282 497 2318 MM.
525 2285 585 2321 les
606 2279 794 2316 abonnés
816 2279 911 2317 sont
935 2275 1046 2321 priés
1072 2274 1122 2310 de

271 2330 429 2379 joindre
451 2340 503 2366 au
526 2330 657 2365 libellé
684 2327 733 2363 de
758 2327 847 2362 leur
874 2332 1060 2359 annonce
1086 2323 1123 2358 le

269 2382 462 2416 montant
495 2377 568 2413 des
604 2377 714 2411 mots
750 2370 1123 2418 supplémentaires

269 2426 389 2473 qu’ils
419 2428 489 2461 ont
521 2422 745 2469 employés.

317 2473 420 2510 Tout
461 2470 738 2509 abonnement
778 2478 861 2505 non
901 2464 1121 2504 renouvelé

270 2522 416 2568 quinze
460 2521 573 2566 jours
608 2520 738 2555 avant
774 2526 847 2554 son
894 2513 1123 2561 expiration

271 2570 458 2607 entraîne
487 2568 539 2604 de
567 2566 675 2604 droit
706 2567 745 2602 la
772 2561 1046 2610 suppression
1074 2559 1122 2597 de

272 2617 484 2653 l’annonce
511 2616 560 2653 de
594 2612 832 2651 l’intéressé.

328 2771 553 2836 MANIÈRE
588 2777 649 2831 DE
682 2773 1091 2833 CORRESPONDRE

328 2892 509 2938 Lorsque
539 2900 641 2927 vous
664 2899 758 2925 avez
787 2884 1002 2934 remarqué
1027 2885 1128 2922 dans

277 2947 310 2983 le
355 2945 526 2993 journal
577 2955 659 2981 une■
704 2951 893 2978 annonce
944 2940 1126 2987 pouvant

274 3012 376 3038 vous
406 2999 620 3036 intéresser
624 3009 631 3044 ,
664 3006 765 3033 vous
790 2994 986 3042 procédez
1013 2994 1061 3029 de
1090 2992 1125 3028 la

271 3055 398 3102 façon
420 3053 608 3090 suivante
631 3063 642 3087 :

324 3108 566 3155 Supposons
594 3115 671 3153 que
699 3105 733 3141 le
753 3097 791 3140 N
833 3111 857 3136 «
883 3097 903 3140 /
914 3097 945 3140 8
977 3109 1000 3137 »
1026 3111 1126 3138 vous

274 3163 328 3200 lit
355 3162 417 3200 été
442 3159 619 3199 attribué
623 3170 630 3205 ,
664 3160 701 3195 et
729 3168 805 3206 que
827 3166 929 3193 vous
958 3154 1124 3193 désiriez

273 3214 569 3262 correspondre
590 3223 685 3250 avec
710 3213 743 3249 le
767 3205 818 3249 N°
836 3206 860 3248 «
885 3205 943 3248 15
960 3208 998 3254 »,
1025 3208 1124 3245 dont

274 3271 491 3309 l’annonce
521 3271 578 3306 est
605 3268 651 3305 de
679 3268 823 3304 nature
854 3265 878 3302 à
902 3273 1001 3301 vous
1029 3272 1123 3300 con¬

1176 250 1294 285 venir
1313 260 1325 285 :
1350 248 1455 284 Vous
1478 244 1631 283 écrivez
1655 245 1768 280 voire
1793 241 1908 278 lettre
1914 252 1922 287 ,
1948 250 2025 287 que

1184 315 1285 341 vous
1306 302 1444 350 signez
1464 300 1511 337 de
1533 299 1645 336 votre
1670 296 1845 335 numéro
1867 292 2026 332 d'ordre

1181 366 1205 390 «
1220 353 1240 396 /
1250 354 1280 394 8
1296 357 1320 393 »
1335 357 1373 393 la
1401 355 1546 392 mettez
1569 354 1672 390 dans
1698 361 1776 389 une
1805 349 2032 396 enveloppe

1185 423 1235 449 en
1264 412 1398 455 blanc,
1432 418 1502 446 sur
1559 405 1729 455 laquelle
1790 413 1891 441 vous
1954 403 2031 440 ins¬

1185 464 1315 503 crivez
1319 459 1327 510 ,
1360 458 1458 497 très
1478 453 1763 504 légèrement
1783 463 1835 490 au
1857 460 2031 499 crayon,

1186 521 1239 557 les
1264 518 1458 557 numéros
1505 526 1528 549 «
1557 512 1576 554 /
1586 510 1616 553 8
1645 509 1673 553 Ù
1712 510 1730 552 /
1743 510 1768 551 5
1792 521 1830 548 ».

1238 590 1348 637 (Ceci
1384 591 1440 627 est
1473 587 1550 625 très
1581 586 1808 634 important
1827 595 1843 628 ;
1879 594 1928 621 ne
1958 593 2029 630 pas

1185 646 1289 693 faire
1309 655 1449 681 erreur
1467 653 1517 681 en
1539 643 1714 679 mettant
1735 637 1922 677 l'inverse
1928 648 1936 684 ,
1963 647 2032 673 car

1189 698 1456 747 l'expéditeur
1496 696 1690 733 recevrait
1732 692 1946 731 lui-mcme
1988 702 2029 728 sa

1188 764 1339 802 propre
1362 750 1511 797 lettre.)

1232 827 1271 863 Si
1293 835 1398 861 vous
1417 823 1579 860 désirez
1601 820 1911 867 correspondre
1933 827 2036 855 avec

1190 879 1404 926 plusieurs
1435 877 1624 914 abonnés
1654 885 1765 913 vous
1795 873 1966 921 répétez
1998 871 2037 907 la

1189 935 1326 971 même
1348 931 1572 979 opération
1590 939 1699 977 pour
1719 930 1884 966 chacun
1899 926 2034 963 d’eux.

1233 1000 1328 1039 Cela
1365 999 1453 1043 fait,
1482 1007 1591 1035 vous
1622 997 1791 1043 joignez
1823 995 1943 1031 votre
1981 1002 2036 1030 ou

1187 1065 1263 1092 vos
1284 1053 1542 1099 enveloppes
1564 1050 1794 1088 contenant
1815 1050 1852 1085 la
1873 1056 2039 1085 corres¬

1189 1109 1408 1157 pondance
1446 1104 1633 1143 destinée
1671 1114 1755 1141 aux
1803 1110 2038 1149 personnes

1187 1173 1289 1201 avec
1311 1160 1540 1209 lesquelles
1565 1169 1674 1196 vous
1702 1157 1868 1195 désirez
1894 1158 2040 1192 entrer

1189 1229 1239 1255 en
1257 1217 1451 1256 relation,
1468 1216 1485 1249 à
1506 1225 1560 1251 un
1579 1212 1757 1251 bulletin
1775 1212 1948 1258 portant
1962 1219 2039 1246 vos

1189 1281 1288 1309 nom
1311 1272 1354 1307 et
1375 1270 1547 1306 adresse
1558 1276 1605 1305 —
1615 1268 1713 1305 ceci
1731 1265 1828 1312 afin
1849 1267 1903 1303 de
1922 1270 2041 1302 nous

1190 1323 1454 1371 'permettre
1490 1323 1543 1360 de
1579 1320 1772 1367 vérifier
1810 1317 2041 1357 l'authen¬

1191 1378 1326 1418 ticité
1342 1379 1420 1416 des
1439 1375 1742 1421 expéditeurs
1762 1394 1807 1399 —
1834 1375 1878 1409 et
1897 1373 2042 1408 conte¬

1192 1434 1294 1470 nant
1313 1433 1345 1468 la
1371 1440 1537 1469 somme
1559 1429 1798 1466 nécessaire
1820 1427 1844 1462 à
1867 1426 2043 1462 l’affran¬

1192 1486 1452 1524 chissement
1488 1485 1539 1520 de
1578 1484 1617 1520 la
1672 1481 2043 1527 correspondance

1191 1552 1275 1588 que
1315 1549 1423 1577 vous
1456 1549 1564 1575 nous
1591 1546 1777 1583 envoyez
1808 1544 1918 1581 pour
1954 1533 2043 1571 être

1195 1596 1438 1636 transmise,
1485 1601 1594 1629 vous
1646 1590 1801 1635 glissez
1852 1589 1890 1626 le
1952 1589 2045 1624 tout

1195 1652 1299 1686 dans
1319 1658 1401 1685 une
1422 1648 1542 1684 autre
1564 1646 1801 1691 enveloppe
1829 1651 1912 1690 que
1937 1651 2045 1678 vous

1195 1704 1403 1746 cachetez,
1426 1699 1728 1738 affranchissez
1748 1700 1789 1736 et
1809 1698 2008 1734 adressez
2023 1696 2046 1731 à

1196 1755 1570 1794 ^Intermédiaire
1604 1754 1659 1790 du
1694 1754 1856 1799 Foyer»
1886 1750 1972 1798 qui,
2007 1750 2046 1786 la

1196 1812 1410 1853 recevant,
1452 1811 1601 1846 trouve
1640 1808 1663 1844 à
1707 1806 1940 1843 l’intérieur
1984 1804 2047 1841 les

1195 1866 1455 1912 enveloppes
1482 1863 1583 1910 qu’il
1620 1862 1694 1898 fait
1719 1861 1920 1908 parvenir
1947 1867 2046 1896 aus¬

1197 1920 1304 1956 sitôt
1322 1929 1405 1955 aux
1427 1916 1673 1954 intéressés.

1260 1990 1313 2028 La
1345 1988 1566 2027 discrétion
1603 1987 1642 2024 la
1675 1986 1767 2036 plus
1804 1983 1970 2022 absolue
2007 1994 2047 2020 se

1204 2050 1346 2083 trouve
1379 2043 1480 2082 ainsi
1516 2042 1689 2089 assurée,
1727 2036 2045 2077 L’INTERESSE

1206 2098 1375 2137 AYANT
1418 2096 1547 2135 SEUL
1593 2096 1658 2133 LA
1702 2092 1934 2132 FACULTE
1979 2091 2047 2130 DE

1207 2153 1357 2191 FAIRE
1395 2149 1685 2189 CONNAITRE
1727 2149 1758 2185 A
1796 2147 1881 2185 SES
1928 2146 2044 2185 COR¬

1207 2204 1570 2246 RESPONDANTS
1603 2203 1698 2241 SON
1724 2202 1832 2241 NOM
1866 2201 1927 2239 ET
1954 2200 2048 2239 SON

1210 2259 1447 2306 ADRESSE,
1490 2264 1525 2297 et
1566 2257 1786 2302 vice-versa
1809 2256 1819 2301 ;
1859 2256 1905 2294 de
1943 2255 2048 2293 sorte

1210 2327 1285 2363 que
1316 2315 1349 2352 si
1353 2326 1361 2361 ,
1402 2312 1519 2362 après
1555 2324 1611 2350 un
1645 2311 1829 2359 échange
1860 2322 1913 2348 ou
1944 2310 2052 2347 deux

1208 2371 1257 2407 de
1283 2370 1418 2407 lettres
1421 2368 1429 2414 ,
1462 2368 1517 2405 les
1547 2367 1654 2404 deux
1678 2365 1807 2414 partis
1835 2361 2049 2412 s'aperçoi¬

1209 2426 1304 2461 vent
1333 2419 1454 2471 qu'ils
1483 2432 1532 2458 ne
1562 2423 1741 2470 peuvent
1770 2430 1808 2457 se
1836 2417 2036 2455 convenir
2038 2447 2045 2463 ,

1212 2479 1239 2515 il
1273 2479 1361 2515 leur
1399 2479 1457 2513 est
1497 2475 1655 2513 loisible
1695 2475 1741 2511 de
1775 2484 1908 2511 cesser
1945 2472 2052 2509 leurs

1209 2531 1584 2579 çorrespondances
1588 2533 1596 2576 ,
1625 2533 1715 2566 tout
1741 2540 1791 2565 en
1816 2529 1972 2566 restant
1992 2526 2051 2564 in¬

1212 2597 1372 2623 connus
1402 2581 1488 2621 l’un
1525 2583 1574 2621 de
1610 2581 1768 2622 l’autre.
1807 2581 1865 2618 De
1901 2580 2035 2617 même
2040 2608 2048 2625 ,

1213 2641 1312 2677 dans
1343 2640 1377 2676 le
1402 2650 1467 2676 cas
1496 2637 1714 2681 contraire,
1745 2634 1828 2674 s'ils
1858 2635 2035 2672 désirent
2041 2664 2048 2679 ,

1212 2693 1329 2741 après
1349 2695 1511 2730 entente
1532 2691 1773 2738 réciproque
1777 2701 1785 2736 ,
1810 2700 1851 2726 se
1875 2688 2056 2727 dévoiler

1215 2748 1528 2786 mutuellement
1559 2746 1646 2783 leur
1678 2755 1776 2782 nom
1809 2746 1846 2780 et
1880 2743 2051 2785 adresse,

1214 2802 1262 2839 ils
1304 2803 1481 2849 peuvent
1520 2797 1845 2846 communiquer
1885 2796 2054 2834 directe¬

1214 2860 1327 2894 ment
1349 2859 1462 2893 entre
1479 2866 1570 2902 eux,
1594 2864 1689 2890 sans
1712 2863 1849 2900 passer
1871 2861 1947 2899 par
1966 2849 2054 2887 l’in¬

1216 2909 1470 2948 termédiaire
1497 2908 1554 2946 du
1574 2907 1759 2957 journal.

1257 2976 1369 3013 Cette
1402 2975 1690 3012 combinaison
1735 2973 1837 3010 offre
1869 2970 1975 3008 ainsi
2020 2970 2057 3006 le

1209 3024 1437 3060 maximum
1457 3023 1504 3059 de
1522 3021 1710 3064 sécurité,
1746 3023 1780 3054 el
1828 3012 2058 3059 «L'INTERMÉ¬

1203 3072 1306 3111 DIAIRE
1322 3071 1362 3111 DU
1380 3070 1474 3110 FOYER
1500 3081 1530 3114 »,
1563 3070 1786 3106 observant
1817 3066 2058 3112 l'impartia¬

1207 3121 1275 3158 lité
1296 3123 1333 3156 et
1355 3120 1393 3155 la
1416 3118 1634 3155 discrétion
1653 3117 1712 3153 les
1730 3116 1821 3161 plus
1845 3114 2038 3151 absolues
2042 3141 2049 3156 ,

1207 3169 1363 3213 aégage
1384 3175 1430 3204 sa
1456 3162 1785 3210 responsabilité,
1808 3172 1858 3199 en
1880 3163 2053 3198 laissant

1209 3216 1232 3251 à
1261 3215 1417 3259 chaque
1445 3212 1605 3251 abonné
1631 3210 1667 3247 le
1695 3209 1785 3248 soin
1808 3209 1857 3245 de
1880 3208 2062 3245 dévoiler

1202 3262 1410 3300 lui-même
1449 3269 1523 3297 son
1553 3258 1739 3296 adresse.

2059 3317 2067 3341 i
