2472 3696
450 278 974 351 ABONNEMENTS

292 401 570 454 TROIS
628 392 892 441 MOIS..
962 385 1056 427 -12
1113 394 1136 418 »

291 472 669 529 QUATRE
715 460 931 509 MOIS
963 462 993 499 'l
1011 458 1056 499 5
1114 467 1137 491 »

293 552 430 598 SIX
494 540 917 590 MOIS.
957 528 1056 573 20
1114 539 1138 563 »

336 637 502 681 Chaque
528 622 807 666 abonnement
831 618 966 655 donne
987 609 1097 651 droit
1132 618 1139 644 :

343 702 378 737 1°
408 701 440 736 A
466 692 690 736 l’insertion
715 688 838 724 d'une
864 687 1051 720 annonce
1072 673 1141 722 qui

294 748 428 798 paraît
469 742 652 792 pendant
692 736 802 775 toute
843 733 885 769 la
926 727 1050 765 durée
1092 722 1141 759 de

293 791 598 836 l’abonnement
633 797 642 832 ;

316 862 322 899 .
342 861 382 899 2°
410 863 441 896 A
466 853 617 894 l’envoi
642 847 796 898 gratuit
820 847 911 883 tous
934 843 994 878 les
1023 836 1140 880 mois,

293 913 346 950 du
373 909 550 958 journal,
579 902 695 941 aussi
719 896 953 942 longtemps
975 897 1053 936 que
1074 885 1145 922 du¬

303 971 346 998 re
382 950 698 994 l’abonnement.

339 1025 382 1062 3°
420 1024 453 1060 A
488 1021 526 1058 la
557 1010 888 1061 corespondance
923 1012 1026 1042 avec
1053 1001 1145 1037 tous

299 1075 356 1113 les
382 1067 566 1110 abonnés
588 1062 770 1112 pendant
794 1059 834 1094 la
857 1054 984 1093 durée
1005 1049 1054 1087 de
1078 1048 1147 1085 l’a¬

299 1115 558 1158 bonnement.

344 1180 377 1215 Il
406 1175 520 1214 suffit
547 1179 651 1218 pour
679 1165 897 1204 s’abonner
926 1159 1148 1201 d’envoyer

299 1238 353 1265 au
378 1224 553 1272 journal,
582 1228 634 1257 en
659 1214 770 1253 BON
794 1212 862 1248 DE
883 1205 1050 1245 POSTE
1077 1202 1150 1239 OU

299 1265 720 1313 MANDAT-POSTE,
746 1266 786 1301 la
812 1264 971 1294 somme
994 1260 1152 1290 corres¬

301 1321 506 1370 pondante
536 1317 562 1353 à
589 1308 898 1351 l’abonnement
927 1299 1069 1345 choisi,
1101 1307 1151 1334 en

303 1370 487 1407 donnant
521 1363 606 1400 très
636 1356 884 1397 lisiblement
921 1365 931 1390 :

349 1418 387 1459 a)
424 1416 506 1453 Son
542 1417 650 1448 nom.

306 1467 341 1513 b)
382 1465 464 1502 Son
499 1459 683 1503 adresse,
716 1452 890 1499 laquelle
928 1443 1045 1484 notée
1074 1441 1155 1478 dis¬

305 1510 530 1551 crètement
557 1507 620 1543 est
645 1499 877 1547 remplacée
900 1491 1155 1534 immédiate¬

308 1561 418 1599 ment
450 1566 529 1605 par
558 1563 615 1591 un
643 1550 817 1588 numéro
853 1543 1013 1582 d'ordre
1050 1546 1156 1576 com¬

307 1606 501 1654 muniqué
531 1600 707 1641 aussitôt
734 1599 759 1634 à
785 1591 986 1632 l’abonné.

355 1657 388 1700 c)
427 1656 480 1691 Le
523 1649 656 1688 libellé
699 1645 747 1682 de
783 1645 997 1682 l’annonce
1041 1637 1065 1673 à
1102 1633 1158 1670 in¬

310 1705 422 1743 sérer
447 1710 525 1748 que
552 1698 712 1735 chacun
740 1690 880 1737 rédige
908 1688 934 1724 à
964 1696 1012 1723 sa
1043 1687 1158 1730 guise

310 1756 334 1792 à
368 1754 409 1789 la
439 1746 648 1787 condition
682 1739 824 1789 qu’elle
859 1745 909 1773 ne
945 1732 1159 1770 contienne

310 1801 398 1838 rien
420 1797 470 1835 de
491 1792 696 1833 contraire
721 1792 747 1828 à
772 1790 813 1825 la
836 1782 1005 1821 morale.
1025 1776 1162 1819 L’INTER¬

311 1848 402 1890 MEDIA
414 1847 452 1886 RE
461 1842 605 1885 DüFOYER
617 1849 668 1877 ne
678 1835 810 1885 prend
826 1841 902 1880 pas
914 1839 933 1866 h
949 1838 995 1865 sa
1005 1825 1162 1865 charge

313 1901 352 1937 la
373 1892 585 1932 rédaction
604 1889 677 1926 des
701 1878 938 1924 annonces).
963 1877 1163 1914 L’annon¬

314 1956 358 1985 ce
391 1942 478 1980 doit
504 1936 695 1983 indiquer
719 1932 828 1977 l’âge
864 1928 902 1966 et
935 1926 976 1962 la
1009 1921 1164 1970 profes¬

312 1992 405 2030 sion
429 1989 478 2026 de
498 1982 691 2025 l’abonné
712 1982 752 2018 et
772 1975 964 2025 -spécifier
987 1972 1079 2008 tous
1104 1969 1164 2006 les

317 2038 544 2083 avantages
573 2031 666 2080 qu’il
694 2030 756 2066 est
780 2027 806 2063 à
831 2025 968 2061 même
989 2019 1039 2057 de
1061 2016 1165 2053 faire

318 2087 459 2129 valoir,
499 2082 576 2120 tels
613 2088 692 2126 que
731 2086 739 2111 :
777 2074 857 2117 dot,
888 2069 1020 2110 avoir,
1051 2063 1166 2111 espé¬

317 2142 477 2178 rances,
516 2126 723 2169 situation,
762 2122 851 2166 etc.,
885 2116 962 2155 etc.
1001 2114 1167 2158 Chaque

319 2189 505 2220 annonce
522 2188 574 2213 ne
593 2174 677 2211 doit
699 2180 774 2218 pas
796 2163 981 2206 contenir
1002 2162 1095 2208 plus
1119 2160 1168 2196 de

319 2232 452 2268 trente
475 2228 584 2264 mots
609 2230 709 2260 sans
739 2213 1034 2255 abréviations.
1064 2208 1169 2245 Tout

319 2281 404 2315 mot
432 2268 781 2319 supplémentaire
808 2267 872 2301 est
899 2259 994 2298 taxé
1023 2256 1108 2295 0.15
1134 2256 1170 2291 le

321 2330 418 2364 mot.
446 2322 546 2359 MM.
574 2324 634 2360 les
655 2313 842 2353 abonnés
864 2311 959 2349 sont
984 2304 1094 2352 priés
1121 2302 1170 2338 de

322 2373 480 2422 joindre
500 2380 555 2406 au
576 2366 708 2404 libellé
731 2363 782 2398 de
807 2361 895 2396 leur
922 2362 1110 2391 annonce
1134 2351 1171 2386 le

322 2422 511 2460 montant
547 2416 619 2452 des
655 2413 764 2449 mots
801 2399 1172 2452 supplémentaires

324 2469 441 2516 qu'ils
472 2468 542 2503 ont
573 2457 797 2506 employés.

371 2516 475 2553 Tout
514 2505 791 2550 abonnement
831 2510 913 2538 non
954 2491 1174 2535 renouvelé

326 2564 470 2612 quinze
512 2560 628 2607 jours
663 2553 792 2593 avant
827 2558 901 2588 son
946 2541 1175 2591 expiration

327 2612 512 2650 entraîne
541 2607 593 2645 de
624 2602 730 2642 droit
759 2602 800 2638 la
825 2590 1101 2644 suppression
1127 2587 1176 2625 de

328 2661 539 2697 l’annonce
565 2654 615 2691 de
647 2646 886 2688 l’intéressé.

375 2811 597 2878 MANIÈRE
634 2816 695 2870 DE
729 2803 1138 2868 CORRESPONDRE

383 2935 562 2981 Lorsque
590 2939 692 2969 vous
715 2934 810 2963 avez
837 2915 1054 2966 remarqué
1077 2915 1180 2951 dans

332 2993 365 3030 le
410 2985 580 3038 journal
631 2993 708 3020 une
756 2984 946 3014 annonce
996 2967 1180 3019 pouvant

330 3043 432 3084 vous
461 3040 675 3080 intéresser
679 3045 687 3083 ,
718 3042 820 3071 vous
844 3026 1041 3078 procédez
1066 3023 1116 3061 de
1144 3020 1181 3057 la

330 3101 456 3148 façon
478 3093 665 3133 suivante
688 3101 700 3126 :

385 3152 626 3199 Supposons
653 3152 729 3192 que
758 3141 791 3177 le
813 3132 864 3175 N°
893 3145 917 3169 «
943 3128 1003 3173 18
1034 3138 1057 3168 »
1080 3139 1182 3167 vous

340 3208 388 3244 lit.
416 3205 477 3242 été
502 3197 679 3241 attribué
682 3207 692 3240 ,
723 3197 760 3233 et
788 3202 864 3241 que
886 3198 988 3227 vous
1015 3182 1182 3223 désiriez

336 3255 632 3306 correspondre
652 3260 747 3289 avec
771 3249 806 3286 le
828 3240 878 3283 N°
896 3239 920 3280 «
945 3237 1002 3280 15
1017 3238 1058 3285 »,
1082 3237 1182 3275 dont

339 3317 553 3354 l’annonce
583 3309 640 3345 est
665 3306 712 3343 de
740 3303 885 3341 nature
914 3296 939 3335 à
962 3303 1063 3333 vous
1088 3300 1183 3329 con¬

1205 271 1321 309 venir
1341 282 1352 307 :
1379 268 1482 306 Vous
1506 263 1658 303 écrivez
1683 262 1795 297 voire
1820 257 1935 296 lettre
1941 267 1949 303 ,
1974 264 2051 303 que

1213 337 1314 365 vous
1335 324 1473 372 signez
1491 321 1539 358 de
1560 318 1674 356 votre
1697 313 1873 352 numéro
1892 307 2054 348 d'ordre

1211 375 1309 419 al8
1325 378 1399 414 nia
1430 376 1574 413 mettez
1599 373 1700 409 dans
1726 378 1805 405 une
1833 363 2059 409 enveloppe

1215 446 1266 472 en
1293 433 1428 477 blanc,
1461 438 1532 466 sur
1587 423 1759 474 laquelle
1819 429 1920 457 vous
1981 416 2059 453 ins¬

1216 486 1346 526 crivez
1350 480 1358 533 ,
1390 479 1487 518 très
1508 470 1793 523 légèrement
1813 479 1865 505 au
1887 474 2060 513 crayon,

1217 543 1271 581 les
1295 539 1489 579 numéros
1535 532 1557 573 «
1587 529 1647 572 18
1674 526 1703 570 Ù
1740 527 1796 568 10
1821 537 1861 563 ».

1269 611 1379 659 (Ceci
1412 611 1468 647 est
1502 606 1580 644 très
1610 601 1838 651 important
1857 610 1872 643 ;
1907 608 1956 636 ne
1986 605 2056 642 pas

1215 668 1321 717 faire
1340 675 1478 702 erreur
1497 673 1547 700 en
1570 659 1743 698 mettant
1766 653 1952 693 l'inverse
1958 661 1966 698 ,
1992 660 2061 686 car

1221 719 1488 768 l'expéditeur
1528 712 1720 752 recevrait
1763 707 1975 748 lui-même
2018 714 2058 740 sa

1220 785 1370 824 propre
1393 770 1542 816 lettre.)

1265 847 1304 884 Si
1326 854 1431 883 vous
1450 842 1613 880 désirez
1633 833 1943 883 correspondre
1963 839 2068 868 avec

1223 901 1437 949 plusieurs
1469 893 1657 934 abonnés
1688 900 1798 929 vous
1829 886 1998 934 répétez
2030 883 2069 920 la

1222 956 1360 993 même
1382 950 1607 999 opération
1624 956 1732 994 pour
1753 945 1917 981 chacun
1933 939 2067 976 d’eux.

1269 1022 1363 1060 Cela
1400 1019 1487 1062 fait,
1518 1025 1626 1054 vous
1656 1012 1826 1060 joignez
1858 1009 1976 1045 votre
2014 1013 2067 1042 ou

1222 1087 1298 1115 vos
1319 1074 1576 1118 enveloppes
1599 1066 1828 1105 contenant
1850 1064 1886 1099 la
1906 1068 2072 1098 corres¬

1223 1131 1444 1180 pondance
1481 1121 1668 1162 destinée
1705 1129 1789 1156 aux
1838 1121 2071 1164 personnes

1223 1194 1324 1223 avec
1346 1179 1575 1228 lesquelles
1603 1185 1710 1213 vous
1736 1171 1903 1210 désirez
1929 1171 2074 1204 entrer

1225 1249 1276 1278 en
1294 1235 1487 1276 relation,
1504 1235 1523 1268 à
1542 1241 1597 1269 un
1617 1228 1793 1267 bulletin
1811 1224 2074 1272 portanhvos

1226 1303 1323 1331 nom
1350 1293 1389 1328 et
1410 1289 1584 1326 adresse
1597 1293 1640 1322 —
1651 1283 1748 1322 ceci
1768 1279 1865 1326 afin
1886 1279 1939 1315 de
1958 1282 2077 1313 nous

1225 1343 1490 1394 permettre
1527 1342 1580 1378 de
1617 1335 1810 1382 vérifier
1848 1329 2075 1371 l'authen¬

1228 1398 1363 1440 ticité
1379 1399 1457 1436 des
1476 1391 1781 1437 expéditeurs
1799 1408 1846 1413 —
1871 1386 1914 1423 et
1934 1385 2078 1421 conte¬

1229 1456 1332 1492 nant
1351 1454 1383 1488 la
1407 1458 1575 1489 somme
1598 1443 1836 1482 nécessaire
1858 1440 1880 1475 à
1904 1437 2079 1474 l’all'ran-

1229 1504 1488 1547 chissement
1526 1503 1576 1539 de
1615 1501 1654 1536 la
1707 1491 2078 1540 correspondance

1231 1572 1316 1611 que
1354 1568 1462 1598 vous
1493 1565 1603 1593 nous
1629 1559 1816 1599 envoyez
1847 1556 1954 1595 pour
1989 1544 2079 1583 être

1233 1615 1475 1654 transmise,
1524 1618 1632 1647 vous
1683 1606 1839 1650 glissez
1889 1601 1927 1638 le
1989 1598 2082 1636 tout

1234 1672 1340 1708 dans
1359 1677 1441 1706 une
1460 1667 1581 1702 autre
1603 1660 1839 1705 enveloppe
1867 1664 1949 1702 que
1976 1661 2082 1689 vous

1233 1725 1443 1766 cachetez,
1464 1716 1766 1756 allranchissez
1786 1713 1827 1750 et
1847 1710 2046 1747 adressez
2059 1705 2081 1742 à

1234 1773 1612 1817 l’«lntermédiaire
1644 1770 1697 1806 du
1733 1768 1894 1813 Foyer»
1925 1761 2012 1810 qui,
2044 1760 2084 1796 la

1235 1833 1451 1872 recevant,
1492 1829 1641 1864 trouve
1679 1824 1702 1859 à
1743 1818 1978 1858 l’intérieur
2023 1815 2085 1850 les

1211 1924 1214 1926 .
1236 1887 1495 1932 enveloppes
1523 1880 1621 1928 qu’il
1658 1877 1732 1914 fait
1758 1872 1958 1922 parvenir
1985 1878 2083 1906 aus¬

1238 1941 1343 1979 sitôt
1362 1949 1445 1976 aux
1467 1930 1713 1973 intéressés.

1301 2011 1353 2049 La
1384 2006 1606 2047 discrétion
1643 2003 1681 2040 la
1714 2000 1806 2050 plus
1843 1995 2009 2035 absolue
2044 2003 2085 2030 se

1244 2072 1388 2105 trouve
1420 2063 1523 2101 ainsi
1556 2057 1730 2104 assurée,
1767 2045 2085 2091 L’INTERESSE

1246 2118 1415 2159 AYANT
1459 2114 1587 2154 SEUL
1634 2111 1698 2150 LA
1742 2102 1974 2146 FACULTE
2019 2100 2087 2138 DE

1249 2172 1399 2212 FAIRE
1436 2164 1726 2209 CONNAITRE
1767 2162 1799 2200 A
1837 2158 1922 2199 SES
1967 2155 2085 2195 COR¬

1247 2220 1612 2267 RESPONDANTS
1643 2217 1738 2257 SON
1765 2214 1873 2255 NOM
1905 2212 1968 2251 ET
1994 2208 2088 2249 SON

1251 2279 1488 2325 ADRESSE,
1532 2282 1565 2315 et
1608 2273 1828 2312 vice-versa
1851 2267 1860 2314 ;
1898 2267 1946 2306 de
1983 2264 2089 2303 sorte

1251 2348 1328 2386 que
1358 2335 1391 2372 si
1395 2346 1403 2380 ,
1443 2330 1560 2380 après
1597 2340 1652 2367 un
1687 2325 1871 2372 échange
1901 2333 1954 2359 ou
1984 2319 2093 2357 deux

1250 2394 1299 2430 de
1325 2391 1460 2428 lettres
1463 2386 1471 2432 ,
1503 2386 1558 2423 les
1589 2383 1695 2421 deux
1721 2377 1849 2428 partis
1877 2371 2091 2422 s'aperçoi¬

1251 2448 1348 2484 vent
1376 2439 1496 2492 qu'ils
1526 2450 1574 2476 ne
1604 2436 1784 2486 peuvent
1811 2443 1852 2469 se
1877 2425 2077 2468 convenir
2080 2455 2088 2472 ,

1254 2501 1285 2539 il
1316 2499 1404 2537 leur
1443 2498 1498 2532 est
1539 2491 1697 2530 loisible
1736 2488 1784 2526 de
1819 2495 1949 2524 cesser
1987 2482 2094 2519 leurs

1254 2548 1627 2598 correspondances
1631 2576 1639 2591 ,
1667 2546 1758 2582 tout
1784 2552 1834 2578 en
1859 2539 2014 2577 restant
2033 2535 2093 2572 in¬

1255 2617 1414 2646 connus
1446 2600 1531 2641 l’un
1568 2600 1617 2639 de
1652 2594 1811 2635 l’autre.
1851 2593 1907 2629 De
1945 2589 2076 2627 même
2082 2615 2090 2633 ,

1256 2664 1358 2700 dans
1387 2660 1420 2697 le
1446 2668 1511 2696 cas
1539 2651 1757 2696 contraire,
1788 2646 1872 2687 s'ils
1901 2643 2078 2683 désirent
2084 2671 2093 2686 ,

1255 2715 1373 2765 après
1393 2713 1553 2751 entente
1575 2707 1816 2754 réciproque
1820 2713 1828 2749 ,
1855 2711 1894 2739 se
1918 2696 2099 2737 dévoiler

1259 2765 1574 2809 mutuellement
1603 2762 1691 2800 leur
1721 2768 1822 2796 nom
1854 2756 1891 2793 et
1923 2753 2097 2793 adresse,

1259 2825 1307 2863 ils
1350 2821 1527 2872 peuvent
1564 2809 1889 2861 comrrtuniquer
1930 2806 2099 2845 directe¬

1260 2882 1375 2917 ment
1395 2879 1508 2914 entre
1526 2883 1618 2920 eux,
1640 2879 1735 2907 sans
1755 2874 1896 2916 passer
1916 2872 1993 2910 par
2012 2857 2099 2897 l’in¬

1261 2928 1518 2972 termédiaire
1542 2926 1600 2965 du
1621 2921 1806 2972 journal.

1305 2998 1416 3037 Cette
1451 2991 1738 3034 combinaison
1784 2985 1885 3024 offre
1915 2981 2021 3020 ainsi
2068 2978 2104 3016 le

1259 3046 1486 3084 maximum
1505 3042 1553 3078 de
1571 3036 1760 3079 sécurité,
1795 3034 1835 3068 et
1877 3045 1891 3062 «
1914 3019 2076 3070 L’INTERMÉ
2090 3045 2106 3051 -

1254 3095 1357 3136 DIAIRE
1374 3093 1413 3133 DU
1430 3089 1525 3131 FOYER
1549 3097 1580 3131 »,
1614 3084 1838 3123 observant
1868 3076 2093 3122 l'im.partia
2097 3094 2109 3102 -

1259 3143 1328 3182 lité
1347 3144 1386 3180 et
1406 3140 1445 3176 la
1466 3134 1686 3174 discrétion
1704 3132 1763 3168 les
1783 3129 1873 3175 plus
1896 3125 2101 3163 absolues,

1261 3192 1415 3236 aégage
1437 3195 1483 3223 sa
1508 3176 1838 3228 responsabilité,
1862 3183 1911 3210 en
1932 3171 2107 3208 laissant,

1262 3241 1288 3276 à
1314 3238 1470 3281 chaque
1497 3227 1659 3269 abonné
1685 3225 1721 3262 le
1749 3221 1838 3262 soin
1861 3220 1910 3257 de
1932 3215 2114 3255 dévoiler

1258 3284 1466 3322 lui-même
1504 3287 1576 3316 son
1613 3273 1796 3312 adresse.
