2472 3696
541 463 1196 548 OBSERVATIONS
1249 452 1956 536 RECOMMANDEES

405 718 431 753 //
451 717 504 751 est
527 713 734 750 absolument
760 708 1002 751 indispensable
1022 714 1085 749 que
1103 706 1229 746 chaque
1255 700 1382 738 abonné
1408 700 1466 735 lise
1493 697 1741 735 attentivement
1773 695 1815 728 —-
1843 695 1865 728 il
1891 702 1910 728 a
1937 695 1979 728 du
2006 693 2095 728 reste

542 781 612 816 tout
631 776 753 814 intérêt
777 777 797 811 à
818 777 847 810 le
867 775 953 810 faire
980 773 1025 806 —
1053 773 1099 806 les
1126 772 1218 806 notes
1241 768 1424 804 ci-dessous
1446 773 1530 807 pour
1549 765 1687 806 pouvoir
1706 763 1756 803 s’y
1779 761 1967 796 conformer

411 918 441 954 I.
473 937 519 943 —
548 915 652 951 Tout
682 912 835 948 lecteur
863 911 912 947 de
937 905 1222 945 INTERME¬

370 965 554 1003 DIAIRE
573 964 646 1000 DU
667 960 845 997 FOYER
863 957 1049 994 désirant
1068 962 1224 991 corres¬

374 1013 533 1059 pondre
560 1021 662 1047 avec
688 1018 746 1044 un
778 1018 832 1044 ou
857 1005 1065 1051 plusieurs
1099 1003 1223 1038 abon¬

380 1062 454 1098 nés
491 1060 561 1096 NE
605 1057 744 1093 PEUT
778 1055 843 1091 LE
882 1052 1040 1089 FAIRE
1087 1049 1218 1086 SANS

373 1110 512 1147 ETRE
530 1105 794 1144 LUI-MEME
814 1100 1049 1138 ABONNE,
1069 1102 1108 1134 et
1124 1107 1225 1136 sans

374 1157 492 1193 avoir
521 1155 595 1191 fait
623 1152 832 1197 parvenir,
857 1160 911 1186 au
939 1145 1161 1193 préalable,
1190 1145 1224 1181 le

375 1207 565 1241 montant
583 1202 631 1237 de
653 1210 729 1238 son
748 1199 1026 1234 abonnement
1044 1204 1097 1230 au
1117 1193 1223 1238 jour¬

374 1254 459 1289 nal.

414 1346 465 1382 II.
492 1366 539 1372 —
566 1343 671 1379 Tout
703 1340 904 1377 adhérent
934 1338 959 1373 à
989 1338 1107 1372 notre
1139 1342 1225 1369 oeu¬

365 1404 441 1431 vre
475 1393 557 1429 doit
592 1391 695 1426 faire
731 1386 926 1434 parvenir
961 1385 986 1421 à
1020 1386 1032 1422 1
1047 1381 1225 1419 INTER¬

378 1440 637 1478 MEDIAIRE
671 1438 744 1475 DU
776 1435 965 1478 FOYER,
1007 1442 1060 1468 en
1091 1432 1227 1466 même

377 1495 513 1534 temps
547 1497 626 1533 que
660 1495 738 1520 son
765 1483 1058 1525 abonnement,
1094 1480 1131 1515 le
1160 1478 1227 1514 LI¬

384 1537 549 1574 BELLE
595 1534 662 1570 DE
700 1533 803 1570 SON
849 1527 1117 1570 ANNONCE,
1164 1526 1220 1561 la¬

376 1585 510 1631 quelle
525 1583 607 1619 doit
622 1584 707 1618 être
723 1578 976 1618 convenable
996 1580 1034 1612 et
1049 1576 1099 1611 de
1116 1575 1228 1611 toute

377 1631 580 1669 moralité.

420 1680 476 1715 La
500 1677 706 1715 Direction
730 1685 774 1712 se
796 1674 965 1710 réserve
988 1671 1023 1706 le
1047 1667 1153 1705 droit
1175 1666 1224 1703 de

373 1728 560 1764 modifier
586 1727 696 1761 toute
723 1732 910 1762 annonce
933 1718 1176 1765 équivoque.

418 1821 487 1858 III.
509 1841 554 1846 —
579 1819 656 1855 Les
681 1823 906 1858 annonces,
932 1822 1036 1858 pour
1060 1812 1145 1847 être
1170 1810 1229 1845 in¬

366 1871 512 1910 sérées
548 1868 585 1904 le
621 1868 640 1902 1
643 1871 672 1889 er
707 1865 757 1900 de
793 1864 951 1908 chaque
987 1859 1107 1903 mois,
1146 1857 1228 1894 doi¬

367 1923 466 1955 vent
491 1926 597 1952 nous
625 1912 819 1959 parvenir
848 1921 900 1948 au
927 1909 1059 1945 PLUS
1086 1906 1227 1943 TARD

378 1967 444 2003 LE
465 1965 511 2002 26
533 1965 589 2000 du
614 1962 720 1998 mois
747 1958 979 2005 précédent.
1006 1957 1136 1992 Toute
1157 1963 1230 1990 an¬

371 2023 516 2055 nonce,
558 2020 680 2055 reçue
720 2006 842 2052 après
883 2008 986 2042 cette
1026 2002 1135 2047 date,
1176 2009 1228 2036 ne

372 2069 525 2106 pourra
551 2059 733 2104 paraître
758 2065 835 2100 que
858 2055 893 2091 le
920 2051 1024 2088 mois
1046 2050 1228 2086 suivant.

373 2111 489 2145 Dans
521 2119 568 2144 ce
599 2116 684 2150 cas,
716 2104 746 2141 il
776 2103 882 2138 n’est
914 2109 991 2145 pas
1023 2098 1232 2142 indispen¬

368 2157 487 2194 sable
510 2164 588 2200 que
608 2153 823 2190 l’annonce
845 2148 924 2186 soit
944 2147 1105 2185 insérée
1127 2153 1230 2190 pour

374 2215 452 2249 que
481 2201 712 2240 l’intéressé
746 2197 887 2244 puisse
934 2192 1231 2237 correspondre

369 2263 475 2290 avec
496 2251 556 2287 les
580 2248 764 2286 abonnés
787 2247 842 2282 du
862 2245 1039 2291 journal.
1063 2241 1096 2276 Il
1116 2239 1233 2277 suffit

375 2300 470 2345 qu’il
496 2299 551 2335 ait
577 2306 674 2341 reçu
698 2292 952 2331 l’indication
978 2291 1032 2325 du
1056 2287 1232 2324 numéro

374 2348 632 2391 remplaçant
670 2353 745 2379 son
781 2351 877 2377 nom
911 2348 1013 2384 pour
1050 2334 1145 2381 qu’il
1175 2333 1233 2369 ait

372 2399 486 2432 toute
519 2392 669 2429 facilité
702 2391 751 2426 de
785 2385 1098 2430 communiquer
1131 2391 1232 2419 avec

375 2444 435 2480 les
468 2441 691 2477 adhérents
723 2439 772 2474 de
803 2437 987 2474 l’œuvre.

424 2523 493 2560 IV.
529 2543 576 2547 —
610 2520 686 2555 Les
718 2524 945 2562 personnes
985 2512 1051 2559 qui
1084 2511 1235 2547 désire¬

376 2571 511 2608 raient
545 2564 844 2610 correspondre
878 2572 980 2599 avec
1013 2561 1074 2596 1rs
1108 2559 1236 2595 abon¬

370 2620 451 2656 nés
472 2619 524 2653 du
545 2614 709 2662 journal
729 2621 830 2649 sans
850 2612 935 2646 être
955 2614 1100 2648 tenues
1120 2606 1236 2645 elles-

377 2668 535 2703 mêmes
563 2664 611 2700 de
633 2662 737 2698 faire
763 2659 922 2696 insérer
942 2665 1022 2692 une
1050 2663 1236 2690 annonce

377 2711 654 2759 personnelle,
687 2709 862 2744 devront
894 2713 1022 2750 payer
1053 2711 1111 2738 un
1143 2710 1237 2746 sup¬

382 2762 561 2806 plément
613 2760 662 2794 de
715 2756 860 2792 DEUX
908 2750 1114 2789 FRANCS
1162 2756 1238 2793 par

390 2809 512 2851 mois,
538 2806 617 2844 soit
647 2806 691 2842 13
721 2805 769 2841 fr.
799 2812 902 2848 pour
927 2800 1035 2836 deux
1061 2797 1167 2835 mois
1199 2799 1240 2832 et

389 2857 435 2895 18
465 2857 515 2894 fr.
548 2864 651 2900 pour
678 2853 779 2889 trois
807 2850 926 2886 mois.

426 2950 476 2985 V.
499 2967 544 2974 —
564 2946 646 2983 Dès
663 2944 792 2991 qu’un
814 2941 977 2978 abonné
994 2942 1057 2976 est
1078 2949 1128 2977 en
1149 2936 1240 2974 voie

379 2998 432 3033 de
464 2996 663 3039 mariage,
698 2993 725 3028 il
759 2990 841 3027 doit
873 2998 924 3026 en
956 2988 1157 3024 informer
1190 2985 1241 3021 de

382 3044 488 3081 suite
522 3045 562 3078 la
612 3039 819 3076 Direction
854 3038 902 3074 de
951 3032 1242 3072 l’INTERME-

390 3091 573 3129 DIAIRE
603 3089 676 3125 DU
704 3086 895 3128 FOYER,
922 3085 1006 3120 afin
1036 3091 1114 3128 que
1143 3081 1241 3116 l’an¬

390 3148 521 3175 nonce
538 3137 607 3183 qui
627 3136 682 3173 lui
699 3138 762 3172 est
778 3127 1052 3179 personnelle,
1070 3131 1242 3174 n’ayant

391 3187 486 3232 plus
521 3196 570 3223 sa
604 3182 747 3220 raison
776 3181 915 3225 d’être,
954 3178 1033 3214 soit
1064 3176 1242 3213 aussitôt

392 3232 642 3278 Supprimée,
669 3234 707 3268 et
730 3230 817 3267 cela
838 3229 941 3265 dans
966 3227 1003 3262 le
1026 3224 1099 3260 but
1117 3225 1168 3260 de
1186 3222 1243 3259 lui

394 3280 523 3318 éviter
544 3283 654 3315 toute
679 3275 1036 3320 correspondance
1058 3273 1243 3309 devenue

393 3329 548 3364 inutile.

1348 902 1456 936 Pour
1483 902 1523 937 la
1546 900 1680 935 même
1708 897 1862 939 raison,
1889 895 1916 931 il
1942 898 2005 932 est
2027 894 2151 930 indis¬

1301 949 1496 996 pensable
1524 957 1603 993 que
1630 946 1820 982 l’abonné
1845 944 2012 988 indique
2034 941 2151 978 aussi

1301 1001 1337 1035 le
1378 997 1551 1033 numéro
1592 995 1646 1030 du
1680 991 2007 1036 correspondant
2050 999 2150 1026 avec

1302 1046 1369 1092 qui
1398 1047 1433 1082 le
1463 1044 1647 1088 mariage
1675 1041 1758 1077 doit
1787 1051 1831 1077 se
1858 1039 1975 1075 faire.

1341 1167 1411 1202 VI.
1430 1186 1478 1191 —
1496 1165 1529 1201 Il
1549 1167 1610 1202 est
1630 1160 1937 1206 indispensable
1958 1169 2036 1205 que
2057 1159 2150 1194 cha¬

1296 1225 1372 1261 que
1409 1211 1733 1257 correspondant
1761 1218 1914 1255 appose
1949 1216 2001 1243 en
2033 1206 2149 1252 guise

1297 1266 1344 1302 do
1377 1264 1589 1308 signature
1620 1268 1696 1296 son
1727 1257 1900 1295 numéro
1929 1253 2152 1300 personnel

1299 1321 1380 1347 aux
1410 1313 1550 1348 lettres
1581 1307 1676 1353 qu’il
1707 1306 1807 1342 écrit
1835 1314 1919 1341 aux
1949 1302 2149 1339 abonnés.

1343 1421 1433 1458 VII.
1466 1436 1513 1443 —
1541 1420 1575 1455 Il
1604 1427 1658 1454 va
1685 1417 1736 1452 de
1766 1415 1829 1453 soi
1854 1425 1932 1461 que
1961 1413 2151 1450 l’abonné

1297 1470 1365 1515 qui
1389 1480 1414 1505 a
1436 1467 1643 1513 plusieurs
1666 1466 1807 1502 lettres
1831 1465 1856 1499 à
1879 1462 1983 1500 faire
2006 1470 2152 1508 parve¬

1297 1519 1361 1555 nir
1394 1527 1475 1553 aux
1507 1514 1730 1551 adhérents
1762 1514 1811 1549 de
1842 1512 2027 1555 l’œuvre,
2055 1512 2151 1554 peut

1297 1566 1356 1603 les
1389 1565 1596 1601 enfermer
1624 1565 1758 1599 toutes
1789 1561 1895 1596 dans
1925 1568 2008 1594 une
2039 1557 2151 1593 seule

1298 1618 1335 1650 et
1361 1612 1511 1657 unique
1538 1612 1760 1654 enveloppe
1786 1606 1980 1644 adressée
2004 1606 2030 1641 à
2053 1603 2152 1640 IN¬

1311 1659 1673 1698 TERMEDIAIRE
1708 1658 1781 1693 DU
1823 1655 2015 1698 FOYER,
2057 1654 2081 1689 à
2116 1653 2155 1689 la

1308 1709 1514 1746 condition
1544 1716 1622 1752 que
1646 1708 1660 1743 1
1676 1704 2070 1741 affranchissement
2100 1700 2155 1736 du

1312 1761 1398 1793 tout
1423 1753 1697 1800 corresponde
1724 1763 1777 1788 au
1811 1752 1925 1797 poids
1959 1749 2105 1795 postal.

1353 1806 1414 1840 Ne
1440 1814 1516 1848 pas
1540 1805 1713 1838 omettre
1734 1800 1962 1844 d’indiquer
1987 1797 2073 1833 très
2100 1795 2153 1832 lé¬

1308 1853 1519 1899 gèrement
1548 1851 1620 1886 AU
1647 1847 1860 1885 CRAYON
1891 1857 1963 1883 sur
1994 1845 2153 1889 chaque

1308 1902 1424 1937 lettre
1447 1920 1494 1924 —
1516 1898 1584 1943 qui
1615 1896 1697 1933 doit
1727 1897 1814 1932 être
1838 1893 2070 1939 également
2095 1891 2153 1927 af¬

1312 1947 1499 1985 franchie
1523 1968 1568 1972 —
1588 1947 1648 1982 les
1673 1943 1871 1979 numéros
1897 1942 1946 1978 de
1968 1939 2156 1984 Texpéd'-

1309 2000 1398 2032 teur
1426 1999 1465 2032 et
1491 1994 1544 2030 du
1568 1991 1847 2029 destinataire.

1348 2112 1457 2148 VIII.
1498 2129 1545 2135 —
1586 2106 1803 2153 Répondez
1841 2106 2028 2151 toujours
2072 2112 2154 2139 aux

1304 2164 1445 2201 lettres
1465 2159 1535 2206 qui
1554 2168 1658 2195 vous
1676 2161 1770 2193 sont
1790 2155 2021 2192 adressées.
2040 2153 2155 2193 Vous

1305 2209 1433 2247 seriez
1488 2207 1785 2244 certainement
1833 2203 2068 2239 mécontent
2120 2199 2157 2237 si

1305 2258 1574 2298 vous-même,
1595 2252 1782 2289 écrivant
1799 2260 1880 2288 une
1898 2251 2032 2295 lettre,
2053 2257 2157 2285 vous

1305 2305 1530 2342 n’obteniez
1565 2311 1639 2348 pas
1672 2301 1721 2337 de
1759 2300 1948 2344 réponse.
1982 2298 2015 2333 Il
2052 2304 2155 2332 vous

1307 2359 1368 2391 est
1409 2353 1541 2397 facile,
1585 2351 1620 2386 si
1654 2354 1770 2386 votre
1811 2347 2011 2383 intention
2053 2346 2157 2380 n’est

1307 2411 1382 2446 pas
1426 2400 1476 2436 de
1519 2398 1732 2435 continuer
1775 2396 1800 2432 à
1842 2390 2154 2439 correspondre,

1306 2448 1550 2493 d’exprimer
1579 2454 1653 2483 vos
1688 2446 1848 2490 regrets
1880 2452 1931 2479 en
1960 2440 2155 2487 quelques

1307 2500 1427 2533 mots.

1357 2614 1426 2650 IX.
1463 2635 1508 2639 —
1544 2611 1636 2647 Afin
1671 2608 1842 2644 d’éviter
1878 2609 1988 2642 toute
2023 2605 2162 2640 confu¬

1312 2664 1401 2698 sion
1437 2660 1657 2706 (plusieurs
1696 2656 1918 2693 adhérents
1962 2655 2090 2698 ayant
2124 2651 2162 2688 le

1309 2712 1444 2746 même
1473 2709 1586 2748 nom)
1611 2709 1698 2744 tout
1728 2704 1891 2740 abonné
1923 2701 2107 2738 Vrivant
2136 2699 2161 2735 à

1316 2760 1340 2794 T
1346 2752 1768 2794 INTERMEDIAIRE
1785 2752 1857 2788 DU
1877 2749 2052 2786 FOYER
2071 2747 2167 2784 EST

1318 2806 1439 2842 PRIE
1471 2804 1539 2840 DE
1570 2802 1730 2839 FAIRE
1762 2798 1957 2836 SUIVRE
1997 2796 2060 2833 SA
2099 2797 2165 2832 SI¬

1324 2851 1574 2889 GNATURE
1634 2849 1701 2884 DE
1771 2847 1873 2883 SON
1933 2843 2161 2881 NUMERO

1318 2898 1556 2937 D’ORDRE.

1357 2958 1485 2995 Toute
1528 2957 1646 2992 lettre
1681 2951 1936 2990 demandant
1978 2959 2059 2986 une
2101 2949 2162 2984 dé¬

1321 3017 1449 3052 pense
1507 3005 1531 3041 à
1589 2997 2040 3039 INTERMEDIAIRE
2093 2994 2165 3032 DU

1322 3054 1495 3092 FOYER
1525 3052 1606 3087 doit
1631 3052 1716 3086 être
1738 3046 2017 3091 accompagné
2040 3044 2166 3081 D’UN

1322 3098 1708 3143 TIMBRE-POSTE
1739 3099 1764 3135 à
1798 3095 1883 3133 0.15

1361 3218 1410 3253 X.
1440 3238 1486 3242 —
1518 3216 1549 3251 Il
1581 3214 1685 3250 n’est
1713 3216 1809 3248 tenu
1842 3218 1977 3246 aucun
2005 3209 2164 3253 compte

1315 3267 1387 3303 des
1414 3266 1555 3302 lettres
1588 3262 1774 3298 donnant
1805 3268 1965 3296 comme
1993 3256 2163 3295 adresse

1314 3311 1562 3349 l’indication
1585 3310 1633 3346 de
1656 3305 1694 3345 la
1718 3311 1833 3354 poste
1851 3302 2049 3343 restante.
