2472 3696
530 355 602 392 Les
638 357 792 395 mêmes
831 358 1051 406 difficultés
1054 361 1063 406 ,
1110 360 1203 397 bien
1243 358 1336 410 qu'à
1375 369 1444 398 un-'
1472 363 1662 400 moindre
1703 366 1838 413 degré,
1956 367 2193 414 présentent

428 418 533 455 pour
564 410 598 447 le
623 421 712 448 sexe
742 412 843 459 fort.
872 413 924 449 Le
954 414 1082 460 jeune
1109 414 1290 463 homme,
1325 416 1511 454 désireux
1543 417 1592 454 de
1618 431 1659 456 se
1689 419 1911 458 soustraire
1941 432 2020 457 aux
2052 421 2194 459 incon¬

427 463 611 501 vénients
645 465 699 502 du
733 465 894 513 célibat,
934 467 1004 515 qui
1035 473 1094 506 est
1126 468 1183 505 las
1218 469 1267 506 de
1300 471 1413 507 vivre
1442 483 1492 510 au
1527 476 1759 510 restaurant
1788 475 1841 511 où
1870 472 1954 512 l'on
1991 474 2081 523 paie
2111 475 2194 514 fort

421 512 523 548 cher
562 524 644 550 une
691 517 913 552 mauvaise
964 518 1227 562 nourriture,
1267 519 1318 554 de
1373 529 1524 565 passer
1570 531 1638 557 ses
1684 523 1845 558 soirées
1890 534 1943 560 au
1988 528 2090 568 cale,
2147 536 2198 561 en

417 567 574 602 faisant
622 568 661 604 la
711 569 1032 607 traditionnelle
1085 571 1258 608 manille
1311 582 1413 608 avec
1459 573 1533 609 des
1586 577 1849 620 camarades,
1908 588 1958 613 au
2009 578 2092 613 lieu
2147 578 2197 614 de

421 624 569 671 goûter
595 625 631 662 la
664 626 794 664 douce
827 626 1066 666 familiarité
1099 629 1153 666 du
1186 628 1315 678 foyer,
1349 627 1432 678 qui,
1470 643 1520 668 en
1549 643 1615 668 cas
1647 631 1996 683 d’indisposition,
2030 635 2192 683 préfère

423 678 478 715 les
508 679 618 717 soins
655 679 884 719 affectueux
914 679 1037 720 d’une
1074 682 1230 720 femme
1255 684 1439 721 dévouée
1473 687 1495 723 à
1527 698 1628 723 ceux
1664 686 1787 725 d’une
1815 689 2043 737 étrangère,
2085 690 2188 729 celui

421 732 492 780 qui
526 733 741 771 considère
773 745 940 772 comme
975 747 1057 773 une
1091 736 1325 785 obligation
1360 739 1495 777 sacrée
1525 740 1564 777 la
1601 740 1820 779 fondation
1852 739 1977 780 d’une
2013 743 2184 790 famille,

425 785 500 823 but
529 787 721 835 suprême
758 788 805 826 de
835 788 1079 836 l’existence,
1119 802 1170 827 en
1200 803 1258 828 un
1295 797 1384 830 mot
1412 792 1613 831 l’homme
1649 793 1697 832 de
1726 807 1843 833 cœur
1878 797 1949 845 qui
1981 802 2076 834 veut
2111 797 2195 836 être

424 839 526 877 utile
558 841 579 877 à
612 841 649 878 la
683 841 843 886 société,
879 848 990 891 peut,
1028 856 1120 881 sans
1154 850 1248 895 trop
1281 846 1330 884 de
1359 846 1596 895 difficultés,
1634 848 1835 887 chercher
1863 850 2094 888 lui-même,
2113 864 2195 892 une

428 905 676 943 compagne,
706 900 745 933 et
776 896 804 933 il
832 897 890 934 lui
923 903 982 935 est
1007 898 1168 936 loisible
1202 899 1252 937 de
1279 900 1504 939 demander
1536 903 1557 939 à
1586 914 1645 939 ses
1675 903 1781 940 amis
1811 909 1849 941 et
1881 905 2196 945 connaissances

425 948 477 985 de
504 948 563 985 lui
592 954 759 987 trouver
785 963 845 988 un
875 951 983 998 parti
1012 953 1277 1000 convenable,
1310 955 1416 993 mais
1443 960 1570 993 est-ce
1593 956 1789 995 suffisant
1811 958 1828 996 ?
1859 958 1912 996 La
1940 960 2109 1008 plupart
2139 961 2195 998 du

427 1006 574 1050 temps,
602 1003 638 1040 le
666 1002 818 1052 champ
843 1005 911 1042 des
939 1004 1180 1046 recherches
1205 1013 1263 1045 est
1295 1008 1378 1045 fort
1408 1009 1609 1057 restreint,
1646 1011 1699 1048 les
1727 1013 1829 1049 amis
1858 1013 1951 1060 plus
1975 1025 2029 1050 ou
2060 1014 2197 1051 moins

428 1055 687 1095 indifférents
711 1058 903 1097 oublient
933 1059 981 1096 de
1012 1059 1223 1109 s’occuper
1255 1062 1302 1099 de
1333 1062 1369 1099 la
1400 1063 1573 1101 mission
1605 1064 1779 1104 délicate
1804 1066 1908 1105 dont
1936 1067 1985 1105 ils
2013 1065 2196 1107 s’étalent

428 1109 601 1159 chargés
636 1117 810 1150 souvent
839 1114 860 1149 à
896 1118 1187 1160 contre-cœur,
1219 1120 1258 1154 et
1292 1116 1320 1153 il
1349 1129 1400 1155 en
1431 1118 1582 1156 résulte
1615 1130 1696 1167 que
1725 1118 1959 1168 l’intéressé,
2000 1133 2052 1158 ne
2086 1126 2195 1160 trou¬

427 1169 526 1202 vant
557 1175 629 1212 pas
663 1176 707 1202 ce
740 1166 842 1214 qu’il
875 1166 1017 1214 désire,
1054 1169 1216 1217 préfère
1248 1168 1476 1218 s’abstenir,
1511 1175 1565 1218 et,
1601 1174 1718 1220 après
1752 1174 1948 1223 quelques
1979 1176 2197 1214 tentatives

427 1218 580 1265 vaines,
606 1229 648 1256 se
670 1220 836 1268 résigne
856 1225 947 1258 tout
973 1221 1223 1261 doucement
1244 1226 1265 1262 à
1293 1229 1419 1263 rester
1441 1226 1563 1264 vieux
1588 1239 1756 1275 garçon.

469 1273 478 1323 ,
536 1272 601 1310 Ah
620 1272 633 1309 !
658 1285 733 1322 que
760 1274 808 1312 de
836 1275 1038 1323 mariages
1065 1277 1266 1326 manqués
1290 1279 1405 1326 faute
1432 1277 1532 1318 d'un
1560 1281 1866 1319 intermédiaire
1890 1283 2050 1321 sérieux
2052 1284 2061 1331 ,
2094 1284 2193 1322 hon¬

428 1326 517 1363 nête
542 1328 580 1363 et
609 1325 771 1373 discret,
799 1335 978 1377 prenant
1004 1331 1025 1368 à
1049 1343 1165 1368 cœur
1191 1331 1229 1369 la
1252 1331 1422 1370 réussite
1447 1334 1518 1373 des
1543 1335 1747 1384 mariages
1773 1337 1974 1385 auxquels
2002 1337 2030 1374 il
2061 1336 2192 1377 s’inté¬

428 1391 534 1416 resse
557 1379 566 1417 !
598 1380 800 1418 Combien
827 1382 877 1420 de
910 1384 1070 1432 projets
1096 1385 1435 1434 matrimoniaux,
1474 1391 1737 1429 commencés
1765 1402 1858 1429 sous
1889 1391 1941 1429 de
1969 1392 2074 1429 bons
2106 1404 2194 1430 aus¬

427 1433 548 1481 pices,
579 1439 656 1472 ont
689 1435 845 1474 échoué
877 1438 898 1474 à
934 1437 970 1475 la
1002 1439 1106 1476 suite
1140 1437 1486 1485 d’indiscrétions,
1525 1442 1745 1481 commises
1777 1444 1914 1485 même
1947 1445 2193 1484 involontai¬

429 1491 590 1526 rement
613 1487 620 1526 I
669 1488 786 1526 Seule
821 1503 905 1528 une
937 1491 1216 1530 intervention
1256 1495 1361 1542 sûre,
1412 1495 1705 1536 bienveillante
1744 1503 1782 1536 et
1820 1499 2047 1543 raisonnée,
2101 1505 2199 1549 peut

431 1546 579 1579 mettre
605 1555 655 1580 en
685 1549 857 1592 rapport
880 1545 920 1582 la
948 1545 1062 1585 foule
1089 1545 1249 1586 d’isolés
1277 1548 1350 1598 qui
1373 1549 1565 1598 végètent
1591 1552 1692 1590 dans
1722 1552 1759 1590 la
1789 1553 1977 1601 solitude,
2007 1553 2122 1592 faute
2151 1554 2200 1593 de

427 1607 468 1632 se
491 1596 718 1643 connaître,
751 1602 791 1635 et
813 1604 907 1637 sont
934 1599 1038 1638 ainsi
1062 1600 1200 1650 privés
1222 1603 1296 1641 des
1322 1603 1428 1652 joies
1453 1603 1503 1642 de
1525 1605 1563 1642 la
1595 1606 1767 1644 famille.

531 1649 637 1688 C’est
659 1663 766 1699 pour
787 1652 992 1690 remédier
1010 1655 1031 1692 à
1054 1659 1118 1693 cet
1136 1657 1220 1694 état
1244 1657 1293 1695 de
1311 1657 1452 1695 choses
1474 1657 1581 1697 aussi
1608 1660 1909 1708 préjudiciable
1932 1663 1954 1699 à
1974 1658 2193 1703 l’individu

427 1702 520 1752 qu’à
551 1703 589 1742 la
618 1705 875 1753 collectivité,
913 1706 1015 1746 dont
1040 1707 1180 1747 l’essor
1201 1716 1264 1749 est
1293 1712 1618 1760 complètement
1648 1715 1814 1752 entravé
1844 1727 1918 1763 par
1941 1716 1980 1753 la
2014 1716 2195 1753 diminu¬

433 1757 519 1794 tion
570 1757 617 1795 de
662 1759 754 1807 plus
800 1771 851 1797 en
902 1761 995 1808 plus
1038 1763 1196 1812 grande
1238 1765 1308 1803 des
1356 1764 1559 1816 mariages
1620 1779 1700 1816 que
1748 1780 1851 1806 nous
1897 1782 2023 1807 avons
2073 1769 2198 1808 fondé

431 1830 450 1853 «
471 1814 926 1857 L’INTERMEDIAIRE
945 1816 1024 1858 DU
1055 1818 1222 1858 FOYER
1252 1834 1288 1860 ».

530 1874 701 1926 Jusqu’à
729 1889 776 1915 ce
801 1881 901 1927 jour
924 1878 1114 1926 quantité
1137 1877 1352 1927 d’agences
1381 1884 1457 1918 ont
1483 1881 1544 1918 été
1574 1881 1719 1919 créées.
1749 1880 1951 1919 Combien
1982 1883 2029 1920 de
2061 1882 2195 1920 réelle¬

430 1933 543 1967 ment
572 1930 690 1969 utiles
718 1933 755 1968 et
788 1933 970 1981 efficaces
991 1933 1062 1971 ?...
1093 1932 1142 1971 Et
1174 1933 1259 1971 cela
1291 1945 1332 1970 se
1363 1933 1606 1982 comprend,
1639 1936 1778 1983 quand
1812 1948 1865 1973 on
1900 1935 2086 1973 réfléchit
2118 1948 2196 1986 que

428 1985 515 2023 seul
549 1983 724 2023 l'intérêt
753 1987 913 2034 guidait
945 1997 1009 2024 ces
1043 1988 1203 2036 gens-là
1206 2018 1214 2033 ,
1250 1991 1290 2026 et
1321 1999 1413 2036 que,
1449 1987 1552 2026 dans
1580 2000 1638 2026 un
1671 1988 1858 2037 mariage
1892 1990 1968 2028 fait
2001 2002 2077 2039 par
2102 2001 2193 2037 eux,

426 2039 476 2076 ils
501 2036 852 2088 n’envisageaient
872 2038 1028 2089 qu’une
1048 2041 1171 2078 chose
1193 2036 1202 2078 :
1215 2036 1260 2079 la
1272 2045 1449 2080 Somme
1462 2037 1493 2081 à
1505 2039 1703 2082 tOUCtlBP
1713 2039 1742 2081 Ù
1759 2040 1873 2082 titre
1887 2039 1941 2082 ÜB
1957 2048 1984 2082 C
2014 2040 2201 2091 UrtùgB.

530 2089 760 2130 Combien
783 2091 1053 2133 différente
1071 2100 1145 2131 est
1167 2093 1307 2132 notre
1328 2093 1497 2132 œuvre
1514 2093 1525 2132 !
1549 2099 1661 2134 Nous
1682 2108 1735 2135 ne
1757 2098 2021 2136 demandons
2044 2105 2201 2135 aucun

422 2145 675 2195 courtage,
711 2154 899 2185 aucune
926 2146 1238 2186 commission
1266 2146 1280 2185 !
1315 2151 1366 2187 Le
1394 2152 1484 2188 seul
1513 2151 1696 2188 débours
1723 2152 1910 2189 consiste
1938 2153 1962 2189 à
1989 2163 2122 2199 payer
2146 2165 2201 2190 un

423 2201 625 2248 modique
642 2203 931 2241 abonnement
951 2204 1118 2241 destiné
1139 2205 1163 2241 à
1184 2204 1358 2241 couvrir
1380 2204 1441 2240 les
1463 2205 1566 2241 frais
1588 2205 1886 2252 d’impression
1911 2208 1947 2243 et
1973 2206 2022 2243 de
2043 2217 2206 2245 corres¬

425 2256 664 2303 pondance,
703 2259 746 2293 et
783 2257 912 2304 grâce
950 2258 1105 2304 auquel
1140 2258 1201 2294 les
1232 2258 1505 2296 célibataires
1543 2259 1618 2295 des
1649 2259 1757 2296 deux
1792 2269 1914 2297 sexes
1946 2263 2021 2297 ont
2052 2261 2076 2297 à
2111 2262 2208 2298 leur

426 2309 684 2356 disposition
707 2320 765 2347 un
792 2311 918 2348 choix
936 2311 987 2349 de
1010 2312 1159 2358 partis,
1182 2313 1446 2359 permettant
1465 2313 1515 2349 de
1538 2312 1700 2350 donner
1722 2313 1986 2351 satisfaction
2008 2315 2031 2350 à
2061 2316 2203 2352 toutes

423 2363 484 2400 les
506 2363 744 2411 exigences.

531 2417 643 2455 Nous
667 2419 820 2455 tenons
843 2418 866 2455 à
887 2418 923 2455 le
950 2417 1122 2466 répéter
1154 2433 1162 2455 :
1192 2413 1665 2457 «L’INTERMÉDIAIRE
1698 2421 1761 2459 DU
1794 2422 1988 2458 FOYER»
2019 2421 2083 2458 n’a
2111 2422 2203 2460 rien

424 2470 476 2507 de
503 2480 706 2508 commun
733 2479 837 2509 avec
862 2472 924 2509 les
951 2482 1138 2518 agences
1167 2473 1509 2511 matrimoniales
1545 2483 1554 2518 ;
1584 2474 1689 2513 c'est
1714 2484 1809 2512 une
1834 2484 1998 2513 œuvre
2023 2476 2136 2514 dont
2164 2478 2205 2515 le

424 2524 504 2562 but
533 2527 710 2572 unique
738 2525 806 2564 est
835 2527 886 2565 de
913 2528 1074 2565 servir
1100 2528 1152 2565 de
1182 2527 1514 2566 trait-d'union
1542 2530 1662 2565 entre
1696 2530 1838 2566 toutes
1869 2530 1929 2566 les
1963 2540 2203 2577 personnes

424 2577 670 2617 désireuses
696 2579 747 2616 de
777 2580 954 2624 remplir
977 2580 1070 2617 leur
1096 2581 1245 2618 devoir
1272 2581 1403 2618 social
1432 2591 1484 2618 en
1512 2582 1784 2619 contractant
1808 2584 2009 2631 mariage,
2041 2580 2204 2628 quelle

425 2643 519 2683 que
554 2636 652 2675 soit
677 2636 790 2674 leur
824 2635 1059 2676 situation
1095 2637 1152 2676 de
1172 2637 1371 2677 fortune
1376 2638 1387 2686 ,
1410 2638 1467 2677 de
1488 2639 1535 2677 la
1554 2638 1668 2687 plus
1700 2639 1924 2678 modeste
1956 2638 1983 2678 à
2013 2639 2062 2679 la
2095 2641 2111 2679 r
2125 2641 2204 2679 lus

424 2688 603 2734 élevée,
637 2695 680 2730 et
706 2702 818 2730 nous
838 2694 1122 2739 remplissons
1145 2697 1256 2733 cette
1283 2695 1465 2733 mission
1494 2706 1598 2733 avec
1630 2695 1885 2734 l'EXTREME
1919 2691 2205 2735 DISCRÉTION

423 2757 511 2799 que
543 2745 649 2788 doit
685 2750 964 2801 comporter
1003 2760 1065 2790 un
1102 2753 1208 2790 acte
1248 2751 1383 2791 aussi
1417 2751 1691 2797 important
1696 2763 1704 2798 ,
1746 2753 1885 2792 aussi
1921 2754 2065 2793 sacré
2112 2763 2208 2804 que

419 2809 468 2847 le
511 2809 755 2859 mariage.

1699 2899 1764 2937 LA
1795 2898 2087 2937 DIRECTION.
