2472 3696
570 407 1095 463 ABONNEMENTS

411 498 644 540 DEUX
711 496 923 539 MOIS
950 526 1038 536 ....
1082 496 1177 538 -12
1235 509 1258 533 »

412 570 689 612 TROIS
725 568 1044 611 MOIS....
1084 569 1179 610 -15
1236 581 1259 605 »

409 642 787 687 QUATRE
836 640 1051 683 MOIS
1085 641 1179 682 -18
1237 653 1259 677 »

409 714 547 756 SIX
612 712 1043 756 MOIS.
1084 713 1181 754 25
1237 724 1259 748 »

453 802 618 849 Chaque
645 802 922 839 abonnement
947 801 1083 839 donne
1104 800 1213 838 droit
1249 809 1256 835 :

455 861 493 896 1°
522 863 555 897 A
582 860 806 899 l’insertion
832 859 954 896 d’une
980 868 1166 896 annonce
1188 858 1257 906 qui

407 904 542 953 parait
586 909 766 954 pendant
808 908 917 944 toute
957 908 1000 943 la
1039 907 1164 943 durée
1207 906 1256 942 de

406 957 712 993 l’abonnement
748 964 756 998 ;

456 1005 494 1039 2°
518 1006 554 1041 A
579 1002 726 1039 l’envoi
755 1001 908 1047 gratuit
932 1003 1023 1039 tous
1047 1002 1106 1038 les
1137 1001 1253 1045 mois,

405 1053 459 1089 du
486 1053 661 1098 journal,
691 1053 807 1089 aussi
833 1052 1065 1097 longtemps
1087 1060 1165 1096 que
1187 1050 1257 1086 du¬

414 1111 457 1137 re
494 1101 809 1136 l'abonnement.

451 1147 493 1183 3°
531 1149 563 1183 A
599 1148 636 1184 la
668 1157 735 1184 cor
740 1157 782 1183 es
788 1155 862 1191 pon
869 1146 999 1183 dance
1034 1155 1136 1182 avec
1165 1146 1255 1182 tous

408 1195 466 1234 les
492 1195 676 1232 abonnés
700 1194 878 1241 pendant
904 1195 944 1230 la
967 1195 1093 1231 durée
1116 1194 1164 1230 de
1190 1195 1257 1230 l’a¬

407 1243 667 1279 bonnement.

453 1292 484 1327 Il
514 1291 627 1327 suffit
655 1299 758 1335 pour
788 1289 1007 1325 s’abonner
1035 1288 1256 1334 d’envoyer

407 1349 461 1374 au
487 1339 661 1383 journal,
691 1347 742 1375 en
769 1338 877 1373 BON
903 1337 970 1373 DE
992 1337 1157 1374 POSTE
1186 1336 1257 1373 OU

408 1385 828 1428 MANDAT-POSTE,
855 1389 894 1423 la
920 1393 1079 1419 somme
1102 1394 1259 1420 corres¬

408 1433 612 1478 pondante
642 1444 667 1468 a
697 1432 1005 1468 l’abonnement
1033 1431 1176 1477 choisi,
1206 1440 1259 1466 en

408 1480 593 1516 donnant
627 1480 711 1517 très
742 1478 990 1516 lisiblement
1027 1492 1036 1517 :

455 1528 492 1568 a)
531 1528 612 1570 Son
645 1535 754 1564 nom.

409 1576 446 1620 b)
486 1576 567 1611 Son
605 1575 787 1619 adresse,
821 1575 994 1620 laquelle
1031 1572 1149 1611 notée
1180 1573 1259 1614 dis¬

408 1624 632 1660 crètement
662 1623 722 1664 est
750 1622 980 1667 remplacée
1006 1621 1259 1658 immédiate¬

410 1673 521 1706 ment
558 1680 631 1717 par
662 1679 717 1705 un
747 1670 920 1705 numéro
956 1669 1116 1707 d’ordre
1153 1677 1258 1706 com¬

408 1717 603 1763 muniqué
632 1716 808 1754 aussitôt
837 1718 861 1753 à
889 1717 1089 1753 l’abonné.

456 1768 489 1807 c)
529 1767 582 1802 Le
625 1766 756 1802 libellé
799 1764 848 1800 de
885 1765 1098 1803 l’annonce
1141 1766 1166 1802 à
1202 1763 1259 1800 in¬

409 1813 523 1850 sérer
548 1823 625 1858 que
653 1814 812 1849 chacun
842 1811 980 1858 rédige
1010 1812 1034 1848 à
1064 1823 1112 1849 sa
1142 1818 1259 1858 guise

410 1872 434 1897 a
470 1862 509 1897 la
540 1859 748 1897 condition
782 1859 925 1905 qu’elle
959 1869 1010 1896 ne
1045 1860 1260 1896 contienne

409 1907 498 1944 rien
520 1907 569 1944 de
592 1906 795 1944 contraire
822 1909 847 1944 à
872 1910 912 1943 la
936 1907 1104 1943 morale.
1124 1906 1261 1946 L’INTER¬

411 1955 550 1994 MEDIAIRE
562 1954 598 1995 DU
609 1956 704 1995 FUYER
717 1964 768 1989 ne
781 1961 909 2000 premi
926 1964 1000 1999 pas
1014 1964 1034 1988 a
1048 1965 1093 1989 sa
1105 1953 1260 2000 charge

411 2005 450 2041 la
470 2002 683 2039 rédaction
703 2003 775 2039 des
798 2001 1035 2046 annonces).
1063 2002 1260 2038 L’annon¬

411 2061 455 2090 ce
488 2050 574 2088 doit
603 2050 791 2096 indiquer
819 2050 925 2095 l’âge
961 2050 999 2085 et
1032 2049 1073 2085 la
1107 2050 1261 2095 profes¬

408 2097 502 2134 sion
526 2097 574 2134 de
597 2097 787 2134 l’abonné
809 2099 848 2134 et
871 2096 1059 2142 spécifier
1085 2097 1175 2133 tous
1200 2097 1259 2133 les

411 2146 639 2191 avantages
668 2143 761 2191 qu’il
788 2147 851 2181 est
877 2146 901 2180 à
928 2146 1063 2181 même
1085 2143 1133 2183 de
1158 2144 1260 2180 faire

412 2193 553 2236 valoir,
596 2193 670 2230 tels
707 2201 785 2237 que
827 2202 834 2228 :
870 2192 950 2236 dot,
986 2192 1113 2234 avoir,
1145 2191 1260 2238 espé¬

409 2249 570 2285 rances,
609 2239 817 2284 situation,
852 2239 1055 2284 etc.,.etc.
1095 2239 1260 2284 Chaque

411 2297 598 2323 annonce
615 2297 667 2323 ne
687 2286 770 2322 doit
791 2296 866 2332 pas
889 2286 1074 2322 contenir
1095 2286 1187 2331 plus
1210 2286 1260 2326 de

411 2338 543 2370 trente
567 2338 677 2370 mots
701 2343 801 2371 sans
832 2334 1126 2370 abréviations.
1157 2334 1262 2370 Tout

411 2385 496 2417 mot
525 2381 872 2426 supplémentaire
900 2385 963 2417 est
992 2382 1086 2417 taxé
1115 2382 1198 2417 0.15
1225 2383 1261 2417 le

412 2434 509 2467 mot.
538 2431 637 2465 MM.
666 2433 724 2470 les
748 2429 933 2464 abonnés
955 2432 1049 2465 sont
1076 2428 1185 2473 priés
1212 2427 1261 2463 de

412 2477 569 2524 joindre
592 2488 644 2513 au
667 2477 797 2512 libellé
824 2477 871 2511 de
898 2477 986 2512 leur
1013 2485 1199 2511 annonce
1226 2477 1261 2511 le

411 2529 601 2561 montant
636 2525 707 2560 des
745 2527 853 2559 mots
890 2523 1261 2568 supplémentaires

412 2572 528 2616 qu’ils
560 2574 630 2608 ont
663 2571 884 2615 employés.

459 2619 561 2655 Tout
602 2619 878 2655 abonnement
920 2627 1001 2653 non
1040 2616 1261 2655 renouvelé

413 2667 557 2712 quinze
600 2667 713 2711 jours
751 2667 878 2702 avant
914 2675 988 2702 son
1032 2664 1263 2710 expiration

414 2715 599 2750 entraîne
628 2714 680 2750 de
711 2713 817 2750 droit
847 2714 886 2749 la
913 2711 1186 2760 suppression
1214 2711 1262 2748 de

414 2761 624 2799 l’annonce
651 2761 701 2799 de
734 2759 972 2797 l’intéressé.

413 2849 453 2872 V-
459 2851 469 2861 *
562 2852 571 2862 ■
585 2852 587 2861 1
623 2867 626 2870 .
680 2852 683 2861 1
762 2850 779 2870 J
783 2850 785 2860 '
787 2850 802 2870 r
806 2850 807 2860 '
811 2850 825 2867 u
827 2850 828 2860 1
938 2850 951 2859 "
1004 2863 1128 2871 ..
1148 2850 1171 2859 -

458 2915 681 2978 MANIÈRE
718 2923 777 2977 DE
814 2923 1222 2979 CORRESPONDRE

465 3033 644 3081 Lorsque
674 3041 775 3070 vous
798 3044 892 3069 avez
921 3032 1136 3081 remarqué
1161 3033 1261 3070 dans

413 3088 447 3124 le
491 3088 662 3135 journal
712 3099 789 3124 une
838 3097 1027 3123 annonce
1078 3088 1261 3133 pouvant

411 3153 513 3178 vous
543 3141 768 3187 intéresser,
800 3150 901 3176 vous
926 3140 1121 3187 procédez
1149 3141 1196 3177 de
1226 3141 1262 3177 la

411 3196 537 3242 façon
559 3195 747 3232 suivante
770 3205 781 3230 :

463 3250 702 3295 Supposons
731 3258 807 3294 que
837 3241 868 3284 le
891 3241 927 3284 N
927 3251 936 3267 (
936 3252 942 3267 '
973 3242 995 3284 «
1021 3242 1082 3285 18
1113 3256 1136 3283 »
1161 3257 1261 3284 vous

415 3303 466 3339 ait
495 3302 555 3339 été
581 3301 769 3342 attribué\
802 3303 839 3338 et
865 3311 942 3348 que
964 3311 1067 3337 vous
1094 3300 1261 3337 désiriez

413 3355 708 3402 correspondre
728 3364 824 3390 avec
848 3349 880 3391 le
906 3349 956 3391 N°
974 3350 998 3390 «
1022 3350 1040 3390 !
1048 3349 1079 3392 5
1095 3353 1134 3399 »,
1160 3353 1259 3390 dont

412 3412 629 3450 l’annonce
659 3411 716 3446 est
740 3408 788 3445 de
817 3410 960 3444 nature
990 3407 1014 3444 à
1038 3418 1138 3444 vous
1165 3417 1259 3444 con¬

1333 411 1450 448 venir
1470 423 1482 450 :
1508 408 1611 449 Vous
1634 412 1788 450 écrivez
1811 412 1925 450 votre
1949 411 2065 450 lettre
2068 424 2078 460 ,
2102 420 2181 460 que

1339 477 1440 504 vous
1461 466 1599 514 signez
1617 467 1665 503 de
1686 467 1800 504 votre
1823 467 2000 504 numéro
2019 462 2180 504 d'ordre

1335 516 1357 558 «
1374 516 1434 558 18
1453 521 1528 557 nia
1557 522 1700 558 mettez
1725 522 1827 558 dans
1853 531 1931 558 une
1960 520 2185 568 enveloppe

1341 585 1390 611 en
1419 575 1552 619 blanc,
1588 583 1659 611 sur
1715 574 1886 621 laquelle
1946 584 2047 612 vous
2107 575 2180 612 ins¬

1338 623 1481 673 crivez,
1512 622 1610 662 très
1630 622 1918 669 légèrement
1938 632 1989 658 au
2012 633 2185 670 crayon,

1340 681 1394 718 les
1419 682 1612 719 numéros
1659 690 1682 715 «
1709 678 1729 720 /
1739 676 1769 720 8
1798 675 1826 721 Ù
1863 677 1921 720 15
1945 690 1985 718 ».

1391 751 1503 796 (Ceci
1537 754 1593 792 est
1625 752 1704 790 très
1735 753 1963 799 important
1981 763 1996 796 ;
2032 763 2081 789 ne
2111 762 2181 799 pas

1339 806 1444 853 faire
1463 817 1603 845 erreur
1621 818 1671 844 en
1692 808 1867 844 mettant
1889 804 2076 845 l'inverse
2081 818 2090 852 ,
2115 817 2184 843 car

1344 857 1610 907 l'expéditeur
1650 861 1844 898 recevrait
1886 860 2099 898 lui-même
2141 872 2182 898 sa

1342 923 1492 961 propre
1515 913 1664 961 lettre.)

1383 986 1423 1022 Si
1442 996 1549 1023 vous
1568 986 1731 1025 désirez
1752 986 2063 1034 correspondre
2085 996 2189 1024 avec

1339 1040 1552 1086 plusieurs
1586 1042 1773 1082 abonnés
1805 1050 1915 1078 vous
1948 1041 2118 1087 répétez
2151 1041 2189 1077 la

1338 1094 1476 1131 même
1497 1094 1723 1140 opération
1741 1104 1849 1141 pour
1870 1096 2035 1131 chacun
2052 1094 2186 1133 d’eux.

1381 1160 1477 1197 Cela
1513 1161 1601 1204 fait,
1631 1171 1740 1198 vous
1771 1160 1941 1207 joignez
1975 1163 2092 1197 votre
2132 1171 2186 1197 ou

1334 1224 1411 1253 vos
1432 1215 1689 1261 enveloppes
1713 1217 1943 1255 contenant
1964 1215 2001 1250 la
2021 1224 2188 1252 corres¬

1334 1268 1554 1314 pondance
1594 1267 1781 1304 destinée
1820 1277 1904 1304 aux
1952 1277 2187 1315 personnes

1334 1332 1435 1358 avec
1457 1322 1686 1368 lesquelles
1713 1331 1822 1359 vous
1849 1321 2015 1358 désirez
2043 1325 2188 1358 entrer

1335 1385 1385 1411 en
1404 1376 1597 1416 relation,
1615 1376 1633 1412 à
1654 1386 1706 1412 un
1728 1375 1906 1412 bulletin
1923 1377 2095 1421 portant
2111 1385 2187 1412 vos

1335 1439 1434 1465 nom
1458 1432 1500 1466 et
1520 1430 1692 1465 adresse
1705 1437 1750 1467 —
1761 1431 1859 1466 ceci
1879 1429 1976 1474 afin
1997 1430 2050 1466 de
2070 1437 2188 1467 nous

1332 1482 1597 1527 permettre
1636 1484 1688 1519 de
1728 1482 1919 1527 vérifier
1958 1482 2188 1520 l'authen¬

1336 1535 1471 1573 ticité
1488 1536 1565 1573 des
1585 1535 1890 1580 expéditeurs
1909 1556 1955 1560 —
1983 1537 2024 1572 et
2045 1539 2189 1572 conte¬

1336 1592 1438 1625 nant
1459 1590 1491 1625 la
1516 1598 1683 1626 somme
1705 1590 1944 1625 nécessaire
1968 1589 1992 1624 à
2013 1589 2189 1625 l'affran¬

1335 1643 1594 1680 chissement
1632 1644 1682 1679 de
1722 1644 1760 1679 la
1816 1644 2187 1689 correspondance

1336 1706 1420 1743 que
1458 1707 1566 1734 vous
1599 1706 1708 1733 nous
1735 1706 1922 1743 envoyez
1953 1706 2063 1742 pour
2097 1697 2188 1733 être

1337 1752 1580 1794 transmise,
1628 1761 1737 1787 vous
1790 1749 1945 1795 glissez
1997 1750 2035 1786 le
2098 1753 2190 1787 tout

1340 1804 1445 1840 dans
1465 1814 1547 1844 une
1567 1807 1687 1841 autre
1709 1804 1946 1851 enveloppe
1975 1813 2057 1849 que
2082 1813 2189 1840 vous

1335 1861 1542 1903 cachetez,
1566 1857 1868 1895 affranchissez
1888 1860 1929 1894 et
1950 1858 2149 1899 adressez
2166 1858 2190 1893 à.

1335 1912 1712 1955 l’«Intermédiaire
1746 1912 1800 1947 du
1834 1912 1997 1959 Foyer»
2027 1911 2114 1957 qui,
2148 1913 2188 1947 la

1336 1969 1550 2009 recevant,
1592 1968 1742 2002 trouve
1781 1966 1804 2001 à
1847 1965 2081 2001 l’intérieur
2125 1966 2188 2001 les

1337 2020 1595 2066 enveloppes
1623 2020 1723 2066 qu’il
1760 2018 1833 2055 fait
1860 2021 2061 2065 parvenir
2087 2029 2186 2055 aus¬

1340 2072 1440 2109 sitôt
1468 2083 1546 2110 aux
1576 2072 1821 2110 intéressés.

1404 2155 1455 2192 La
1488 2154 1707 2193 discrétion
1746 2154 1783 2192 la
1817 2154 1909 2203 plus
1945 2154 2111 2194 absolue
2147 2166 2186 2191 se

1346 2213 1489 2247 trouve
1521 2209 1623 2247 ainsi
1657 2209 1831 2255 assurée,
1869 2205 2186 2246 L’INTERESSE

1347 2263 1515 2300 AYANT
1561 2263 1686 2300 SEUL
1735 2262 1799 2301 LA
1842 2261 2074 2300 FACULTE
2120 2262 2186 2299 DE

1349 2316 1498 2354 FAIRE
1536 2316 1825 2354 CONNAITRE
1867 2316 1898 2353 A
1935 2315 2021 2353 SES
2067 2316 2183 2354 COR¬

1347 2370 1710 2408 RESPONDANTS
1743 2369 1836 2408 SON
1863 2370 1972 2408 NOM
2004 2370 2066 2407 ET
2092 2370 2185 2408 SON

1348 2424 1586 2471 ADRESSE,
1629 2429 1665 2462 et
1704 2424 1926 2461 vice-versa
1947 2424 1958 2468 ;
1996 2424 2044 2462 dé
2080 2424 2186 2461 sorte

1349 2489 1424 2525 que
1454 2479 1499 2522 si,
1540 2478 1656 2525 après
1692 2490 1749 2515 un
1783 2477 1967 2525 échange
1997 2489 2050 2515 ou
2081 2478 2188 2515 deux

1346 2532 1395 2568 de
1422 2532 1567 2578 lettres,
1599 2532 1654 2568 les
1684 2532 1791 2568 deux
1816 2531 1944 2578 partis
1973 2528 2185 2580 s'aperçoi¬

1347 2588 1442 2622 vent
1472 2583 1591 2633 qu'ils
1620 2597 1669 2622 ne
1699 2587 1878 2633 peuvent
1907 2596 1945 2621 se
1973 2585 2171 2622 convenir
2173 2614 2182 2631 ,

1350 2640 1376 2676 il
1411 2640 1498 2676 leur
1537 2641 1593 2676 est
1634 2639 1791 2676 loisible
1830 2639 1877 2675 de
1912 2649 2043 2676 cesser
2081 2639 2186 2676 leurs

1348 2693 1732 2739 correspondances,
1761 2696 1850 2730 tout
1875 2703 1926 2729 en
1952 2696 2106 2730 restant
2127 2693 2177 2729 in¬

1347 2758 1506 2783 connus
1539 2743 1623 2783 l’un
1661 2746 1709 2783 de
1746 2744 1903 2785 l’autre.
1942 2747 1999 2782 De
2036 2745 2168 2782 même
2170 2773 2179 2792 ,

1347 2801 1448 2837 dans
1479 2801 1511 2837 le
1537 2811 1601 2837 cas
1631 2799 1848 2844 contraire,
1879 2797 1963 2836 s'ils
1992 2799 2169 2836 désirent
2173 2828 2183 2845 ,

1346 2854 1465 2900 après
1483 2856 1645 2891 entente
1666 2854 1908 2902 réciproque
1910 2865 1920 2899 ,
1943 2864 1986 2889 se
2008 2853 2187 2895 dévoiler

1349 2908 1665 2945 mutuellement
1693 2908 1780 2944 leur
1812 2916 1912 2942 nom
1943 2908 1981 2943 et
2013 2907 2185 2950 adresse,

1350 2960 1398 2997 ils
1440 2963 1615 3008 peuvent
1655 2957 1979 3007 communiquer
2018 2959 2187 2997 directe¬

1349 3019 1464 3053 ment
1484 3019 1596 3052 entre
1613 3026 1705 3061 eux,
1730 3023 1823 3051 sans
1844 3024 1984 3061 passer
2004 3024 2080 3061 par
2099 3013 2187 3050 l’in¬

1349 3067 1605 3106 termédiaire
1630 3068 1686 3105 du
1709 3067 1894 3116 journal.

1392 3143 1503 3180 Cette
1537 3142 1825 3180 combinaison
1869 3142 1973 3179 offre
2001 3141 2108 3178 ainsi
2154 3141 2189 3177 le

1344 3191 1571 3226 maximum
1591 3190 1639 3225 de
1657 3189 1844 3233 sécurité,
1881 3190 1921 3224 et
1963 3183 2192 3228 «L’INTERMÉ¬

1338 3238 1440 3277 DIAIRE
1459 3238 1496 3277 DU
1515 3237 1609 3277 FOYER
1635 3247 1666 3280 »,
1698 3238 1922 3274 observant
1953 3235 2192 3281 Vimpartia¬

1343 3287 1411 3322 lité
1431 3289 1469 3322 et
1490 3286 1527 3321 la
1550 3285 1768 3320 discrétion
1788 3284 1845 3319 les
1865 3283 1956 3328 plus
1980 3283 2183 3326 absolues,

1342 3334 1497 3378 aégage
1518 3342 1565 3369 sa
1589 3329 1918 3377 responsabilité,
1941 3340 1992 3366 en
2013 3331 2187 3366 laissant

1343 3381 1367 3415 à
1395 3381 1552 3425 chaque
1578 3379 1739 3416 abonné
1765 3377 1803 3413 le
1827 3375 1920 3413 soin
1941 3377 1991 3413 de
2012 3376 2195 3413 dévoiler

1339 3426 1546 3465 lui-même
1584 3436 1658 3462 son
1690 3426 1874 3462 adresse.
