2472 3696
486 304 1010 364 ABONNEMENTS

329 398 563 441 DEUX
630 397 841 440 MOIS
869 427 958 436 ....
1001 395 1095 439 -12
1153 409 1176 433 »

329 469 607 514 TROIS
643 469 963 513 MOIS...
1002 471 1034 511 -i
1052 469 1096 511 5
1155 481 1178 505 »

326 543 705 589 QUATRE
753 541 970 585 MOIS
1002 542 1095 583 -18
1154 553 1178 578 »

328 616 466 659 SIX
530 615 963 658 MOIS.
1002 613 1100 656 25
1155 626 1179 650 »

370 698 535 744 Chaque
562 697 839 734 abonnement
865 698 999 732 donne
1023 695 1131 731 droit
1165 704 1174 729 :

370 759 410 793 1°
438 761 473 793 A
498 756 724 795 l’insertion
749 756 872 792 d’une
896 762 1084 791 annonce
1105 763 1174 799 qui

323 808 460 851 parait
499 807 683 851 pendant
727 806 833 840 toute
874 804 916 838 la
956 808 1082 838 duree
1126 814 1173 837 ue

323 862 334 891 i
351 855 631 891 abonnement
664 861 674 896 ;

438 906 472 938 A
495 901 646 938 renvoi
671 899 825 946 gratuit
850 902 941 936 tous
965 900 1024 935 les
1053 897 1170 941 mois,

323 953 376 988 du
403 952 578 998 journal,
606 952 726 987 aussi
749 950 982 995 longtemps
1005 956 1082 994 que
1105 948 1174 982 du¬

332 1012 376 1037 re
411 1008 424 1034 i
438 1002 729 1036 abonnement.

368 1044 411 1084 3°
447 1051 481 1084 A
517 1049 556 1084 la
585 1045 917 1092 corespondance
953 1054 1055 1081 avec
1085 1044 1173 1080 tous

326 1097 383 1135 les
410 1096 593 1133 abonnés
616 1098 798 1141 pendant
822 1096 861 1130 la
885 1095 1012 1130 durée
1035 1092 1082 1128 de
1108 1093 1175 1128 l'a¬

325 1146 584 1180 bonnement.

371 1194 403 1228 Il
431 1197 546 1228 subit
573 1200 676 1237 pour
707 1190 924 1225 s’abonner
955 1189 1173 1233 d’envoyer

324 1251 378 1277 au
404 1242 578 1287 journal,
608 1249 659 1276 en
685 1240 795 1275 BON
820 1240 887 1274 DE
909 1238 1074 1274 POSTE
1103 1237 1169 1272 OU

325 1288 745 1332 MANDAT-POSTE,
772 1294 811 1325 la
836 1295 995 1321 somme
1020 1294 1176 1321 corres¬

326 1340 530 1382 pondante
560 1338 584 1372 à
613 1337 922 1371 l’abonnement
951 1334 1093 1378 choisi,
1125 1341 1175 1367 en

326 1389 509 1421 donnant
546 1384 629 1421 très
659 1385 907 1418 lisiblement
945 1395 954 1420 :

371 1436 410 1476 a)
449 1436 530 1470 Son
563 1439 673 1469 nom.

327 0 363 1532 b)
405 1482 486 1521 L'on
523 1485 706 1528 adresse,
739 1484 912 1528 laquelle
950 1479 1068 1518 notée
1098 1479 1177 1515 dis¬

326 1534 552 1570 crètement
580 1534 642 1568 est
667 1532 899 1576 remplacée
923 1527 1176 1566 immédiate¬

327 1584 440 1617 ment
475 1590 550 1627 par
582 1589 637 1615 un
664 1588 838 1615 numéro
875 1578 1035 1616 d'ordre
1071 1585 1176 1613 com¬

325 1629 522 1675 muniqué
550 1627 728 1665 aussitôt
755 1629 781 1663 à
807 1627 1008 1663 l’abonné.

374 1679 408 1721 c)
446 1682 500 1714 Le
543 1677 675 1714 libellé
719 1675 767 1712 de
804 1677 1017 1713 l'annonce
1060 1675 1085 1710 à
1122 1672 1185 1708 in-'

327 1725 441 1762 sétrer
467 1735 545 1772 que
572 1726 731 1761 chacun
759 1723 899 1769 rédige
927 1724 954 1759 à
983 1732 1032 1759 sa
1062 1729 1177 1767 guise

327 1777 351 1811 à
386 1776 426 1811 la
458 1773 666 1811 condition
700 1772 842 1817 qu’elle
877 1780 928 1808 ne
964 1770 1177 1806 contienne

326 1821 418 1859 rien
437 1821 488 1858 de
509 1820 715 1858 contraire
739 1823 766 1858 à
791 1823 831 1857 la
853 1820 1025 1855 morale.
1043 1818 1179 1857 L'INTER¬

331 1870 471 1910 MEDIAIRE
480 1870 518 1909 DU
526 1870 624 1909 FUÏLR
635 1878 687 1904 ne
696 1876 830 1915 prend
843 1877 920 1913 pas
933 1880 956 1902 a
969 1878 1013 1902 sa
1025 1867 1180 1912 charge

329 1924 368 1957 la
389 1919 601 1954 rédaction
622 1918 694 1953 des
718 1916 955 1961 annonces).
981 1916 1179 1951 L’annon¬

329 1977 374 2005 ce
408 1967 493 2003 doit
521 1966 710 2011 indiquer
737 1964 843 2010 l’âge
881 1965 918 2000 et
952 1964 992 1999 la
1026 1963 1180 2010 profes¬

327 2012 421 2051 sion
445 2014 494 2051 de
514 2012 706 2050 l’abonné
729 2014 767 2050 et
791 2012 979 2058 spécifier
1004 2012 1095 2046 tous
1121 2011 1179 2045 les

330 2063 559 2108 avantages
586 2061 682 2108 qu’il
708 2062 771 2097 est
796 2062 821 2097 à
845 2062 982 2096 même
1005 2057 1054 2095 de
1077 2060 1180 2094 faire

331 2111 472 2155 valoir,
514 2111 589 2147 tels
628 2118 705 2155 que
746 2118 754 2145 :
791 2108 870 2152 dot,
906 2108 1035 2151 avoir,
1065 2106 1180 2152 espé¬

328 2167 490 2204 rances,
529 2157 737 2203 situation,
776 2156 864 2202 etc.,
899 2156 975 2192 etc.
1016 2154 1180 2198 Chaque

329 2215 517 2241 annonce
535 2215 586 2241 ne
606 2205 689 2240 doit
710 2214 787 2251 pas
809 2204 993 2240 contenir
1015 2202 1107 2248 plus
1132 2203 1180 2237 de

329 2257 464 2289 trente
487 2257 595 2289 mots
620 2262 722 2289 sans
751 2253 1047 2288 abréviations.
1077 2251 1182 2286 Tout

330 2305 416 2337 mot
443 2300 793 2347 supplémentaire
820 2303 884 2336 est
912 2300 1006 2335 taxé
1036 2299 1119 2335 0.15
1146 2301 1182 2334 le

331 2355 429 2387 mot.
459 2351 558 2385 MM.
585 2353 646 2390 les
666 2349 853 2385 abonnés
877 2351 970 2385 sont
995 2347 1106 2392 priés
1134 2346 1182 2381 de

331 2398 489 2445 joindre
510 2409 565 2434 au
585 2397 718 2433 libellé
744 2398 793 2432 de
819 2397 906 2432 leur
934 2403 1121 2430 annonce
1146 2395 1182 2429 le

331 2450 521 2483 montant
557 2446 629 2482 des
665 2447 774 2480 mots
811 2442 1182 2489 supplémentaires

331 2494 449 2539 qu'ils
481 2496 551 2530 ont
582 2492 806 2538 employés.

379 2541 482 2578 Tout
522 2541 801 2578 abonnement
840 2548 922 2575 non
963 2536 1183 2575 renouvelé

332 2590 478 2635 quinze
519 2589 635 2635 jours
671 2589 799 2625 avant
834 2597 909 2624 son
955 2586 1184 2633 expiration

333 2638 519 2674 entraîne
549 2638 599 2674 de
629 2635 738 2673 droit
767 2637 807 2672 la
832 2633 1106 2681 suppression
1136 2632 1183 2668 de

332 2684 547 2722 l’annonce
571 2685 622 2722 de
654 2683 894 2720 l’intéressé.

379 2840 603 2904 MANIÈRE
641 2847 699 2901 DE
735 2846 1143 2903 CORRESPONDRE

385 2960 566 3008 Lorsque
594 2970 696 2997 vous
721 2970 814 2996 avez
841 2957 1058 3006 remarqué
1083 2957 1183 2994 dans

334 3015 368 3052 le
413 3014 583 3062 journal
635 3025 712 3051 une
760 3023 950 3049 annonce
1000 3014 1183 3060 pouvant

332 3080 434 3107 vous
464 3069 678 3106 intéresser
681 3078 690 3115 ,
723 3077 823 3104 vous
846 3067 1044 3114 procédez
1070 3066 1119 3102 de
1148 3066 1184 3101 la

332 3123 458 3170 façon
480 3123 668 3160 suivante
690 3132 702 3158 :

387 3177 628 3224 Supposons
655 3185 732 3223 que
760 3175 794 3212 le
815 3170 866 3212 l\l°
896 3183 919 3208 «
945 3169 964 3212 /
975 3169 1005 3212 8
1036 3181 1059 3209 »
1084 3184 1185 3210 vous

335 3231 391 3268 ait
418 3230 479 3268 été
505 3229 681 3268 attribué
685 3240 693 3276 ,
727 3231 763 3266 et
791 3239 867 3277 que
889 3238 990 3265 vous
1019 3226 1185 3265 désiriez

335 3285 631 3331 correspondre
652 3293 747 3320 avec
771 3284 805 3320 le
829 3278 879 3320 N°
898 3280 921 3320 «
946 3278 1001 3320 15
1019 3281 1059 3327 »,
1084 3281 1183 3318 dont

338 3339 554 3377 l’annonce
583 3340 641 3376 est
667 3337 714 3375 de
741 3338 886 3374 nature
916 3336 940 3373 à
963 3346 1063 3373 vous
1089 3346 1184 3372 con¬

1250 307 1368 347 venir
1386 320 1399 348 :
1423 306 1530 347 Vous
1551 306 1705 346 écrivez
1728 308 1842 346 votre
1866 304 1982 345 lettre
1985 313 1995 355 ,
2020 306 2098 355 qüé

1257 376 1359 402 vous
1380 364 1517 412 signez
1537 363 1583 400 de
1606 363 1718 399 votre
1742 361 1919 400 numéro
1939 360 1964 398 d
1979 362 2099 398 ordre

1253 414 1351 457 a/8
1371 419 1447 455 nia
1475 419 1620 454 mettez
1643 418 1745 454 dans
1772 427 1850 454 une
1879 415 2104 463 enveloppe

1259 484 1309 509 en
1336 473 1471 517 blanc,
1507 480 1576 508 sur
1633 471 1804 519 laquelle
1865 469 1965 507 vous
2029 469 2098 506 ins-

1257 525 1386 565 crivez
1389 523 1399 574 ,
1432 520 1530 559 très
1551 519 1836 566 légèrement
1859 529 1909 556 au
1933 528 2105 565 crayon,

1259 580 1312 617 les
1336 579 1531 617 numéros
1578 588 1601 612 «
1628 574 1647 618 /
1657 574 1688 618 8
1717 573 1746 617 à
1783 575 1904 617 /on.

1312 650 1423 697 (Ceci
1457 652 1512 688 est
1546 650 1624 688 très
1654 651 1882 697 important
1900 659 1916 693 ;
1952 659 2001 685 ne
2031 658 2102 695 pas

1257 705 1363 753 faire
1382 715 1521 742 erreur
1540 716 1590 742 en
1612 707 1786 743 mettant
1807 702 1994 742 l'inverse
1999 713 2009 750 ,
2034 713 2104 738 car

1262 757 1529 807 l'expéditeur
1568 760 1763 796 recevrait
1805 757 2019 796 lui-même
2060 769 2101 794 sa

1260 823 1409 862 propre
1434 812 1582 860 lettre.)

1301 885 1339 921 Si
1361 895 1466 922 vous
1485 885 1648 922 désirez
1670 884 1980 931 correspondre
2002 894 2106 920 avec

1257 940 1471 985 plusieurs
1504 940 1692 976 abonnés
1724 949 1833 977 vous
1866 941 2035 985 répétez
2067 939 2107 973 la

1255 994 1395 1031 même
1415 993 1641 1040 opération
1656 1003 1767 1039 pour
1787 995 1956 1029 chacun
1969 992 2104 1028 d’eux.

1301 1061 1396 1097 Gela
1432 1060 1521 1105 fait,
1551 1070 1658 1097 vous
1690 1060 1861 1107 joignez
1893 1061 2012 1096 votre
2051 1069 2105 1095 ou

1256 1124 1329 1152 vos
1351 1115 1610 1161 enveloppes
1632 1116 1863 1150 contenant
1884 1114 1922 1149 la
1943 1122 2108 1149 corres¬

1254 1170 1474 1215 pondance
1514 1168 1702 1210 destinée
1739 1178 1823 1204 aux
1872 1176 2107 1214 personnes

1253 1233 1354 1260 avec
1377 1224 1606 1270 lesquelles
1634 1233 1742 1259 vous
1771 1222 2109 1268 désirez_,entrer

1254 1287 1305 1313 en
1322 1277 1518 1319 relation,
1535 1279 1554 1312 à
1573 1287 1628 1313 un
1646 1278 1825 1313 bulletin
1843 1279 2017 1323 portant
2031 1285 2108 1313 vos

1254 1341 1354 1367 nom
1378 1334 1419 1368 et
1440 1332 1613 1368 adresse
1625 1339 1670 1368 —
1683 1333 1779 1368 ceci
1800 1332 1897 1376 afin
1918 1331 1971 1366 de
1991 1337 2109 1367 nous

1251 1384 1517 1430 permettre
1556 1386 1609 1422 de
1646 1384 1839 1430 vérifier
1878 1383 2108 1421 l'authen¬

1256 1438 1390 1477 ticité
1407 1440 1484 1476 des
1505 1438 1808 1484 expéditeurs
1827 1457 1875 1463 —
1901 1440 1945 1474 et
1965 1441 2110 1474 conte¬

1255 1495 1358 1528 nant
1378 1494 1412 1529 la
1437 1501 1604 1530 somme
1625 1494 1865 1529 nécessaire
1887 1492 1911 1527 à
1933 1491 2109 1528 l'affran¬

1256 1548 1515 1583 chissement
1554 1547 1604 1583 de
1642 1547 1682 1582 la
1737 1547 2108 1592 correspondance

1256 1611 1339 1647 que
1380 1610 1487 1638 vous
1520 1611 1629 1636 nous
1655 1610 1843 1647 envoyez
1874 1610 1983 1646 pour
2020 1600 2109 1636 être

1258 1657 1501 1699 transmise,
1550 1665 1657 1692 vous
1710 1656 1866 1700 glissez
1917 1655 1955 1690 le
2018 1657 2110 1690 tout

1261 1709 1366 1745 dans
1386 1719 1466 1746 une
1488 1711 1608 1745 autre
1629 1710 1867 1755 enveloppe
1894 1718 1976 1754 que
2004 1718 2109 1744 vous

1257 1766 1465 1807 cachetez,
1490 1763 1790 1799 affranchissez
1811 1765 1853 1799 et
1873 1765 2072 1799 adressez
2087 1765 2110 1797 à

1255 1817 1634 1853 l’cdntermediaire
1666 1818 1723 1853 du
1756 1818 1921 1863 Foyer»
1951 1816 2038 1862 qui,
2071 1818 2110 1852 la

1258 1874 1471 1915 recevant,
1515 1874 1663 1907 trouve
1703 1872 1725 1907 à
1768 1871 2004 1908 l’intérieur
2047 1872 2110 1906 les

1257 1926 1516 1972 enveloppes
1545 1926 1644 1971 quil
1681 1926 1755 1962 fait
1782 1934 1983 1972 parvenir
2011 1935 2108 1961 aus¬

1260 1979 1361 2016 sitôt
1389 1989 1467 2016 aux
1498 1979 1743 2015 intéressés.

1323 2061 1376 2100 La
1407 2061 1629 2100 discrétion
1666 2062 1704 2099 la
1737 2062 1830 2111 plus
1864 2060 2032 2099 absolue
2067 2073 2107 2098 se

1266 2120 1409 2155 trouve
1442 2116 1544 2155 ainsi
1577 2117 1752 2165 assurée,
1789 2115 2107 2154 L’INTERESSE

1269 2171 1436 2208 AYANT
1481 2170 1608 2208 SEUL
1654 2171 1719 2208 LA
1763 2170 1995 2208 FACULTE
2040 2170 2107 2207 DE

1270 2225 1418 2262 FAIRE
1457 2224 1746 2262 CONNAITRE
1787 2226 1819 2262 A
1857 2224 1943 2263 SES
1988 2224 2105 2262 COR¬

1268 2279 1632 2318 RESPONDANTS
1663 2279 1757 2317 SON
1784 2279 1893 2317 NOM
1926 2279 1987 2316 ET
2014 2279 2106 2317 SON

1269 2332 1506 2380 ADRESSE,
1551 2338 1585 2371 et
1627 2333 1847 2371 vice-versa
1869 2334 1878 2378 ;
1918 2334 1965 2371 de
2003 2335 2108 2371 sorte

1270 2398 1344 2435 que
1376 2389 1408 2424 si
1412 2399 1420 2433 ,
1461 2387 1576 2434 après
1615 2399 1669 2424 un
1705 2388 1888 2436 échange
1919 2399 1971 2424 ou
2003 2388 2109 2424 deux

1268 2442 1315 2478 de
1342 2442 1476 2479 lettres
1479 2441 1487 2487 ,
1521 2441 1574 2478 les
1607 2442 1711 2478 deux
1736 2443 1865 2489 partis
1893 2438 2107 2489 s'aperçoi¬

1268 2498 1363 2533 vent
1393 2492 1512 2543 qu'ils
1542 2506 1589 2531 ne
1620 2499 1798 2543 peuvent
1827 2507 1867 2532 se
1893 2496 2094 2532 convenir
2095 2525 2104 2541 ,

1271 2550 1298 2586 il
1330 2550 1418 2586 leur
1458 2551 1513 2586 est
1554 2549 1712 2586 loisible
1752 2551 1798 2587 de
1833 2560 1964 2586 cesser
2003 2550 2108 2587 leurs

1270 2603 1641 2650 correspondances
1643 2632 1653 2649 ,
1682 2608 1772 2642 tout
1794 2615 1848 2640 en
1873 2607 2028 2641 restant
2048 2604 2091 2640 in

1269 2669 1429 2694 connus
1460 2656 1472 2693 1
1490 2669 1546 2694 un
1582 2657 1631 2694 de
1667 2656 1825 2698 l’autre.
1864 2657 1921 2694 De
1958 2657 2102 2703 même,

1271 2713 1371 2748 dans
1400 2713 1434 2748 le
1460 2721 1524 2748 cas
1553 2712 1771 2756 contraire,
1802 2710 1885 2748 s'ils
1914 2711 2092 2748 désirent
2097 2740 2106 2757 ,

1269 2765 1387 2812 après
1406 2767 1566 2802 entente
1588 2765 1829 2813 réciproque
1833 2777 1842 2812 ,
1867 2775 1907 2802 se
1932 2765 2110 2802 dévoiler

1272 2820 1586 2856 mutuellement
1617 2819 1703 2855 leur
1734 2829 1834 2855 nom
1867 2820 1902 2856 et
1936 2819 2108 2863 adresse,

1273 2873 1319 2909 ils
1362 2875 1539 2921 peuvent
1577 2871 1901 2920 communiquer
1943 2872 2110 2910 directe¬

1272 2931 1387 2965 ment
1406 2930 1520 2964 entre
1537 2939 1629 2974 eux,
1651 2937 1746 2963 sans
1767 2937 1906 2974 passer
1927 2937 2003 2974 par
2024 2927 2091 2963 l’in

1274 2980 1529 3018 termédiaire
1554 2981 1611 3018 du
1632 2981 1816 3028 journal.

1314 3054 1426 3090 Cette
1460 3053 1748 3091 combinaison
1792 3054 1895 3091 offre
1926 3053 2032 3090 ainsi
2078 3053 2113 3090 le

1267 3103 1496 3140 maximum
1514 3101 1562 3137 de
1580 3101 1768 3147 sécurité,
1804 3103 1845 3136 et
1887 3114 1900 3131 «
1924 3101 1980 3139 L’IN
1986 3102 2086 3140 TERME
2101 3121 2117 3126 -

1261 3149 1364 3189 MIRE
1383 3149 1419 3188 DU
1439 3148 1533 3188 FOYER
1557 3159 1589 3192 »,
1623 3150 1845 3185 observant
1875 3147 2116 3194 l'impartia¬

1267 3198 1333 3234 lité
1355 3200 1393 3233 et
1414 3198 1451 3232 la
1474 3197 1693 3232 discrétion
1712 3197 1770 3232 les
1788 3197 1880 3242 plus
1903 3196 2096 3232 absolues
2099 3224 2108 3240 ,

1267 3246 1422 3289 aégage
1444 3252 1490 3281 sa
1514 3243 1843 3288 responsabilité,
1868 3252 1917 3280 en
1940 3244 2112 3279 laissant

1269 3294 1292 3328 à
1319 3293 1475 3337 chaque
1503 3291 1662 3329 abonné
1691 3291 1727 3327 le
1753 3290 1843 3328 soin
1867 3290 1915 3327 de
1939 3290 2119 3326 dévoiler

1264 3339 1470 3377 lui-même
1508 3348 1582 3375 son
1615 3338 1799 3376 adresse.
