2472 3696
549 432 1197 519 OBSERVATIONS
1251 420 1955 504 RECOMMANDEES

419 694 440 728 Il
462 693 512 726 est
537 687 741 724 absolument
768 681 1008 724 indispensable
1029 684 1090 720 que
1109 678 1234 717 chaque
1260 670 1387 708 abonné
1414 670 1472 706 lise
1499 667 1748 704 attentivement
1782 664 1822 698 —
1853 664 1871 697 il
1899 672 1915 697 a
1945 665 1984 697 du
2014 662 2102 697 reste

553 756 621 790 tout
642 751 759 788 intérêt
787 749 804 785 à
826 750 854 784 le
876 747 962 783 faire
989 746 1032 778 —
1060 746 1106 778 les
1134 742 1224 776 notes
1247 739 1432 774 ci-dessous
1455 743 1540 777 pour
1559 734 1697 776 pouvoir
1717 732 1768 774 s'y
1789 730 1977 765 conformer

418 894 448 929 I.
480 912 527 918 —
555 891 659 926 Tout
689 888 841 923 lecteur
869 886 919 921 de
943 877 1226 918 TINTERME-

382 940 561 979 DIAIRE
579 939 652 975 DU
674 934 850 973 FOYER
870 931 1055 968 désirant
1073 935 1228 964 corres¬

384 989 540 1035 pondre
567 995 668 1023 avec
696 993 751 1018 un
785 992 836 1019 ou
863 979 1069 1025 plusieurs
1104 975 1225 1010 abon¬

387 1037 461 1073 nés
498 1035 567 1071 NE
612 1031 749 1069 PEUT
786 1030 848 1065 LE
888 1025 1046 1063 FAIRE
1092 1021 1223 1059 SANS

381 1086 518 1122 ETRE
536 1079 799 1118 LUI-MEME
818 1073 1053 1112 ABONNE,
1073 1075 1112 1107 et
1129 1079 1228 1109 sans

384 1133 499 1169 avoir
528 1131 601 1167 fait
630 1126 837 1172 parvenir,
864 1133 916 1160 au
946 1119 1166 1166 préalable,
1195 1119 1227 1153 le

385 1182 571 1217 montant
588 1178 638 1213 de
659 1184 734 1212 son
754 1171 1032 1209 abonnement
1049 1177 1102 1203 au
1123 1167 1227 1211 jour¬

384 1230 465 1265 nal.

421 1339 471 1375 II.
498 1359 545 1364 —
572 1336 676 1372 Tout
709 1332 908 1369 adhérent
940 1330 965 1364 à
995 1330 1112 1363 notre
1144 1333 1228 1361 œu¬

377 1398 448 1424 vre
482 1385 564 1422 doit
598 1383 703 1420 faire
737 1377 932 1426 parvenir
968 1377 991 1412 à
1027 1372 1231 1413 INTER¬

386 1434 644 1470 MEDIAIRE
678 1431 749 1467 DU
783 1426 973 1469 FOYER,
1013 1434 1065 1460 en
1096 1423 1231 1457 même

387 1489 521 1527 temps
556 1490 634 1525 que
668 1487 744 1513 son
773 1475 1064 1516 abonnement,
1101 1471 1137 1505 le
1167 1469 1230 1504 LI¬

391 1530 556 1567 BELLE
602 1527 668 1564 DE
707 1524 809 1562 SON
855 1518 1123 1561 ANNONCE,
1170 1517 1209 1552 la

386 1578 517 1623 quelle
532 1576 614 1611 doit
629 1576 714 1610 être
730 1569 982 1609 convenable
1002 1571 1040 1603 et
1056 1568 1104 1603 de
1123 1567 1232 1601 toute

386 1623 585 1661 moralité.

427 1673 484 1707 La
508 1669 714 1708 Direction
736 1677 782 1703 se
803 1666 971 1702 réserve
994 1662 1030 1698 le
1054 1659 1158 1696 droit
1180 1658 1229 1694 de

382 1721 566 1757 modifier
593 1720 704 1754 toute
729 1723 915 1753 annonce
941 1709 1181 1756 équivoque.

424 1814 493 1850 III.
515 1834 560 1839 —
585 1812 661 1847 Les
687 1816 910 1849 annonces,
938 1814 1041 1850 pour
1065 1804 1150 1839 être
1175 1801 1232 1837 in¬

379 1863 518 1902 sérées
555 1860 590 1896 le
628 1859 646 1895 1
650 1864 679 1881 er
715 1857 763 1893 de
800 1856 958 1900 chaque
993 1851 1112 1895 mois,
1151 1848 1232 1885 doi¬

378 1916 474 1948 vent
498 1919 603 1944 nous
631 1904 824 1951 parvenir
854 1912 906 1940 au
932 1900 1064 1937 PLUS
1091 1897 1231 1934 TARD

388 1960 451 1996 LE
474 1959 517 1994 26
542 1957 595 1992 du
621 1955 725 1990 mois
752 1950 985 1998 précédent.
1014 1948 1141 1983 Toute
1163 1955 1231 1981 an¬

379 2015 523 2048 nonce,
564 2012 685 2048 reçue
726 1998 847 2045 après
889 2000 992 2033 cette
1033 1994 1139 2038 date,
1181 2001 1232 2027 ne

381 2062 532 2099 pourra
558 2052 738 2096 paraître
764 2056 840 2092 que
863 2047 898 2083 le
925 2043 1030 2079 mois
1051 2041 1231 2079 suivant.

381 2103 494 2138 Dans
529 2111 572 2136 ce
604 2108 690 2142 cas,
723 2096 750 2132 il
783 2095 887 2130 n’est
920 2100 995 2136 pas
1029 2088 1234 2133 indispen¬

381 2149 493 2186 sable
516 2156 592 2192 que
615 2146 828 2182 l’annonce
850 2139 929 2178 soit
950 2138 1110 2176 insérée
1132 2144 1234 2182 pour

381 2207 457 2242 que
486 2192 717 2232 l’intéressé
750 2189 890 2237 puisse
938 2183 1233 2229 correspondre

381 2255 480 2282 avec
502 2244 561 2279 les
585 2240 769 2277 abonnés
793 2238 845 2274 du
868 2236 1043 2283 journal.
1067 2232 1099 2268 Il
1122 2230 1235 2268 suffit

382 2292 476 2337 qu’il
501 2291 557 2327 ait
582 2298 679 2333 reçu
704 2284 956 2324 l’indication
982 2282 1036 2318 du
1060 2279 1235 2315 numéro

383 2339 638 2383 remplaçant
675 2345 750 2371 son
786 2342 883 2369 nom
917 2339 1019 2376 pour
1055 2326 1149 2373 qu’il
1180 2325 1235 2361 ait

383 2391 490 2424 toute
525 2384 674 2421 facilité
708 2382 755 2418 de
791 2377 1102 2421 communiquer
1135 2383 1235 2411 avec

383 2436 440 2472 les
474 2433 696 2470 adhérents
728 2431 777 2466 de
808 2429 991 2467 l’œuvre.

430 2534 497 2570 IV.
535 2553 580 2558 —
615 2531 692 2566 Les
723 2536 951 2573 personnes
988 2523 1055 2570 qui
1087 2522 1236 2558 désire¬

384 2581 516 2618 raient
550 2576 847 2622 correspondre
883 2583 983 2610 avec
1018 2572 1077 2607 1rs
1113 2569 1236 2606 abon¬

384 2631 458 2666 nés
478 2629 530 2664 du
552 2626 714 2673 journal
733 2633 833 2660 sans
854 2623 940 2658 être
960 2625 1104 2659 tenues
1125 2617 1238 2656 elles-

385 2678 542 2713 mêmes
567 2675 617 2710 de
638 2673 740 2709 faire
767 2670 925 2707 insérer
947 2678 1027 2703 une
1052 2674 1237 2703 annonce

386 2722 657 2770 personnelle,
693 2719 866 2755 devront
898 2724 1026 2762 payer
1057 2724 1114 2750 un
1146 2721 1239 2757 sup¬

387 2772 566 2817 plément
618 2770 666 2804 de
719 2767 863 2803 DEUX
911 2761 1117 2800 FRANCS
1164 2769 1238 2805 par

396 2820 516 2857 mois.

433 2914 482 2949 V.
503 2930 548 2939 —
569 2911 649 2947 Dès
669 2909 796 2955 qu’un
817 2908 979 2943 abonné
997 2909 1060 2942 est
1080 2916 1131 2942 en
1153 2902 1240 2939 voie

388 2963 437 2997 de
470 2960 667 3004 mariage,
703 2958 729 2993 il
762 2955 844 2992 doit
877 2964 928 2991 en
961 2953 1159 2989 informer
1192 2951 1240 2986 de

389 3008 493 3045 suite
529 3008 566 3042 la
618 3004 823 3042 Direction
858 3004 905 3039 de
957 3003 968 3037 1
987 2997 1242 3036 INTERME¬

397 3055 577 3092 DIAIRE
608 3055 680 3089 DU
710 3051 899 3093 FOYER,
927 3051 1010 3085 afin
1040 3057 1118 3093 que
1146 3047 1243 3082 l’an¬

398 3112 527 3139 nonce
545 3102 612 3145 qui
633 3101 688 3136 lui
705 3102 767 3136 est
783 3096 1056 3143 personnelle,
1074 3096 1244 3140 n’ayant

399 3152 490 3196 p’us
528 3159 575 3186 sa
610 3146 749 3184 raison
782 3146 919 3189 d’être,
960 3143 1037 3180 soit
1068 3141 1243 3179 aussitôt

399 3195 647 3242 supprimée,
673 3198 712 3232 et
734 3194 820 3230 cela
841 3193 947 3230 dans
971 3192 1007 3227 le
1031 3189 1103 3226 but
1123 3188 1171 3225 de
1190 3188 1244 3224 lui

398 3244 529 3285 éviter
548 3244 658 3279 toute
684 3237 1040 3283 correspondance
1061 3236 1244 3273 dëVenue

400 3287 541 3329 Inutile

1349 873 1457 908 Pour
1484 872 1524 906 la
1547 871 1682 906 même
1708 867 1862 908 raison,
1888 866 1916 902 il
1942 869 2006 902 est
2026 864 2148 900 indis¬

1302 919 1498 967 pensable
1527 927 1605 964 que
1632 916 1819 953 l’abonné
1847 914 2012 959 indique
2035 910 2149 948 aussi

1302 971 1339 1006 le
1379 968 1553 1003 numéro
1594 965 1648 1000 du
1681 960 2010 1007 correspondant
2050 968 2149 995 avec

1303 1018 1371 1063 qui
1401 1017 1436 1052 le
1465 1013 1649 1059 mariage
1678 1011 1760 1047 doit
1789 1021 1832 1046 se
1860 1009 1975 1045 faire.

1344 1121 1413 1157 VI.
1435 1141 1480 1146 —
1500 1121 1531 1155 Il
1552 1122 1613 1157 est
1633 1115 1939 1162 indispensable
1960 1123 2037 1158 que
2058 1114 2150 1149 cha¬

1299 1181 1375 1215 que
1410 1167 1735 1213 correspondant
1764 1173 1917 1209 appose
1951 1171 2003 1197 en
2035 1160 2150 1207 guise

1299 1221 1345 1256 do
1379 1218 1591 1262 signature
1622 1223 1697 1251 son
1728 1212 1900 1248 numéro
1932 1207 2150 1255 personnel

1301 1276 1381 1302 aux
1412 1267 1552 1303 lettres
1583 1261 1678 1308 qu’il
1708 1261 1808 1297 écrit
1839 1269 1920 1296 aux
1951 1257 2150 1293 abonnés.

1348 1376 1436 1412 VII.
1470 1393 1515 1398 —
1545 1374 1577 1410 Il
1609 1383 1661 1409 va
1690 1372 1738 1407 de
1769 1370 1831 1407 soi
1858 1380 1935 1415 que
1965 1367 2152 1404 l’abonné

1300 1426 1368 1470 qui
1392 1435 1417 1460 a
1440 1422 1645 1469 plusieurs
1669 1421 1808 1456 lettres
1834 1418 1858 1454 à
1881 1417 1984 1454 faire
2010 1425 2153 1461 parve¬

1301 1474 1365 1511 nir
1398 1482 1479 1508 aux
1513 1469 1734 1505 adhérents
1767 1468 1815 1503 de
1847 1466 2030 1509 l’œuvre,
2057 1467 2154 1508 peut

1301 1522 1360 1558 les
1392 1520 1599 1556 enfermer
1628 1519 1761 1553 toutes
1793 1515 1897 1550 dans
1929 1522 2011 1549 une
2041 1511 2152 1547 seule

1302 1574 1339 1605 et
1366 1568 1516 1612 unique
1542 1567 1764 1608 enveloppe
1790 1560 1982 1597 adressée
2009 1559 2032 1595 à
2056 1558 2137 1594 TIN

1312 1613 1676 1653 TERMEDIAIRE
1711 1611 1783 1648 DU
1825 1609 2016 1650 FOYER,
2058 1608 2082 1642 à
2118 1610 2154 1642 la

1311 1664 1517 1701 condition
1548 1671 1625 1707 que
1651 1658 2071 1697 l’affranchissement
2103 1655 2154 1690 du

1313 1715 1399 1749 tout
1425 1708 1699 1755 corresponde
1725 1717 1778 1742 au
1811 1705 1926 1750 poids
1960 1703 2107 1748 postal.

1359 1760 1419 1796 Ne
1446 1769 1521 1804 pas
1545 1758 1717 1793 omettre
1739 1753 1965 1797 d’indiquer
1992 1750 2077 1787 très
2106 1749 2155 1785 lé¬

1312 1808 1523 1853 gèrement
1553 1804 1624 1841 AU
1651 1801 1864 1840 CRAYON
1895 1810 1967 1836 sur
1999 1797 2155 1842 chaque

1313 1856 1431 1895 lettre
1454 1855 1568 1890 —les
1595 1851 1791 1887 numéros
1817 1849 1866 1885 de
1888 1845 2152 1893 l’pxpédUeur

1307 1908 1345 1940 et
1372 1903 1425 1938 du
1449 1899 1729 1937 destinataire,
1772 1896 1820 1932 et
1866 1895 1924 1930 de
1962 1893 2157 1937 joindre

1308 1952 1360 1987 la
1381 1957 1560 1985 somme
1581 1942 1866 1982 nécessaire
1888 1942 1919 1978 à
1940 1940 2142 1978 l’affran

1309 1995 1622 2035 chissement.

1353 2097 1461 2132 VIII.
1503 2114 1548 2119 —
1590 2091 1805 2137 Répondez
1846 2090 2031 2135 toujours
2073 2095 2153 2122 aux

1307 2149 1448 2185 lettres
1470 2144 1538 2190 qui
1558 2152 1661 2179 vous
1680 2144 1773 2178 sont
1793 2138 2024 2175 adressées.
2043 2136 2156 2176 Vous

1306 2193 1437 2232 seriez
1490 2191 1787 2228 certainement
1835 2187 2068 2221 mécontent
2121 2183 2155 2219 si

1307 2241 1576 2282 vous-même,
1599 2236 1783 2274 écrivant
1801 2244 1881 2271 une
1900 2234 2032 2277 lettre,
2054 2241 2156 2268 vous

1307 2288 1532 2326 n’obteniez
1566 2295 1650 2332 pas.
1675 2285 1722 2321 de
1762 2283 1949 2327 réponse.
1983 2281 2016 2316 Il
2052 2287 2155 2315 vous

1308 2344 1371 2376 est
1411 2336 1543 2380 facile,
1587 2335 1623 2369 si
1656 2336 1772 2369 votre
1813 2329 2013 2366 intention
2054 2329 2155 2363 n’est

1309 2396 1384 2431 pas
1428 2385 1478 2421 de
1521 2382 1732 2419 continuer
1777 2380 1800 2415 à
1844 2375 2153 2421 correspondre,

1308 2432 1552 2477 d’exprimer
1581 2438 1655 2466 vos
1691 2429 1850 2473 regrets
1881 2435 1933 2461 en
1961 2423 2156 2469 quelques

1307 2483 1429 2518 mots.

1357 2583 1426 2618 IX.
1461 2602 1508 2608 —
1542 2579 1635 2615 Afin
1670 2575 1842 2612 d’éviter
1876 2576 1987 2610 toute
2022 2572 2158 2608 confu¬

1311 2632 1400 2667 sion
1437 2628 1656 2676 (plusieurs
1696 2623 1917 2661 adhérents
1961 2623 2089 2665 ayant
2124 2619 2158 2655 le

1310 2680 1445 2715 même
1474 2676 1588 2717 nom)
1613 2678 1699 2712 tout
1729 2672 1891 2708 abonné
1925 2669 2108 2705 Privant
2137 2667 2159 2702 à

1315 2727 1339 2762 T
1345 2720 1768 2763 INTERMEDIAIRE
1784 2721 1857 2756 DU
1875 2718 2049 2754 FOYER
2069 2714 2165 2751 EST

1319 2774 1441 2810 PRIE
1473 2772 1540 2808 DE
1571 2769 1730 2806 FAIRE
1764 2765 1958 2804 SUIVRE
1999 2764 2060 2801 SA
2103 2765 2147 2799 Sx

1325 2820 1574 2857 GNATURE
1635 2817 1703 2852 DE
1773 2814 1874 2850 SON
1936 2811 2162 2848 NUMERO

1319 2867 1556 2904 D’ORDRE.

1360 2927 1486 2962 Toute
1531 2924 1647 2959 lettre
1685 2917 1937 2957 demandant
1979 2926 2058 2952 une
2103 2916 2161 2950 ré¬

1321 2985 1451 3020 ponse
1509 2973 1534 3008 à
1592 2965 2041 3005 INTERMEDIAIRE
2095 2964 2165 2999 DU

1321 3022 1496 3059 FOYER
1526 3019 1608 3055 doit
1631 3020 1716 3053 être
1739 3013 2017 3058 accompagné
2040 3011 2164 3047 D’UN

1322 3065 1709 3106 TIMBRE-POSTE
1740 3066 1766 3102 à
1799 3062 1883 3099 0.15

1363 3185 1412 3222 X.
1442 3205 1488 3211 —
1520 3183 1550 3219 Il
1582 3182 1687 3218 n’est
1714 3184 1810 3216 tenu
1844 3186 1978 3214 aucun
2007 3177 2165 3219 compte

1317 3233 1389 3276 des
1417 3232 1557 3270 lettres
1592 3228 1776 3265 donnant
1806 3235 1967 3263 comme
1996 3225 2166 3260 adresse

1317 3276 1565 3313 l’indication
1589 3275 1636 3311 de
1658 3269 1698 3312 Isi
1721 3277 1837 3320 poste
1855 3274 2052 3310 restante*
