2472 3696
663 423 1490 472 ABOIVIVEIUBIV
1500 420 1576 460 T
1586 419 1654 459 S

285 527 561 572 TROIS
609 524 888 568 MOIS.,
954 524 984 563 -i
1003 521 1049 562 5
1107 533 1126 559 »
1157 519 1163 560 I
1201 517 1330 562 SIX
1371 512 1813 557 MOIS.
1877 506 1972 550 25
2032 517 2051 543 »

281 581 649 629 QUATRE
680 578 897 622 MOIS
957 575 1051 618 -18
1111 588 1130 613 »
1158 559 1166 616 I
1204 572 1314 614 UN
1381 571 1813 611 AN..
1878 560 1973 603 A5
2033 573 2052 597 »

327 677 677 717 L'abonnement
699 677 844 710 donne
869 671 987 708 droit
1011 681 1018 705 :

336 741 374 773 I"
403 739 431 773 A
453 736 697 772 l’Insertion
718 734 849 769 d’une
882 738 1088 768 annonce
1111 731 1166 764 de
1187 728 1248 764 30
1272 727 1398 761 mots.
1421 725 1447 758 Il
1471 724 1540 758 est
1570 728 1707 764 perçu
1734 718 1839 753 0.20
1861 724 1945 759 par
1968 717 2057 750 mot

281 784 667 830 supplémentaire
693 783 737 818 et
757 782 782 816 2
809 780 854 815 fr
905 782 1020 821 pour
1042 776 1340 820 changement
1362 772 1609 807 d'annonce
1631 770 1747 803 dans
1775 768 1812 801 le
1842 772 1979 800 cours
2001 766 2055 797 de

281 833 632 869 l'abonnement.
661 831 740 865 Les
763 828 967 863 abonnés
990 824 1203 862 désireux
1226 826 1280 858 de
1304 829 1358 856 ne
1383 828 1464 862 pas
1490 819 1648 853 mettre
1672 817 1696 850 d
1716 820 1921 850 annonce
1954 819 2057 853 per¬

282 882 487 917 sonnelle
507 881 669 924 payent
691 886 748 912 un
769 874 1056 918 supplément
1075 875 1131 909 de
1152 873 1177 907 2
1199 872 1262 908 fr.
1290 878 1376 911 par
1396 867 1508 902 mois
1525 875 1535 909 ;

333 942 377 977 2°
397 945 425 977 A
455 939 610 976 l’envoi
639 937 806 980 gratuit
828 941 884 970 du
905 934 1083 977 journal
1101 942 1112 976 ;

333 1002 379 1035 3c
401 1003 461 1036 Au
485 999 664 1035 service
685 998 739 1031 de
770 997 807 1031 la
831 993 1251 1036 correspondance.

337 1061 454 1096 Pour
492 1060 739 1095 s'abonner
759 1063 969 1098 envoyer,
992 1062 1046 1089 en
1085 1052 1269 1087 mandat
1299 1057 1352 1083 ou
1394 1048 1476 1081 bon
1519 1046 1659 1089 poste,
1699 1044 1735 1077 le
1773 1040 1973 1076 montant
2005 1039 2061 1072 de

281 1110 295 1153 j
316 1109 622 1144 abonnement
670 1102 825 1140 désiré
863 1111 918 1138 en
953 1101 1154 1137 donnant
1179 1101 1217 1134 le
1236 1100 1352 1133 texte
1380 1097 1434 1130 de
1466 1093 1695 1129 l'annonce
1725 1087 1749 1124 à
1775 1086 1960 1123 insérer
1987 1086 2062 1127 qui

288 1156 379 1193 doit
399 1157 496 1192 être
522 1152 619 1189 très
640 1152 860 1188 correcte.

338 1216 396 1251 En
419 1216 578 1251 retour
600 1210 803 1248 l’abonné
838 1210 980 1253 reçoit
1002 1211 1055 1243 de
1074 1209 1194 1243 suite
1218 1214 1274 1240 un
1299 1201 1488 1239 numéro
1510 1200 1691 1235 d’ordre
1714 1197 1786 1240 qui
1813 1196 1868 1229 lui
1890 1194 2064 1236 permet

289 1266 345 1300 de
373 1263 716 1304 correspondre
743 1267 851 1294 avec
879 1261 944 1293 les
967 1260 1126 1292 autres
1157 1251 1377 1289 abonnés.

329 1388 886 1463 MANIÈRE
925 1400 1032 1456 de
1067 1383 2032 1457 CORRESPONDRE

346 1543 510 1581 insérez
542 1543 578 1578 la
618 1542 739 1578 leLLre
768 1538 959 1575 destinée
986 1537 1011 1572 à
1041 1535 1205 1581 chaque
1232 1531 1398 1570 abonné
1429 1530 1530 1566 dont
1558 1536 1664 1565 vous
1702 1534 1802 1561 avez
1840 1520 2067 1568 remarqué

299 1594 515 1630 l’annonce
539 1590 643 1626 dans
660 1598 743 1625 une
764 1586 1000 1632 enveloppe
1018 1593 1094 1620 sur
1112 1582 1295 1628 laquelle
1314 1589 1424 1618 vous
1450 1575 1660 1614 inscrivez
1683 1572 1770 1610 très
1791 1569 2068 1608 lisiblement,

297 1643 320 1677 à
359 1638 558 1676 l’endroit
585 1637 639 1674 où
673 1636 762 1672 doit
801 1633 892 1670 être
931 1632 1040 1669 collé
1079 1631 1116 1667 le
1148 1629 1315 1672 timbre,
1354 1628 1391 1663 le
1428 1625 1605 1662 numéro
1641 1622 1694 1658 de
1724 1620 1764 1657 la
1800 1626 2012 1666 personne
2048 1615 2069 1650 à

302 1687 485 1735 laquelle
507 1686 584 1723 elle
605 1685 670 1721 est
691 1682 897 1719 destinée.

344 1736 516 1782 Joignez
538 1732 705 1769 ensuite
723 1732 832 1768 cette
854 1739 908 1766 ou
935 1737 1004 1764 ces
1035 1726 1296 1772 enveloppes
1314 1723 1338 1760 à
1362 1732 1416 1757 un
1440 1720 1556 1757 billet
1578 1717 1750 1765 portant
1775 1716 1895 1751 votre
1919 1719 2072 1758 propre

298 1784 479 1820 numéro
506 1790 607 1818 avec
625 1788 703 1818 vos
740 1787 837 1814 nom
876 1778 918 1813 et
951 1775 1122 1812 adresse
1152 1781 1199 1809 —
1238 1771 1340 1809 ceci
1368 1767 1469 1806 afin
1497 1770 1553 1804 de
1576 1775 1697 1803 nous
1723 1761 1992 1808 permettre
2015 1759 2073 1796 de

299 1840 422 1869 nous
445 1837 654 1867 assurer
687 1828 745 1863 de
777 1820 1137 1863 l’authenticité
1168 1823 1256 1858 des
1296 1815 1613 1862 expéditeurs
1635 1833 1680 1839 —
1701 1816 1742 1847 et
1777 1809 2009 1847 contenant
2037 1806 2075 1843 la

301 1887 467 1916 somme
500 1875 743 1913 nécessaire
773 1874 796 1909 à
822 1871 1268 1909 l'affranchissement.
1303 1866 1464 1903 Glissez
1492 1866 1528 1899 le
1559 1864 1652 1898 tout
1680 1860 1785 1896 dans
1821 1866 1906 1893 une
1952 1857 2075 1892 autre

300 1926 536 1971 enveloppe
549 1933 633 1970 que
644 1931 750 1959 vous
769 1929 970 1966 envoyez,
986 1917 1234 1958 affranchie,
1256 1915 1280 1951 à
1301 1914 1310 1949 l
1314 1911 1698 1951 ’Intermédiaire
1713 1907 1775 1944 (lu
1800 1906 1950 1950 Foyer
1955 1930 1962 1945 ,
1987 1901 2075 1948 qui,

303 1974 489 2012 aussitôt
509 1981 626 2015 reçu,
651 1970 861 2007 transmet
882 1968 917 2004 le
936 1968 1121 2003 contenu
1149 1972 1232 2001 aux
1253 1959 1500 1999 intéressés.

352 2024 405 2060 La
431 2019 664 2058 discrétion
699 2018 737 2053 la
777 2016 874 2063 plus
902 2015 1076 2050 absolue
1107 2021 1152 2048 se
1197 2013 1347 2048 trouve
1384 2008 1489 2044 ainsi
1532 2002 1718 2045 assurée,
1760 2002 1818 2037 les
1851 1995 2078 2036 intéressés

304 2072 432 2116 ayant
468 2068 558 2105 seul
595 2068 633 2103 la
667 2063 821 2102 faculté
865 2064 915 2099 de
952 2061 1052 2098 faire
1097 2059 1313 2097 connaître
1353 2057 1374 2092 à
1411 2057 1523 2092 leurs
1556 2049 1919 2096 correspondants
1966 2045 2080 2080 leurs

308 2127 429 2155 noms
458 2119 498 2153 et
525 2116 749 2157 adresses;
778 2112 828 2148 de
852 2112 966 2147 sorte
997 2119 1091 2154 que,
1117 2107 1150 2144 si
1183 2105 1308 2153 après
1332 2114 1386 2141 un
1415 2103 1604 2147 échange
1630 2109 1684 2136 ou
1714 2097 1824 2133 deux
1846 2095 1897 2131 de
1919 2093 2080 2135 lettres,

307 2167 367 2203 les
395 2166 506 2202 deux
524 2162 659 2209 partis
679 2160 921 2197 constatent
942 2157 1063 2204 qu’ils
1086 2165 1137 2192 ne
1155 2156 1340 2200 peuvent
1368 2161 1410 2188 se
1434 2147 1637 2186 convenir
1658 2147 1683 2181 il
1710 2145 1801 2181 leur
1823 2144 1888 2179 est
1915 2139 2081 2176 loisible

307 2215 356 2250 de
397 2221 541 2249 cesser
580 2211 671 2246 leur
705 2205 1086 2253 correspondance,
1124 2203 1233 2240 tout
1271 2210 1329 2238 en
1369 2197 1566 2236 restant
1613 2195 1850 2231 inconnus
1891 2188 1985 2225 l’un
2026 2187 2082 2223 de

307 2259 500 2298 l’autre.
522 2259 578 2295 De
605 2256 759 2299 même,
780 2255 886 2291 dans
907 2254 945 2289 le
966 2261 1037 2290 cas
1058 2251 1286 2292 contraire,
1314 2248 1368 2284 ils
1400 2246 1582 2293 peuvent
1602 2253 1644 2279 se
1665 2242 1831 2277 donner
1854 2236 2083 2274 mutuelle¬

311 2312 423 2346 ment
455 2307 548 2344 leur
586 2306 758 2343 adresse
798 2301 940 2349 quand
979 2300 1029 2337 ils
1071 2301 1107 2335 le
1136 2299 1288 2345 jugent
1327 2296 1348 2331 à
1383 2302 1539 2341 propos
1561 2292 1602 2327 et
1636 2284 1951 2333 correspondre
1974 2282 2082 2319 ainsi

310 2355 591 2394 directement
612 2351 817 2394 entr’eux,
842 2359 942 2386 sans
965 2357 1118 2395 passer
1139 2356 1216 2392 par
1236 2340 1584 2381 l’intermédiaire
1606 2338 1659 2374 du
1678 2334 1864 2383 journal.

564 2499 1190 2560 OBSERVATIONS
1266 2487 1840 2551 IMPORTANTES

361 2647 387 2682 I.
407 2646 483 2681 Nul
502 2653 556 2680 ne
569 2643 674 2684 peut
688 2641 863 2676 utiliser
880 2641 946 2675 les
962 2637 1169 2673 services
1185 2636 1242 2670 du
1263 2631 1442 2677 journal
1459 2637 1571 2665 sans
1588 2627 1688 2663 être
1701 2621 1887 2660 abonné.
1909 2622 2091 2655 Aucune

315 2691 715 2735 correspondance
748 2695 884 2732 reçue
913 2688 1014 2722 d’un
1053 2685 1225 2719 lecteur
1257 2679 1539 2717 occasionnel
1578 2684 1631 2711 ne
1653 2680 1762 2710 sera
1794 2672 1909 2706 donc
1938 2671 2091 2703 trans¬

318 2744 431 2777 mise
454 2739 478 2776 è
508 2749 565 2775 un
595 2735 785 2773 abonné.

360 2803 410 2838 II.
443 2801 497 2835 La
521 2798 735 2841 politesse
762 2796 904 2838 oblige
934 2795 1029 2830 tout
1051 2786 1229 2827 abonné
1253 2788 1468 2825 recevant
1488 2792 1576 2820 une
1601 2783 1733 2817 lettre
1755 2778 1779 2813 à
1803 2788 1829 2822 y
1848 2776 2092 2817 répondre.

316 2853 396 2886 Les
419 2853 676 2891 personnes
704 2841 871 2887 gênées
905 2850 1021 2883 pour
1050 2841 1086 2874 le
1113 2839 1230 2874 faire
1260 2835 1454 2880 peuvent
1483 2830 1748 2868 s’adresser
1774 2826 1798 2862 à
1832 2833 1948 2861 nous
1979 2831 2094 2866 pour

316 2899 411 2933 cela
433 2905 487 2932 en
521 2895 684 2937 payant
709 2892 811 2928 0.50
834 2899 918 2932 par
940 2890 1068 2924 lettre
1090 2885 1115 2922 à
1137 2892 1346 2929 envoyer.

364 2957 422 2992 III.
457 2958 589 2991 Toute
611 2952 833 2988 demande
856 2951 910 2985 de
947 2946 1341 2990 renseignements
1365 2942 1455 2977 doit
1491 2939 1589 2976 être
1631 2931 1963 2976 accompagnée
1988 2930 2090 2966 d’un

317 3006 482 3040 timbre
505 3010 620 3045 pour
647 3003 686 3036 la
717 2997 924 3041 réponse.

367 3065 419 3099 IV.
450 3061 531 3098 Dès
559 3059 691 3104 qu’un
730 3055 907 3095 abonné
948 3057 1018 3092 est
1051 3062 1103 3089 en
1146 3052 1243 3088 voie
1272 3052 1324 3086 de
1368 3049 1566 3090 mariage
1599 3044 1624 3079 il
1659 3053 1685 3080 a
1725 3041 1887 3079 intérêt
1917 3038 1941 3074 à
1976 3038 2095 3073 faire

321 3112 583 3154 supprimer
614 3118 695 3144 son
732 3112 936 3142 annonce
971 3103 1061 3138 afin
1093 3104 1148 3137 de
1172 3098 1353 3136 s’éviter
1386 3098 1440 3133 de
1463 3094 1673 3131 recevoir
1705 3093 1787 3131 des
1821 3093 2097 3128 correspon¬

322 3163 494 3195 dances
516 3157 718 3192 inutiles.

370 3220 415 3256 V.
450 3217 546 3252 Afin
582 3214 769 3251 d’éviter
797 3215 878 3247 des
919 3218 1115 3247 erreurs
1146 3211 1191 3243 et
1228 3210 1280 3242 de
1314 3205 1509 3240 faciliter
1547 3203 1610 3237 les
1646 3197 1939 3236 recherches,
1974 3193 1999 3226 il
2030 3194 2100 3227 est

324 3263 642 3302 recommandé
662 3271 746 3298 aux
779 3258 984 3296 abonnés
1021 3257 1225 3293 écrivant
1260 3253 1285 3289 à
1319 3255 1359 3288 la
1391 3250 1610 3287 Direction
1647 3250 1703 3282 de
1731 3243 1941 3286 toujours
1977 3240 2095 3275 faire

325 3314 482 3350 sui/re
504 3314 629 3348 leurs
653 3319 752 3346 nom
775 3311 818 3343 et
837 3311 1034 3342 adresse
1057 3306 1111 3339 de
1140 3305 1238 3338 leur
1261 3299 1449 3336 numéro
1472 3297 1666 3332 d'ordre.
