2472 3696
281 766 2130 1027 L’INTERMÉDIAIRE

756 1158 989 1263 DU
1064 1152 1625 1261 FOYER

1066 1338 1223 1346 -
1218 1338 1230 1355 7
1225 1338 1337 1345 -

625 1469 1073 1560 RECUEIL
1133 1466 1199 1550 P
1231 1460 1795 1558 ANNONCES

793 1616 1061 1672 Paraissant
1089 1616 1125 1669 le
1156 1633 1178 1668 I
1185 1624 1213 1639 er
1238 1615 1290 1667 de
1315 1613 1480 1682 chaque
1504 1613 1619 1665 mois

876 1871 1008 1905 Très
1044 1868 1248 1918 grande
1282 1862 1535 1902 diffusion

638 1958 897 2008 Rayonne
925 1959 1069 1993 dans
1102 1961 1228 1994 tous
1256 1960 1335 1992 les
1366 1956 1783 2001 départements

724 2048 981 2085 Abonnés
1010 2047 1150 2083 dans
1177 2046 1229 2082 la
1262 2048 1466 2086 France
1499 2044 1704 2081 entière

499 2256 567 2300 Ce
588 2256 822 2314 journal
861 2259 942 2297 est
971 2254 1168 2309 envoyé
1204 2252 1398 2308 franco
1438 2265 1566 2294 sous
1595 2250 1675 2308 pli
1707 2249 1924 2295 cacheté
1960 2247 1992 2292 à

438 2337 580 2377 toute
612 2343 887 2391 personne
923 2331 1015 2388 qui
1053 2344 1115 2374 en
1156 2330 1256 2382 fait
1305 2329 1359 2372 la
1404 2327 1666 2372 demande
1707 2340 1992 2383 accompa¬

434 2412 568 2468 gnée
594 2410 656 2453 de
685 2423 786 2452 son
817 2412 1067 2452 montant
1094 2406 1264 2464 (0.50)
1287 2407 1411 2465 plus
1444 2404 1573 2450 0.25
1600 2417 1746 2462 pour
1777 2405 1822 2447 le
1848 2407 1990 2461 port.

503 2619 533 2653 A
563 2616 578 2652 «
601 2616 897 2651 L’Intermédiaire
925 2629 940 2651 »
975 2616 1006 2651 le
1027 2625 1103 2651 mot
1131 2629 1149 2647 «
1172 2615 1362 2650 discrétion
1390 2628 1407 2647 »
1428 2623 1480 2649 est
1500 2624 1703 2660 synonyme
1723 2612 1765 2647 de
1789 2612 1933 2647 réussite
