2472 3696
370 376 442 412 Les
478 374 633 412 mêmes
670 371 892 421 difficultés
896 373 904 418 ,
951 371 1044 408 bien
1083 367 1178 419 qu'à
1216 380 1272 406 un
1313 367 1504 406 moindre
1543 369 1678 417 degré,
1718 378 1759 415 ^
1795 367 2033 415 présentent

267 439 374 476 pour
406 430 438 465 le
464 439 553 466 sexe
583 428 683 475 fort.
714 427 764 464 Le
795 427 923 474 jeune
949 425 1131 471 homme,
1165 424 1352 461 désireux
1383 422 1432 460 de
1459 436 1499 461 se
1530 421 1751 460 soustraire
1782 433 1861 458 aux
1891 421 2034 458 incon¬

268 483 454 521 vénients
488 481 542 520 du
577 481 738 527 célibat,
776 480 847 529 qui
878 484 937 517 est
968 479 1027 517 las
1061 480 1110 517 de
1143 478 1256 515 vivre
1285 490 1335 517 au
1369 481 1602 514 restaurant
1631 476 1684 514 où
1713 473 1797 513 l’on
1832 474 1923 524 paie
1953 474 2037 512 fort

263 532 368 568 cher
410 542 487 570 une
536 531 755 566 mauvaise
809 529 1070 572 nourriture,
1111 527 1161 563 de
1218 536 1366 573 passer
1414 535 1481 561 ses
1527 524 1687 562 soirées
1733 534 1787 561 au
1830 527 1933 568 café,
1991 533 2041 559 en

268 586 425 622 faisant
474 585 512 621 la
562 583 882 620 traditionnelle
933 582 1107 618 manille
1159 590 1260 616 avec
1306 580 1380 615 des
1433 579 1695 622 camarades,
1753 588 1805 614 au
1856 578 1938 614 lieu
1990 576 2041 612 de

268 644 419 691 goûter
445 643 482 680 la
510 642 643 680 douce
675 639 915 678 familiarité
944 640 1003 677 du
1035 639 1165 688 foyer,
1199 635 1283 686 qui,
1319 649 1370 674 en
1398 648 1464 673 cas
1496 635 1845 685 d’indisposition,
1879 634 2041 684 préfère

274 698 329 734 les
360 698 470 735 soins
507 695 736 733 affectueux
765 691 888 733 d’une
925 693 1081 730 femme
1106 692 1291 729 dévouée
1325 693 1346 729 à
1378 703 1479 728 ceux
1514 690 1638 728 d’une
1665 690 1893 738 étrangère,
1934 688 2040 728 celui

273 752 344 799 qui
380 749 593 789 considère
626 760 792 785 comme
828 759 909 785 une
944 746 1176 796 obligation
1214 746 1347 783 sacrée
1378 745 1415 782 la
1454 745 1671 782 fondation
1705 741 1828 781 d’une
1865 742 2036 788 famille,

276 805 350 842 but
380 803 572 852 suprême
608 803 656 841 de
685 801 929 847 l’existence,
970 813 1020 838 en
1051 812 1108 838 un
1146 805 1234 838 mot
1263 799 1463 836 l’homme
1499 798 1548 835 de
1576 810 1693 836 coeur
1728 798 1799 846 qui
1830 801 1926 834 veut
1961 796 2044 834 être

276 859 377 896 utile
409 860 430 896 à
463 858 501 895 la
534 856 694 903 société,
731 859 840 904 peut,
879 867 972 892 sans
992 860 1097 903 .trop
1132 854 1181 891 de
1210 853 1447 900 difficultés,
1485 852 1685 890 chercher
1714 851 1931 888 lui-même
1964 862 2045 889 une

276 922 527 960 compagne,
557 915 596 948 et
626 911 655 947 il
682 910 741 948 lui
773 915 833 947 est
858 909 1019 947 loisible
1053 909 1102 946 de
1130 908 1355 945 demander
1386 908 1407 944 à
1436 918 1495 944 ses
1526 905 1632 944 amis
1661 910 1699 944 et
1732 906 2045 943 connaissances

276 967 329 1004 de
355 967 414 1003 lui
442 971 610 1004 trouver
639 976 696 1002 un
729 962 834 1012 parti
865 962 1129 1008 convenable,
1162 962 1266 1000 mais
1296 965 1421 999 est-ce
1445 960 1640 998 suffisant
1661 959 1678 998 ?
1710 959 1763 997 La
1792 960 1960 1008 plupart
1990 959 2046 996 du

280 1025 426 1068 temps,
454 1020 491 1057 le
515 1018 671 1066 champ
696 1018 763 1056 des
792 1016 1032 1055 recherches
1058 1020 1116 1054 est
1148 1016 1231 1052 fort
1260 1013 1462 1061 restreint,
1498 1014 1552 1051 les
1578 1016 1681 1052 amis
1711 1014 1803 1062 plus
1826 1025 1882 1050 ou
1911 1011 2048 1050 moins

281 1074 540 1111 indifférents
566 1072 756 1110 oublient
787 1071 835 1109 de
865 1069 1077 1118 s’occuper
1108 1069 1157 1106 de
1187 1069 1224 1107 la
1254 1069 1426 1107 mission
1459 1068 1633 1106 délicate
1657 1067 1760 1105 dont
1790 1067 1838 1105 ils
1867 1064 2050 1104 s’étaient

280 1127 455 1176 chargés
492 1131 665 1164 souvent
693 1127 715 1163 à
750 1129 1042 1170 contre-cœur,
1074 1128 1113 1162 et
1148 1123 1175 1159 il
1204 1136 1254 1161 en
1286 1123 1436 1161 résulte
1470 1134 1550 1170 que
1579 1120 1813 1168 l’intéressé,
1854 1133 1904 1158 ne
1939 1126 2049 1159 trou¬

283 1187 382 1220 vant
415 1193 485 1230 pas
520 1192 564 1217 ce
596 1179 697 1229 qu’il
732 1178 873 1225 désire,
910 1178 1071 1227 préfère
1104 1175 1331 1223 s’abstenir,
1367 1179 1420 1222 et,
1457 1176 1572 1224 après
1607 1175 1803 1225 quelques
1834 1174 2051 1213 tentatives

283 1236 437 1281 vaines,
464 1245 506 1272 se
527 1234 694 1282 résigne
713 1237 806 1271 tout
830 1232 1081 1270 doucement
1101 1232 1123 1269 à
1150 1235 1276 1269 rester
1298 1231 1419 1268 vieux
1444 1241 1614 1279 garçon.

397 1289 461 1325 Ah
481 1289 494 1326 !
518 1300 593 1336 que
620 1289 668 1325 de
696 1286 898 1334 mariages
924 1285 1125 1334 manqués
1157 1285 1264 1326 faute
1291 1283 1392 1323 d'un
1420 1283 1725 1321 intermédiaire
1749 1282 1908 1321 sérieux
1910 1284 1919 1330 ,
1952 1283 2053 1320 hon¬

287 1344 378 1380 nête
404 1345 440 1380 et
470 1340 632 1387 discret,
661 1346 839 1390 prenant
863 1342 886 1377 à
910 1352 1025 1377 cœur
1052 1340 1090 1377 la
1114 1338 1281 1377 réussite
1310 1339 1377 1378 des
1403 1338 1606 1387 mariages
1636 1337 1833 1386 auxquels
1862 1337 1890 1373 il
1920 1336 2052 1374 s’inté¬

292 1408 398 1434 resse
421 1396 428 1433 !
462 1395 663 1434 Combien
690 1394 740 1432 de
773 1395 931 1442 projets
960 1393 1298 1440 matrimoniaux,
1338 1392 1598 1431 commencés
1629 1403 1720 1429 sous
1754 1391 1803 1429 de
1831 1391 1934 1428 bons
1969 1402 2056 1427 aus¬

290 1451 411 1499 pices,
443 1454 519 1487 ont
553 1449 709 1487 échoué
741 1450 761 1486 à
798 1449 834 1485 la
866 1449 970 1486 suite
1004 1445 1348 1488 d’indiscrétions,
1389 1446 1607 1483 commises
1640 1445 1777 1485 même
1809 1444 2056 1482 involontai¬

290 1509 451 1542 rement
475 1504 482 1541 !
531 1503 648 1541 Seule
685 1515 766 1540 une
799 1501 1078 1539 intervention
1118 1501 1221 1546 sûre,
1273 1499 1566 1538 bienveillante
1604 1505 1643 1538 et
1681 1499 1906 1542 raisonnée,
1962 1502 2059 1547 peut

293 1562 440 1595 mettre
468 1570 517 1596 en
548 1562 720 1605 rapport
743 1557 781 1594 la
811 1556 924 1594 foule
951 1554 1110 1594 d’isolés
1141 1554 1211 1604 qui
1236 1554 1426 1603 végètent
1452 1554 1554 1592 dans
1582 1554 1621 1591 la
1651 1552 1837 1600 solitude,
1868 1553 1983 1590 faute
2010 1551 2059 1590 de

290 1624 332 1649 se
356 1611 581 1657 connaître,
614 1615 654 1648 et
677 1616 769 1648 sont
798 1609 901 1647 ainsi
927 1608 1062 1658 privés
1091 1609 1158 1647 des
1186 1609 1290 1657 joies
1317 1608 1364 1645 de
1389 1608 1424 1644 la
1459 1608 1630 1645 famille.

400 1665 505 1703 C’est
527 1677 634 1713 pour
656 1663 859 1702 remédier
877 1665 899 1701 à
922 1668 986 1701 cet
1004 1664 1087 1701 état
1111 1663 1161 1700 de
1179 1662 1319 1700 choses
1342 1661 1448 1700 aussi
1475 1661 1776 1710 préjudiciable
1800 1662 1821 1698 à
1840 1657 2060 1700 l’individu

292 1718 387 1768 qu’à
419 1720 456 1757 la
485 1718 742 1765 collectivité,
779 1717 883 1755 dont
907 1715 1047 1755 l’essor
1068 1722 1130 1754 est
1160 1717 1484 1764 complètement
1513 1715 1679 1753 entravé
1710 1726 1784 1763 par
1808 1714 1844 1752 la
1881 1713 2062 1751 diminu¬

310 1774 396 1811 tion
445 1773 494 1810 de
538 1773 629 1821 plus
677 1784 727 1808 en
778 1771 871 1820 plus
914 1770 1072 1820 grande
1116 1770 1183 1808 des
1232 1769 1434 1819 mariages
1478 1781 1557 1817 que
1605 1780 1708 1805 nous
1755 1780 1881 1805 avons
1930 1767 2054 1805 fondé

302 1847 324 1869 «
345 1830 799 1870 L’INTERMEDIAIRE
820 1843 855 1868 ».

404 1888 574 1940 Jusqu’à
602 1902 648 1927 ce
674 1893 773 1939 jour
798 1889 986 1937 quantité
1010 1889 1224 1939 d’agences
1253 1894 1328 1927 ont
1355 1889 1415 1927 été
1446 1888 1590 1926 créées.
1620 1886 1822 1926 Combien
1852 1889 1900 1925 de
1932 1887 2065 1925 réelle¬

300 1948 416 1982 ment
445 1944 564 1982 utiles
592 1946 628 1980 et
662 1945 843 1992 efficaces
864 1945 934 1981 ?...
967 1944 1015 1982 Et
1048 1944 1131 1982 cela
1164 1955 1204 1980 se
1236 1942 1479 1991 comprend,
1512 1943 1651 1991 quand
1684 1954 1738 1979 on
1771 1940 1958 1979 réfléchit
1989 1952 2069 1989 que

300 2001 389 2038 seul
423 1998 599 2037 l'intérêt
627 1999 786 2047 guidait
820 2008 884 2035 ces
918 1999 1078 2047 gens-là
1080 2029 1087 2042 ,
1124 2001 1164 2036 et
1195 2009 1285 2046 que,
1324 1997 1424 2035 dans
1453 2008 1511 2034 un
1545 1996 1731 2043 mariage
1764 1995 1840 2033 fait
1873 2007 1948 2044 par
1975 2006 2065 2041 eux,

303 2054 351 2091 ils
379 2051 727 2100 n’envisageaient
749 2050 904 2100 qu’une
924 2051 1047 2089 chose
1071 2046 1077 2090 :
1092 2046 1136 2089 la
1150 2052 1324 2090 Somme
1339 2055 1367 2089 ü
1381 2047 1577 2089 tOUChdT
1588 2046 1615 2088 Ù
1634 2047 1745 2088 titre
1760 2046 1814 2088 ÜB
1829 2047 2071 2094 Courtage.

411 2103 639 2143 Combien
664 2103 930 2143 différente
949 2111 1022 2142 est
1046 2104 1186 2142 notre
1207 2101 1376 2141 œuvre
1392 2101 1403 2139 !
1430 2104 1539 2142 Nous
1563 2116 1615 2141 ne
1641 2103 1898 2141 demandons
1916 2108 2074 2140 aucun

302 2160 556 2208 courtage,
592 2167 778 2197 aucune
807 2156 1117 2196 commission
1147 2156 1160 2195 !
1192 2159 1244 2196 Le
1270 2160 1354 2196 seul
1384 2158 1561 2196 débours
1593 2157 1768 2196 consiste
1801 2158 1821 2195 à
1850 2169 1975 2206 payer
2006 2169 2064 2194 un

312 2214 510 2264 modique
519 2215 814 2261 abonnement,
846 2214 1002 2252 destiné
1022 2215 1044 2252 à
1068 2211 1234 2251 couvrir
1256 2212 1313 2251 les
1341 2210 1439 2250 frais
1465 2210 1753 2259 d’impression
1773 2216 1820 2253 .et
1840 2211 1889 2250 de
1914 2222 2077 2251 corres¬

308 2269 537 2315 pondance.

416 2322 542 2360 Grâce
569 2322 589 2358 à
613 2325 731 2358 notre
752 2332 919 2368 organe,
949 2323 1208 2368 moyennant
1233 2319 1269 2356 la
1298 2317 1480 2356 modeste
1507 2330 1665 2355 somme
1691 2316 1740 2355 de
1795 2321 1876 2357 SIX
1917 2313 2082 2356 francs

306 2380 426 2421 pour
457 2380 518 2414 un
546 2371 679 2420 mois,
720 2369 842 2413 neuf
862 2369 1021 2413 francs
1048 2377 1169 2420 pour
1200 2369 1323 2411 deux
1357 2369 1476 2410 mois
1505 2368 1555 2409 et
1592 2368 1740 2410 douze
1778 2367 1942 2410 francs
1970 2374 2090 2427 pour

310 2425 430 2468 trois
458 2425 578 2468 mois
583 2456 593 2475 ,
624 2425 696 2467 les
728 2424 1028 2466 célibataires
1061 2424 1147 2463 des
1177 2423 1304 2463 deux
1334 2432 1479 2463 sexes
1509 2424 1591 2461 ont
1617 2423 1646 2461 à
1667 2421 1770 2461 leur
1796 2421 2086 2470 disposition

313 2491 376 2521 un
414 2479 553 2520 choix
588 2479 646 2520 de
677 2479 845 2530 partis,
885 2485 1136 2530 permettant
1163 2480 1213 2520 de
1235 2480 1396 2519 donner
1423 2478 1679 2518 satisfaction
1707 2480 1728 2518 à
1756 2484 1886 2518 toutes
1910 2479 1966 2517 les
1995 2479 2084 2516 exi¬

316 2544 512 2583 gences.

442 2590 550 2628 Nous
572 2595 717 2628 tenons
739 2591 759 2627 à
783 2589 820 2626 le
841 2589 1014 2637 répéter:
1041 2602 1059 2626 «
1082 2587 1109 2625 L
1129 2586 1535 2625 INTERMEDIAIRE
1557 2599 1574 2623 »
1601 2583 1669 2624 n’a
1694 2586 1780 2623 rien
1813 2585 1860 2623 de
1886 2596 2084 2623 commun

321 2663 416 2688 avec
449 2651 504 2690 les
537 2661 710 2698 agences
738 2648 1068 2693 matrimoniales
1091 2659 1100 2693 ;
1135 2644 1229 2685 c'est
1259 2658 1337 2684 une
1365 2657 1503 2684 œuvre
1539 2647 1638 2685 dont
1667 2646 1701 2683 le
1738 2647 1809 2684 but
1843 2646 1996 2693 unique
2031 2647 2087 2682 est

323 2704 371 2742 de
409 2703 539 2742 servir
572 2703 619 2741 de
654 2701 942 2741 trait-d'union
980 2707 1098 2740 entre
1137 2705 1269 2739 toutes
1308 2712 1532 2750 personnes
1571 2700 1795 2738 désireuses
1828 2699 1879 2736 de
1916 2697 2090 2745 remplir

327 2759 413 2796 leur
434 2757 576 2796 devoir
597 2757 721 2794 social
749 2768 797 2794 en
824 2760 1085 2794 contractant
1112 2754 1309 2803 mariage,
1331 2751 1494 2800 quelle
1509 2761 1603 2800 que
1623 2750 1720 2790 soit
1733 2750 1845 2788 leur
1859 2750 2092 2789 situation

323 2809 380 2848 de
400 2809 598 2848 fortune
604 2809 613 2856 ,
637 2809 694 2847 de
715 2809 761 2846 la
780 2807 895 2855 plus
913 2807 1134 2846 modeste
1157 2805 1182 2844 à
1206 2807 1254 2845 la
1271 2806 1381 2844 rlus
1402 2804 1565 2844 élevée
1572 2835 1579 2849 ,
1611 2812 1652 2845 et
1685 2819 1789 2844 nous
1826 2806 2093 2855 remplissons

335 2870 437 2904 cette
447 2865 616 2903 mission
649 2877 744 2902 avec
771 2862 1055 2902 L’EXTREME
1080 2862 1387 2909 DISCRETION
1415 2873 1491 2909 que
1524 2861 1608 2899 doit
1640 2860 1875 2908 comporter
1903 2868 1965 2897 un
1993 2859 2100 2896 acte

325 2917 460 2956 aussi
480 2917 753 2961 important
758 2926 767 2961 ,
790 2915 927 2954 aussi
946 2914 1088 2954 sacré
1110 2924 1204 2963 que
1226 2915 1269 2953 le
1291 2913 1529 2963 mariage.

1599 3017 1664 3054 LA
1695 3014 1987 3053 DIRECTION.
