<?xml version="1.0" encoding="UTF-8" standalone="yes"?>
<PcGts xmlns="http://schema.primaresearch.org/PAGE/gts/pagecontent/2013-07-15" xmlns:xsi="http://www.w3.org/2001/XMLSchema-instance" xsi:schemaLocation="http://schema.primaresearch.org/PAGE/gts/pagecontent/2013-07-15 http://schema.primaresearch.org/PAGE/gts/pagecontent/2013-07-15/pagecontent.xsd">
    <Metadata>
        <Creator>Transkribus</Creator>
        <Created>2019-11-10T21:09:25.865+01:00</Created>
        <LastChange>2019-11-10T21:14:58.031+01:00</LastChange>
        <Comments>
                Measurement unit: pixel
                PrimaryLanguage: English
                Language: FrenchStandard
                Producer: Transkribus
            </Comments>
        <TranskribusMetadata docId="236930" pageId="10470188" pageNr="4" tsid="19187695" status="IN_PROGRESS" userId="48236" imgUrl="https://files.transkribus.eu/Get?id=FVVWJISYHGNCSEPTRABRRLGJ&amp;fileType=view" xmlUrl="https://files.transkribus.eu/Get?id=UYQIUKFXYTGVGBFLVRDJPYBG" imageId="6975039"/>
    </Metadata>
    <Page imageFilename="bpt6k940659s_004.jpg" imageWidth="2472" imageHeight="3696">
        <PrintSpace>
            <Coords points="169,44 2266,44 2266,3073 169,3073"/>
        </PrintSpace>
        <ReadingOrder>
            <OrderedGroup id="ro_1573417639760" caption="Regions reading order">
                <RegionRefIndexed index="0" regionRef="r_1_1"/>
                <RegionRefIndexed index="1" regionRef="r_1_2"/>
                <RegionRefIndexed index="2" regionRef="r_1_3"/>
                <RegionRefIndexed index="3" regionRef="r_1_4"/>
                <RegionRefIndexed index="4" regionRef="r_1_5"/>
                <RegionRefIndexed index="5" regionRef="r_1_6"/>
                <RegionRefIndexed index="6" regionRef="r_1_7"/>
                <RegionRefIndexed index="7" regionRef="r_2_1"/>
            </OrderedGroup>
        </ReadingOrder>
        <TextRegion type="paragraph" id="r_1_1" custom="readingOrder {index:0;}">
            <Coords points="382,324 2165,324 2165,1277 382,1277"/>
            <TextLine id="tl_1" primaryLanguage="English" custom="readingOrder {index:0;}">
                <Coords points="491,325 2158,325 2158,409 491,409"/>
                <Baseline points="492,399 564,396 754,394 1024,397 1164,385 1297,381 1393,379 1623,375 1785,373 1856,375 1879,374 2158,366"/>
                <Word id="w_w2aab1b1b2b1b1ab1" language="English" custom="readingOrder {index:0;}">
                    <Coords points="492,362 564,362 564,399 492,399"/>
                    <TextEquiv>
                        <Unicode>Les</Unicode>
                    </TextEquiv>
                    <TextStyle fontFamily="Times New Roman" fontSize="10.0" italic="true"/>
                </Word>
                <Word id="w_w2aab1b1b2b1b1ab9" language="English" custom="readingOrder {index:1;}">
                    <Coords points="599,360 754,360 754,397 599,397"/>
                    <TextEquiv>
                        <Unicode>mêmes</Unicode>
                    </TextEquiv>
                    <TextStyle fontFamily="Times New Roman" fontSize="10.0" italic="true"/>
                </Word>
                <Word id="w_w2aab1b1b2b1b1ac21" language="English" custom="readingOrder {index:2;}">
                    <Coords points="792,351 1024,351 1024,402 792,402"/>
                    <TextEquiv>
                        <Unicode>difficultés,</Unicode>
                    </TextEquiv>
                    <TextStyle fontFamily="Times New Roman" fontSize="10.0" italic="true"/>
                </Word>
                <Word id="w_w2aab1b1b2b1b1ac47" language="English" custom="readingOrder {index:3;}">
                    <Coords points="1072,348 1164,348 1164,387 1072,387"/>
                    <TextEquiv>
                        <Unicode>bien</Unicode>
                    </TextEquiv>
                    <TextStyle fontFamily="Times New Roman" fontSize="10.0" italic="true"/>
                </Word>
                <Word id="w_w2aab1b1b2b1b1ac57" language="English" custom="readingOrder {index:4;}">
                    <Coords points="1204,342 1297,342 1297,395 1204,395"/>
                    <TextEquiv>
                        <Unicode>qu'à</Unicode>
                    </TextEquiv>
                    <TextStyle fontFamily="Times New Roman" fontSize="10.0" italic="true"/>
                </Word>
                <Word id="w_w2aab1b1b2b1b1ac67" language="English" custom="readingOrder {index:5;}">
                    <Coords points="1336,353 1393,353 1393,381 1336,381"/>
                    <TextEquiv>
                        <Unicode>un</Unicode>
                    </TextEquiv>
                    <TextStyle fontFamily="Times New Roman" fontSize="10.0" italic="true"/>
                </Word>
                <Word id="w_w2aab1b1b2b1b1ac73" language="English" custom="readingOrder {index:6;}">
                    <Coords points="1434,338 1623,338 1623,378 1434,378"/>
                    <TextEquiv>
                        <Unicode>moindre</Unicode>
                    </TextEquiv>
                    <TextStyle fontFamily="Times New Roman" fontSize="10.0" italic="true"/>
                </Word>
                <Word id="w_w2aab1b1b2b1b1ac89" language="English" custom="readingOrder {index:7;}">
                    <Coords points="1663,337 1798,337 1798,385 1663,385"/>
                    <TextEquiv>
                        <Unicode>degré,</Unicode>
                    </TextEquiv>
                    <TextStyle fontFamily="Times New Roman" fontSize="10.0" italic="true"/>
                </Word>
                <Word id="w_w2aab1b1b2b1b1b1b1" language="English" custom="readingOrder {index:8;}">
                    <Coords points="1839,357 1856,357 1856,375 1839,375"/>
                    <TextEquiv>
                        <Unicode>à</Unicode>
                    </TextEquiv>
                    <TextStyle fontFamily="Times New Roman" fontSize="10.0" italic="true" subscript="true"/>
                </Word>
                <Word id="w_w2aab1b1b2b1b1b2b1" language="English" custom="readingOrder {index:9;}">
                    <Coords points="1861,352 1879,352 1879,374 1861,374"/>
                    <TextEquiv>
                        <Unicode>c</Unicode>
                    </TextEquiv>
                    <TextStyle fontFamily="Times New Roman" fontSize="10.0" italic="true"/>
                </Word>
                <Word id="w_w2aab1b1b2b1b1b2b5" language="English" custom="readingOrder {index:10;}">
                    <Coords points="1916,332 2158,332 2158,381 1916,381"/>
                    <TextEquiv>
                        <Unicode>présentent</Unicode>
                    </TextEquiv>
                    <TextStyle fontFamily="Times New Roman" fontSize="10.0" italic="true"/>
                </Word>
                <TextEquiv>
                    <Unicode>Les mêmes difficultés, bien qu'à un moindre degré, àc présentent</Unicode>
                </TextEquiv>
            </TextLine>
            <TextLine id="tl_2" primaryLanguage="English" custom="readingOrder {index:1;}">
                <Coords points="383,382 2154,382 2154,466 383,466"/>
                <Baseline points="383,466 495,453 558,452 673,451 724,460 884,445 1044,442 1251,448 1472,433 1551,431 1618,432 1869,426 1982,423 2154,409"/>
                <Word id="w_w2aab1b1b2b1b3ab1" language="English" custom="readingOrder {index:0;}">
                    <Coords points="383,428 495,428 495,466 383,466"/>
                    <TextEquiv>
                        <Unicode>pour</Unicode>
                    </TextEquiv>
                    <TextStyle fontFamily="Times New Roman" fontSize="10.0" italic="true"/>
                </Word>
                <Word id="w_w2aab1b1b2b1b3ac11" language="English" custom="readingOrder {index:1;}">
                    <Coords points="525,417 558,417 558,453 525,453"/>
                    <TextEquiv>
                        <Unicode>le</Unicode>
                    </TextEquiv>
                    <TextStyle fontFamily="Times New Roman" fontSize="10.0" italic="true"/>
                </Word>
                <Word id="w_w2aab1b1b2b1b3ac17" language="English" custom="readingOrder {index:2;}">
                    <Coords points="585,424 673,424 673,452 585,452"/>
                    <TextEquiv>
                        <Unicode>sexe</Unicode>
                    </TextEquiv>
                    <TextStyle fontFamily="Times New Roman" fontSize="10.0" italic="true"/>
                </Word>
                <Word id="w_w2aab1b1b2b1b3ac27" language="English" custom="readingOrder {index:3;}">
                    <Coords points="703,412 805,412 805,460 703,460"/>
                    <TextEquiv>
                        <Unicode>fort.</Unicode>
                    </TextEquiv>
                    <TextStyle fontFamily="Times New Roman" fontSize="10.0" italic="true"/>
                </Word>
                <Word id="w_w2aab1b1b2b1b3b1b3" language="English" custom="readingOrder {index:4;}">
                    <Coords points="832,409 884,409 884,446 832,446"/>
                    <TextEquiv>
                        <Unicode>Le</Unicode>
                    </TextEquiv>
                    <TextStyle fontFamily="Times New Roman" fontSize="10.0"/>
                </Word>
                <Word id="w_w2aab1b1b2b1b3b1b9" language="English" custom="readingOrder {index:5;}">
                    <Coords points="914,408 1044,408 1044,456 914,456"/>
                    <TextEquiv>
                        <Unicode>jeune</Unicode>
                    </TextEquiv>
                    <TextStyle fontFamily="Times New Roman" fontSize="10.0"/>
                </Word>
                <Word id="w_w2aab1b1b2b1b3b1c21" language="English" custom="readingOrder {index:6;}">
                    <Coords points="1069,403 1251,403 1251,448 1069,448"/>
                    <TextEquiv>
                        <Unicode>homme,</Unicode>
                    </TextEquiv>
                    <TextStyle fontFamily="Times New Roman" fontSize="10.0"/>
                </Word>
                <Word id="w_w2aab1b1b2b1b3b1c35" language="English" custom="readingOrder {index:7;}">
                    <Coords points="1283,397 1472,397 1472,437 1283,437"/>
                    <TextEquiv>
                        <Unicode>désireux</Unicode>
                    </TextEquiv>
                    <TextStyle fontFamily="Times New Roman" fontSize="10.0"/>
                </Word>
                <Word id="w_w2aab1b1b2b1b3b1c53" language="English" custom="readingOrder {index:8;}">
                    <Coords points="1502,394 1551,394 1551,432 1502,432"/>
                    <TextEquiv>
                        <Unicode>de</Unicode>
                    </TextEquiv>
                    <TextStyle fontFamily="Times New Roman" fontSize="10.0"/>
                </Word>
                <Word id="w_w2aab1b1b2b1b3b1c59" language="English" custom="readingOrder {index:9;}">
                    <Coords points="1578,406 1618,406 1618,432 1578,432"/>
                    <TextEquiv>
                        <Unicode>se</Unicode>
                    </TextEquiv>
                    <TextStyle fontFamily="Times New Roman" fontSize="10.0"/>
                </Word>
                <Word id="w_w2aab1b1b2b1b3b1c65" language="English" custom="readingOrder {index:10;}">
                    <Coords points="1649,389 1869,389 1869,429 1649,429"/>
                    <TextEquiv>
                        <Unicode>soustraire</Unicode>
                    </TextEquiv>
                    <TextStyle fontFamily="Times New Roman" fontSize="10.0"/>
                </Word>
                <Word id="w_w2aab1b1b2b1b3b1c87" language="English" custom="readingOrder {index:11;}">
                    <Coords points="1901,398 1982,398 1982,425 1901,425"/>
                    <TextEquiv>
                        <Unicode>aux</Unicode>
                    </TextEquiv>
                    <TextStyle fontFamily="Times New Roman" fontSize="10.0"/>
                </Word>
                <Word id="w_w2aab1b1b2b1b3b1c95" language="English" custom="readingOrder {index:12;}">
                    <Coords points="2011,386 2154,386 2154,422 2011,422"/>
                    <TextEquiv>
                        <Unicode>incon¬</Unicode>
                    </TextEquiv>
                    <TextStyle fontFamily="Times New Roman" fontSize="10.0"/>
                </Word>
                <TextEquiv>
                    <Unicode>pour le sexe fort. Le jeune homme, désireux de se soustraire aux incon¬</Unicode>
                </TextEquiv>
            </TextLine>
            <TextLine id="tl_3" primaryLanguage="English" custom="readingOrder {index:2;}">
                <Coords points="384,435 2157,435 2157,520 384,520"/>
                <Baseline points="384,510 573,507 660,505 856,509 967,497 1057,496 1144,494 1229,491 1375,490 1454,489 1719,483 1802,481 1915,478 2043,477 2157,475"/>
                <Word id="w_w2aab1b1b2b1b5ab1" language="English" custom="readingOrder {index:0;}">
                    <Coords points="384,471 573,471 573,510 384,510"/>
                    <TextEquiv>
                        <Unicode>vénients</Unicode>
                    </TextEquiv>
                    <TextStyle fontFamily="Times New Roman" fontSize="10.0"/>
                </Word>
                <Word id="w_w2aab1b1b2b1b5ac19" language="English" custom="readingOrder {index:1;}">
                    <Coords points="606,468 660,468 660,506 606,506"/>
                    <TextEquiv>
                        <Unicode>du</Unicode>
                    </TextEquiv>
                    <TextStyle fontFamily="Times New Roman" fontSize="10.0"/>
                </Word>
                <Word id="w_w2aab1b1b2b1b5ac25" language="English" custom="readingOrder {index:2;}">
                    <Coords points="696,464 856,464 856,509 696,509"/>
                    <TextEquiv>
                        <Unicode>célibat,</Unicode>
                    </TextEquiv>
                    <TextStyle fontFamily="Times New Roman" fontSize="10.0"/>
                </Word>
                <Word id="w_w2aab1b1b2b1b5ac43" language="English" custom="readingOrder {index:3;}">
                    <Coords points="896,461 967,461 967,510 896,510"/>
                    <TextEquiv>
                        <Unicode>qui</Unicode>
                    </TextEquiv>
                    <TextStyle fontFamily="Times New Roman" fontSize="10.0"/>
                </Word>
                <Word id="w_w2aab1b1b2b1b5ac51" language="English" custom="readingOrder {index:4;}">
                    <Coords points="998,463 1057,463 1057,497 998,497"/>
                    <TextEquiv>
                        <Unicode>est</Unicode>
                    </TextEquiv>
                    <TextStyle fontFamily="Times New Roman" fontSize="10.0"/>
                </Word>
                <Word id="w_w2aab1b1b2b1b5ac59" language="English" custom="readingOrder {index:5;}">
                    <Coords points="1087,458 1144,458 1144,494 1087,494"/>
                    <TextEquiv>
                        <Unicode>las</Unicode>
                    </TextEquiv>
                    <TextStyle fontFamily="Times New Roman" fontSize="10.0"/>
                </Word>
                <Word id="w_w2aab1b1b2b1b5ac67" language="English" custom="readingOrder {index:6;}">
                    <Coords points="1178,456 1229,456 1229,494 1178,494"/>
                    <TextEquiv>
                        <Unicode>de</Unicode>
                    </TextEquiv>
                    <TextStyle fontFamily="Times New Roman" fontSize="10.0"/>
                </Word>
                <Word id="w_w2aab1b1b2b1b5ac73" language="English" custom="readingOrder {index:7;}">
                    <Coords points="1260,454 1375,454 1375,491 1260,491"/>
                    <TextEquiv>
                        <Unicode>vivre</Unicode>
                    </TextEquiv>
                    <TextStyle fontFamily="Times New Roman" fontSize="10.0"/>
                </Word>
                <Word id="w_w2aab1b1b2b1b5ac85" language="English" custom="readingOrder {index:8;}">
                    <Coords points="1405,465 1454,465 1454,489 1405,489"/>
                    <TextEquiv>
                        <Unicode>au</Unicode>
                    </TextEquiv>
                    <TextStyle fontFamily="Times New Roman" fontSize="10.0"/>
                </Word>
                <Word id="w_w2aab1b1b2b1b5ac91" language="English" custom="readingOrder {index:9;}">
                    <Coords points="1488,450 1719,450 1719,486 1488,486"/>
                    <TextEquiv>
                        <Unicode>restaurant</Unicode>
                    </TextEquiv>
                    <TextStyle fontFamily="Times New Roman" fontSize="10.0"/>
                </Word>
                <Word id="w_w2aab1b1b2b1b5ad113" language="English" custom="readingOrder {index:10;}">
                    <Coords points="1748,445 1802,445 1802,482 1748,482"/>
                    <TextEquiv>
                        <Unicode>où</Unicode>
                    </TextEquiv>
                    <TextStyle fontFamily="Times New Roman" fontSize="10.0"/>
                </Word>
                <Word id="w_w2aab1b1b2b1b5ad119" language="English" custom="readingOrder {index:11;}">
                    <Coords points="1831,441 1915,441 1915,480 1831,480"/>
                    <TextEquiv>
                        <Unicode>l’on</Unicode>
                    </TextEquiv>
                    <TextStyle fontFamily="Times New Roman" fontSize="10.0"/>
                </Word>
                <Word id="w_w2aab1b1b2b1b5ad129" language="English" custom="readingOrder {index:12;}">
                    <Coords points="1953,438 2043,438 2043,489 1953,489"/>
                    <TextEquiv>
                        <Unicode>paie</Unicode>
                    </TextEquiv>
                    <TextStyle fontFamily="Times New Roman" fontSize="10.0"/>
                </Word>
                <Word id="w_w2aab1b1b2b1b5ad139" language="English" custom="readingOrder {index:13;}">
                    <Coords points="2072,438 2157,438 2157,475 2072,475"/>
                    <TextEquiv>
                        <Unicode>fort</Unicode>
                    </TextEquiv>
                    <TextStyle fontFamily="Times New Roman" fontSize="10.0"/>
                </Word>
                <TextEquiv>
                    <Unicode>vénients du célibat, qui est las de vivre au restaurant où l’on paie fort</Unicode>
                </TextEquiv>
                <TextStyle fontFamily="Times New Roman" fontSize="10.0"/>
            </TextLine>
            <TextLine id="tl_4" primaryLanguage="English" custom="readingOrder {index:3;}">
                <Coords points="386,484 2159,484 2159,566 386,566"/>
                <Baseline points="387,559 490,556 606,554 875,548 1189,550 1280,538 1486,534 1599,532 1806,529 1904,526 2052,532 2159,522"/>
                <Word id="w_w2aab1b1b2b1b7ab1" language="English" custom="readingOrder {index:0;}">
                    <Coords points="387,521 490,521 490,559 387,559"/>
                    <TextEquiv>
                        <Unicode>cher</Unicode>
                    </TextEquiv>
                    <TextStyle fontFamily="Times New Roman" fontSize="10.0"/>
                </Word>
                <Word id="w_w2aab1b1b2b1b7ac11" language="English" custom="readingOrder {index:1;}">
                    <Coords points="530,529 606,529 606,556 530,556"/>
                    <TextEquiv>
                        <Unicode>une</Unicode>
                    </TextEquiv>
                    <TextStyle fontFamily="Times New Roman" fontSize="10.0"/>
                </Word>
                <Word id="w_w2aab1b1b2b1b7ac19" language="English" custom="readingOrder {index:2;}">
                    <Coords points="655,515 875,515 875,553 655,553"/>
                    <TextEquiv>
                        <Unicode>mauvaise</Unicode>
                    </TextEquiv>
                    <TextStyle fontFamily="Times New Roman" fontSize="10.0"/>
                </Word>
                <Word id="w_w2aab1b1b2b1b7ac37" language="English" custom="readingOrder {index:3;}">
                    <Coords points="927,508 1189,508 1189,550 927,550"/>
                    <TextEquiv>
                        <Unicode>nourriture,</Unicode>
                    </TextEquiv>
                    <TextStyle fontFamily="Times New Roman" fontSize="10.0"/>
                </Word>
                <Word id="w_w2aab1b1b2b1b7ac61" language="English" custom="readingOrder {index:4;}">
                    <Coords points="1229,503 1280,503 1280,540 1229,540"/>
                    <TextEquiv>
                        <Unicode>de</Unicode>
                    </TextEquiv>
                    <TextStyle fontFamily="Times New Roman" fontSize="10.0"/>
                </Word>
                <Word id="w_w2aab1b1b2b1b7ac67" language="English" custom="readingOrder {index:5;}">
                    <Coords points="1336,508 1486,508 1486,548 1336,548"/>
                    <TextEquiv>
                        <Unicode>passer</Unicode>
                    </TextEquiv>
                    <TextStyle fontFamily="Times New Roman" fontSize="10.0"/>
                </Word>
                <Word id="w_w2aab1b1b2b1b7ac81" language="English" custom="readingOrder {index:6;}">
                    <Coords points="1532,507 1599,507 1599,533 1532,533"/>
                    <TextEquiv>
                        <Unicode>ses</Unicode>
                    </TextEquiv>
                    <TextStyle fontFamily="Times New Roman" fontSize="10.0"/>
                </Word>
                <Word id="w_w2aab1b1b2b1b7ac89" language="English" custom="readingOrder {index:7;}">
                    <Coords points="1645,493 1806,493 1806,532 1645,532"/>
                    <TextEquiv>
                        <Unicode>soirées</Unicode>
                    </TextEquiv>
                    <TextStyle fontFamily="Times New Roman" fontSize="10.0"/>
                </Word>
                <Word id="w_w2aab1b1b2b1b7ad105" language="English" custom="readingOrder {index:8;}">
                    <Coords points="1851,501 1904,501 1904,528 1851,528"/>
                    <TextEquiv>
                        <Unicode>au</Unicode>
                    </TextEquiv>
                    <TextStyle fontFamily="Times New Roman" fontSize="10.0"/>
                </Word>
                <Word id="w_w2aab1b1b2b1b7ad111" language="English" custom="readingOrder {index:9;}">
                    <Coords points="1948,492 2052,492 2052,532 1948,532"/>
                    <TextEquiv>
                        <Unicode>cale,</Unicode>
                    </TextEquiv>
                    <TextStyle fontFamily="Times New Roman" fontSize="10.0"/>
                </Word>
                <Word id="w_w2aab1b1b2b1b7ad123" language="English" custom="readingOrder {index:10;}">
                    <Coords points="2107,497 2159,497 2159,522 2107,522"/>
                    <TextEquiv>
                        <Unicode>en</Unicode>
                    </TextEquiv>
                    <TextStyle fontFamily="Times New Roman" fontSize="10.0"/>
                </Word>
                <TextEquiv>
                    <Unicode>cher une mauvaise nourriture, de passer ses soirées au cale, en</Unicode>
                </TextEquiv>
                <TextStyle fontFamily="Times New Roman" fontSize="10.0"/>
            </TextLine>
            <TextLine id="tl_5" primaryLanguage="English" custom="readingOrder {index:4;}">
                <Coords points="384,539 2161,539 2161,617 384,617"/>
                <Baseline points="384,613 543,609 630,608 1002,599 1226,594 1380,590 1499,588 1815,590 1922,580 2057,578 2161,576"/>
                <Word id="w_w2aab1b1b2b1b9ab1" language="English" custom="readingOrder {index:0;}">
                    <Coords points="384,576 543,576 543,613 384,613"/>
                    <TextEquiv>
                        <Unicode>faisant</Unicode>
                    </TextEquiv>
                    <TextStyle fontFamily="Times New Roman" fontSize="10.0"/>
                </Word>
                <Word id="w_w2aab1b1b2b1b9ac17" language="English" custom="readingOrder {index:1;}">
                    <Coords points="592,572 630,572 630,608 592,608"/>
                    <TextEquiv>
                        <Unicode>la</Unicode>
                    </TextEquiv>
                    <TextStyle fontFamily="Times New Roman" fontSize="10.0"/>
                </Word>
                <Word id="w_w2aab1b1b2b1b9ac23" language="English" custom="readingOrder {index:2;}">
                    <Coords points="681,564 1002,564 1002,606 681,606"/>
                    <TextEquiv>
                        <Unicode>traditionnelle</Unicode>
                    </TextEquiv>
                    <TextStyle fontFamily="Times New Roman" fontSize="10.0"/>
                </Word>
                <Word id="w_w2aab1b1b2b1b9ac53" language="English" custom="readingOrder {index:3;}">
                    <Coords points="1053,560 1226,560 1226,597 1053,597"/>
                    <TextEquiv>
                        <Unicode>manille</Unicode>
                    </TextEquiv>
                    <TextStyle fontFamily="Times New Roman" fontSize="10.0"/>
                </Word>
                <Word id="w_w2aab1b1b2b1b9ac69" language="English" custom="readingOrder {index:4;}">
                    <Coords points="1278,565 1380,565 1380,592 1278,592"/>
                    <TextEquiv>
                        <Unicode>avec</Unicode>
                    </TextEquiv>
                    <TextStyle fontFamily="Times New Roman" fontSize="10.0"/>
                </Word>
                <Word id="w_w2aab1b1b2b1b9ac79" language="English" custom="readingOrder {index:5;}">
                    <Coords points="1424,554 1499,554 1499,589 1424,589"/>
                    <TextEquiv>
                        <Unicode>des</Unicode>
                    </TextEquiv>
                    <TextStyle fontFamily="Times New Roman" fontSize="10.0"/>
                </Word>
                <Word id="w_w2aab1b1b2b1b9ac87" language="English" custom="readingOrder {index:6;}">
                    <Coords points="1552,548 1815,548 1815,590 1552,590"/>
                    <TextEquiv>
                        <Unicode>camarades,</Unicode>
                    </TextEquiv>
                    <TextStyle fontFamily="Times New Roman" fontSize="10.0"/>
                </Word>
                <Word id="w_w2aab1b1b2b1b9ad109" language="English" custom="readingOrder {index:7;}">
                    <Coords points="1872,555 1922,555 1922,581 1872,581"/>
                    <TextEquiv>
                        <Unicode>au</Unicode>
                    </TextEquiv>
                    <TextStyle fontFamily="Times New Roman" fontSize="10.0"/>
                </Word>
                <Word id="w_w2aab1b1b2b1b9ad115" language="English" custom="readingOrder {index:8;}">
                    <Coords points="1975,543 2057,543 2057,578 1975,578"/>
                    <TextEquiv>
                        <Unicode>lieu</Unicode>
                    </TextEquiv>
                    <TextStyle fontFamily="Times New Roman" fontSize="10.0"/>
                </Word>
                <Word id="w_w2aab1b1b2b1b9ad125" language="English" custom="readingOrder {index:9;}">
                    <Coords points="2109,540 2161,540 2161,576 2109,576"/>
                    <TextEquiv>
                        <Unicode>de</Unicode>
                    </TextEquiv>
                    <TextStyle fontFamily="Times New Roman" fontSize="10.0"/>
                </Word>
                <TextEquiv>
                    <Unicode>faisant la traditionnelle manille avec des camarades, au lieu de</Unicode>
                </TextEquiv>
                <TextStyle fontFamily="Times New Roman" fontSize="10.0"/>
            </TextLine>
            <TextLine id="tl_6" primaryLanguage="English" custom="readingOrder {index:5;}">
                <Coords points="386,594 2160,594 2160,682 386,682"/>
                <Baseline points="386,682 535,669 597,666 759,663 1032,657 1119,654 1281,660 1398,657 1486,647 1580,645 1962,649 2160,635"/>
                <Word id="w_w2aab1b1b2b1c11ab1" language="English" custom="readingOrder {index:0;}">
                    <Coords points="386,633 535,633 535,682 386,682"/>
                    <TextEquiv>
                        <Unicode>goûter</Unicode>
                    </TextEquiv>
                    <TextStyle fontFamily="Times New Roman" fontSize="10.0"/>
                </Word>
                <Word id="w_w2aab1b1b2b1c11ac15" language="English" custom="readingOrder {index:1;}">
                    <Coords points="562,630 597,630 597,667 562,667"/>
                    <TextEquiv>
                        <Unicode>la</Unicode>
                    </TextEquiv>
                    <TextStyle fontFamily="Times New Roman" fontSize="10.0"/>
                </Word>
                <Word id="w_w2aab1b1b2b1c11ac21" language="English" custom="readingOrder {index:2;}">
                    <Coords points="631,629 759,629 759,666 631,666"/>
                    <TextEquiv>
                        <Unicode>douce</Unicode>
                    </TextEquiv>
                    <TextStyle fontFamily="Times New Roman" fontSize="10.0"/>
                </Word>
                <Word id="w_w2aab1b1b2b1c11ac33" language="English" custom="readingOrder {index:3;}">
                    <Coords points="793,620 1032,620 1032,661 793,661"/>
                    <TextEquiv>
                        <Unicode>familiarité</Unicode>
                    </TextEquiv>
                    <TextStyle fontFamily="Times New Roman" fontSize="10.0"/>
                </Word>
                <Word id="w_w2aab1b1b2b1c11ac57" language="English" custom="readingOrder {index:4;}">
                    <Coords points="1066,619 1119,619 1119,656 1066,656"/>
                    <TextEquiv>
                        <Unicode>du</Unicode>
                    </TextEquiv>
                    <TextStyle fontFamily="Times New Roman" fontSize="10.0"/>
                </Word>
                <Word id="w_w2aab1b1b2b1c11ac63" language="English" custom="readingOrder {index:5;}">
                    <Coords points="1152,616 1281,616 1281,665 1152,665"/>
                    <TextEquiv>
                        <Unicode>foyer,</Unicode>
                    </TextEquiv>
                    <TextStyle fontFamily="Times New Roman" fontSize="10.0"/>
                </Word>
                <Word id="w_w2aab1b1b2b1c11ac77" language="English" custom="readingOrder {index:6;}">
                    <Coords points="1315,609 1398,609 1398,661 1315,661"/>
                    <TextEquiv>
                        <Unicode>qui,</Unicode>
                    </TextEquiv>
                    <TextStyle fontFamily="Times New Roman" fontSize="10.0"/>
                </Word>
                <Word id="w_w2aab1b1b2b1c11ac87" language="English" custom="readingOrder {index:7;}">
                    <Coords points="1435,622 1486,622 1486,647 1435,647"/>
                    <TextEquiv>
                        <Unicode>en</Unicode>
                    </TextEquiv>
                    <TextStyle fontFamily="Times New Roman" fontSize="10.0"/>
                </Word>
                <Word id="w_w2aab1b1b2b1c11ac93" language="English" custom="readingOrder {index:8;}">
                    <Coords points="1514,620 1580,620 1580,645 1514,645"/>
                    <TextEquiv>
                        <Unicode>cas</Unicode>
                    </TextEquiv>
                    <TextStyle fontFamily="Times New Roman" fontSize="10.0"/>
                </Word>
                <Word id="w_w2aab1b1b2b1c11ad101" language="English" custom="readingOrder {index:9;}">
                    <Coords points="1611,601 1962,601 1962,654 1611,654"/>
                    <TextEquiv>
                        <Unicode>d’indisposition,</Unicode>
                    </TextEquiv>
                    <TextStyle fontFamily="Times New Roman" fontSize="10.0"/>
                </Word>
                <Word id="w_w2aab1b1b2b1c11ad135" language="English" custom="readingOrder {index:10;}">
                    <Coords points="1996,598 2160,598 2160,648 1996,648"/>
                    <TextEquiv>
                        <Unicode>préfère</Unicode>
                    </TextEquiv>
                    <TextStyle fontFamily="Times New Roman" fontSize="10.0"/>
                </Word>
                <TextEquiv>
                    <Unicode>goûter la douce familiarité du foyer, qui, en cas d’indisposition, préfère</Unicode>
                </TextEquiv>
                <TextStyle fontFamily="Times New Roman" fontSize="10.0"/>
            </TextLine>
            <TextLine id="tl_7" primaryLanguage="English" custom="readingOrder {index:6;}">
                <Coords points="389,650 2157,650 2157,733 389,733"/>
                <Baseline points="389,725 460,722 586,722 851,716 904,715 1003,712 1196,707 1405,702 1594,699 1752,696 2009,700 2157,691"/>
                <Word id="w_w2aab1b1b2b1c13ab1" language="English" custom="readingOrder {index:0;}">
                    <Coords points="389,689 460,689 460,725 389,725"/>
                    <TextEquiv>
                        <Unicode>les.</Unicode>
                    </TextEquiv>
                    <TextStyle fontFamily="Times New Roman" fontSize="10.0"/>
                </Word>
                <Word id="w_w2aab1b1b2b1c13ac11" language="English" custom="readingOrder {index:1;}">
                    <Coords points="476,686 586,686 586,723 476,723"/>
                    <TextEquiv>
                        <Unicode>soins</Unicode>
                    </TextEquiv>
                    <TextStyle fontFamily="Times New Roman" fontSize="10.0"/>
                </Word>
                <Word id="w_w2aab1b1b2b1c13ac23" language="English" custom="readingOrder {index:2;}">
                    <Coords points="622,681 851,681 851,721 622,721"/>
                    <TextEquiv>
                        <Unicode>affectueux</Unicode>
                    </TextEquiv>
                    <TextStyle fontFamily="Times New Roman" fontSize="10.0"/>
                </Word>
                <Word id="w_w2aab1b1b2b1c13ac45" language="English" custom="readingOrder {index:3;}">
                    <Coords points="881,678 904,678 904,715 881,715"/>
                    <TextEquiv>
                        <Unicode>d</Unicode>
                    </TextEquiv>
                    <TextStyle fontFamily="Times New Roman" fontSize="10.0"/>
                </Word>
                <Word id="w_w2aab1b1b2b1c13ac49" language="English" custom="readingOrder {index:4;}">
                    <Coords points="923,687 1003,687 1003,713 923,713"/>
                    <TextEquiv>
                        <Unicode>une</Unicode>
                    </TextEquiv>
                    <TextStyle fontFamily="Times New Roman" fontSize="10.0"/>
                </Word>
                <Word id="w_w2aab1b1b2b1c13ac57" language="English" custom="readingOrder {index:5;}">
                    <Coords points="1042,673 1196,673 1196,709 1042,709"/>
                    <TextEquiv>
                        <Unicode>femme</Unicode>
                    </TextEquiv>
                    <TextStyle fontFamily="Times New Roman" fontSize="10.0"/>
                </Word>
                <Word id="w_w2aab1b1b2b1c13ac69" language="English" custom="readingOrder {index:6;}">
                    <Coords points="1221,667 1405,667 1405,706 1221,706"/>
                    <TextEquiv>
                        <Unicode>dévouée</Unicode>
                    </TextEquiv>
                    <TextStyle fontFamily="Times New Roman" fontSize="10.0"/>
                </Word>
                <Word id="w_w2aab1b1b2b1c13ac85" language="English" custom="readingOrder {index:7;}">
                    <Coords points="1440,666 1594,666 1594,702 1440,702"/>
                    <TextEquiv>
                        <Unicode>à"éeux</Unicode>
                    </TextEquiv>
                    <TextStyle fontFamily="Times New Roman" fontSize="10.0"/>
                </Word>
                <Word id="w_w2aab1b1b2b1c13ac99" language="English" custom="readingOrder {index:8;}">
                    <Coords points="1628,660 1752,660 1752,698 1628,698"/>
                    <TextEquiv>
                        <Unicode>d'une</Unicode>
                    </TextEquiv>
                    <TextStyle fontFamily="Times New Roman" fontSize="10.0"/>
                </Word>
                <Word id="w_w2aab1b1b2b1c13ad111" language="English" custom="readingOrder {index:9;}">
                    <Coords points="1780,655 2009,655 2009,704 1780,704"/>
                    <TextEquiv>
                        <Unicode>étrangère,</Unicode>
                    </TextEquiv>
                    <TextStyle fontFamily="Times New Roman" fontSize="10.0"/>
                </Word>
                <Word id="w_w2aab1b1b2b1c13ad133" language="English" custom="readingOrder {index:10;}">
                    <Coords points="2053,651 2157,651 2157,691 2053,691"/>
                    <TextEquiv>
                        <Unicode>celui</Unicode>
                    </TextEquiv>
                    <TextStyle fontFamily="Times New Roman" fontSize="10.0"/>
                </Word>
                <TextEquiv>
                    <Unicode>les. soins affectueux d une femme dévouée à"éeux d'une étrangère, celui</Unicode>
                </TextEquiv>
                <TextStyle fontFamily="Times New Roman" fontSize="10.0"/>
            </TextLine>
            <TextLine id="tl_8" primaryLanguage="English" custom="readingOrder {index:7;}">
                <Coords points="389,703 2153,703 2153,791 389,791"/>
                <Baseline points="389,791 457,777 709,773 907,767 1024,765 1291,758 1462,756 1530,755 1786,749 1944,747 2153,751"/>
                <Word id="w_w2aab1b1b2b1c15ab1" language="English" custom="readingOrder {index:0;}">
                    <Coords points="389,742 457,742 457,791 389,791"/>
                    <TextEquiv>
                        <Unicode>qui</Unicode>
                    </TextEquiv>
                    <TextStyle fontFamily="Times New Roman" fontSize="10.0"/>
                </Word>
                <Word id="w_w2aab1b1b2b1c15ab9" language="English" custom="readingOrder {index:1;}">
                    <Coords points="496,736 709,736 709,779 496,779"/>
                    <TextEquiv>
                        <Unicode>considère</Unicode>
                    </TextEquiv>
                    <TextStyle fontFamily="Times New Roman" fontSize="10.0"/>
                </Word>
                <Word id="w_w2aab1b1b2b1c15ac29" language="English" custom="readingOrder {index:2;}">
                    <Coords points="743,743 907,743 907,770 743,770"/>
                    <TextEquiv>
                        <Unicode>comme</Unicode>
                    </TextEquiv>
                    <TextStyle fontFamily="Times New Roman" fontSize="10.0"/>
                </Word>
                <Word id="w_w2aab1b1b2b1c15ac41" language="English" custom="readingOrder {index:3;}">
                    <Coords points="943,740 1024,740 1024,766 943,766"/>
                    <TextEquiv>
                        <Unicode>une</Unicode>
                    </TextEquiv>
                    <TextStyle fontFamily="Times New Roman" fontSize="10.0"/>
                </Word>
                <Word id="w_w2aab1b1b2b1c15ac49" language="English" custom="readingOrder {index:4;}">
                    <Coords points="1060,724 1291,724 1291,773 1060,773"/>
                    <TextEquiv>
                        <Unicode>obligation</Unicode>
                    </TextEquiv>
                    <TextStyle fontFamily="Times New Roman" fontSize="10.0"/>
                </Word>
                <Word id="w_w2aab1b1b2b1c15ac71" language="English" custom="readingOrder {index:5;}">
                    <Coords points="1329,719 1462,719 1462,759 1329,759"/>
                    <TextEquiv>
                        <Unicode>sacrée</Unicode>
                    </TextEquiv>
                    <TextStyle fontFamily="Times New Roman" fontSize="10.0"/>
                </Word>
                <Word id="w_w2aab1b1b2b1c15ac85" language="English" custom="readingOrder {index:6;}">
                    <Coords points="1494,719 1530,719 1530,755 1494,755"/>
                    <TextEquiv>
                        <Unicode>la</Unicode>
                    </TextEquiv>
                    <TextStyle fontFamily="Times New Roman" fontSize="10.0"/>
                </Word>
                <Word id="w_w2aab1b1b2b1c15ac91" language="English" custom="readingOrder {index:7;}">
                    <Coords points="1568,714 1786,714 1786,753 1568,753"/>
                    <TextEquiv>
                        <Unicode>fondation</Unicode>
                    </TextEquiv>
                    <TextStyle fontFamily="Times New Roman" fontSize="10.0"/>
                </Word>
                <Word id="w_w2aab1b1b2b1c15ad111" language="English" custom="readingOrder {index:8;}">
                    <Coords points="1819,709 1944,709 1944,749 1819,749"/>
                    <TextEquiv>
                        <Unicode>d’une</Unicode>
                    </TextEquiv>
                    <TextStyle fontFamily="Times New Roman" fontSize="10.0"/>
                </Word>
                <Word id="w_w2aab1b1b2b1c15ad123" language="English" custom="readingOrder {index:9;}">
                    <Coords points="1983,706 2153,706 2153,751 1983,751"/>
                    <TextEquiv>
                        <Unicode>famille,</Unicode>
                    </TextEquiv>
                    <TextStyle fontFamily="Times New Roman" fontSize="10.0"/>
                </Word>
                <TextEquiv>
                    <Unicode>qui considère comme une obligation sacrée la fondation d’une famille,</Unicode>
                </TextEquiv>
                <TextStyle fontFamily="Times New Roman" fontSize="10.0"/>
            </TextLine>
            <TextLine id="tl_9" primaryLanguage="English" custom="readingOrder {index:8;}">
                <Coords points="390,758 2162,758 2162,844 390,844"/>
                <Baseline points="390,833 466,833 687,829 771,825 1045,827 1135,816 1223,814 1348,813 1577,808 1661,806 1808,802 1912,800 2041,798 2162,797"/>
                <Word id="w_w2aab1b1b2b1c17ab1" language="English" custom="readingOrder {index:0;}">
                    <Coords points="390,796 466,796 466,833 390,833"/>
                    <TextEquiv>
                        <Unicode>but</Unicode>
                    </TextEquiv>
                    <TextStyle fontFamily="Times New Roman" fontSize="10.0"/>
                </Word>
                <Word id="w_w2aab1b1b2b1c17ab9" language="English" custom="readingOrder {index:1;}">
                    <Coords points="495,792 687,792 687,841 495,841"/>
                    <TextEquiv>
                        <Unicode>suprême</Unicode>
                    </TextEquiv>
                    <TextStyle fontFamily="Times New Roman" fontSize="10.0"/>
                </Word>
                <Word id="w_w2aab1b1b2b1c17ac25" language="English" custom="readingOrder {index:2;}">
                    <Coords points="723,789 771,789 771,826 723,826"/>
                    <TextEquiv>
                        <Unicode>de</Unicode>
                    </TextEquiv>
                    <TextStyle fontFamily="Times New Roman" fontSize="10.0"/>
                </Word>
                <Word id="w_w2aab1b1b2b1c17ac31" language="English" custom="readingOrder {index:3;}">
                    <Coords points="800,783 1045,783 1045,827 800,827"/>
                    <TextEquiv>
                        <Unicode>l’existence,</Unicode>
                    </TextEquiv>
                    <TextStyle fontFamily="Times New Roman" fontSize="10.0"/>
                </Word>
                <Word id="w_w2aab1b1b2b1c17ac57" language="English" custom="readingOrder {index:4;}">
                    <Coords points="1085,792 1135,792 1135,817 1085,817"/>
                    <TextEquiv>
                        <Unicode>en</Unicode>
                    </TextEquiv>
                    <TextStyle fontFamily="Times New Roman" fontSize="10.0"/>
                </Word>
                <Word id="w_w2aab1b1b2b1c17ac63" language="English" custom="readingOrder {index:5;}">
                    <Coords points="1167,790 1223,790 1223,815 1167,815"/>
                    <TextEquiv>
                        <Unicode>un</Unicode>
                    </TextEquiv>
                    <TextStyle fontFamily="Times New Roman" fontSize="10.0"/>
                </Word>
                <Word id="w_w2aab1b1b2b1c17ac69" language="English" custom="readingOrder {index:6;}">
                    <Coords points="1260,781 1348,781 1348,813 1260,813"/>
                    <TextEquiv>
                        <Unicode>mot</Unicode>
                    </TextEquiv>
                    <TextStyle fontFamily="Times New Roman" fontSize="10.0"/>
                </Word>
                <Word id="w_w2aab1b1b2b1c17ac77" language="English" custom="readingOrder {index:7;}">
                    <Coords points="1377,773 1577,773 1577,811 1377,811"/>
                    <TextEquiv>
                        <Unicode>l’homme</Unicode>
                    </TextEquiv>
                    <TextStyle fontFamily="Times New Roman" fontSize="10.0"/>
                </Word>
                <Word id="w_w2aab1b1b2b1c17ac93" language="English" custom="readingOrder {index:8;}">
                    <Coords points="1613,769 1661,769 1661,806 1613,806"/>
                    <TextEquiv>
                        <Unicode>de</Unicode>
                    </TextEquiv>
                    <TextStyle fontFamily="Times New Roman" fontSize="10.0"/>
                </Word>
                <Word id="w_w2aab1b1b2b1c17ac99" language="English" custom="readingOrder {index:9;}">
                    <Coords points="1689,778 1808,778 1808,805 1689,805"/>
                    <TextEquiv>
                        <Unicode>cœur</Unicode>
                    </TextEquiv>
                    <TextStyle fontFamily="Times New Roman" fontSize="10.0"/>
                </Word>
                <Word id="w_w2aab1b1b2b1c17ad109" language="English" custom="readingOrder {index:10;}">
                    <Coords points="1843,765 1912,765 1912,813 1843,813"/>
                    <TextEquiv>
                        <Unicode>qui</Unicode>
                    </TextEquiv>
                    <TextStyle fontFamily="Times New Roman" fontSize="10.0"/>
                </Word>
                <Word id="w_w2aab1b1b2b1c17ad117" language="English" custom="readingOrder {index:11;}">
                    <Coords points="1946,766 2041,766 2041,800 1946,800"/>
                    <TextEquiv>
                        <Unicode>veut</Unicode>
                    </TextEquiv>
                    <TextStyle fontFamily="Times New Roman" fontSize="10.0"/>
                </Word>
                <Word id="w_w2aab1b1b2b1c17ad127" language="English" custom="readingOrder {index:12;}">
                    <Coords points="2076,759 2162,759 2162,798 2076,798"/>
                    <TextEquiv>
                        <Unicode>être</Unicode>
                    </TextEquiv>
                    <TextStyle fontFamily="Times New Roman" fontSize="10.0"/>
                </Word>
                <TextEquiv>
                    <Unicode>but suprême de l’existence, en un mot l’homme de cœur qui veut être</Unicode>
                </TextEquiv>
                <TextStyle fontFamily="Times New Roman" fontSize="10.0"/>
            </TextLine>
            <TextLine id="tl_10" primaryLanguage="English" custom="readingOrder {index:9;}">
                <Coords points="389,812 2162,812 2162,896 389,896"/>
                <Baseline points="389,888 494,886 543,884 614,882 809,888 955,885 1085,872 1215,881 1294,867 1561,872 1799,857 2045,852 2162,853"/>
                <Word id="w_w2aab1b1b2b1c19ab1" language="English" custom="readingOrder {index:0;}">
                    <Coords points="389,848 494,848 494,888 389,888"/>
                    <TextEquiv>
                        <Unicode>utile</Unicode>
                    </TextEquiv>
                    <TextStyle fontFamily="Times New Roman" fontSize="10.0"/>
                </Word>
                <Word id="w_w2aab1b1b2b1c19ac13" language="English" custom="readingOrder {index:1;}">
                    <Coords points="522,849 543,849 543,884 522,884"/>
                    <TextEquiv>
                        <Unicode>à</Unicode>
                    </TextEquiv>
                    <TextStyle fontFamily="Times New Roman" fontSize="10.0"/>
                </Word>
                <Word id="w_w2aab1b1b2b1c19ac17" language="English" custom="readingOrder {index:2;}">
                    <Coords points="577,846 614,846 614,882 577,882"/>
                    <TextEquiv>
                        <Unicode>la</Unicode>
                    </TextEquiv>
                    <TextStyle fontFamily="Times New Roman" fontSize="10.0"/>
                </Word>
                <Word id="w_w2aab1b1b2b1c19ac23" language="English" custom="readingOrder {index:3;}">
                    <Coords points="647,842 809,842 809,888 647,888"/>
                    <TextEquiv>
                        <Unicode>société,</Unicode>
                    </TextEquiv>
                    <TextStyle fontFamily="Times New Roman" fontSize="10.0"/>
                </Word>
                <Word id="w_w2aab1b1b2b1c19ac41" language="English" custom="readingOrder {index:4;}">
                    <Coords points="846,842 955,842 955,887 846,887"/>
                    <TextEquiv>
                        <Unicode>peut,</Unicode>
                    </TextEquiv>
                    <TextStyle fontFamily="Times New Roman" fontSize="10.0"/>
                </Word>
                <Word id="w_w2aab1b1b2b1c19ac53" language="English" custom="readingOrder {index:5;}">
                    <Coords points="994,847 1085,847 1085,873 994,873"/>
                    <TextEquiv>
                        <Unicode>sans</Unicode>
                    </TextEquiv>
                    <TextStyle fontFamily="Times New Roman" fontSize="10.0"/>
                </Word>
                <Word id="w_w2aab1b1b2b1c19ac63" language="English" custom="readingOrder {index:6;}">
                    <Coords points="1117,839 1215,839 1215,881 1117,881"/>
                    <TextEquiv>
                        <Unicode>trop</Unicode>
                    </TextEquiv>
                    <TextStyle fontFamily="Times New Roman" fontSize="10.0"/>
                </Word>
                <Word id="w_w2aab1b1b2b1c19ac73" language="English" custom="readingOrder {index:7;}">
                    <Coords points="1245,830 1294,830 1294,868 1245,868"/>
                    <TextEquiv>
                        <Unicode>de</Unicode>
                    </TextEquiv>
                    <TextStyle fontFamily="Times New Roman" fontSize="10.0"/>
                </Word>
                <Word id="w_w2aab1b1b2b1c19ac79" language="English" custom="readingOrder {index:8;}">
                    <Coords points="1323,826 1561,826 1561,872 1323,872"/>
                    <TextEquiv>
                        <Unicode>difficultés,</Unicode>
                    </TextEquiv>
                    <TextStyle fontFamily="Times New Roman" fontSize="10.0"/>
                </Word>
                <Word id="w_w2aab1b1b2b1c19ad105" language="English" custom="readingOrder {index:9;}">
                    <Coords points="1598,821 1799,821 1799,861 1598,861"/>
                    <TextEquiv>
                        <Unicode>chercher</Unicode>
                    </TextEquiv>
                    <TextStyle fontFamily="Times New Roman" fontSize="10.0"/>
                </Word>
                <Word id="w_w2aab1b1b2b1c19ad123" language="English" custom="readingOrder {index:10;}">
                    <Coords points="1827,817 2045,817 2045,857 1827,857"/>
                    <TextEquiv>
                        <Unicode>lui-même</Unicode>
                    </TextEquiv>
                    <TextStyle fontFamily="Times New Roman" fontSize="10.0"/>
                </Word>
                <Word id="w_w2aab1b1b2b1c19ad141" language="English" custom="readingOrder {index:11;}">
                    <Coords points="2079,826 2162,826 2162,853 2079,853"/>
                    <TextEquiv>
                        <Unicode>une</Unicode>
                    </TextEquiv>
                    <TextStyle fontFamily="Times New Roman" fontSize="10.0"/>
                </Word>
                <TextEquiv>
                    <Unicode>utile à la société, peut, sans trop de difficultés, chercher lui-même une</Unicode>
                </TextEquiv>
                <TextStyle fontFamily="Times New Roman" fontSize="10.0"/>
            </TextLine>
            <TextLine id="tl_11" primaryLanguage="English" custom="readingOrder {index:10;}">
                <Coords points="392,867 2163,867 2163,952 392,952"/>
                <Baseline points="392,941 642,945 710,934 767,932 855,931 946,930 1133,925 1215,923 1469,918 1521,917 1609,915 1745,911 1816,912 2163,904"/>
                <Word id="w_w2aab1b1b2b1c21ab1" language="English" custom="readingOrder {index:0;}">
                    <Coords points="392,910 642,910 642,950 392,950"/>
                    <TextEquiv>
                        <Unicode>compagne,</Unicode>
                    </TextEquiv>
                    <TextStyle fontFamily="Times New Roman" fontSize="10.0"/>
                </Word>
                <Word id="w_w2aab1b1b2b1c21ac21" language="English" custom="readingOrder {index:1;}">
                    <Coords points="671,902 710,902 710,935 671,935"/>
                    <TextEquiv>
                        <Unicode>et</Unicode>
                    </TextEquiv>
                    <TextStyle fontFamily="Times New Roman" fontSize="10.0"/>
                </Word>
                <Word id="w_w2aab1b1b2b1c21ac27" language="English" custom="readingOrder {index:2;}">
                    <Coords points="742,897 767,897 767,932 742,932"/>
                    <TextEquiv>
                        <Unicode>il</Unicode>
                    </TextEquiv>
                    <TextStyle fontFamily="Times New Roman" fontSize="10.0"/>
                </Word>
                <Word id="w_w2aab1b1b2b1c21ac33" language="English" custom="readingOrder {index:3;}">
                    <Coords points="796,894 855,894 855,933 796,933"/>
                    <TextEquiv>
                        <Unicode>lui</Unicode>
                    </TextEquiv>
                    <TextStyle fontFamily="Times New Roman" fontSize="10.0"/>
                </Word>
                <Word id="w_w2aab1b1b2b1c21ac41" language="English" custom="readingOrder {index:4;}">
                    <Coords points="888,897 946,897 946,930 888,930"/>
                    <TextEquiv>
                        <Unicode>est</Unicode>
                    </TextEquiv>
                    <TextStyle fontFamily="Times New Roman" fontSize="10.0"/>
                </Word>
                <Word id="w_w2aab1b1b2b1c21ac49" language="English" custom="readingOrder {index:5;}">
                    <Coords points="973,889 1133,889 1133,929 973,929"/>
                    <TextEquiv>
                        <Unicode>loisible</Unicode>
                    </TextEquiv>
                    <TextStyle fontFamily="Times New Roman" fontSize="10.0"/>
                </Word>
                <Word id="w_w2aab1b1b2b1c21ac67" language="English" custom="readingOrder {index:6;}">
                    <Coords points="1167,887 1215,887 1215,924 1167,924"/>
                    <TextEquiv>
                        <Unicode>de</Unicode>
                    </TextEquiv>
                    <TextStyle fontFamily="Times New Roman" fontSize="10.0"/>
                </Word>
                <Word id="w_w2aab1b1b2b1c21ac73" language="English" custom="readingOrder {index:7;}">
                    <Coords points="1243,882 1469,882 1469,923 1243,923"/>
                    <TextEquiv>
                        <Unicode>demander</Unicode>
                    </TextEquiv>
                    <TextStyle fontFamily="Times New Roman" fontSize="10.0"/>
                </Word>
                <Word id="w_w2aab1b1b2b1c21ac91" language="English" custom="readingOrder {index:8;}">
                    <Coords points="1500,881 1521,881 1521,917 1500,917"/>
                    <TextEquiv>
                        <Unicode>à</Unicode>
                    </TextEquiv>
                    <TextStyle fontFamily="Times New Roman" fontSize="10.0"/>
                </Word>
                <Word id="w_w2aab1b1b2b1c21ac95" language="English" custom="readingOrder {index:9;}">
                    <Coords points="1550,890 1609,890 1609,916 1550,916"/>
                    <TextEquiv>
                        <Unicode>ses</Unicode>
                    </TextEquiv>
                    <TextStyle fontFamily="Times New Roman" fontSize="10.0"/>
                </Word>
                <Word id="w_w2aab1b1b2b1c21ad103" language="English" custom="readingOrder {index:10;}">
                    <Coords points="1640,876 1745,876 1745,917 1640,917"/>
                    <TextEquiv>
                        <Unicode>amis</Unicode>
                    </TextEquiv>
                    <TextStyle fontFamily="Times New Roman" fontSize="10.0"/>
                </Word>
                <Word id="w_w2aab1b1b2b1c21ad113" language="English" custom="readingOrder {index:11;}">
                    <Coords points="1775,879 1816,879 1816,912 1775,912"/>
                    <TextEquiv>
                        <Unicode>et</Unicode>
                    </TextEquiv>
                    <TextStyle fontFamily="Times New Roman" fontSize="10.0"/>
                </Word>
                <Word id="w_w2aab1b1b2b1c21ad119" language="English" custom="readingOrder {index:12;}">
                    <Coords points="1846,870 2163,870 2163,910 1846,910"/>
                    <TextEquiv>
                        <Unicode>connaissances</Unicode>
                    </TextEquiv>
                    <TextStyle fontFamily="Times New Roman" fontSize="10.0"/>
                </Word>
                <TextEquiv>
                    <Unicode>compagne, et il lui est loisible de demander à ses amis et connaissances</Unicode>
                </TextEquiv>
                <TextStyle fontFamily="Times New Roman" fontSize="10.0"/>
            </TextLine>
            <TextLine id="tl_12" primaryLanguage="English" custom="readingOrder {index:11;}">
                <Coords points="388,920 2161,920 2161,1004 388,1004"/>
                <Baseline points="388,996 441,995 528,993 722,987 809,986 946,983 1242,986 1379,974 1534,971 1753,967 1791,966 1876,964 2073,961 2161,959"/>
                <Word id="w_w2aab1b1b2b1c23ab1" language="English" custom="readingOrder {index:0;}">
                    <Coords points="388,958 441,958 441,996 388,996"/>
                    <TextEquiv>
                        <Unicode>de</Unicode>
                    </TextEquiv>
                    <TextStyle fontFamily="Times New Roman" fontSize="10.0"/>
                </Word>
                <Word id="w_w2aab1b1b2b1c23ab7" language="English" custom="readingOrder {index:1;}">
                    <Coords points="470,956 528,956 528,993 470,993"/>
                    <TextEquiv>
                        <Unicode>lui</Unicode>
                    </TextEquiv>
                    <TextStyle fontFamily="Times New Roman" fontSize="10.0"/>
                </Word>
                <Word id="w_w2aab1b1b2b1c23ac15" language="English" custom="readingOrder {index:2;}">
                    <Coords points="558,961 722,961 722,993 558,993"/>
                    <TextEquiv>
                        <Unicode>trouver</Unicode>
                    </TextEquiv>
                    <TextStyle fontFamily="Times New Roman" fontSize="10.0"/>
                </Word>
                <Word id="w_w2aab1b1b2b1c23ac31" language="English" custom="readingOrder {index:3;}">
                    <Coords points="752,962 809,962 809,988 752,988"/>
                    <TextEquiv>
                        <Unicode>un</Unicode>
                    </TextEquiv>
                    <TextStyle fontFamily="Times New Roman" fontSize="10.0"/>
                </Word>
                <Word id="w_w2aab1b1b2b1c23ac37" language="English" custom="readingOrder {index:4;}">
                    <Coords points="843,945 946,945 946,995 843,995"/>
                    <TextEquiv>
                        <Unicode>parti</Unicode>
                    </TextEquiv>
                    <TextStyle fontFamily="Times New Roman" fontSize="10.0"/>
                </Word>
                <Word id="w_w2aab1b1b2b1c23ac49" language="English" custom="readingOrder {index:5;}">
                    <Coords points="978,940 1242,940 1242,986 978,986"/>
                    <TextEquiv>
                        <Unicode>convenable,</Unicode>
                    </TextEquiv>
                    <TextStyle fontFamily="Times New Roman" fontSize="10.0"/>
                </Word>
                <Word id="w_w2aab1b1b2b1c23ac73" language="English" custom="readingOrder {index:6;}">
                    <Coords points="1274,939 1379,939 1379,976 1274,976"/>
                    <TextEquiv>
                        <Unicode>mais</Unicode>
                    </TextEquiv>
                    <TextStyle fontFamily="Times New Roman" fontSize="10.0"/>
                </Word>
                <Word id="w_w2aab1b1b2b1c23ac83" language="English" custom="readingOrder {index:7;}">
                    <Coords points="1408,939 1534,939 1534,973 1408,973"/>
                    <TextEquiv>
                        <Unicode>est-ce</Unicode>
                    </TextEquiv>
                    <TextStyle fontFamily="Times New Roman" fontSize="10.0"/>
                </Word>
                <Word id="w_w2aab1b1b2b1c23ac97" language="English" custom="readingOrder {index:8;}">
                    <Coords points="1558,930 1753,930 1753,970 1558,970"/>
                    <TextEquiv>
                        <Unicode>suffisant</Unicode>
                    </TextEquiv>
                    <TextStyle fontFamily="Times New Roman" fontSize="10.0"/>
                </Word>
                <Word id="w_w2aab1b1b2b1c23ad117" language="English" custom="readingOrder {index:9;}">
                    <Coords points="1776,929 1791,929 1791,966 1776,966"/>
                    <TextEquiv>
                        <Unicode>P</Unicode>
                    </TextEquiv>
                    <TextStyle fontFamily="Times New Roman" fontSize="10.0"/>
                </Word>
                <Word id="w_w2aab1b1b2b1c23ad121" language="English" custom="readingOrder {index:10;}">
                    <Coords points="1823,927 1876,927 1876,966 1823,966"/>
                    <TextEquiv>
                        <Unicode>La</Unicode>
                    </TextEquiv>
                    <TextStyle fontFamily="Times New Roman" fontSize="10.0"/>
                </Word>
                <Word id="w_w2aab1b1b2b1c23ad127" language="English" custom="readingOrder {index:11;}">
                    <Coords points="1904,926 2073,926 2073,975 1904,975"/>
                    <TextEquiv>
                        <Unicode>plupart</Unicode>
                    </TextEquiv>
                    <TextStyle fontFamily="Times New Roman" fontSize="10.0"/>
                </Word>
                <Word id="w_w2aab1b1b2b1c23ad143" language="English" custom="readingOrder {index:12;}">
                    <Coords points="2105,922 2161,922 2161,960 2105,960"/>
                    <TextEquiv>
                        <Unicode>du</Unicode>
                    </TextEquiv>
                    <TextStyle fontFamily="Times New Roman" fontSize="10.0"/>
                </Word>
                <TextEquiv>
                    <Unicode>de lui trouver un parti convenable, mais est-ce suffisant P La plupart du</Unicode>
                </TextEquiv>
                <TextStyle fontFamily="Times New Roman" fontSize="10.0"/>
            </TextLine>
            <TextLine id="tl_13" primaryLanguage="English" custom="readingOrder {index:12;}">
                <Coords points="392,973 2163,973 2163,1060 392,1060"/>
                <Baseline points="392,1050 540,1054 603,1045 784,1052 875,1039 1145,1033 1229,1031 1342,1028 1575,1034 1664,1022 1794,1021 1916,1017 1993,1016 2163,1011"/>
                <Word id="w_w2aab1b1b2b1c25ab1" language="English" custom="readingOrder {index:0;}">
                    <Coords points="392,1017 540,1017 540,1058 392,1058"/>
                    <TextEquiv>
                        <Unicode>temps,</Unicode>
                    </TextEquiv>
                    <TextStyle fontFamily="Times New Roman" fontSize="10.0"/>
                </Word>
                <Word id="w_w2aab1b1b2b1c25ac15" language="English" custom="readingOrder {index:1;}">
                    <Coords points="571,1008 603,1008 603,1045 571,1045"/>
                    <TextEquiv>
                        <Unicode>le</Unicode>
                    </TextEquiv>
                    <TextStyle fontFamily="Times New Roman" fontSize="10.0"/>
                </Word>
                <Word id="w_w2aab1b1b2b1c25ac21" language="English" custom="readingOrder {index:2;}">
                    <Coords points="631,1006 784,1006 784,1052 631,1052"/>
                    <TextEquiv>
                        <Unicode>champ</Unicode>
                    </TextEquiv>
                    <TextStyle fontFamily="Times New Roman" fontSize="10.0"/>
                </Word>
                <Word id="w_w2aab1b1b2b1c25ac33" language="English" custom="readingOrder {index:3;}">
                    <Coords points="809,1003 875,1003 875,1040 809,1040"/>
                    <TextEquiv>
                        <Unicode>des</Unicode>
                    </TextEquiv>
                    <TextStyle fontFamily="Times New Roman" fontSize="10.0"/>
                </Word>
                <Word id="w_w2aab1b1b2b1c25ac41" language="English" custom="readingOrder {index:4;}">
                    <Coords points="905,996 1145,996 1145,1037 905,1037"/>
                    <TextEquiv>
                        <Unicode>recherches</Unicode>
                    </TextEquiv>
                    <TextStyle fontFamily="Times New Roman" fontSize="10.0"/>
                </Word>
                <Word id="w_w2aab1b1b2b1c25ac63" language="English" custom="readingOrder {index:5;}">
                    <Coords points="1170,999 1229,999 1229,1032 1170,1032"/>
                    <TextEquiv>
                        <Unicode>est</Unicode>
                    </TextEquiv>
                    <TextStyle fontFamily="Times New Roman" fontSize="10.0"/>
                </Word>
                <Word id="w_w2aab1b1b2b1c25ac71" language="English" custom="readingOrder {index:6;}">
                    <Coords points="1262,993 1342,993 1342,1030 1262,1030"/>
                    <TextEquiv>
                        <Unicode>fort</Unicode>
                    </TextEquiv>
                    <TextStyle fontFamily="Times New Roman" fontSize="10.0"/>
                </Word>
                <Word id="w_w2aab1b1b2b1c25ac81" language="English" custom="readingOrder {index:7;}">
                    <Coords points="1372,988 1575,988 1575,1034 1372,1034"/>
                    <TextEquiv>
                        <Unicode>restreint,</Unicode>
                    </TextEquiv>
                    <TextStyle fontFamily="Times New Roman" fontSize="10.0"/>
                </Word>
                <Word id="w_w2aab1b1b2b1c25ad103" language="English" custom="readingOrder {index:8;}">
                    <Coords points="1609,983 1664,983 1664,1023 1609,1023"/>
                    <TextEquiv>
                        <Unicode>leT</Unicode>
                    </TextEquiv>
                    <TextStyle fontFamily="Times New Roman" fontSize="10.0"/>
                </Word>
                <Word id="w_w2aab1b1b2b1c25ad111" language="English" custom="readingOrder {index:9;}">
                    <Coords points="1691,984 1794,984 1794,1022 1691,1022"/>
                    <TextEquiv>
                        <Unicode>amis</Unicode>
                    </TextEquiv>
                    <TextStyle fontFamily="Times New Roman" fontSize="10.0"/>
                </Word>
                <Word id="w_w2aab1b1b2b1c25ad121" language="English" custom="readingOrder {index:10;}">
                    <Coords points="1824,982 1916,982 1916,1030 1824,1030"/>
                    <TextEquiv>
                        <Unicode>plus</Unicode>
                    </TextEquiv>
                    <TextStyle fontFamily="Times New Roman" fontSize="10.0"/>
                </Word>
                <Word id="w_w2aab1b1b2b1c25ad131" language="English" custom="readingOrder {index:11;}">
                    <Coords points="1941,992 1993,992 1993,1016 1941,1016"/>
                    <TextEquiv>
                        <Unicode>ou</Unicode>
                    </TextEquiv>
                    <TextStyle fontFamily="Times New Roman" fontSize="10.0"/>
                </Word>
                <Word id="w_w2aab1b1b2b1c25ad137" language="English" custom="readingOrder {index:12;}">
                    <Coords points="2026,975 2163,975 2163,1014 2026,1014"/>
                    <TextEquiv>
                        <Unicode>moins</Unicode>
                    </TextEquiv>
                    <TextStyle fontFamily="Times New Roman" fontSize="10.0"/>
                </Word>
                <TextEquiv>
                    <Unicode>temps, le champ des recherches est fort restreint, leT amis plus ou moins</Unicode>
                </TextEquiv>
                <TextStyle fontFamily="Times New Roman" fontSize="10.0"/>
            </TextLine>
            <TextLine id="tl_14" primaryLanguage="English" custom="readingOrder {index:13;}">
                <Coords points="389,1028 2164,1028 2164,1113 389,1113"/>
                <Baseline points="389,1103 652,1098 867,1093 944,1091 1186,1085 1266,1084 1333,1082 1537,1080 1743,1074 1871,1073 1950,1072 1993,1070 2163,1067"/>
                <Word id="w_w2aab1b1b2b1c27ab1" language="English" custom="readingOrder {index:0;}">
                    <Coords points="389,1064 652,1064 652,1103 389,1103"/>
                    <TextEquiv>
                        <Unicode>indifférents</Unicode>
                    </TextEquiv>
                    <TextStyle fontFamily="Times New Roman" fontSize="10.0"/>
                </Word>
                <Word id="w_w2aab1b1b2b1c27ac27" language="English" custom="readingOrder {index:1;}">
                    <Coords points="675,1057 867,1057 867,1097 675,1097"/>
                    <TextEquiv>
                        <Unicode>oublient</Unicode>
                    </TextEquiv>
                    <TextStyle fontFamily="Times New Roman" fontSize="10.0"/>
                </Word>
                <Word id="w_w2aab1b1b2b1c27ac45" language="English" custom="readingOrder {index:2;}">
                    <Coords points="898,1055 944,1055 944,1092 898,1092"/>
                    <TextEquiv>
                        <Unicode>de</Unicode>
                    </TextEquiv>
                    <TextStyle fontFamily="Times New Roman" fontSize="10.0"/>
                </Word>
                <Word id="w_w2aab1b1b2b1c27ac51" language="English" custom="readingOrder {index:3;}">
                    <Coords points="976,1050 1186,1050 1186,1099 976,1099"/>
                    <TextEquiv>
                        <Unicode>s’occuper</Unicode>
                    </TextEquiv>
                    <TextStyle fontFamily="Times New Roman" fontSize="10.0"/>
                </Word>
                <Word id="w_w2aab1b1b2b1c27ac71" language="English" custom="readingOrder {index:4;}">
                    <Coords points="1217,1047 1266,1047 1266,1085 1217,1085"/>
                    <TextEquiv>
                        <Unicode>de</Unicode>
                    </TextEquiv>
                    <TextStyle fontFamily="Times New Roman" fontSize="10.0"/>
                </Word>
                <Word id="w_w2aab1b1b2b1c27ac77" language="English" custom="readingOrder {index:5;}">
                    <Coords points="1297,1048 1333,1048 1333,1083 1297,1083"/>
                    <TextEquiv>
                        <Unicode>la</Unicode>
                    </TextEquiv>
                    <TextStyle fontFamily="Times New Roman" fontSize="10.0"/>
                </Word>
                <Word id="w_w2aab1b1b2b1c27ac83" language="English" custom="readingOrder {index:6;}">
                    <Coords points="1361,1043 1537,1043 1537,1082 1361,1082"/>
                    <TextEquiv>
                        <Unicode>mission</Unicode>
                    </TextEquiv>
                    <TextStyle fontFamily="Times New Roman" fontSize="10.0"/>
                </Word>
                <Word id="w_w2aab1b1b2b1c27ac99" language="English" custom="readingOrder {index:7;}">
                    <Coords points="1569,1040 1743,1040 1743,1079 1569,1079"/>
                    <TextEquiv>
                        <Unicode>délicate</Unicode>
                    </TextEquiv>
                    <TextStyle fontFamily="Times New Roman" fontSize="10.0"/>
                </Word>
                <Word id="w_w2aab1b1b2b1c27ad117" language="English" custom="readingOrder {index:8;}">
                    <Coords points="1769,1037 1871,1037 1871,1074 1769,1074"/>
                    <TextEquiv>
                        <Unicode>dont</Unicode>
                    </TextEquiv>
                    <TextStyle fontFamily="Times New Roman" fontSize="10.0"/>
                </Word>
                <Word id="w_w2aab1b1b2b1c27ad127" language="English" custom="readingOrder {index:9;}">
                    <Coords points="1901,1034 1950,1034 1950,1072 1901,1072"/>
                    <TextEquiv>
                        <Unicode>ils</Unicode>
                    </TextEquiv>
                    <TextStyle fontFamily="Times New Roman" fontSize="10.0"/>
                </Word>
                <Word id="w_w2aab1b1b2b1c27ad135" language="English" custom="readingOrder {index:10;}">
                    <Coords points="1978,1044 1993,1044 1993,1070 1978,1070"/>
                    <TextEquiv>
                        <Unicode>s</Unicode>
                    </TextEquiv>
                    <TextStyle fontFamily="Times New Roman" fontSize="10.0"/>
                </Word>
                <Word id="w_w2aab1b1b2b1c27ad139" language="English" custom="readingOrder {index:11;}">
                    <Coords points="2011,1030 2163,1030 2163,1069 2011,1069"/>
                    <TextEquiv>
                        <Unicode>étaient</Unicode>
                    </TextEquiv>
                    <TextStyle fontFamily="Times New Roman" fontSize="10.0"/>
                </Word>
                <TextEquiv>
                    <Unicode>indifférents oublient de s’occuper de la mission délicate dont ils s étaient</Unicode>
                </TextEquiv>
                <TextStyle fontFamily="Times New Roman" fontSize="10.0"/>
            </TextLine>
            <TextLine id="tl_15" primaryLanguage="English" custom="readingOrder {index:14;}">
                <Coords points="391,1082 2161,1082 2161,1169 391,1169"/>
                <Baseline points="391,1156 567,1154 776,1150 826,1148 1153,1150 1222,1139 1284,1137 1364,1136 1546,1133 1659,1130 1924,1135 2015,1123 2160,1111"/>
                <Word id="w_w2aab1b1b2b1c29ab1" language="English" custom="readingOrder {index:0;}">
                    <Coords points="391,1118 567,1118 567,1167 391,1167"/>
                    <TextEquiv>
                        <Unicode>chargés</Unicode>
                    </TextEquiv>
                    <TextStyle fontFamily="Times New Roman" fontSize="10.0"/>
                </Word>
                <Word id="w_w2aab1b1b2b1c29ac17" language="English" custom="readingOrder {index:1;}">
                    <Coords points="600,1118 776,1118 776,1153 600,1153"/>
                    <TextEquiv>
                        <Unicode>souvent</Unicode>
                    </TextEquiv>
                    <TextStyle fontFamily="Times New Roman" fontSize="10.0"/>
                </Word>
                <Word id="w_w2aab1b1b2b1c29ac33" language="English" custom="readingOrder {index:2;}">
                    <Coords points="803,1112 826,1112 826,1148 803,1148"/>
                    <TextEquiv>
                        <Unicode>à</Unicode>
                    </TextEquiv>
                    <TextStyle fontFamily="Times New Roman" fontSize="10.0"/>
                </Word>
                <Word id="w_w2aab1b1b2b1c29ac37" language="English" custom="readingOrder {index:3;}">
                    <Coords points="859,1112 1153,1112 1153,1150 859,1150"/>
                    <TextEquiv>
                        <Unicode>contre-cœur,</Unicode>
                    </TextEquiv>
                    <TextStyle fontFamily="Times New Roman" fontSize="10.0"/>
                </Word>
                <Word id="w_w2aab1b1b2b1c29ac63" language="English" custom="readingOrder {index:4;}">
                    <Coords points="1183,1106 1222,1106 1222,1140 1183,1140"/>
                    <TextEquiv>
                        <Unicode>et</Unicode>
                    </TextEquiv>
                    <TextStyle fontFamily="Times New Roman" fontSize="10.0"/>
                </Word>
                <Word id="w_w2aab1b1b2b1c29ac69" language="English" custom="readingOrder {index:5;}">
                    <Coords points="1255,1101 1284,1101 1284,1137 1255,1137"/>
                    <TextEquiv>
                        <Unicode>il</Unicode>
                    </TextEquiv>
                    <TextStyle fontFamily="Times New Roman" fontSize="10.0"/>
                </Word>
                <Word id="w_w2aab1b1b2b1c29ac75" language="English" custom="readingOrder {index:6;}">
                    <Coords points="1314,1112 1364,1112 1364,1138 1314,1138"/>
                    <TextEquiv>
                        <Unicode>en</Unicode>
                    </TextEquiv>
                    <TextStyle fontFamily="Times New Roman" fontSize="10.0"/>
                </Word>
                <Word id="w_w2aab1b1b2b1c29ac81" language="English" custom="readingOrder {index:7;}">
                    <Coords points="1395,1097 1546,1097 1546,1136 1395,1136"/>
                    <TextEquiv>
                        <Unicode>résulte</Unicode>
                    </TextEquiv>
                    <TextStyle fontFamily="Times New Roman" fontSize="10.0"/>
                </Word>
                <Word id="w_w2aab1b1b2b1c29ac97" language="English" custom="readingOrder {index:8;}">
                    <Coords points="1579,1106 1659,1106 1659,1143 1579,1143"/>
                    <TextEquiv>
                        <Unicode>que</Unicode>
                    </TextEquiv>
                    <TextStyle fontFamily="Times New Roman" fontSize="10.0"/>
                </Word>
                <Word id="w_w2aab1b1b2b1c29ad105" language="English" custom="readingOrder {index:9;}">
                    <Coords points="1689,1090 1924,1090 1924,1135 1689,1135"/>
                    <TextEquiv>
                        <Unicode>l’intéressé,</Unicode>
                    </TextEquiv>
                    <TextStyle fontFamily="Times New Roman" fontSize="10.0"/>
                </Word>
                <Word id="w_w2aab1b1b2b1c29ad131" language="English" custom="readingOrder {index:10;}">
                    <Coords points="1965,1098 2015,1098 2015,1124 1965,1124"/>
                    <TextEquiv>
                        <Unicode>ne</Unicode>
                    </TextEquiv>
                    <TextStyle fontFamily="Times New Roman" fontSize="10.0"/>
                </Word>
                <Word id="w_w2aab1b1b2b1c29ad137" language="English" custom="readingOrder {index:11;}">
                    <Coords points="2051,1090 2160,1090 2160,1122 2051,1122"/>
                    <TextEquiv>
                        <Unicode>trou¬</Unicode>
                    </TextEquiv>
                    <TextStyle fontFamily="Times New Roman" fontSize="10.0"/>
                </Word>
                <TextEquiv>
                    <Unicode>chargés souvent à contre-cœur, et il en résulte que l’intéressé, ne trou¬</Unicode>
                </TextEquiv>
                <TextStyle fontFamily="Times New Roman" fontSize="10.0"/>
            </TextLine>
            <TextLine id="tl_16" primaryLanguage="English" custom="readingOrder {index:15;}">
                <Coords points="390,1136 2163,1136 2163,1222 390,1222"/>
                <Baseline points="390,1210 488,1210 594,1207 672,1206 806,1201 983,1207 1180,1194 1440,1198 1530,1195 1681,1184 1912,1179 2162,1176"/>
                <Word id="w_w2aab1b1b2b1c31ab1" language="English" custom="readingOrder {index:0;}">
                    <Coords points="390,1179 488,1179 488,1210 390,1210"/>
                    <TextEquiv>
                        <Unicode>vant</Unicode>
                    </TextEquiv>
                    <TextStyle fontFamily="Times New Roman" fontSize="10.0"/>
                </Word>
                <Word id="w_w2aab1b1b2b1c31ac11" language="English" custom="readingOrder {index:1;}">
                    <Coords points="523,1182 594,1182 594,1219 523,1219"/>
                    <TextEquiv>
                        <Unicode>pas</Unicode>
                    </TextEquiv>
                    <TextStyle fontFamily="Times New Roman" fontSize="10.0"/>
                </Word>
                <Word id="w_w2aab1b1b2b1c31ac19" language="English" custom="readingOrder {index:2;}">
                    <Coords points="628,1181 672,1181 672,1206 628,1206"/>
                    <TextEquiv>
                        <Unicode>ce</Unicode>
                    </TextEquiv>
                    <TextStyle fontFamily="Times New Roman" fontSize="10.0"/>
                </Word>
                <Word id="w_w2aab1b1b2b1c31ac25" language="English" custom="readingOrder {index:3;}">
                    <Coords points="705,1165 806,1165 806,1216 705,1216"/>
                    <TextEquiv>
                        <Unicode>qu’il</Unicode>
                    </TextEquiv>
                    <TextStyle fontFamily="Times New Roman" fontSize="10.0"/>
                </Word>
                <Word id="w_w2aab1b1b2b1c31ac37" language="English" custom="readingOrder {index:4;}">
                    <Coords points="841,1162 983,1162 983,1207 841,1207"/>
                    <TextEquiv>
                        <Unicode>désire,</Unicode>
                    </TextEquiv>
                    <TextStyle fontFamily="Times New Roman" fontSize="10.0"/>
                </Word>
                <Word id="w_w2aab1b1b2b1c31ac53" language="English" custom="readingOrder {index:5;}">
                    <Coords points="1019,1158 1180,1158 1180,1209 1019,1209"/>
                    <TextEquiv>
                        <Unicode>préfère</Unicode>
                    </TextEquiv>
                    <TextStyle fontFamily="Times New Roman" fontSize="10.0"/>
                </Word>
                <Word id="w_w2aab1b1b2b1c31ac69" language="English" custom="readingOrder {index:6;}">
                    <Coords points="1213,1151 1440,1151 1440,1198 1213,1198"/>
                    <TextEquiv>
                        <Unicode>s’abstenir,</Unicode>
                    </TextEquiv>
                    <TextStyle fontFamily="Times New Roman" fontSize="10.0"/>
                </Word>
                <Word id="w_w2aab1b1b2b1c31ac93" language="English" custom="readingOrder {index:7;}">
                    <Coords points="1477,1154 1530,1154 1530,1195 1477,1195"/>
                    <TextEquiv>
                        <Unicode>et,</Unicode>
                    </TextEquiv>
                    <TextStyle fontFamily="Times New Roman" fontSize="10.0"/>
                </Word>
                <Word id="w_w2aab1b1b2b1c31ad101" language="English" custom="readingOrder {index:8;}">
                    <Coords points="1566,1148 1681,1148 1681,1196 1566,1196"/>
                    <TextEquiv>
                        <Unicode>après</Unicode>
                    </TextEquiv>
                    <TextStyle fontFamily="Times New Roman" fontSize="10.0"/>
                </Word>
                <Word id="w_w2aab1b1b2b1c31ad113" language="English" custom="readingOrder {index:9;}">
                    <Coords points="1717,1145 1912,1145 1912,1195 1717,1195"/>
                    <TextEquiv>
                        <Unicode>quelques</Unicode>
                    </TextEquiv>
                    <TextStyle fontFamily="Times New Roman" fontSize="10.0"/>
                </Word>
                <Word id="w_w2aab1b1b2b1c31ad131" language="English" custom="readingOrder {index:10;}">
                    <Coords points="1944,1139 2162,1139 2162,1179 1944,1179"/>
                    <TextEquiv>
                        <Unicode>tentatives</Unicode>
                    </TextEquiv>
                    <TextStyle fontFamily="Times New Roman" fontSize="10.0"/>
                </Word>
                <TextEquiv>
                    <Unicode>vant pas ce qu’il désire, préfère s’abstenir, et, après quelques tentatives</Unicode>
                </TextEquiv>
                <TextStyle fontFamily="Times New Roman" fontSize="10.0"/>
            </TextLine>
            <TextLine id="tl_17" primaryLanguage="English" custom="readingOrder {index:16;}">
                <Coords points="392,1200 1724,1200 1724,1276 392,1276"/>
                <Baseline points="392,1264 547,1272 614,1260 803,1257 912,1254 1190,1248 1233,1248 1385,1245 1527,1241 1723,1238"/>
                <Word id="w_w2aab1b1b2b1c33ab1" language="English" custom="readingOrder {index:0;}">
                    <Coords points="392,1228 547,1228 547,1272 392,1272"/>
                    <TextEquiv>
                        <Unicode>vaincs,</Unicode>
                    </TextEquiv>
                    <TextStyle fontFamily="Times New Roman" fontSize="10.0"/>
                </Word>
                <Word id="w_w2aab1b1b2b1c33ac17" language="English" custom="readingOrder {index:1;}">
                    <Coords points="574,1235 614,1235 614,1262 574,1262"/>
                    <TextEquiv>
                        <Unicode>se</Unicode>
                    </TextEquiv>
                    <TextStyle fontFamily="Times New Roman" fontSize="10.0"/>
                </Word>
                <Word id="w_w2aab1b1b2b1c33ac23" language="English" custom="readingOrder {index:2;}">
                    <Coords points="639,1222 803,1222 803,1270 639,1270"/>
                    <TextEquiv>
                        <Unicode>résigne</Unicode>
                    </TextEquiv>
                    <TextStyle fontFamily="Times New Roman" fontSize="10.0"/>
                </Word>
                <Word id="w_w2aab1b1b2b1c33ac39" language="English" custom="readingOrder {index:3;}">
                    <Coords points="824,1222 912,1222 912,1256 824,1256"/>
                    <TextEquiv>
                        <Unicode>tout</Unicode>
                    </TextEquiv>
                    <TextStyle fontFamily="Times New Roman" fontSize="10.0"/>
                </Word>
                <Word id="w_w2aab1b1b2b1c33ac49" language="English" custom="readingOrder {index:4;}">
                    <Coords points="939,1215 1190,1215 1190,1254 939,1254"/>
                    <TextEquiv>
                        <Unicode>doucement</Unicode>
                    </TextEquiv>
                    <TextStyle fontFamily="Times New Roman" fontSize="10.0"/>
                </Word>
                <Word id="w_w2aab1b1b2b1c33ac69" language="English" custom="readingOrder {index:5;}">
                    <Coords points="1210,1211 1233,1211 1233,1248 1210,1248"/>
                    <TextEquiv>
                        <Unicode>à</Unicode>
                    </TextEquiv>
                    <TextStyle fontFamily="Times New Roman" fontSize="10.0"/>
                </Word>
                <Word id="w_w2aab1b1b2b1c33ac73" language="English" custom="readingOrder {index:6;}">
                    <Coords points="1259,1212 1385,1212 1385,1246 1259,1246"/>
                    <TextEquiv>
                        <Unicode>rester</Unicode>
                    </TextEquiv>
                    <TextStyle fontFamily="Times New Roman" fontSize="10.0"/>
                </Word>
                <Word id="w_w2aab1b1b2b1c33ac87" language="English" custom="readingOrder {index:7;}">
                    <Coords points="1409,1205 1527,1205 1527,1243 1409,1243"/>
                    <TextEquiv>
                        <Unicode>vieux</Unicode>
                    </TextEquiv>
                    <TextStyle fontFamily="Times New Roman" fontSize="10.0"/>
                </Word>
                <Word id="w_w2aab1b1b2b1c33ac99" language="English" custom="readingOrder {index:8;}">
                    <Coords points="1554,1212 1723,1212 1723,1253 1554,1253"/>
                    <TextEquiv>
                        <Unicode>garçon.</Unicode>
                    </TextEquiv>
                    <TextStyle fontFamily="Times New Roman" fontSize="10.0"/>
                </Word>
                <TextEquiv>
                    <Unicode>vaincs, se résigne tout doucement à rester vieux garçon.</Unicode>
                </TextEquiv>
                <TextStyle fontFamily="Times New Roman" fontSize="10.0"/>
            </TextLine>
            <TextEquiv>
                <Unicode>Les mêmes difficultés, bien qu'à un moindre degré, àc présentent
pour le sexe fort. Le jeune homme, désireux de se soustraire aux incon¬
vénients du célibat, qui est las de vivre au restaurant où l’on paie fort
cher une mauvaise nourriture, de passer ses soirées au cale, en
faisant la traditionnelle manille avec des camarades, au lieu de
goûter la douce familiarité du foyer, qui, en cas d’indisposition, préfère
les. soins affectueux d une femme dévouée à"éeux d'une étrangère, celui
qui considère comme une obligation sacrée la fondation d’une famille,
but suprême de l’existence, en un mot l’homme de cœur qui veut être
utile à la société, peut, sans trop de difficultés, chercher lui-même une
compagne, et il lui est loisible de demander à ses amis et connaissances
de lui trouver un parti convenable, mais est-ce suffisant P La plupart du
temps, le champ des recherches est fort restreint, leT amis plus ou moins
indifférents oublient de s’occuper de la mission délicate dont ils s étaient
chargés souvent à contre-cœur, et il en résulte que l’intéressé, ne trou¬
vant pas ce qu’il désire, préfère s’abstenir, et, après quelques tentatives
vaincs, se résigne tout doucement à rester vieux garçon.</Unicode>
            </TextEquiv>
        </TextRegion>
        <TextRegion type="paragraph" id="r_1_2" custom="readingOrder {index:1;}">
            <Coords points="392,1242 2196,1242 2196,1654 392,1654"/>
            <TextLine id="tl_18" primaryLanguage="English" custom="readingOrder {index:0;}">
                <Coords points="502,1243 2163,1243 2163,1328 502,1328"/>
                <Baseline points="502,1317 569,1315 600,1314 700,1312 775,1311 1006,1306 1233,1302 1372,1298 1498,1295 1832,1289 2028,1294 2162,1274"/>
                <Word id="w_w2aab1b1b2b3b1ab1" language="English" custom="readingOrder {index:0;}">
                    <Coords points="502,1279 569,1279 569,1317 502,1317"/>
                    <TextEquiv>
                        <Unicode>Ah</Unicode>
                    </TextEquiv>
                    <TextStyle fontFamily="Times New Roman" fontSize="10.0" italic="true"/>
                </Word>
                <Word id="w_w2aab1b1b2b3b1ab7" language="English" custom="readingOrder {index:1;}">
                    <Coords points="587,1278 600,1278 600,1314 587,1314"/>
                    <TextEquiv>
                        <Unicode>!</Unicode>
                    </TextEquiv>
                    <TextStyle fontFamily="Times New Roman" fontSize="10.0" italic="true"/>
                </Word>
                <Word id="w_w2aab1b1b2b3b1ac11" language="English" custom="readingOrder {index:2;}">
                    <Coords points="624,1288 700,1288 700,1326 624,1326"/>
                    <TextEquiv>
                        <Unicode>que</Unicode>
                    </TextEquiv>
                    <TextStyle fontFamily="Times New Roman" fontSize="10.0" italic="true"/>
                </Word>
                <Word id="w_w2aab1b1b2b3b1ac19" language="English" custom="readingOrder {index:3;}">
                    <Coords points="727,1275 775,1275 775,1312 727,1312"/>
                    <TextEquiv>
                        <Unicode>de</Unicode>
                    </TextEquiv>
                    <TextStyle fontFamily="Times New Roman" fontSize="10.0" italic="true"/>
                </Word>
                <Word id="w_w2aab1b1b2b3b1ac25" language="English" custom="readingOrder {index:4;}">
                    <Coords points="802,1271 1006,1271 1006,1318 802,1318"/>
                    <TextEquiv>
                        <Unicode>mariages</Unicode>
                    </TextEquiv>
                    <TextStyle fontFamily="Times New Roman" fontSize="10.0" italic="true"/>
                </Word>
                <Word id="w_w2aab1b1b2b3b1ac43" language="English" custom="readingOrder {index:5;}">
                    <Coords points="1032,1265 1233,1265 1233,1314 1032,1314"/>
                    <TextEquiv>
                        <Unicode>manqués</Unicode>
                    </TextEquiv>
                    <TextStyle fontFamily="Times New Roman" fontSize="10.0" italic="true"/>
                </Word>
                <Word id="w_w2aab1b1b2b3b1ac59" language="English" custom="readingOrder {index:6;}">
                    <Coords points="1264,1262 1372,1262 1372,1304 1264,1304"/>
                    <TextEquiv>
                        <Unicode>faute</Unicode>
                    </TextEquiv>
                    <TextStyle fontFamily="Times New Roman" fontSize="10.0" italic="true"/>
                </Word>
                <Word id="w_w2aab1b1b2b3b1ac71" language="English" custom="readingOrder {index:7;}">
                    <Coords points="1399,1257 1498,1257 1498,1298 1399,1298"/>
                    <TextEquiv>
                        <Unicode>d'un</Unicode>
                    </TextEquiv>
                    <TextStyle fontFamily="Times New Roman" fontSize="10.0" italic="true"/>
                </Word>
                <Word id="w_w2aab1b1b2b3b1ac81" language="English" custom="readingOrder {index:8;}">
                    <Coords points="1527,1253 1832,1253 1832,1295 1527,1295"/>
                    <TextEquiv>
                        <Unicode>intermédiaire</Unicode>
                    </TextEquiv>
                    <TextStyle fontFamily="Times New Roman" fontSize="10.0" italic="true"/>
                </Word>
                <Word id="w_w2aab1b1b2b3b1ad109" language="English" custom="readingOrder {index:9;}">
                    <Coords points="1857,1250 2028,1250 2028,1294 1857,1294"/>
                    <TextEquiv>
                        <Unicode>sérieux,</Unicode>
                    </TextEquiv>
                    <TextStyle fontFamily="Times New Roman" fontSize="10.0" italic="true"/>
                </Word>
                <Word id="w_w2aab1b1b2b3b1ad127" language="English" custom="readingOrder {index:10;}">
                    <Coords points="2062,1249 2162,1249 2162,1284 2062,1284"/>
                    <TextEquiv>
                        <Unicode>hon¬</Unicode>
                    </TextEquiv>
                    <TextStyle fontFamily="Times New Roman" fontSize="10.0" italic="true"/>
                </Word>
                <TextEquiv>
                    <Unicode>Ah ! que de mariages manqués faute d'un intermédiaire sérieux, hon¬</Unicode>
                </TextEquiv>
                <TextStyle fontFamily="Times New Roman" fontSize="10.0" italic="true"/>
            </TextLine>
            <TextLine id="tl_19" primaryLanguage="English" custom="readingOrder {index:1;}">
                <Coords points="393,1299 2161,1299 2161,1384 393,1384"/>
                <Baseline points="393,1373 484,1373 547,1370 600,1369 946,1363 992,1361 1133,1357 1205,1349 1389,1352 1485,1350 1713,1345 1997,1340 2160,1328"/>
                <Word id="w_w2aab1b1b2b3b3ab1" language="English" custom="readingOrder {index:0;}">
                    <Coords points="393,1337 484,1337 484,1373 393,1373"/>
                    <TextEquiv>
                        <Unicode>nête</Unicode>
                    </TextEquiv>
                    <TextStyle fontFamily="Times New Roman" fontSize="10.0" italic="true"/>
                </Word>
                <Word id="w_w2aab1b1b2b3b3ac11" language="English" custom="readingOrder {index:1;}">
                    <Coords points="509,1335 547,1335 547,1371 509,1371"/>
                    <TextEquiv>
                        <Unicode>et</Unicode>
                    </TextEquiv>
                    <TextStyle fontFamily="Times New Roman" fontSize="10.0" italic="true"/>
                </Word>
                <Word id="w_w2aab1b1b2b3b3ac17" language="English" custom="readingOrder {index:2;}">
                    <Coords points="576,1330 738,1330 738,1375 576,1375"/>
                    <TextEquiv>
                        <Unicode>discret,</Unicode>
                    </TextEquiv>
                    <TextStyle fontFamily="Times New Roman" fontSize="10.0" italic="true"/>
                </Word>
                <Word id="w_w2aab1b1b2b3b3b1b3" language="English" custom="readingOrder {index:3;}">
                    <Coords points="765,1329 946,1329 946,1377 765,1377"/>
                    <TextEquiv>
                        <Unicode>prenant</Unicode>
                    </TextEquiv>
                    <TextStyle fontFamily="Times New Roman" fontSize="10.0"/>
                </Word>
                <Word id="w_w2aab1b1b2b3b3b1c19" language="English" custom="readingOrder {index:4;}">
                    <Coords points="971,1325 992,1325 992,1361 971,1361"/>
                    <TextEquiv>
                        <Unicode>à</Unicode>
                    </TextEquiv>
                    <TextStyle fontFamily="Times New Roman" fontSize="10.0"/>
                </Word>
                <Word id="w_w2aab1b1b2b3b3b1c23" language="English" custom="readingOrder {index:5;}">
                    <Coords points="1016,1332 1133,1332 1133,1359 1016,1359"/>
                    <TextEquiv>
                        <Unicode>cœur</Unicode>
                    </TextEquiv>
                    <TextStyle fontFamily="Times New Roman" fontSize="10.0"/>
                </Word>
                <Word id="w_w2aab1b1b2b3b3b1c33" language="English" custom="readingOrder {index:6;}">
                    <Coords points="1158,1320 1205,1320 1205,1356 1158,1356"/>
                    <TextEquiv>
                        <Unicode>la»</Unicode>
                    </TextEquiv>
                    <TextStyle fontFamily="Times New Roman" fontSize="10.0"/>
                </Word>
                <Word id="w_w2aab1b1b2b3b3b1c41" language="English" custom="readingOrder {index:7;}">
                    <Coords points="1219,1315 1389,1315 1389,1356 1219,1356"/>
                    <TextEquiv>
                        <Unicode>réussite</Unicode>
                    </TextEquiv>
                    <TextStyle fontFamily="Times New Roman" fontSize="10.0"/>
                </Word>
                <Word id="w_w2aab1b1b2b3b3b1c59" language="English" custom="readingOrder {index:8;}">
                    <Coords points="1413,1315 1485,1315 1485,1352 1413,1352"/>
                    <TextEquiv>
                        <Unicode>des</Unicode>
                    </TextEquiv>
                    <TextStyle fontFamily="Times New Roman" fontSize="10.0"/>
                </Word>
                <Word id="w_w2aab1b1b2b3b3b1c67" language="English" custom="readingOrder {index:9;}">
                    <Coords points="1510,1311 1713,1311 1713,1358 1510,1358"/>
                    <TextEquiv>
                        <Unicode>mariages</Unicode>
                    </TextEquiv>
                    <TextStyle fontFamily="Times New Roman" fontSize="10.0"/>
                </Word>
                <Word id="w_w2aab1b1b2b3b3b1c85" language="English" custom="readingOrder {index:10;}">
                    <Coords points="1742,1303 1997,1303 1997,1355 1742,1355"/>
                    <TextEquiv>
                        <Unicode>auxquels.il</Unicode>
                    </TextEquiv>
                    <TextStyle fontFamily="Times New Roman" fontSize="10.0"/>
                </Word>
                <Word id="w_w2aab1b1b2b3b3b1d109" language="English" custom="readingOrder {index:11;}">
                    <Coords points="2028,1301 2160,1301 2160,1339 2028,1339"/>
                    <TextEquiv>
                        <Unicode>s'inté¬</Unicode>
                    </TextEquiv>
                    <TextStyle fontFamily="Times New Roman" fontSize="10.0"/>
                </Word>
                <TextEquiv>
                    <Unicode>nête et discret, prenant à cœur la» réussite des mariages auxquels.il s'inté¬</Unicode>
                </TextEquiv>
            </TextLine>
            <TextLine id="tl_20" primaryLanguage="English" custom="readingOrder {index:2;}">
                <Coords points="396,1354 2195,1354 2195,1436 396,1436"/>
                <Baseline points="396,1427 503,1425 533,1424 765,1418 845,1418 1037,1412 1404,1416 1704,1401 1827,1399 1909,1396 2041,1393 2094,1392 2162,1381 2194,1374"/>
                <Word id="w_w2aab1b1b2b3b5ab1" language="English" custom="readingOrder {index:0;}">
                    <Coords points="396,1400 503,1400 503,1428 396,1428"/>
                    <TextEquiv>
                        <Unicode>resse</Unicode>
                    </TextEquiv>
                    <TextStyle fontFamily="Times New Roman" fontSize="10.0"/>
                </Word>
                <Word id="w_w2aab1b1b2b3b5ac13" language="English" custom="readingOrder {index:1;}">
                    <Coords points="525,1387 533,1387 533,1424 525,1424"/>
                    <TextEquiv>
                        <Unicode>!</Unicode>
                    </TextEquiv>
                    <TextStyle fontFamily="Times New Roman" fontSize="10.0"/>
                </Word>
                <Word id="w_w2aab1b1b2b3b5ac17" language="English" custom="readingOrder {index:2;}">
                    <Coords points="566,1384 765,1384 765,1424 566,1424"/>
                    <TextEquiv>
                        <Unicode>Combien</Unicode>
                    </TextEquiv>
                    <TextStyle fontFamily="Times New Roman" fontSize="10.0"/>
                </Word>
                <Word id="w_w2aab1b1b2b3b5ac33" language="English" custom="readingOrder {index:3;}">
                    <Coords points="796,1381 845,1381 845,1418 796,1418"/>
                    <TextEquiv>
                        <Unicode>de</Unicode>
                    </TextEquiv>
                    <TextStyle fontFamily="Times New Roman" fontSize="10.0"/>
                </Word>
                <Word id="w_w2aab1b1b2b3b5ac39" language="English" custom="readingOrder {index:4;}">
                    <Coords points="878,1378 1037,1378 1037,1427 878,1427"/>
                    <TextEquiv>
                        <Unicode>projets</Unicode>
                    </TextEquiv>
                    <TextStyle fontFamily="Times New Roman" fontSize="10.0"/>
                </Word>
                <Word id="w_w2aab1b1b2b3b5ac55" language="English" custom="readingOrder {index:5;}">
                    <Coords points="1064,1372 1404,1372 1404,1416 1064,1416"/>
                    <TextEquiv>
                        <Unicode>matrimoniaux,</Unicode>
                    </TextEquiv>
                    <TextStyle fontFamily="Times New Roman" fontSize="10.0"/>
                </Word>
                <Word id="w_w2aab1b1b2b3b5ac83" language="English" custom="readingOrder {index:6;}">
                    <Coords points="1442,1363 1704,1363 1704,1404 1442,1404"/>
                    <TextEquiv>
                        <Unicode>commencés</Unicode>
                    </TextEquiv>
                    <TextStyle fontFamily="Times New Roman" fontSize="10.0"/>
                </Word>
                <Word id="w_w2aab1b1b2b3b5ad103" language="English" custom="readingOrder {index:7;}">
                    <Coords points="1733,1373 1827,1373 1827,1399 1733,1399"/>
                    <TextEquiv>
                        <Unicode>sous</Unicode>
                    </TextEquiv>
                    <TextStyle fontFamily="Times New Roman" fontSize="10.0"/>
                </Word>
                <Word id="w_w2aab1b1b2b3b5ad113" language="English" custom="readingOrder {index:8;}">
                    <Coords points="1859,1360 1909,1360 1909,1397 1859,1397"/>
                    <TextEquiv>
                        <Unicode>de</Unicode>
                    </TextEquiv>
                    <TextStyle fontFamily="Times New Roman" fontSize="10.0"/>
                </Word>
                <Word id="w_w2aab1b1b2b3b5ad119" language="English" custom="readingOrder {index:9;}">
                    <Coords points="1939,1359 2041,1359 2041,1395 1939,1395"/>
                    <TextEquiv>
                        <Unicode>bons</Unicode>
                    </TextEquiv>
                    <TextStyle fontFamily="Times New Roman" fontSize="10.0"/>
                </Word>
                <Word id="w_w2aab1b1b2b3b5ad129" language="English" custom="readingOrder {index:10;}">
                    <Coords points="2075,1369 2094,1369 2094,1392 2075,1392"/>
                    <TextEquiv>
                        <Unicode>a</Unicode>
                    </TextEquiv>
                    <TextStyle fontFamily="Times New Roman" fontSize="10.0"/>
                </Word>
                <Word id="w_w2aab1b1b2b3b5ad133" language="English" custom="readingOrder {index:11;}">
                    <Coords points="2102,1367 2162,1367 2162,1392 2102,1392"/>
                    <TextEquiv>
                        <Unicode>us-</Unicode>
                    </TextEquiv>
                    <TextStyle fontFamily="Times New Roman" fontSize="10.0"/>
                </Word>
                <Word id="w_w2aab1b1b2b3b5ad141" language="English" custom="readingOrder {index:12;}">
                    <Coords points="2188,1371 2194,1371 2194,1374 2188,1374"/>
                    <TextEquiv>
                        <Unicode>-</Unicode>
                    </TextEquiv>
                    <TextStyle fontFamily="Times New Roman" fontSize="10.0"/>
                </Word>
                <TextEquiv>
                    <Unicode>resse ! Combien de projets matrimoniaux, commencés sous de bons a us- -</Unicode>
                </TextEquiv>
                <TextStyle fontFamily="Times New Roman" fontSize="10.0"/>
            </TextLine>
            <TextLine id="tl_21" primaryLanguage="English" custom="readingOrder {index:3;}">
                <Coords points="394,1406 2165,1406 2165,1493 394,1493"/>
                <Baseline points="394,1493 517,1489 624,1477 814,1473 868,1471 940,1470 1076,1466 1456,1470 1714,1453 1884,1453 2164,1435"/>
                <Word id="w_w2aab1b1b2b3b7ab1" language="English" custom="readingOrder {index:0;}">
                    <Coords points="394,1443 517,1443 517,1493 394,1493"/>
                    <TextEquiv>
                        <Unicode>pices,</Unicode>
                    </TextEquiv>
                    <TextStyle fontFamily="Times New Roman" fontSize="10.0"/>
                </Word>
                <Word id="w_w2aab1b1b2b3b7ac15" language="English" custom="readingOrder {index:1;}">
                    <Coords points="551,1444 624,1444 624,1477 551,1477"/>
                    <TextEquiv>
                        <Unicode>ont</Unicode>
                    </TextEquiv>
                    <TextStyle fontFamily="Times New Roman" fontSize="10.0"/>
                </Word>
                <Word id="w_w2aab1b1b2b3b7ac23" language="English" custom="readingOrder {index:2;}">
                    <Coords points="657,1436 814,1436 814,1476 657,1476"/>
                    <TextEquiv>
                        <Unicode>échoué</Unicode>
                    </TextEquiv>
                    <TextStyle fontFamily="Times New Roman" fontSize="10.0"/>
                </Word>
                <Word id="w_w2aab1b1b2b3b7ac37" language="English" custom="readingOrder {index:3;}">
                    <Coords points="846,1435 868,1435 868,1471 846,1471"/>
                    <TextEquiv>
                        <Unicode>à</Unicode>
                    </TextEquiv>
                    <TextStyle fontFamily="Times New Roman" fontSize="10.0"/>
                </Word>
                <Word id="w_w2aab1b1b2b3b7ac41" language="English" custom="readingOrder {index:4;}">
                    <Coords points="903,1433 940,1433 940,1470 903,1470"/>
                    <TextEquiv>
                        <Unicode>la</Unicode>
                    </TextEquiv>
                    <TextStyle fontFamily="Times New Roman" fontSize="10.0"/>
                </Word>
                <Word id="w_w2aab1b1b2b3b7ac47" language="English" custom="readingOrder {index:5;}">
                    <Coords points="971,1431 1076,1431 1076,1469 971,1469"/>
                    <TextEquiv>
                        <Unicode>suite</Unicode>
                    </TextEquiv>
                    <TextStyle fontFamily="Times New Roman" fontSize="10.0"/>
                </Word>
                <Word id="w_w2aab1b1b2b3b7ac59" language="English" custom="readingOrder {index:6;}">
                    <Coords points="1108,1423 1456,1423 1456,1470 1108,1470"/>
                    <TextEquiv>
                        <Unicode>d'indiscrétions,</Unicode>
                    </TextEquiv>
                    <TextStyle fontFamily="Times New Roman" fontSize="10.0"/>
                </Word>
                <Word id="w_w2aab1b1b2b3b7ac93" language="English" custom="readingOrder {index:7;}">
                    <Coords points="1494,1418 1714,1418 1714,1457 1494,1457"/>
                    <TextEquiv>
                        <Unicode>commises</Unicode>
                    </TextEquiv>
                    <TextStyle fontFamily="Times New Roman" fontSize="10.0"/>
                </Word>
                <Word id="w_w2aab1b1b2b3b7ad111" language="English" custom="readingOrder {index:8;}">
                    <Coords points="1745,1415 1884,1415 1884,1453 1745,1453"/>
                    <TextEquiv>
                        <Unicode>même</Unicode>
                    </TextEquiv>
                    <TextStyle fontFamily="Times New Roman" fontSize="10.0"/>
                </Word>
                <Word id="w_w2aab1b1b2b3b7ad121" language="English" custom="readingOrder {index:9;}">
                    <Coords points="1916,1409 2164,1409 2164,1450 1916,1450"/>
                    <TextEquiv>
                        <Unicode>involontai¬</Unicode>
                    </TextEquiv>
                    <TextStyle fontFamily="Times New Roman" fontSize="10.0"/>
                </Word>
                <TextEquiv>
                    <Unicode>pices, ont échoué à la suite d'indiscrétions, commises même involontai¬</Unicode>
                </TextEquiv>
                <TextStyle fontFamily="Times New Roman" fontSize="10.0"/>
            </TextLine>
            <TextLine id="tl_22" primaryLanguage="English" custom="readingOrder {index:4;}">
                <Coords points="393,1461 2167,1461 2167,1544 393,1544"/>
                <Baseline points="393,1535 556,1533 587,1531 752,1529 871,1525 1184,1518 1327,1526 1671,1509 1749,1508 2014,1505 2167,1499"/>
                <Word id="w_w2aab1b1b2b3b9ab1" language="English" custom="readingOrder {index:0;}">
                    <Coords points="393,1500 556,1500 556,1535 393,1535"/>
                    <TextEquiv>
                        <Unicode>rement</Unicode>
                    </TextEquiv>
                    <TextStyle fontFamily="Times New Roman" fontSize="10.0"/>
                </Word>
                <Word id="w_w2aab1b1b2b3b9ac15" language="English" custom="readingOrder {index:1;}">
                    <Coords points="579,1494 587,1494 587,1531 579,1531"/>
                    <TextEquiv>
                        <Unicode>!</Unicode>
                    </TextEquiv>
                    <TextStyle fontFamily="Times New Roman" fontSize="10.0"/>
                </Word>
                <Word id="w_w2aab1b1b2b3b9ac19" language="English" custom="readingOrder {index:2;}">
                    <Coords points="635,1492 752,1492 752,1530 635,1530"/>
                    <TextEquiv>
                        <Unicode>Seule</Unicode>
                    </TextEquiv>
                    <TextStyle fontFamily="Times New Roman" fontSize="10.0"/>
                </Word>
                <Word id="w_w2aab1b1b2b3b9ac31" language="English" custom="readingOrder {index:3;}">
                    <Coords points="790,1501 871,1501 871,1526 790,1526"/>
                    <TextEquiv>
                        <Unicode>une</Unicode>
                    </TextEquiv>
                    <TextStyle fontFamily="Times New Roman" fontSize="10.0"/>
                </Word>
                <Word id="w_w2aab1b1b2b3b9ac39" language="English" custom="readingOrder {index:4;}">
                    <Coords points="902,1481 1184,1481 1184,1524 902,1524"/>
                    <TextEquiv>
                        <Unicode>intervention</Unicode>
                    </TextEquiv>
                    <TextStyle fontFamily="Times New Roman" fontSize="10.0"/>
                </Word>
                <Word id="w_w2aab1b1b2b3b9ac65" language="English" custom="readingOrder {index:5;}">
                    <Coords points="1222,1479 1327,1479 1327,1526 1222,1526"/>
                    <TextEquiv>
                        <Unicode>sûre,</Unicode>
                    </TextEquiv>
                    <TextStyle fontFamily="Times New Roman" fontSize="10.0"/>
                </Word>
                <Word id="w_w2aab1b1b2b3b9ac77" language="English" custom="readingOrder {index:6;}">
                    <Coords points="1378,1473 1671,1473 1671,1513 1378,1513"/>
                    <TextEquiv>
                        <Unicode>bienveillante</Unicode>
                    </TextEquiv>
                    <TextStyle fontFamily="Times New Roman" fontSize="10.0"/>
                </Word>
                <Word id="w_w2aab1b1b2b3b9ad105" language="English" custom="readingOrder {index:7;}">
                    <Coords points="1709,1474 1749,1474 1749,1508 1709,1508"/>
                    <TextEquiv>
                        <Unicode>et</Unicode>
                    </TextEquiv>
                    <TextStyle fontFamily="Times New Roman" fontSize="10.0"/>
                </Word>
                <Word id="w_w2aab1b1b2b3b9ad111" language="English" custom="readingOrder {index:8;}">
                    <Coords points="1786,1467 2014,1467 2014,1507 1786,1507"/>
                    <TextEquiv>
                        <Unicode>raisonnée,</Unicode>
                    </TextEquiv>
                    <TextStyle fontFamily="Times New Roman" fontSize="10.0"/>
                </Word>
                <Word id="w_w2aab1b1b2b3b9ad133" language="English" custom="readingOrder {index:9;}">
                    <Coords points="2068,1466 2167,1466 2167,1512 2068,1512"/>
                    <TextEquiv>
                        <Unicode>peut</Unicode>
                    </TextEquiv>
                    <TextStyle fontFamily="Times New Roman" fontSize="10.0"/>
                </Word>
                <TextEquiv>
                    <Unicode>rement ! Seule une intervention sûre, bienveillante et raisonnée, peut</Unicode>
                </TextEquiv>
                <TextStyle fontFamily="Times New Roman" fontSize="10.0"/>
            </TextLine>
            <TextLine id="tl_23" primaryLanguage="English" custom="readingOrder {index:5;}">
                <Coords points="394,1515 2167,1515 2167,1601 394,1601"/>
                <Baseline points="394,1590 545,1588 622,1586 826,1581 886,1579 1029,1576 1215,1572 1317,1570 1531,1566 1659,1564 1726,1563 1944,1569 2088,1554 2167,1555"/>
                <Word id="w_w2aab1b1b2b3c11ab1" language="English" custom="readingOrder {index:0;}">
                    <Coords points="394,1555 545,1555 545,1590 394,1590"/>
                    <TextEquiv>
                        <Unicode>mettre</Unicode>
                    </TextEquiv>
                    <TextStyle fontFamily="Times New Roman" fontSize="10.0"/>
                </Word>
                <Word id="w_w2aab1b1b2b3c11ac15" language="English" custom="readingOrder {index:1;}">
                    <Coords points="571,1561 622,1561 622,1586 571,1586"/>
                    <TextEquiv>
                        <Unicode>en</Unicode>
                    </TextEquiv>
                    <TextStyle fontFamily="Times New Roman" fontSize="10.0"/>
                </Word>
                <Word id="w_w2aab1b1b2b3c11ac21" language="English" custom="readingOrder {index:2;}">
                    <Coords points="651,1548 826,1548 826,1595 651,1595"/>
                    <TextEquiv>
                        <Unicode>rapport</Unicode>
                    </TextEquiv>
                    <TextStyle fontFamily="Times New Roman" fontSize="10.0"/>
                </Word>
                <Word id="w_w2aab1b1b2b3c11ac37" language="English" custom="readingOrder {index:3;}">
                    <Coords points="847,1543 886,1543 886,1579 847,1579"/>
                    <TextEquiv>
                        <Unicode>la</Unicode>
                    </TextEquiv>
                    <TextStyle fontFamily="Times New Roman" fontSize="10.0"/>
                </Word>
                <Word id="w_w2aab1b1b2b3c11ac43" language="English" custom="readingOrder {index:4;}">
                    <Coords points="915,1539 1029,1539 1029,1578 915,1578"/>
                    <TextEquiv>
                        <Unicode>foule</Unicode>
                    </TextEquiv>
                    <TextStyle fontFamily="Times New Roman" fontSize="10.0"/>
                </Word>
                <Word id="w_w2aab1b1b2b3c11ac55" language="English" custom="readingOrder {index:5;}">
                    <Coords points="1055,1536 1215,1536 1215,1576 1055,1576"/>
                    <TextEquiv>
                        <Unicode>d’isolés</Unicode>
                    </TextEquiv>
                    <TextStyle fontFamily="Times New Roman" fontSize="10.0"/>
                </Word>
                <Word id="w_w2aab1b1b2b3c11ac73" language="English" custom="readingOrder {index:6;}">
                    <Coords points="1244,1532 1317,1532 1317,1583 1244,1583"/>
                    <TextEquiv>
                        <Unicode>qui</Unicode>
                    </TextEquiv>
                    <TextStyle fontFamily="Times New Roman" fontSize="10.0"/>
                </Word>
                <Word id="w_w2aab1b1b2b3c11ac81" language="English" custom="readingOrder {index:7;}">
                    <Coords points="1339,1530 1531,1530 1531,1578 1339,1578"/>
                    <TextEquiv>
                        <Unicode>végètent</Unicode>
                    </TextEquiv>
                    <TextStyle fontFamily="Times New Roman" fontSize="10.0"/>
                </Word>
                <Word id="w_w2aab1b1b2b3c11ac99" language="English" custom="readingOrder {index:8;}">
                    <Coords points="1557,1528 1659,1528 1659,1565 1557,1565"/>
                    <TextEquiv>
                        <Unicode>dans</Unicode>
                    </TextEquiv>
                    <TextStyle fontFamily="Times New Roman" fontSize="10.0"/>
                </Word>
                <Word id="w_w2aab1b1b2b3c11ad109" language="English" custom="readingOrder {index:9;}">
                    <Coords points="1687,1525 1726,1525 1726,1563 1687,1563"/>
                    <TextEquiv>
                        <Unicode>la</Unicode>
                    </TextEquiv>
                    <TextStyle fontFamily="Times New Roman" fontSize="10.0"/>
                </Word>
                <Word id="w_w2aab1b1b2b3c11ad115" language="English" custom="readingOrder {index:10;}">
                    <Coords points="1755,1521 1944,1521 1944,1569 1755,1569"/>
                    <TextEquiv>
                        <Unicode>solitude,</Unicode>
                    </TextEquiv>
                    <TextStyle fontFamily="Times New Roman" fontSize="10.0"/>
                </Word>
                <Word id="w_w2aab1b1b2b3c11ad135" language="English" custom="readingOrder {index:11;}">
                    <Coords points="1975,1520 2088,1520 2088,1556 1975,1556"/>
                    <TextEquiv>
                        <Unicode>faute</Unicode>
                    </TextEquiv>
                    <TextStyle fontFamily="Times New Roman" fontSize="10.0"/>
                </Word>
                <Word id="w_w2aab1b1b2b3c11ad147" language="English" custom="readingOrder {index:12;}">
                    <Coords points="2118,1517 2167,1517 2167,1555 2118,1555"/>
                    <TextEquiv>
                        <Unicode>de</Unicode>
                    </TextEquiv>
                    <TextStyle fontFamily="Times New Roman" fontSize="10.0"/>
                </Word>
                <TextEquiv>
                    <Unicode>mettre en rapport la foule d’isolés qui végètent dans la solitude, faute de</Unicode>
                </TextEquiv>
                <TextStyle fontFamily="Times New Roman" fontSize="10.0"/>
            </TextLine>
            <TextLine id="tl_24" primaryLanguage="English" custom="readingOrder {index:6;}">
                <Coords points="393,1577 1735,1577 1735,1653 393,1653"/>
                <Baseline points="393,1643 436,1644 685,1648 758,1636 872,1633 1006,1631 1168,1630 1263,1625 1396,1622 1471,1621 1529,1620 1735,1616"/>
                <Word id="w_w2aab1b1b2b3c13ab1" language="English" custom="readingOrder {index:0;}">
                    <Coords points="393,1619 436,1619 436,1644 393,1644"/>
                    <TextEquiv>
                        <Unicode>se</Unicode>
                    </TextEquiv>
                    <TextStyle fontFamily="Times New Roman" fontSize="10.0"/>
                </Word>
                <Word id="w_w2aab1b1b2b3c13ab7" language="English" custom="readingOrder {index:1;}">
                    <Coords points="458,1602 685,1602 685,1648 458,1648"/>
                    <TextEquiv>
                        <Unicode>connaître,</Unicode>
                    </TextEquiv>
                    <TextStyle fontFamily="Times New Roman" fontSize="10.0"/>
                </Word>
                <Word id="w_w2aab1b1b2b3c13ac29" language="English" custom="readingOrder {index:2;}">
                    <Coords points="718,1603 758,1603 758,1636 718,1636"/>
                    <TextEquiv>
                        <Unicode>et</Unicode>
                    </TextEquiv>
                    <TextStyle fontFamily="Times New Roman" fontSize="10.0"/>
                </Word>
                <Word id="w_w2aab1b1b2b3c13ac35" language="English" custom="readingOrder {index:3;}">
                    <Coords points="781,1601 872,1601 872,1635 781,1635"/>
                    <TextEquiv>
                        <Unicode>sont</Unicode>
                    </TextEquiv>
                    <TextStyle fontFamily="Times New Roman" fontSize="10.0"/>
                </Word>
                <Word id="w_w2aab1b1b2b3c13ac45" language="English" custom="readingOrder {index:4;}">
                    <Coords points="902,1595 1006,1595 1006,1632 902,1632"/>
                    <TextEquiv>
                        <Unicode>ainsi</Unicode>
                    </TextEquiv>
                    <TextStyle fontFamily="Times New Roman" fontSize="10.0"/>
                </Word>
                <Word id="w_w2aab1b1b2b3c13ac57" language="English" custom="readingOrder {index:5;}">
                    <Coords points="1031,1590 1168,1590 1168,1641 1031,1641"/>
                    <TextEquiv>
                        <Unicode>privés</Unicode>
                    </TextEquiv>
                    <TextStyle fontFamily="Times New Roman" fontSize="10.0"/>
                </Word>
                <Word id="w_w2aab1b1b2b3c13ac71" language="English" custom="readingOrder {index:6;}">
                    <Coords points="1189,1589 1263,1589 1263,1627 1189,1627"/>
                    <TextEquiv>
                        <Unicode>des</Unicode>
                    </TextEquiv>
                    <TextStyle fontFamily="Times New Roman" fontSize="10.0"/>
                </Word>
                <Word id="w_w2aab1b1b2b3c13ac79" language="English" custom="readingOrder {index:7;}">
                    <Coords points="1290,1586 1396,1586 1396,1636 1290,1636"/>
                    <TextEquiv>
                        <Unicode>joies</Unicode>
                    </TextEquiv>
                    <TextStyle fontFamily="Times New Roman" fontSize="10.0"/>
                </Word>
                <Word id="w_w2aab1b1b2b3c13ac91" language="English" custom="readingOrder {index:8;}">
                    <Coords points="1420,1584 1471,1584 1471,1621 1420,1621"/>
                    <TextEquiv>
                        <Unicode>de</Unicode>
                    </TextEquiv>
                    <TextStyle fontFamily="Times New Roman" fontSize="10.0"/>
                </Word>
                <Word id="w_w2aab1b1b2b3c13ac97" language="English" custom="readingOrder {index:9;}">
                    <Coords points="1493,1583 1529,1583 1529,1620 1493,1620"/>
                    <TextEquiv>
                        <Unicode>la</Unicode>
                    </TextEquiv>
                    <TextStyle fontFamily="Times New Roman" fontSize="10.0"/>
                </Word>
                <Word id="w_w2aab1b1b2b3c13ad103" language="English" custom="readingOrder {index:10;}">
                    <Coords points="1562,1579 1735,1579 1735,1620 1562,1620"/>
                    <TextEquiv>
                        <Unicode>famille.</Unicode>
                    </TextEquiv>
                    <TextStyle fontFamily="Times New Roman" fontSize="10.0"/>
                </Word>
                <TextEquiv>
                    <Unicode>se connaître, et sont ainsi privés des joies de la famille.</Unicode>
                </TextEquiv>
                <TextStyle fontFamily="Times New Roman" fontSize="10.0"/>
            </TextLine>
            <TextEquiv>
                <Unicode>Ah ! que de mariages manqués faute d'un intermédiaire sérieux, hon¬
nête et discret, prenant à cœur la» réussite des mariages auxquels.il s'inté¬
resse ! Combien de projets matrimoniaux, commencés sous de bons a us- -
pices, ont échoué à la suite d'indiscrétions, commises même involontai¬
rement ! Seule une intervention sûre, bienveillante et raisonnée, peut
mettre en rapport la foule d’isolés qui végètent dans la solitude, faute de
se connaître, et sont ainsi privés des joies de la famille.</Unicode>
            </TextEquiv>
        </TextRegion>
        <TextRegion type="paragraph" id="r_1_3" custom="readingOrder {index:2;}">
            <Coords points="394,1621 2170,1621 2170,1867 394,1867"/>
            <TextLine id="tl_25" primaryLanguage="English" custom="readingOrder {index:0;}">
                <Coords points="503,1622 2168,1622 2168,1706 503,1706"/>
                <Baseline points="503,1695 531,1695 608,1693 738,1690 1003,1685 1088,1683 1191,1680 1265,1679 1423,1674 1553,1672 1881,1667 1926,1666 1957,1665 2168,1664"/>
                <Word id="w_w2aab1b1b2b5b1ab1" language="English" custom="readingOrder {index:0;}">
                    <Coords points="503,1657 531,1657 531,1695 503,1695"/>
                    <TextEquiv>
                        <Unicode>C</Unicode>
                    </TextEquiv>
                    <TextStyle fontFamily="Times New Roman" fontSize="10.0"/>
                </Word>
                <Word id="w_w2aab1b1b2b5b1ab5" language="English" custom="readingOrder {index:1;}">
                    <Coords points="549,1660 608,1660 608,1695 549,1695"/>
                    <TextEquiv>
                        <Unicode>est</Unicode>
                    </TextEquiv>
                    <TextStyle fontFamily="Times New Roman" fontSize="10.0"/>
                </Word>
                <Word id="w_w2aab1b1b2b5b1ac13" language="English" custom="readingOrder {index:2;}">
                    <Coords points="629,1665 738,1665 738,1704 629,1704"/>
                    <TextEquiv>
                        <Unicode>pour</Unicode>
                    </TextEquiv>
                    <TextStyle fontFamily="Times New Roman" fontSize="10.0"/>
                </Word>
                <Word id="w_w2aab1b1b2b5b1ac23" language="English" custom="readingOrder {index:3;}">
                    <Coords points="759,1649 1003,1649 1003,1689 759,1689"/>
                    <TextEquiv>
                        <Unicode>remédiera</Unicode>
                    </TextEquiv>
                    <TextStyle fontFamily="Times New Roman" fontSize="10.0"/>
                </Word>
                <Word id="w_w2aab1b1b2b5b1ac43" language="English" custom="readingOrder {index:4;}">
                    <Coords points="1026,1650 1088,1650 1088,1684 1026,1684"/>
                    <TextEquiv>
                        <Unicode>cet</Unicode>
                    </TextEquiv>
                    <TextStyle fontFamily="Times New Roman" fontSize="10.0"/>
                </Word>
                <Word id="w_w2aab1b1b2b5b1ac51" language="English" custom="readingOrder {index:5;}">
                    <Coords points="1106,1646 1191,1646 1191,1682 1106,1682"/>
                    <TextEquiv>
                        <Unicode>état</Unicode>
                    </TextEquiv>
                    <TextStyle fontFamily="Times New Roman" fontSize="10.0"/>
                </Word>
                <Word id="w_w2aab1b1b2b5b1ac61" language="English" custom="readingOrder {index:6;}">
                    <Coords points="1214,1643 1265,1643 1265,1679 1214,1679"/>
                    <TextEquiv>
                        <Unicode>de</Unicode>
                    </TextEquiv>
                    <TextStyle fontFamily="Times New Roman" fontSize="10.0"/>
                </Word>
                <Word id="w_w2aab1b1b2b5b1ac67" language="English" custom="readingOrder {index:7;}">
                    <Coords points="1282,1641 1423,1641 1423,1678 1282,1678"/>
                    <TextEquiv>
                        <Unicode>choses</Unicode>
                    </TextEquiv>
                    <TextStyle fontFamily="Times New Roman" fontSize="10.0"/>
                </Word>
                <Word id="w_w2aab1b1b2b5b1ac81" language="English" custom="readingOrder {index:8;}">
                    <Coords points="1446,1634 1553,1634 1553,1675 1446,1675"/>
                    <TextEquiv>
                        <Unicode>aussi</Unicode>
                    </TextEquiv>
                    <TextStyle fontFamily="Times New Roman" fontSize="10.0"/>
                </Word>
                <Word id="w_w2aab1b1b2b5b1ac93" language="English" custom="readingOrder {index:9;}">
                    <Coords points="1579,1630 1881,1630 1881,1684 1579,1684"/>
                    <TextEquiv>
                        <Unicode>préjudiciable</Unicode>
                    </TextEquiv>
                    <TextStyle fontFamily="Times New Roman" fontSize="10.0"/>
                </Word>
                <Word id="w_w2aab1b1b2b5b1ad121" language="English" custom="readingOrder {index:10;}">
                    <Coords points="1904,1630 1926,1630 1926,1666 1904,1666"/>
                    <TextEquiv>
                        <Unicode>à</Unicode>
                    </TextEquiv>
                    <TextStyle fontFamily="Times New Roman" fontSize="10.0"/>
                </Word>
                <Word id="w_w2aab1b1b2b5b1ad125" language="English" custom="readingOrder {index:11;}">
                    <Coords points="1950,1629 1957,1629 1957,1665 1950,1665"/>
                    <TextEquiv>
                        <Unicode>I</Unicode>
                    </TextEquiv>
                    <TextStyle fontFamily="Times New Roman" fontSize="10.0"/>
                </Word>
                <Word id="w_w2aab1b1b2b5b1ad129" language="English" custom="readingOrder {index:12;}">
                    <Coords points="1978,1624 2168,1624 2168,1664 1978,1664"/>
                    <TextEquiv>
                        <Unicode>individu</Unicode>
                    </TextEquiv>
                    <TextStyle fontFamily="Times New Roman" fontSize="10.0"/>
                </Word>
                <TextEquiv>
                    <Unicode>C est pour remédiera cet état de choses aussi préjudiciable à I individu</Unicode>
                </TextEquiv>
                <TextStyle fontFamily="Times New Roman" fontSize="10.0"/>
            </TextLine>
            <TextLine id="tl_26" primaryLanguage="English" custom="readingOrder {index:1;}">
                <Coords points="395,1677 2169,1677 2169,1764 395,1764"/>
                <Baseline points="396,1764 492,1751 560,1749 845,1752 984,1740 1151,1735 1235,1734 1587,1727 1785,1723 1890,1719 1952,1720 2168,1705"/>
                <Word id="w_w2aab1b1b2b5b3ab1" language="English" custom="readingOrder {index:0;}">
                    <Coords points="396,1712 492,1712 492,1764 396,1764"/>
                    <TextEquiv>
                        <Unicode>qu'à</Unicode>
                    </TextEquiv>
                    <TextStyle fontFamily="Times New Roman" fontSize="10.0"/>
                </Word>
                <Word id="w_w2aab1b1b2b5b3ac11" language="English" custom="readingOrder {index:1;}">
                    <Coords points="521,1711 560,1711 560,1749 521,1749"/>
                    <TextEquiv>
                        <Unicode>la</Unicode>
                    </TextEquiv>
                    <TextStyle fontFamily="Times New Roman" fontSize="10.0"/>
                </Word>
                <Word id="w_w2aab1b1b2b5b3ac17" language="English" custom="readingOrder {index:2;}">
                    <Coords points="589,1706 845,1706 845,1752 589,1752"/>
                    <TextEquiv>
                        <Unicode>collectivité,</Unicode>
                    </TextEquiv>
                    <TextStyle fontFamily="Times New Roman" fontSize="10.0"/>
                </Word>
                <Word id="w_w2aab1b1b2b5b3ac45" language="English" custom="readingOrder {index:3;}">
                    <Coords points="883,1704 984,1704 984,1741 883,1741"/>
                    <TextEquiv>
                        <Unicode>dont</Unicode>
                    </TextEquiv>
                    <TextStyle fontFamily="Times New Roman" fontSize="10.0"/>
                </Word>
                <Word id="w_w2aab1b1b2b5b3ac55" language="English" custom="readingOrder {index:4;}">
                    <Coords points="1011,1699 1151,1699 1151,1738 1011,1738"/>
                    <TextEquiv>
                        <Unicode>l’essor</Unicode>
                    </TextEquiv>
                    <TextStyle fontFamily="Times New Roman" fontSize="10.0"/>
                </Word>
                <Word id="w_w2aab1b1b2b5b3ac71" language="English" custom="readingOrder {index:5;}">
                    <Coords points="1171,1702 1235,1702 1235,1734 1171,1734"/>
                    <TextEquiv>
                        <Unicode>est</Unicode>
                    </TextEquiv>
                    <TextStyle fontFamily="Times New Roman" fontSize="10.0"/>
                </Word>
                <Word id="w_w2aab1b1b2b5b3ac79" language="English" custom="readingOrder {index:6;}">
                    <Coords points="1263,1693 1587,1693 1587,1742 1263,1742"/>
                    <TextEquiv>
                        <Unicode>complètement</Unicode>
                    </TextEquiv>
                    <TextStyle fontFamily="Times New Roman" fontSize="10.0"/>
                </Word>
                <Word id="w_w2aab1b1b2b5b3ad105" language="English" custom="readingOrder {index:7;}">
                    <Coords points="1618,1687 1785,1687 1785,1726 1618,1726"/>
                    <TextEquiv>
                        <Unicode>entravé</Unicode>
                    </TextEquiv>
                    <TextStyle fontFamily="Times New Roman" fontSize="10.0"/>
                </Word>
                <Word id="w_w2aab1b1b2b5b3ad121" language="English" custom="readingOrder {index:8;}">
                    <Coords points="1814,1696 1890,1696 1890,1733 1814,1733"/>
                    <TextEquiv>
                        <Unicode>par</Unicode>
                    </TextEquiv>
                    <TextStyle fontFamily="Times New Roman" fontSize="10.0"/>
                </Word>
                <Word id="w_w2aab1b1b2b5b3ad129" language="English" custom="readingOrder {index:9;}">
                    <Coords points="1913,1683 1952,1683 1952,1720 1913,1720"/>
                    <TextEquiv>
                        <Unicode>la</Unicode>
                    </TextEquiv>
                    <TextStyle fontFamily="Times New Roman" fontSize="10.0"/>
                </Word>
                <Word id="w_w2aab1b1b2b5b3ad135" language="English" custom="readingOrder {index:10;}">
                    <Coords points="1985,1680 2168,1680 2168,1719 1985,1719"/>
                    <TextEquiv>
                        <Unicode>diminu¬</Unicode>
                    </TextEquiv>
                    <TextStyle fontFamily="Times New Roman" fontSize="10.0"/>
                </Word>
                <TextEquiv>
                    <Unicode>qu'à la collectivité, dont l’essor est complètement entravé par la diminu¬</Unicode>
                </TextEquiv>
                <TextStyle fontFamily="Times New Roman" fontSize="10.0"/>
            </TextLine>
            <TextLine id="tl_27" primaryLanguage="English" custom="readingOrder {index:2;}">
                <Coords points="397,1731 2166,1731 2166,1816 397,1816"/>
                <Baseline points="397,1806 488,1804 584,1802 721,1799 818,1796 963,1793 1164,1789 1276,1787 1528,1781 1664,1779 1817,1776 1990,1773 2166,1769"/>
                <Word id="w_w2aab1b1b2b5b5ab1" language="English" custom="readingOrder {index:0;}">
                    <Coords points="397,1768 488,1768 488,1806 397,1806"/>
                    <TextEquiv>
                        <Unicode>tion</Unicode>
                    </TextEquiv>
                    <TextStyle fontFamily="Times New Roman" fontSize="10.0"/>
                </Word>
                <Word id="w_w2aab1b1b2b5b5ac11" language="English" custom="readingOrder {index:1;}">
                    <Coords points="536,1765 584,1765 584,1802 536,1802"/>
                    <TextEquiv>
                        <Unicode>de</Unicode>
                    </TextEquiv>
                    <TextStyle fontFamily="Times New Roman" fontSize="10.0"/>
                </Word>
                <Word id="w_w2aab1b1b2b5b5ac17" language="English" custom="readingOrder {index:2;}">
                    <Coords points="630,1763 721,1763 721,1812 630,1812"/>
                    <TextEquiv>
                        <Unicode>plus</Unicode>
                    </TextEquiv>
                    <TextStyle fontFamily="Times New Roman" fontSize="10.0"/>
                </Word>
                <Word id="w_w2aab1b1b2b5b5ac27" language="English" custom="readingOrder {index:3;}">
                    <Coords points="767,1771 818,1771 818,1798 767,1798"/>
                    <TextEquiv>
                        <Unicode>en</Unicode>
                    </TextEquiv>
                    <TextStyle fontFamily="Times New Roman" fontSize="10.0"/>
                </Word>
                <Word id="w_w2aab1b1b2b5b5ac33" language="English" custom="readingOrder {index:4;}">
                    <Coords points="869,1758 963,1758 963,1806 869,1806"/>
                    <TextEquiv>
                        <Unicode>plus</Unicode>
                    </TextEquiv>
                    <TextStyle fontFamily="Times New Roman" fontSize="10.0"/>
                </Word>
                <Word id="w_w2aab1b1b2b5b5ac43" language="English" custom="readingOrder {index:5;}">
                    <Coords points="1006,1752 1164,1752 1164,1804 1006,1804"/>
                    <TextEquiv>
                        <Unicode>grande</Unicode>
                    </TextEquiv>
                    <TextStyle fontFamily="Times New Roman" fontSize="10.0"/>
                </Word>
                <Word id="w_w2aab1b1b2b5b5ac57" language="English" custom="readingOrder {index:6;}">
                    <Coords points="1207,1751 1276,1751 1276,1789 1207,1789"/>
                    <TextEquiv>
                        <Unicode>des</Unicode>
                    </TextEquiv>
                    <TextStyle fontFamily="Times New Roman" fontSize="10.0"/>
                </Word>
                <Word id="w_w2aab1b1b2b5b5ac65" language="English" custom="readingOrder {index:7;}">
                    <Coords points="1323,1745 1528,1745 1528,1796 1323,1796"/>
                    <TextEquiv>
                        <Unicode>mariages</Unicode>
                    </TextEquiv>
                    <TextStyle fontFamily="Times New Roman" fontSize="10.0"/>
                </Word>
                <Word id="w_w2aab1b1b2b5b5ac83" language="English" custom="readingOrder {index:8;}">
                    <Coords points="1584,1754 1664,1754 1664,1791 1584,1791"/>
                    <TextEquiv>
                        <Unicode>que</Unicode>
                    </TextEquiv>
                    <TextStyle fontFamily="Times New Roman" fontSize="10.0"/>
                </Word>
                <Word id="w_w2aab1b1b2b5b5ac91" language="English" custom="readingOrder {index:9;}">
                    <Coords points="1711,1751 1817,1751 1817,1776 1711,1776"/>
                    <TextEquiv>
                        <Unicode>nous</Unicode>
                    </TextEquiv>
                    <TextStyle fontFamily="Times New Roman" fontSize="10.0"/>
                </Word>
                <Word id="w_w2aab1b1b2b5b5ad101" language="English" custom="readingOrder {index:10;}">
                    <Coords points="1862,1748 1990,1748 1990,1775 1862,1775"/>
                    <TextEquiv>
                        <Unicode>avons</Unicode>
                    </TextEquiv>
                    <TextStyle fontFamily="Times New Roman" fontSize="10.0"/>
                </Word>
                <Word id="w_w2aab1b1b2b5b5ad113" language="English" custom="readingOrder {index:11;}">
                    <Coords points="2038,1731 2166,1731 2166,1771 2038,1771"/>
                    <TextEquiv>
                        <Unicode>fondé</Unicode>
                    </TextEquiv>
                    <TextStyle fontFamily="Times New Roman" fontSize="10.0"/>
                </Word>
                <TextEquiv>
                    <Unicode>tion de plus en plus grande des mariages que nous avons fondé</Unicode>
                </TextEquiv>
                <TextStyle fontFamily="Times New Roman" fontSize="10.0"/>
            </TextLine>
            <TextLine id="tl_28" primaryLanguage="English" custom="readingOrder {index:3;}">
                <Coords points="400,1815 952,1815 952,1866 400,1866"/>
                <Baseline points="401,1865 419,1865 896,1855 952,1853"/>
                <Word id="w_w2aab1b1b2b5b7ab1" language="English" custom="readingOrder {index:0;}">
                    <Coords points="401,1842 419,1842 419,1865 401,1865"/>
                    <TextEquiv>
                        <Unicode>«</Unicode>
                    </TextEquiv>
                    <TextStyle fontFamily="Times New Roman" fontSize="10.0"/>
                </Word>
                <Word id="w_w2aab1b1b2b5b7ab5" language="English" custom="readingOrder {index:1;}">
                    <Coords points="441,1816 896,1816 896,1864 441,1864"/>
                    <TextEquiv>
                        <Unicode>L'INTERMEDIAIRE</Unicode>
                    </TextEquiv>
                    <TextStyle fontFamily="Times New Roman" fontSize="10.0"/>
                </Word>
                <Word id="w_w2aab1b1b2b5b7ac37" language="English" custom="readingOrder {index:2;}">
                    <Coords points="918,1830 952,1830 952,1853 918,1853"/>
                    <TextEquiv>
                        <Unicode>».</Unicode>
                    </TextEquiv>
                    <TextStyle fontFamily="Times New Roman" fontSize="10.0"/>
                </Word>
                <TextEquiv>
                    <Unicode>« L'INTERMEDIAIRE ».</Unicode>
                </TextEquiv>
                <TextStyle fontFamily="Times New Roman" fontSize="10.0"/>
            </TextLine>
            <TextEquiv>
                <Unicode>C est pour remédiera cet état de choses aussi préjudiciable à I individu
qu'à la collectivité, dont l’essor est complètement entravé par la diminu¬
tion de plus en plus grande des mariages que nous avons fondé
« L'INTERMEDIAIRE ».</Unicode>
            </TextEquiv>
        </TextRegion>
        <TextRegion type="paragraph" id="r_1_4" custom="readingOrder {index:3;}">
            <Coords points="391,1849 2175,1849 2175,2098 391,2098"/>
            <TextLine id="tl_29" primaryLanguage="English" custom="readingOrder {index:0;}">
                <Coords points="502,1850 2169,1850 2169,1934 502,1934"/>
                <Baseline points="502,1922 672,1920 746,1917 872,1915 1084,1911 1324,1906 1428,1901 1517,1901 1565,1901 1919,1892 2001,1891 2169,1878"/>
                <Word id="w_w2aab1b1b2b7b1ab1" language="English" custom="readingOrder {index:0;}">
                    <Coords points="502,1879 672,1879 672,1933 502,1933"/>
                    <TextEquiv>
                        <Unicode>Jusqu’à</Unicode>
                    </TextEquiv>
                    <TextStyle fontFamily="Times New Roman" fontSize="10.0"/>
                </Word>
                <Word id="w_w2aab1b1b2b7b1ac17" language="English" custom="readingOrder {index:1;}">
                    <Coords points="701,1892 746,1892 746,1917 701,1917"/>
                    <TextEquiv>
                        <Unicode>ce</Unicode>
                    </TextEquiv>
                    <TextStyle fontFamily="Times New Roman" fontSize="10.0"/>
                </Word>
                <Word id="w_w2aab1b1b2b7b1ac23" language="English" custom="readingOrder {index:2;}">
                    <Coords points="772,1882 872,1882 872,1929 772,1929"/>
                    <TextEquiv>
                        <Unicode>jour</Unicode>
                    </TextEquiv>
                    <TextStyle fontFamily="Times New Roman" fontSize="10.0"/>
                </Word>
                <Word id="w_w2aab1b1b2b7b1ac33" language="English" custom="readingOrder {index:3;}">
                    <Coords points="895,1873 1084,1873 1084,1926 895,1926"/>
                    <TextEquiv>
                        <Unicode>quantité</Unicode>
                    </TextEquiv>
                    <TextStyle fontFamily="Times New Roman" fontSize="10.0"/>
                </Word>
                <Word id="w_w2aab1b1b2b7b1ac51" language="English" custom="readingOrder {index:4;}">
                    <Coords points="1107,1871 1324,1871 1324,1920 1107,1920"/>
                    <TextEquiv>
                        <Unicode>d’agences</Unicode>
                    </TextEquiv>
                    <TextStyle fontFamily="Times New Roman" fontSize="10.0"/>
                </Word>
                <Word id="w_w2aab1b1b2b7b1ac71" language="English" custom="readingOrder {index:5;}">
                    <Coords points="1351,1870 1428,1870 1428,1905 1351,1905"/>
                    <TextEquiv>
                        <Unicode>ont.</Unicode>
                    </TextEquiv>
                    <TextStyle fontFamily="Times New Roman" fontSize="10.0"/>
                </Word>
                <Word id="w_w2aab1b1b2b7b1ac81" language="English" custom="readingOrder {index:6;}">
                    <Coords points="1453,1865 1517,1865 1517,1903 1453,1903"/>
                    <TextEquiv>
                        <Unicode>été</Unicode>
                    </TextEquiv>
                    <TextStyle fontFamily="Times New Roman" fontSize="10.0"/>
                </Word>
                <Word id="w_w2aab1b1b2b7b1ac89" language="English" custom="readingOrder {index:7;}">
                    <Coords points="1545,1860 1690,1860 1690,1901 1545,1901"/>
                    <TextEquiv>
                        <Unicode>créées.</Unicode>
                    </TextEquiv>
                    <TextStyle fontFamily="Times New Roman" fontSize="10.0"/>
                </Word>
                <Word id="w_w2aab1b1b2b7b1b1b1" language="English" custom="readingOrder {index:8;}">
                    <Coords points="1719,1856 1919,1856 1919,1898 1719,1898"/>
                    <TextEquiv>
                        <Unicode>Combien</Unicode>
                    </TextEquiv>
                    <TextStyle fontFamily="Times New Roman" fontSize="10.0" italic="true"/>
                </Word>
                <Word id="w_w2aab1b1b2b7b1b1c17" language="English" custom="readingOrder {index:9;}">
                    <Coords points="1953,1856 2001,1856 2001,1892 1953,1892"/>
                    <TextEquiv>
                        <Unicode>de</Unicode>
                    </TextEquiv>
                    <TextStyle fontFamily="Times New Roman" fontSize="10.0" italic="true"/>
                </Word>
                <Word id="w_w2aab1b1b2b7b1b1c23" language="English" custom="readingOrder {index:10;}">
                    <Coords points="2033,1852 2169,1852 2169,1890 2033,1890"/>
                    <TextEquiv>
                        <Unicode>réelle¬</Unicode>
                    </TextEquiv>
                    <TextStyle fontFamily="Times New Roman" fontSize="10.0" italic="true"/>
                </Word>
                <TextEquiv>
                    <Unicode>Jusqu’à ce jour quantité d’agences ont. été créées. Combien de réelle¬</Unicode>
                </TextEquiv>
            </TextLine>
            <TextLine id="tl_30" primaryLanguage="English" custom="readingOrder {index:1;}">
                <Coords points="400,1904 2172,1904 2172,1989 400,1989"/>
                <Baseline points="400,1979 515,1976 662,1973 727,1971 942,1967 983,1967 1111,1965 1231,1962 1304,1960 1578,1961 1750,1952 1838,1949 2057,1945 2172,1942"/>
                <Word id="w_w2aab1b1b2b7b3ab1" language="English" custom="readingOrder {index:0;}">
                    <Coords points="400,1943 515,1943 515,1979 400,1979"/>
                    <TextEquiv>
                        <Unicode>ment</Unicode>
                    </TextEquiv>
                    <TextStyle fontFamily="Times New Roman" fontSize="10.0" italic="true"/>
                </Word>
                <Word id="w_w2aab1b1b2b7b3ac11" language="English" custom="readingOrder {index:1;}">
                    <Coords points="543,1936 662,1936 662,1976 543,1976"/>
                    <TextEquiv>
                        <Unicode>utiles</Unicode>
                    </TextEquiv>
                    <TextStyle fontFamily="Times New Roman" fontSize="10.0" italic="true"/>
                </Word>
                <Word id="w_w2aab1b1b2b7b3ac25" language="English" custom="readingOrder {index:2;}">
                    <Coords points="690,1937 727,1937 727,1971 690,1971"/>
                    <TextEquiv>
                        <Unicode>et</Unicode>
                    </TextEquiv>
                    <TextStyle fontFamily="Times New Roman" fontSize="10.0" italic="true"/>
                </Word>
                <Word id="w_w2aab1b1b2b7b3ac31" language="English" custom="readingOrder {index:3;}">
                    <Coords points="761,1934 942,1934 942,1982 761,1982"/>
                    <TextEquiv>
                        <Unicode>efficaces</Unicode>
                    </TextEquiv>
                    <TextStyle fontFamily="Times New Roman" fontSize="10.0" italic="true"/>
                </Word>
                <Word id="w_w2aab1b1b2b7b3ac51" language="English" custom="readingOrder {index:4;}">
                    <Coords points="964,1931 1033,1931 1033,1967 964,1967"/>
                    <TextEquiv>
                        <Unicode>?...</Unicode>
                    </TextEquiv>
                    <TextStyle fontFamily="Times New Roman" fontSize="10.0" italic="true"/>
                </Word>
                <Word id="w_w2aab1b1b2b7b3b1b3" language="English" custom="readingOrder {index:5;}">
                    <Coords points="1066,1928 1111,1928 1111,1965 1066,1965"/>
                    <TextEquiv>
                        <Unicode>Et</Unicode>
                    </TextEquiv>
                    <TextStyle fontFamily="Times New Roman" fontSize="10.0"/>
                </Word>
                <Word id="w_w2aab1b1b2b7b3b1b9" language="English" custom="readingOrder {index:6;}">
                    <Coords points="1144,1926 1231,1926 1231,1964 1144,1964"/>
                    <TextEquiv>
                        <Unicode>cela</Unicode>
                    </TextEquiv>
                    <TextStyle fontFamily="Times New Roman" fontSize="10.0"/>
                </Word>
                <Word id="w_w2aab1b1b2b7b3b1c19" language="English" custom="readingOrder {index:7;}">
                    <Coords points="1263,1935 1304,1935 1304,1961 1263,1961"/>
                    <TextEquiv>
                        <Unicode>se</Unicode>
                    </TextEquiv>
                    <TextStyle fontFamily="Times New Roman" fontSize="10.0"/>
                </Word>
                <Word id="w_w2aab1b1b2b7b3b1c25" language="English" custom="readingOrder {index:8;}">
                    <Coords points="1335,1917 1578,1917 1578,1967 1335,1967"/>
                    <TextEquiv>
                        <Unicode>comprend,</Unicode>
                    </TextEquiv>
                    <TextStyle fontFamily="Times New Roman" fontSize="10.0"/>
                </Word>
                <Word id="w_w2aab1b1b2b7b3b1c45" language="English" custom="readingOrder {index:9;}">
                    <Coords points="1611,1914 1750,1914 1750,1965 1611,1965"/>
                    <TextEquiv>
                        <Unicode>quand</Unicode>
                    </TextEquiv>
                    <TextStyle fontFamily="Times New Roman" fontSize="10.0"/>
                </Word>
                <Word id="w_w2aab1b1b2b7b3b1c57" language="English" custom="readingOrder {index:10;}">
                    <Coords points="1785,1925 1838,1925 1838,1951 1785,1951"/>
                    <TextEquiv>
                        <Unicode>on</Unicode>
                    </TextEquiv>
                    <TextStyle fontFamily="Times New Roman" fontSize="10.0"/>
                </Word>
                <Word id="w_w2aab1b1b2b7b3b1c63" language="English" custom="readingOrder {index:11;}">
                    <Coords points="1873,1907 2057,1907 2057,1948 1873,1948"/>
                    <TextEquiv>
                        <Unicode>réfléchit</Unicode>
                    </TextEquiv>
                    <TextStyle fontFamily="Times New Roman" fontSize="10.0"/>
                </Word>
                <Word id="w_w2aab1b1b2b7b3b1c83" language="English" custom="readingOrder {index:12;}">
                    <Coords points="2093,1916 2172,1916 2172,1955 2093,1955"/>
                    <TextEquiv>
                        <Unicode>que</Unicode>
                    </TextEquiv>
                    <TextStyle fontFamily="Times New Roman" fontSize="10.0"/>
                </Word>
                <TextEquiv>
                    <Unicode>ment utiles et efficaces ?... Et cela se comprend, quand on réfléchit que</Unicode>
                </TextEquiv>
            </TextLine>
            <TextLine id="tl_31" primaryLanguage="English" custom="readingOrder {index:2;}">
                <Coords points="396,1959 2167,1959 2167,2044 396,2044"/>
                <Baseline points="396,2034 486,2032 695,2028 883,2023 980,2019 1038,2032 1184,2026 1262,2016 1384,2021 1523,2010 1609,2007 1830,2002 1940,2001 2050,1998 2167,2004"/>
                <Word id="w_w2aab1b1b2b7b5ab1" language="English" custom="readingOrder {index:0;}">
                    <Coords points="396,1995 486,1995 486,2034 396,2034"/>
                    <TextEquiv>
                        <Unicode>seul</Unicode>
                    </TextEquiv>
                    <TextStyle fontFamily="Times New Roman" fontSize="10.0" italic="true"/>
                </Word>
                <Word id="w_w2aab1b1b2b7b5ac11" language="English" custom="readingOrder {index:1;}">
                    <Coords points="519,1992 695,1992 695,2031 519,2031"/>
                    <TextEquiv>
                        <Unicode>l'intérêt</Unicode>
                    </TextEquiv>
                    <TextStyle fontFamily="Times New Roman" fontSize="10.0" italic="true"/>
                </Word>
                <Word id="w_w2aab1b1b2b7b5ac31" language="English" custom="readingOrder {index:2;}">
                    <Coords points="723,1987 883,1987 883,2038 723,2038"/>
                    <TextEquiv>
                        <Unicode>guidait</Unicode>
                    </TextEquiv>
                    <TextStyle fontFamily="Times New Roman" fontSize="10.0" italic="true"/>
                </Word>
                <Word id="w_w2aab1b1b2b7b5ac47" language="English" custom="readingOrder {index:3;}">
                    <Coords points="917,1994 980,1994 980,2022 917,2022"/>
                    <TextEquiv>
                        <Unicode>ces</Unicode>
                    </TextEquiv>
                    <TextStyle fontFamily="Times New Roman" fontSize="10.0" italic="true"/>
                </Word>
                <Word id="w_w2aab1b1b2b7b5ac55" language="English" custom="readingOrder {index:4;}">
                    <Coords points="1015,1981 1174,1981 1174,2032 1015,2032"/>
                    <TextEquiv>
                        <Unicode>gens-là</Unicode>
                    </TextEquiv>
                    <TextStyle fontFamily="Times New Roman" fontSize="10.0" italic="true"/>
                </Word>
                <Word id="w_w2aab1b1b2b7b5b1b1" language="English" custom="readingOrder {index:5;}">
                    <Coords points="1177,2010 1184,2010 1184,2026 1177,2026"/>
                    <TextEquiv>
                        <Unicode>,</Unicode>
                    </TextEquiv>
                    <TextStyle fontFamily="Times New Roman" fontSize="10.0"/>
                </Word>
                <Word id="w_w2aab1b1b2b7b5b1b5" language="English" custom="readingOrder {index:6;}">
                    <Coords points="1222,1983 1262,1983 1262,2016 1222,2016"/>
                    <TextEquiv>
                        <Unicode>et</Unicode>
                    </TextEquiv>
                    <TextStyle fontFamily="Times New Roman" fontSize="10.0"/>
                </Word>
                <Word id="w_w2aab1b1b2b7b5b1c11" language="English" custom="readingOrder {index:7;}">
                    <Coords points="1292,1987 1384,1987 1384,2026 1292,2026"/>
                    <TextEquiv>
                        <Unicode>que,</Unicode>
                    </TextEquiv>
                    <TextStyle fontFamily="Times New Roman" fontSize="10.0"/>
                </Word>
                <Word id="w_w2aab1b1b2b7b5b1c21" language="English" custom="readingOrder {index:8;}">
                    <Coords points="1419,1974 1523,1974 1523,2012 1419,2012"/>
                    <TextEquiv>
                        <Unicode>dans</Unicode>
                    </TextEquiv>
                    <TextStyle fontFamily="Times New Roman" fontSize="10.0"/>
                </Word>
                <Word id="w_w2aab1b1b2b7b5b1c31" language="English" custom="readingOrder {index:9;}">
                    <Coords points="1552,1983 1609,1983 1609,2010 1552,2010"/>
                    <TextEquiv>
                        <Unicode>un</Unicode>
                    </TextEquiv>
                    <TextStyle fontFamily="Times New Roman" fontSize="10.0"/>
                </Word>
                <Word id="w_w2aab1b1b2b7b5b1c37" language="English" custom="readingOrder {index:10;}">
                    <Coords points="1643,1967 1830,1967 1830,2014 1643,2014"/>
                    <TextEquiv>
                        <Unicode>mariage</Unicode>
                    </TextEquiv>
                    <TextStyle fontFamily="Times New Roman" fontSize="10.0"/>
                </Word>
                <Word id="w_w2aab1b1b2b7b5b1c53" language="English" custom="readingOrder {index:11;}">
                    <Coords points="1863,1965 1940,1965 1940,2001 1863,2001"/>
                    <TextEquiv>
                        <Unicode>fait</Unicode>
                    </TextEquiv>
                    <TextStyle fontFamily="Times New Roman" fontSize="10.0"/>
                </Word>
                <Word id="w_w2aab1b1b2b7b5b1c63" language="English" custom="readingOrder {index:12;}">
                    <Coords points="1974,1973 2050,1973 2050,2011 1974,2011"/>
                    <TextEquiv>
                        <Unicode>par</Unicode>
                    </TextEquiv>
                    <TextStyle fontFamily="Times New Roman" fontSize="10.0"/>
                </Word>
                <Word id="w_w2aab1b1b2b7b5b1c71" language="English" custom="readingOrder {index:13;}">
                    <Coords points="2075,1972 2167,1972 2167,2004 2075,2004"/>
                    <TextEquiv>
                        <Unicode>eux,</Unicode>
                    </TextEquiv>
                    <TextStyle fontFamily="Times New Roman" fontSize="10.0"/>
                </Word>
                <TextEquiv>
                    <Unicode>seul l'intérêt guidait ces gens-là, et que, dans un mariage fait par eux,</Unicode>
                </TextEquiv>
            </TextLine>
            <TextLine id="tl_32" primaryLanguage="English" custom="readingOrder {index:3;}">
                <Coords points="392,2009 2174,2009 2174,2097 392,2097"/>
                <Baseline points="392,2087 445,2087 821,2079 998,2075 1142,2071 1172,2070 1231,2071 1420,2067 1464,2066 1673,2062 1713,2060 1844,2058 1913,2057 2174,2052"/>
                <Word id="w_w2aab1b1b2b7b7ab1" language="English" custom="readingOrder {index:0;}">
                    <Coords points="392,2051 445,2051 445,2087 392,2087"/>
                    <TextEquiv>
                        <Unicode>ils</Unicode>
                    </TextEquiv>
                    <TextStyle fontFamily="Times New Roman" fontSize="10.0"/>
                </Word>
                <Word id="w_w2aab1b1b2b7b7ab9" language="English" custom="readingOrder {index:1;}">
                    <Coords points="471,2042 821,2042 821,2092 471,2092"/>
                    <TextEquiv>
                        <Unicode>n'envisageaient</Unicode>
                    </TextEquiv>
                    <TextStyle fontFamily="Times New Roman" fontSize="10.0"/>
                </Word>
                <Word id="w_w2aab1b1b2b7b7ac41" language="English" custom="readingOrder {index:2;}">
                    <Coords points="844,2037 998,2037 998,2089 844,2089"/>
                    <TextEquiv>
                        <Unicode>qu’une</Unicode>
                    </TextEquiv>
                    <TextStyle fontFamily="Times New Roman" fontSize="10.0"/>
                </Word>
                <Word id="w_w2aab1b1b2b7b7ac55" language="English" custom="readingOrder {index:3;}">
                    <Coords points="1019,2035 1142,2035 1142,2074 1019,2074"/>
                    <TextEquiv>
                        <Unicode>chose</Unicode>
                    </TextEquiv>
                    <TextStyle fontFamily="Times New Roman" fontSize="10.0"/>
                </Word>
                <Word id="w_w2aab1b1b2b7b7ac67" language="English" custom="readingOrder {index:4;}">
                    <Coords points="1165,2028 1172,2028 1172,2070 1165,2070"/>
                    <TextEquiv>
                        <Unicode>:</Unicode>
                    </TextEquiv>
                    <TextStyle fontFamily="Times New Roman" fontSize="10.0"/>
                </Word>
                <Word id="w_w2aab1b1b2b7b7b1b1" language="English" custom="readingOrder {index:5;}">
                    <Coords points="1185,2028 1231,2028 1231,2071 1185,2071"/>
                    <TextEquiv>
                        <Unicode>la</Unicode>
                    </TextEquiv>
                    <TextStyle fontFamily="Times New Roman" fontSize="11.0" bold="true" italic="true"/>
                </Word>
                <Word id="w_w2aab1b1b2b7b7b1b7" language="English" custom="readingOrder {index:6;}">
                    <Coords points="1245,2033 1420,2033 1420,2070 1245,2070"/>
                    <TextEquiv>
                        <Unicode>somme</Unicode>
                    </TextEquiv>
                    <TextStyle fontFamily="Times New Roman" fontSize="11.0" bold="true" italic="true"/>
                </Word>
                <Word id="w_w2aab1b1b2b7b7b1c19" language="English" custom="readingOrder {index:7;}">
                    <Coords points="1434,2023 1464,2023 1464,2066 1434,2066"/>
                    <TextEquiv>
                        <Unicode>à</Unicode>
                    </TextEquiv>
                    <TextStyle fontFamily="Times New Roman" fontSize="11.0" bold="true" italic="true"/>
                </Word>
                <Word id="w_w2aab1b1b2b7b7b1c23" language="English" custom="readingOrder {index:8;}">
                    <Coords points="1477,2021 1673,2021 1673,2065 1477,2065"/>
                    <TextEquiv>
                        <Unicode>toucher</Unicode>
                    </TextEquiv>
                    <TextStyle fontFamily="Times New Roman" fontSize="11.0" bold="true" italic="true"/>
                </Word>
                <Word id="w_w2aab1b1b2b7b7b1c39" language="English" custom="readingOrder {index:9;}">
                    <Coords points="1683,2018 1713,2018 1713,2060 1683,2060"/>
                    <TextEquiv>
                        <Unicode>à</Unicode>
                    </TextEquiv>
                    <TextStyle fontFamily="Times New Roman" fontSize="11.0" bold="true" italic="true"/>
                </Word>
                <Word id="w_w2aab1b1b2b7b7b1c43" language="English" custom="readingOrder {index:10;}">
                    <Coords points="1730,2018 1844,2018 1844,2060 1730,2060"/>
                    <TextEquiv>
                        <Unicode>titre</Unicode>
                    </TextEquiv>
                    <TextStyle fontFamily="Times New Roman" fontSize="11.0" bold="true" italic="true"/>
                </Word>
                <Word id="w_w2aab1b1b2b7b7b1c55" language="English" custom="readingOrder {index:11;}">
                    <Coords points="1859,2016 1913,2016 1913,2057 1859,2057"/>
                    <TextEquiv>
                        <Unicode>de</Unicode>
                    </TextEquiv>
                    <TextStyle fontFamily="Times New Roman" fontSize="11.0" bold="true" italic="true"/>
                </Word>
                <Word id="w_w2aab1b1b2b7b7b1c61" language="English" custom="readingOrder {index:12;}">
                    <Coords points="1929,2012 2174,2012 2174,2061 1929,2061"/>
                    <TextEquiv>
                        <Unicode>courtage.</Unicode>
                    </TextEquiv>
                    <TextStyle fontFamily="Times New Roman" fontSize="11.0" bold="true" italic="true"/>
                </Word>
                <TextEquiv>
                    <Unicode>ils n'envisageaient qu’une chose : la somme à toucher à titre de courtage.</Unicode>
                </TextEquiv>
            </TextLine>
            <TextEquiv>
                <Unicode>Jusqu’à ce jour quantité d’agences ont. été créées. Combien de réelle¬
ment utiles et efficaces ?... Et cela se comprend, quand on réfléchit que
seul l'intérêt guidait ces gens-là, et que, dans un mariage fait par eux,
ils n'envisageaient qu’une chose : la somme à toucher à titre de courtage.</Unicode>
            </TextEquiv>
        </TextRegion>
        <TextRegion type="paragraph" id="r_1_5" custom="readingOrder {index:4;}">
            <Coords points="393,2064 2179,2064 2179,2313 393,2313"/>
            <TextLine id="tl_33" primaryLanguage="English" custom="readingOrder {index:0;}">
                <Coords points="504,2065 2174,2065 2174,2139 504,2139"/>
                <Baseline points="504,2138 732,2133 1024,2127 1117,2124 1280,2122 1442,2117 1635,2116 1713,2113 1858,2112 2174,2103"/>
                <Word id="w_w2aab1b1b2b9b1ab1" language="English" custom="readingOrder {index:0;}">
                    <Coords points="504,2096 732,2096 732,2138 504,2138"/>
                    <TextEquiv>
                        <Unicode>Combien</Unicode>
                    </TextEquiv>
                    <TextStyle fontFamily="Times New Roman" fontSize="11.0" bold="true" italic="true"/>
                </Word>
                <Word id="w_w2aab1b1b2b9b1ac17" language="English" custom="readingOrder {index:1;}">
                    <Coords points="756,2088 1024,2088 1024,2131 756,2131"/>
                    <TextEquiv>
                        <Unicode>différente</Unicode>
                    </TextEquiv>
                    <TextStyle fontFamily="Times New Roman" fontSize="11.0" bold="true" italic="true"/>
                </Word>
                <Word id="w_w2aab1b1b2b9b1ac39" language="English" custom="readingOrder {index:2;}">
                    <Coords points="1043,2093 1117,2093 1117,2126 1043,2126"/>
                    <TextEquiv>
                        <Unicode>est</Unicode>
                    </TextEquiv>
                    <TextStyle fontFamily="Times New Roman" fontSize="11.0" bold="true" italic="true"/>
                </Word>
                <Word id="w_w2aab1b1b2b9b1ac47" language="English" custom="readingOrder {index:3;}">
                    <Coords points="1140,2085 1280,2085 1280,2123 1140,2123"/>
                    <TextEquiv>
                        <Unicode>notre</Unicode>
                    </TextEquiv>
                    <TextStyle fontFamily="Times New Roman" fontSize="11.0" bold="true" italic="true"/>
                </Word>
                <Word id="w_w2aab1b1b2b9b1ac59" language="English" custom="readingOrder {index:4;}">
                    <Coords points="1302,2078 1499,2078 1499,2120 1302,2120"/>
                    <TextEquiv>
                        <Unicode>œuvre!</Unicode>
                    </TextEquiv>
                    <TextStyle fontFamily="Times New Roman" fontSize="11.0" bold="true" italic="true"/>
                </Word>
                <Word id="w_w2aab1b1b2b9b1b2b1" language="English" custom="readingOrder {index:5;}">
                    <Coords points="1525,2079 1635,2079 1635,2119 1525,2119"/>
                    <TextEquiv>
                        <Unicode>Nous</Unicode>
                    </TextEquiv>
                    <TextStyle fontFamily="Times New Roman" fontSize="10.0"/>
                </Word>
                <Word id="w_w2aab1b1b2b9b1b2c11" language="English" custom="readingOrder {index:6;}">
                    <Coords points="1660,2088 1713,2088 1713,2117 1660,2117"/>
                    <TextEquiv>
                        <Unicode>ne</Unicode>
                    </TextEquiv>
                    <TextStyle fontFamily="Times New Roman" fontSize="10.0"/>
                </Word>
                <Word id="w_w2aab1b1b2b9b1b2c17" language="English" custom="readingOrder {index:7;}">
                    <Coords points="1737,2072 1996,2072 1996,2113 1737,2113"/>
                    <TextEquiv>
                        <Unicode>demandons</Unicode>
                    </TextEquiv>
                    <TextStyle fontFamily="Times New Roman" fontSize="10.0"/>
                </Word>
                <Word id="w_w2aab1b1b2b9b1b3b1" language="English" custom="readingOrder {index:8;}">
                    <Coords points="2016,2074 2174,2074 2174,2106 2016,2106"/>
                    <TextEquiv>
                        <Unicode>aucun</Unicode>
                    </TextEquiv>
                    <TextStyle fontFamily="Times New Roman" fontSize="11.0" bold="true" italic="true"/>
                </Word>
                <TextEquiv>
                    <Unicode>Combien différente est notre œuvre! Nous ne demandons aucun</Unicode>
                </TextEquiv>
            </TextLine>
            <TextLine id="tl_34" primaryLanguage="English" custom="readingOrder {index:1;}">
                <Coords points="396,2118 2161,2118 2161,2205 396,2205"/>
                <Baseline points="396,2195 654,2196 867,2184 1176,2178 1251,2175 1336,2175 1446,2172 1655,2170 1863,2164 1916,2163 2072,2159 2161,2158"/>
                <Word id="w_w2aab1b1b2b9b3ab1" language="English" custom="readingOrder {index:0;}">
                    <Coords points="396,2154 654,2154 654,2202 396,2202"/>
                    <TextEquiv>
                        <Unicode>courtage,</Unicode>
                    </TextEquiv>
                    <TextStyle fontFamily="Times New Roman" fontSize="11.0" bold="true" italic="true"/>
                </Word>
                <Word id="w_w2aab1b1b2b9b3ac21" language="English" custom="readingOrder {index:1;}">
                    <Coords points="680,2155 867,2155 867,2189 680,2189"/>
                    <TextEquiv>
                        <Unicode>aucune</Unicode>
                    </TextEquiv>
                    <TextStyle fontFamily="Times New Roman" fontSize="11.0" bold="true" italic="true"/>
                </Word>
                <Word id="w_w2aab1b1b2b9b3ac35" language="English" custom="readingOrder {index:2;}">
                    <Coords points="896,2136 1208,2136 1208,2183 896,2183"/>
                    <TextEquiv>
                        <Unicode>commission</Unicode>
                    </TextEquiv>
                    <TextStyle fontFamily="Times New Roman" fontSize="11.0" bold="true" italic="true"/>
                </Word>
                <Word id="w_w2aab1b1b2b9b3b1b1" language="English" custom="readingOrder {index:3;}">
                    <Coords points="1238,2136 1251,2136 1251,2175 1238,2175"/>
                    <TextEquiv>
                        <Unicode>!</Unicode>
                    </TextEquiv>
                    <TextStyle fontFamily="Times New Roman" fontSize="10.0" italic="true"/>
                </Word>
                <Word id="w_w2aab1b1b2b9b3b2b3" language="English" custom="readingOrder {index:4;}">
                    <Coords points="1285,2139 1336,2139 1336,2176 1285,2176"/>
                    <TextEquiv>
                        <Unicode>Le</Unicode>
                    </TextEquiv>
                    <TextStyle fontFamily="Times New Roman" fontSize="10.0"/>
                </Word>
                <Word id="w_w2aab1b1b2b9b3b2b9" language="English" custom="readingOrder {index:5;}">
                    <Coords points="1363,2136 1446,2136 1446,2174 1363,2174"/>
                    <TextEquiv>
                        <Unicode>seul</Unicode>
                    </TextEquiv>
                    <TextStyle fontFamily="Times New Roman" fontSize="10.0"/>
                </Word>
                <Word id="w_w2aab1b1b2b9b3b2c19" language="English" custom="readingOrder {index:6;}">
                    <Coords points="1478,2133 1655,2133 1655,2172 1478,2172"/>
                    <TextEquiv>
                        <Unicode>débours</Unicode>
                    </TextEquiv>
                    <TextStyle fontFamily="Times New Roman" fontSize="10.0"/>
                </Word>
                <Word id="w_w2aab1b1b2b9b3b2c35" language="English" custom="readingOrder {index:7;}">
                    <Coords points="1687,2129 1863,2129 1863,2168 1687,2168"/>
                    <TextEquiv>
                        <Unicode>consiste</Unicode>
                    </TextEquiv>
                    <TextStyle fontFamily="Times New Roman" fontSize="10.0"/>
                </Word>
                <Word id="w_w2aab1b1b2b9b3b2c53" language="English" custom="readingOrder {index:8;}">
                    <Coords points="1895,2128 1916,2128 1916,2163 1895,2163"/>
                    <TextEquiv>
                        <Unicode>à</Unicode>
                    </TextEquiv>
                    <TextStyle fontFamily="Times New Roman" fontSize="10.0"/>
                </Word>
                <Word id="w_w2aab1b1b2b9b3b2c57" language="English" custom="readingOrder {index:9;}">
                    <Coords points="1946,2135 2072,2135 2072,2174 1946,2174"/>
                    <TextEquiv>
                        <Unicode>payer</Unicode>
                    </TextEquiv>
                    <TextStyle fontFamily="Times New Roman" fontSize="10.0"/>
                </Word>
                <Word id="w_w2aab1b1b2b9b3b2c69" language="English" custom="readingOrder {index:10;}">
                    <Coords points="2104,2133 2161,2133 2161,2158 2104,2158"/>
                    <TextEquiv>
                        <Unicode>un</Unicode>
                    </TextEquiv>
                    <TextStyle fontFamily="Times New Roman" fontSize="10.0"/>
                </Word>
                <TextEquiv>
                    <Unicode>courtage, aucune commission ! Le seul débours consiste à payer un</Unicode>
                </TextEquiv>
            </TextLine>
            <TextLine id="tl_35" primaryLanguage="English" custom="readingOrder {index:2;}">
                <Coords points="403,2174 2178,2174 2178,2260 403,2260"/>
                <Baseline points="403,2248 601,2245 909,2247 1095,2235 1138,2234 1328,2229 1408,2227 1534,2223 1849,2219 1912,2217 1986,2218 2178,2200"/>
                <Word id="w_w2aab1b1b2b9b5ab1" language="English" custom="readingOrder {index:0;}">
                    <Coords points="403,2209 601,2209 601,2258 403,2258"/>
                    <TextEquiv>
                        <Unicode>modique</Unicode>
                    </TextEquiv>
                    <TextStyle fontFamily="Times New Roman" fontSize="10.0"/>
                </Word>
                <Word id="w_w2aab1b1b2b9b5ac17" language="English" custom="readingOrder {index:1;}">
                    <Coords points="612,2207 909,2207 909,2247 612,2247"/>
                    <TextEquiv>
                        <Unicode>abonnement,</Unicode>
                    </TextEquiv>
                    <TextStyle fontFamily="Times New Roman" fontSize="10.0"/>
                </Word>
                <Word id="w_w2aab1b1b2b9b5ac41" language="English" custom="readingOrder {index:2;}">
                    <Coords points="939,2199 1095,2199 1095,2238 939,2238"/>
                    <TextEquiv>
                        <Unicode>destiné</Unicode>
                    </TextEquiv>
                    <TextStyle fontFamily="Times New Roman" fontSize="10.0"/>
                </Word>
                <Word id="w_w2aab1b1b2b9b5ac57" language="English" custom="readingOrder {index:3;}">
                    <Coords points="1116,2198 1138,2198 1138,2234 1116,2234"/>
                    <TextEquiv>
                        <Unicode>à</Unicode>
                    </TextEquiv>
                    <TextStyle fontFamily="Times New Roman" fontSize="10.0"/>
                </Word>
                <Word id="w_w2aab1b1b2b9b5ac61" language="English" custom="readingOrder {index:4;}">
                    <Coords points="1160,2192 1328,2192 1328,2233 1160,2233"/>
                    <TextEquiv>
                        <Unicode>couvrir</Unicode>
                    </TextEquiv>
                    <TextStyle fontFamily="Times New Roman" fontSize="10.0"/>
                </Word>
                <Word id="w_w2aab1b1b2b9b5ac77" language="English" custom="readingOrder {index:5;}">
                    <Coords points="1352,2192 1408,2192 1408,2228 1352,2228"/>
                    <TextEquiv>
                        <Unicode>les</Unicode>
                    </TextEquiv>
                    <TextStyle fontFamily="Times New Roman" fontSize="10.0"/>
                </Word>
                <Word id="w_w2aab1b1b2b9b5ac85" language="English" custom="readingOrder {index:6;}">
                    <Coords points="1436,2187 1534,2187 1534,2226 1436,2226"/>
                    <TextEquiv>
                        <Unicode>frais</Unicode>
                    </TextEquiv>
                    <TextStyle fontFamily="Times New Roman" fontSize="10.0"/>
                </Word>
                <Word id="w_w2aab1b1b2b9b5ac97" language="English" custom="readingOrder {index:7;}">
                    <Coords points="1555,2182 1849,2182 1849,2233 1555,2233"/>
                    <TextEquiv>
                        <Unicode>d’impression</Unicode>
                    </TextEquiv>
                    <TextStyle fontFamily="Times New Roman" fontSize="10.0"/>
                </Word>
                <Word id="w_w2aab1b1b2b9b5ad123" language="English" custom="readingOrder {index:8;}">
                    <Coords points="1876,2185 1912,2185 1912,2217 1876,2217"/>
                    <TextEquiv>
                        <Unicode>et</Unicode>
                    </TextEquiv>
                    <TextStyle fontFamily="Times New Roman" fontSize="10.0"/>
                </Word>
                <Word id="w_w2aab1b1b2b9b5ad129" language="English" custom="readingOrder {index:9;}">
                    <Coords points="1936,2179 1986,2179 1986,2218 1936,2218"/>
                    <TextEquiv>
                        <Unicode>de</Unicode>
                    </TextEquiv>
                    <TextStyle fontFamily="Times New Roman" fontSize="10.0"/>
                </Word>
                <Word id="w_w2aab1b1b2b9b5ad135" language="English" custom="readingOrder {index:10;}">
                    <Coords points="2012,2187 2178,2187 2178,2217 2012,2217"/>
                    <TextEquiv>
                        <Unicode>corres¬</Unicode>
                    </TextEquiv>
                    <TextStyle fontFamily="Times New Roman" fontSize="10.0"/>
                </Word>
                <TextEquiv>
                    <Unicode>modique abonnement, destiné à couvrir les frais d’impression et de corres¬</Unicode>
                </TextEquiv>
                <TextStyle fontFamily="Times New Roman" fontSize="10.0"/>
            </TextLine>
            <TextLine id="tl_36" primaryLanguage="English" custom="readingOrder {index:3;}">
                <Coords points="394,2262 629,2262 629,2312 394,2312"/>
                <Baseline points="394,2312 628,2299"/>
                <Word id="w_w2aab1b1b2b9b7ab1" language="English" custom="readingOrder {index:0;}">
                    <Coords points="394,2264 628,2264 628,2312 394,2312"/>
                    <TextEquiv>
                        <Unicode>pondance.</Unicode>
                    </TextEquiv>
                    <TextStyle fontFamily="Times New Roman" fontSize="10.0"/>
                </Word>
                <TextEquiv>
                    <Unicode>pondance.</Unicode>
                </TextEquiv>
                <TextStyle fontFamily="Times New Roman" fontSize="10.0"/>
            </TextLine>
            <TextEquiv>
                <Unicode>Combien différente est notre œuvre! Nous ne demandons aucun
courtage, aucune commission ! Le seul débours consiste à payer un
modique abonnement, destiné à couvrir les frais d’impression et de corres¬
pondance.</Unicode>
            </TextEquiv>
        </TextRegion>
        <TextRegion type="paragraph" id="r_1_6" custom="readingOrder {index:5;}">
            <Coords points="397,2279 2175,2279 2175,2477 397,2477"/>
            <TextLine id="tl_37" primaryLanguage="English" custom="readingOrder {index:0;}">
                <Coords points="506,2280 2174,2280 2174,2364 506,2364"/>
                <Baseline points="506,2355 632,2352 679,2351 822,2348 1011,2353 1295,2336 1361,2335 1572,2330 1758,2326 1832,2325 2003,2324 2174,2318"/>
                <Word id="w_w2aab1b1b2c11b1ab1" language="English" custom="readingOrder {index:0;}">
                    <Coords points="506,2316 632,2316 632,2355 506,2355"/>
                    <TextEquiv>
                        <Unicode>Grâce</Unicode>
                    </TextEquiv>
                    <TextStyle fontFamily="Times New Roman" fontSize="10.0"/>
                </Word>
                <Word id="w_w2aab1b1b2c11b1ac13" language="English" custom="readingOrder {index:1;}">
                    <Coords points="659,2316 679,2316 679,2351 659,2351"/>
                    <TextEquiv>
                        <Unicode>à</Unicode>
                    </TextEquiv>
                    <TextStyle fontFamily="Times New Roman" fontSize="10.0"/>
                </Word>
                <Word id="w_w2aab1b1b2c11b1ac17" language="English" custom="readingOrder {index:2;}">
                    <Coords points="703,2315 822,2315 822,2350 703,2350"/>
                    <TextEquiv>
                        <Unicode>notre</Unicode>
                    </TextEquiv>
                    <TextStyle fontFamily="Times New Roman" fontSize="10.0"/>
                </Word>
                <Word id="w_w2aab1b1b2c11b1ac29" language="English" custom="readingOrder {index:3;}">
                    <Coords points="843,2318 1011,2318 1011,2357 843,2357"/>
                    <TextEquiv>
                        <Unicode>organe,</Unicode>
                    </TextEquiv>
                    <TextStyle fontFamily="Times New Roman" fontSize="10.0"/>
                </Word>
                <Word id="w_w2aab1b1b2c11b1ac45" language="English" custom="readingOrder {index:4;}">
                    <Coords points="1040,2303 1295,2303 1295,2352 1040,2352"/>
                    <TextEquiv>
                        <Unicode>moyennant</Unicode>
                    </TextEquiv>
                    <TextStyle fontFamily="Times New Roman" fontSize="10.0"/>
                </Word>
                <Word id="w_w2aab1b1b2c11b1ac65" language="English" custom="readingOrder {index:5;}">
                    <Coords points="1324,2298 1361,2298 1361,2335 1324,2335"/>
                    <TextEquiv>
                        <Unicode>la</Unicode>
                    </TextEquiv>
                    <TextStyle fontFamily="Times New Roman" fontSize="10.0"/>
                </Word>
                <Word id="w_w2aab1b1b2c11b1ac71" language="English" custom="readingOrder {index:6;}">
                    <Coords points="1389,2294 1572,2294 1572,2333 1389,2333"/>
                    <TextEquiv>
                        <Unicode>modeste</Unicode>
                    </TextEquiv>
                    <TextStyle fontFamily="Times New Roman" fontSize="10.0"/>
                </Word>
                <Word id="w_w2aab1b1b2c11b1ac87" language="English" custom="readingOrder {index:7;}">
                    <Coords points="1598,2301 1758,2301 1758,2329 1598,2329"/>
                    <TextEquiv>
                        <Unicode>somme</Unicode>
                    </TextEquiv>
                    <TextStyle fontFamily="Times New Roman" fontSize="10.0"/>
                </Word>
                <Word id="w_w2aab1b1b2c11b1ac99" language="English" custom="readingOrder {index:8;}">
                    <Coords points="1782,2288 1832,2288 1832,2326 1782,2326"/>
                    <TextEquiv>
                        <Unicode>de</Unicode>
                    </TextEquiv>
                    <TextStyle fontFamily="Times New Roman" fontSize="10.0"/>
                </Word>
                <Word id="w_w2aab1b1b2c11b1ad105" language="English" custom="readingOrder {index:9;}">
                    <Coords points="1856,2288 2003,2288 2003,2336 1856,2336"/>
                    <TextEquiv>
                        <Unicode>quatre</Unicode>
                    </TextEquiv>
                    <TextStyle fontFamily="Times New Roman" fontSize="10.0"/>
                </Word>
                <Word id="w_w2aab1b1b2c11b1ad119" language="English" custom="readingOrder {index:10;}">
                    <Coords points="2031,2283 2174,2283 2174,2320 2031,2320"/>
                    <TextEquiv>
                        <Unicode>francs</Unicode>
                    </TextEquiv>
                    <TextStyle fontFamily="Times New Roman" fontSize="10.0"/>
                </Word>
                <TextEquiv>
                    <Unicode>Grâce à notre organe, moyennant la modeste somme de quatre francs</Unicode>
                </TextEquiv>
                <TextStyle fontFamily="Times New Roman" fontSize="10.0"/>
            </TextLine>
            <TextLine id="tl_38" primaryLanguage="English" custom="readingOrder {index:1;}">
                <Coords points="399,2334 2174,2334 2174,2423 399,2423"/>
                <Baseline points="399,2423 477,2409 625,2416 718,2404 1001,2398 1097,2395 1236,2393 1375,2389 1481,2387 1529,2385 1652,2382 1927,2376 2020,2375 2174,2372"/>
                <Word id="w_w2aab1b1b2c11b3ab1" language="English" custom="readingOrder {index:0;}">
                    <Coords points="399,2385 477,2385 477,2423 399,2423"/>
                    <TextEquiv>
                        <Unicode>par</Unicode>
                    </TextEquiv>
                    <TextStyle fontFamily="Times New Roman" fontSize="10.0"/>
                </Word>
                <Word id="w_w2aab1b1b2c11b3ab9" language="English" custom="readingOrder {index:1;}">
                    <Coords points="506,2370 625,2370 625,2416 506,2416"/>
                    <TextEquiv>
                        <Unicode>mois,</Unicode>
                    </TextEquiv>
                    <TextStyle fontFamily="Times New Roman" fontSize="10.0"/>
                </Word>
                <Word id="w_w2aab1b1b2c11b3ac21" language="English" custom="readingOrder {index:2;}">
                    <Coords points="661,2369 718,2369 718,2405 661,2405"/>
                    <TextEquiv>
                        <Unicode>les</Unicode>
                    </TextEquiv>
                    <TextStyle fontFamily="Times New Roman" fontSize="10.0"/>
                </Word>
                <Word id="w_w2aab1b1b2c11b3ac29" language="English" custom="readingOrder {index:3;}">
                    <Coords points="745,2361 1001,2361 1001,2404 745,2404"/>
                    <TextEquiv>
                        <Unicode>célibataires</Unicode>
                    </TextEquiv>
                    <TextStyle fontFamily="Times New Roman" fontSize="10.0"/>
                </Word>
                <Word id="w_w2aab1b1b2c11b3ac55" language="English" custom="readingOrder {index:4;}">
                    <Coords points="1023,2360 1097,2360 1097,2398 1023,2398"/>
                    <TextEquiv>
                        <Unicode>des</Unicode>
                    </TextEquiv>
                    <TextStyle fontFamily="Times New Roman" fontSize="10.0"/>
                </Word>
                <Word id="w_w2aab1b1b2c11b3ac63" language="English" custom="readingOrder {index:5;}">
                    <Coords points="1130,2357 1236,2357 1236,2395 1130,2395"/>
                    <TextEquiv>
                        <Unicode>deux</Unicode>
                    </TextEquiv>
                    <TextStyle fontFamily="Times New Roman" fontSize="10.0"/>
                </Word>
                <Word id="w_w2aab1b1b2c11b3ac73" language="English" custom="readingOrder {index:6;}">
                    <Coords points="1266,2363 1375,2363 1375,2391 1266,2391"/>
                    <TextEquiv>
                        <Unicode>sexes</Unicode>
                    </TextEquiv>
                    <TextStyle fontFamily="Times New Roman" fontSize="10.0"/>
                </Word>
                <Word id="w_w2aab1b1b2c11b3ac85" language="English" custom="readingOrder {index:7;}">
                    <Coords points="1406,2353 1481,2353 1481,2387 1406,2387"/>
                    <TextEquiv>
                        <Unicode>ont</Unicode>
                    </TextEquiv>
                    <TextStyle fontFamily="Times New Roman" fontSize="10.0"/>
                </Word>
                <Word id="w_w2aab1b1b2c11b3ac93" language="English" custom="readingOrder {index:8;}">
                    <Coords points="1508,2350 1529,2350 1529,2385 1508,2385"/>
                    <TextEquiv>
                        <Unicode>à</Unicode>
                    </TextEquiv>
                    <TextStyle fontFamily="Times New Roman" fontSize="10.0"/>
                </Word>
                <Word id="w_w2aab1b1b2c11b3ac97" language="English" custom="readingOrder {index:9;}">
                    <Coords points="1560,2347 1652,2347 1652,2384 1560,2384"/>
                    <TextEquiv>
                        <Unicode>leur</Unicode>
                    </TextEquiv>
                    <TextStyle fontFamily="Times New Roman" fontSize="10.0"/>
                </Word>
                <Word id="w_w2aab1b1b2c11b3ad107" language="English" custom="readingOrder {index:10;}">
                    <Coords points="1681,2341 1927,2341 1927,2391 1681,2391"/>
                    <TextEquiv>
                        <Unicode>disposition</Unicode>
                    </TextEquiv>
                    <TextStyle fontFamily="Times New Roman" fontSize="10.0"/>
                </Word>
                <Word id="w_w2aab1b1b2c11b3ad131" language="English" custom="readingOrder {index:11;}">
                    <Coords points="1963,2350 2020,2350 2020,2375 1963,2375"/>
                    <TextEquiv>
                        <Unicode>un</Unicode>
                    </TextEquiv>
                    <TextStyle fontFamily="Times New Roman" fontSize="10.0"/>
                </Word>
                <Word id="w_w2aab1b1b2c11b3ad137" language="English" custom="readingOrder {index:12;}">
                    <Coords points="2050,2335 2174,2335 2174,2373 2050,2373"/>
                    <TextEquiv>
                        <Unicode>choix</Unicode>
                    </TextEquiv>
                    <TextStyle fontFamily="Times New Roman" fontSize="10.0"/>
                </Word>
                <TextEquiv>
                    <Unicode>par mois, les célibataires des deux sexes ont à leur disposition un choix</Unicode>
                </TextEquiv>
                <TextStyle fontFamily="Times New Roman" fontSize="10.0"/>
            </TextLine>
            <TextLine id="tl_39" primaryLanguage="English" custom="readingOrder {index:2;}">
                <Coords points="398,2392 1987,2392 1987,2476 398,2476"/>
                <Baseline points="398,2465 451,2464 613,2469 896,2455 973,2455 1156,2448 1440,2441 1489,2440 1649,2437 1729,2433 1986,2433"/>
                <Word id="w_w2aab1b1b2c11b5ab1" language="English" custom="readingOrder {index:0;}">
                    <Coords points="398,2428 451,2428 451,2465 398,2465"/>
                    <TextEquiv>
                        <Unicode>de</Unicode>
                    </TextEquiv>
                    <TextStyle fontFamily="Times New Roman" fontSize="10.0"/>
                </Word>
                <Word id="w_w2aab1b1b2c11b5ab7" language="English" custom="readingOrder {index:1;}">
                    <Coords points="473,2425 613,2425 613,2475 473,2475"/>
                    <TextEquiv>
                        <Unicode>partis,</Unicode>
                    </TextEquiv>
                    <TextStyle fontFamily="Times New Roman" fontSize="10.0"/>
                </Word>
                <Word id="w_w2aab1b1b2c11b5ac23" language="English" custom="readingOrder {index:2;}">
                    <Coords points="644,2422 896,2422 896,2470 644,2470"/>
                    <TextEquiv>
                        <Unicode>permettant</Unicode>
                    </TextEquiv>
                    <TextStyle fontFamily="Times New Roman" fontSize="10.0"/>
                </Word>
                <Word id="w_w2aab1b1b2c11b5ac45" language="English" custom="readingOrder {index:3;}">
                    <Coords points="922,2416 973,2416 973,2455 922,2455"/>
                    <TextEquiv>
                        <Unicode>de</Unicode>
                    </TextEquiv>
                    <TextStyle fontFamily="Times New Roman" fontSize="10.0"/>
                </Word>
                <Word id="w_w2aab1b1b2c11b5ac51" language="English" custom="readingOrder {index:4;}">
                    <Coords points="995,2414 1156,2414 1156,2452 995,2452"/>
                    <TextEquiv>
                        <Unicode>donner</Unicode>
                    </TextEquiv>
                    <TextStyle fontFamily="Times New Roman" fontSize="10.0"/>
                </Word>
                <Word id="w_w2aab1b1b2c11b5ac65" language="English" custom="readingOrder {index:5;}">
                    <Coords points="1183,2403 1440,2403 1440,2447 1183,2447"/>
                    <TextEquiv>
                        <Unicode>satisfaction</Unicode>
                    </TextEquiv>
                    <TextStyle fontFamily="Times New Roman" fontSize="10.0"/>
                </Word>
                <Word id="w_w2aab1b1b2c11b5ac91" language="English" custom="readingOrder {index:6;}">
                    <Coords points="1469,2404 1489,2404 1489,2440 1469,2440"/>
                    <TextEquiv>
                        <Unicode>à</Unicode>
                    </TextEquiv>
                    <TextStyle fontFamily="Times New Roman" fontSize="10.0"/>
                </Word>
                <Word id="w_w2aab1b1b2c11b5ac95" language="English" custom="readingOrder {index:7;}">
                    <Coords points="1517,2405 1649,2405 1649,2441 1517,2441"/>
                    <TextEquiv>
                        <Unicode>toutes</Unicode>
                    </TextEquiv>
                    <TextStyle fontFamily="Times New Roman" fontSize="10.0"/>
                </Word>
                <Word id="w_w2aab1b1b2c11b5ad109" language="English" custom="readingOrder {index:8;}">
                    <Coords points="1672,2399 1729,2399 1729,2435 1672,2435"/>
                    <TextEquiv>
                        <Unicode>les</Unicode>
                    </TextEquiv>
                    <TextStyle fontFamily="Times New Roman" fontSize="10.0"/>
                </Word>
                <Word id="w_w2aab1b1b2c11b5ad117" language="English" custom="readingOrder {index:9;}">
                    <Coords points="1758,2396 1986,2396 1986,2443 1758,2443"/>
                    <TextEquiv>
                        <Unicode>exigences.</Unicode>
                    </TextEquiv>
                    <TextStyle fontFamily="Times New Roman" fontSize="10.0"/>
                </Word>
                <TextEquiv>
                    <Unicode>de partis, permettant de donner satisfaction à toutes les exigences.</Unicode>
                </TextEquiv>
                <TextStyle fontFamily="Times New Roman" fontSize="10.0"/>
            </TextLine>
            <TextEquiv>
                <Unicode>Grâce à notre organe, moyennant la modeste somme de quatre francs
par mois, les célibataires des deux sexes ont à leur disposition un choix
de partis, permettant de donner satisfaction à toutes les exigences.</Unicode>
            </TextEquiv>
        </TextRegion>
        <TextRegion type="paragraph" id="r_1_7" custom="readingOrder {index:6;}">
            <Coords points="391,2438 2186,2438 2186,2856 391,2856"/>
            <TextLine id="tl_40" primaryLanguage="English" custom="readingOrder {index:0;}">
                <Coords points="525,2439 2176,2439 2176,2526 525,2526"/>
                <Baseline points="525,2516 635,2513 801,2509 844,2509 905,2508 1098,2503 1144,2501 1620,2490 1660,2488 1755,2488 1868,2486 1948,2484 2176,2480"/>
                <Word id="w_w2aab1b1b2c13b1ab1" language="English" custom="readingOrder {index:0;}">
                    <Coords points="525,2478 635,2478 635,2516 525,2516"/>
                    <TextEquiv>
                        <Unicode>Nous</Unicode>
                    </TextEquiv>
                    <TextStyle fontFamily="Times New Roman" fontSize="10.0"/>
                </Word>
                <Word id="w_w2aab1b1b2c13b1ac11" language="English" custom="readingOrder {index:1;}">
                    <Coords points="655,2482 801,2482 801,2514 655,2514"/>
                    <TextEquiv>
                        <Unicode>tenons</Unicode>
                    </TextEquiv>
                    <TextStyle fontFamily="Times New Roman" fontSize="10.0"/>
                </Word>
                <Word id="w_w2aab1b1b2c13b1ac25" language="English" custom="readingOrder {index:2;}">
                    <Coords points="824,2475 844,2475 844,2509 824,2509"/>
                    <TextEquiv>
                        <Unicode>à</Unicode>
                    </TextEquiv>
                    <TextStyle fontFamily="Times New Roman" fontSize="10.0"/>
                </Word>
                <Word id="w_w2aab1b1b2c13b1ac29" language="English" custom="readingOrder {index:3;}">
                    <Coords points="867,2471 905,2471 905,2508 867,2508"/>
                    <TextEquiv>
                        <Unicode>le</Unicode>
                    </TextEquiv>
                    <TextStyle fontFamily="Times New Roman" fontSize="10.0"/>
                </Word>
                <Word id="w_w2aab1b1b2c13b1ac35" language="English" custom="readingOrder {index:4;}">
                    <Coords points="923,2469 1098,2469 1098,2517 923,2517"/>
                    <TextEquiv>
                        <Unicode>répéter:</Unicode>
                    </TextEquiv>
                    <TextStyle fontFamily="Times New Roman" fontSize="10.0"/>
                </Word>
                <Word id="w_w2aab1b1b2c13b1ac53" language="English" custom="readingOrder {index:5;}">
                    <Coords points="1125,2478 1144,2478 1144,2501 1125,2501"/>
                    <TextEquiv>
                        <Unicode>«</Unicode>
                    </TextEquiv>
                    <TextStyle fontFamily="Times New Roman" fontSize="10.0"/>
                </Word>
                <Word id="w_w2aab1b1b2c13b1ac57" language="English" custom="readingOrder {index:6;}">
                    <Coords points="1165,2452 1620,2452 1620,2501 1165,2501"/>
                    <TextEquiv>
                        <Unicode>L’INTERMEDIAIRE</Unicode>
                    </TextEquiv>
                    <TextStyle fontFamily="Times New Roman" fontSize="10.0"/>
                </Word>
                <Word id="w_w2aab1b1b2c13b1ac89" language="English" custom="readingOrder {index:7;}">
                    <Coords points="1642,2465 1660,2465 1660,2488 1642,2488"/>
                    <TextEquiv>
                        <Unicode>»</Unicode>
                    </TextEquiv>
                    <TextStyle fontFamily="Times New Roman" fontSize="10.0"/>
                </Word>
                <Word id="w_w2aab1b1b2c13b1ac93" language="English" custom="readingOrder {index:8;}">
                    <Coords points="1685,2448 1755,2448 1755,2488 1685,2488"/>
                    <TextEquiv>
                        <Unicode>n’a</Unicode>
                    </TextEquiv>
                    <TextStyle fontFamily="Times New Roman" fontSize="10.0"/>
                </Word>
                <Word id="w_w2aab1b1b2c13b1ad101" language="English" custom="readingOrder {index:9;}">
                    <Coords points="1779,2450 1868,2450 1868,2486 1779,2486"/>
                    <TextEquiv>
                        <Unicode>rien</Unicode>
                    </TextEquiv>
                    <TextStyle fontFamily="Times New Roman" fontSize="10.0"/>
                </Word>
                <Word id="w_w2aab1b1b2c13b1ad111" language="English" custom="readingOrder {index:10;}">
                    <Coords points="1900,2448 1948,2448 1948,2484 1900,2484"/>
                    <TextEquiv>
                        <Unicode>de</Unicode>
                    </TextEquiv>
                    <TextStyle fontFamily="Times New Roman" fontSize="10.0"/>
                </Word>
                <Word id="w_w2aab1b1b2c13b1ad117" language="English" custom="readingOrder {index:11;}">
                    <Coords points="1973,2454 2176,2454 2176,2483 1973,2483"/>
                    <TextEquiv>
                        <Unicode>commun</Unicode>
                    </TextEquiv>
                    <TextStyle fontFamily="Times New Roman" fontSize="10.0"/>
                </Word>
                <TextEquiv>
                    <Unicode>Nous tenons à le répéter: « L’INTERMEDIAIRE » n’a rien de commun</Unicode>
                </TextEquiv>
                <TextStyle fontFamily="Times New Roman" fontSize="10.0"/>
            </TextLine>
            <TextLine id="tl_41" primaryLanguage="English" custom="readingOrder {index:1;}">
                <Coords points="400,2501 2179,2501 2179,2593 400,2593"/>
                <Baseline points="400,2579 499,2578 586,2578 793,2570 1152,2561 1182,2568 1315,2559 1421,2555 1586,2551 1722,2549 1785,2546 1893,2545 2083,2541 2178,2538"/>
                <Word id="w_w2aab1b1b2c13b3ab1" language="English" custom="readingOrder {index:0;}">
                    <Coords points="400,2552 499,2552 499,2579 400,2579"/>
                    <TextEquiv>
                        <Unicode>avec</Unicode>
                    </TextEquiv>
                    <TextStyle fontFamily="Times New Roman" fontSize="10.0"/>
                </Word>
                <Word id="w_w2aab1b1b2c13b3ac11" language="English" custom="readingOrder {index:1;}">
                    <Coords points="530,2539 586,2539 586,2578 530,2578"/>
                    <TextEquiv>
                        <Unicode>les</Unicode>
                    </TextEquiv>
                    <TextStyle fontFamily="Times New Roman" fontSize="10.0"/>
                </Word>
                <Word id="w_w2aab1b1b2c13b3ac19" language="English" custom="readingOrder {index:2;}">
                    <Coords points="618,2545 793,2545 793,2588 618,2588"/>
                    <TextEquiv>
                        <Unicode>agences</Unicode>
                    </TextEquiv>
                    <TextStyle fontFamily="Times New Roman" fontSize="10.0"/>
                </Word>
                <Word id="w_w2aab1b1b2c13b3ac35" language="English" custom="readingOrder {index:3;}">
                    <Coords points="820,2525 1152,2525 1152,2570 820,2570"/>
                    <TextEquiv>
                        <Unicode>matrimoniales</Unicode>
                    </TextEquiv>
                    <TextStyle fontFamily="Times New Roman" fontSize="10.0"/>
                </Word>
                <Word id="w_w2aab1b1b2c13b3ac63" language="English" custom="readingOrder {index:4;}">
                    <Coords points="1173,2535 1182,2535 1182,2568 1173,2568"/>
                    <TextEquiv>
                        <Unicode>;</Unicode>
                    </TextEquiv>
                    <TextStyle fontFamily="Times New Roman" fontSize="10.0"/>
                </Word>
                <Word id="w_w2aab1b1b2c13b3b1b1" language="English" custom="readingOrder {index:5;}">
                    <Coords points="1216,2519 1315,2519 1315,2560 1216,2560"/>
                    <TextEquiv>
                        <Unicode>c'est</Unicode>
                    </TextEquiv>
                    <TextStyle fontFamily="Times New Roman" fontSize="10.0" italic="true"/>
                </Word>
                <Word id="w_w2aab1b1b2c13b3b1c13" language="English" custom="readingOrder {index:6;}">
                    <Coords points="1341,2530 1421,2530 1421,2557 1341,2557"/>
                    <TextEquiv>
                        <Unicode>une</Unicode>
                    </TextEquiv>
                    <TextStyle fontFamily="Times New Roman" fontSize="10.0" italic="true"/>
                </Word>
                <Word id="w_w2aab1b1b2c13b3b1c21" language="English" custom="readingOrder {index:7;}">
                    <Coords points="1449,2525 1586,2525 1586,2554 1449,2554"/>
                    <TextEquiv>
                        <Unicode>œuvre</Unicode>
                    </TextEquiv>
                    <TextStyle fontFamily="Times New Roman" fontSize="10.0" italic="true"/>
                </Word>
                <Word id="w_w2aab1b1b2c13b3b1c33" language="English" custom="readingOrder {index:8;}">
                    <Coords points="1621,2513 1722,2513 1722,2550 1621,2550"/>
                    <TextEquiv>
                        <Unicode>dont</Unicode>
                    </TextEquiv>
                    <TextStyle fontFamily="Times New Roman" fontSize="10.0" italic="true"/>
                </Word>
                <Word id="w_w2aab1b1b2c13b3b1c43" language="English" custom="readingOrder {index:9;}">
                    <Coords points="1751,2511 1785,2511 1785,2547 1751,2547"/>
                    <TextEquiv>
                        <Unicode>le</Unicode>
                    </TextEquiv>
                    <TextStyle fontFamily="Times New Roman" fontSize="10.0" italic="true"/>
                </Word>
                <Word id="w_w2aab1b1b2c13b3b1c49" language="English" custom="readingOrder {index:10;}">
                    <Coords points="1823,2510 1893,2510 1893,2545 1823,2545"/>
                    <TextEquiv>
                        <Unicode>but</Unicode>
                    </TextEquiv>
                    <TextStyle fontFamily="Times New Roman" fontSize="10.0" italic="true"/>
                </Word>
                <Word id="w_w2aab1b1b2c13b3b1c57" language="English" custom="readingOrder {index:11;}">
                    <Coords points="1927,2507 2083,2507 2083,2553 1927,2553"/>
                    <TextEquiv>
                        <Unicode>unique</Unicode>
                    </TextEquiv>
                    <TextStyle fontFamily="Times New Roman" fontSize="10.0" italic="true"/>
                </Word>
                <Word id="w_w2aab1b1b2c13b3b1c71" language="English" custom="readingOrder {index:12;}">
                    <Coords points="2118,2504 2178,2504 2178,2540 2118,2540"/>
                    <TextEquiv>
                        <Unicode>est</Unicode>
                    </TextEquiv>
                    <TextStyle fontFamily="Times New Roman" fontSize="10.0" italic="true"/>
                </Word>
                <TextEquiv>
                    <Unicode>avec les agences matrimoniales ; c'est une œuvre dont le but unique est</Unicode>
                </TextEquiv>
            </TextLine>
            <TextLine id="tl_42" primaryLanguage="English" custom="readingOrder {index:2;}">
                <Coords points="403,2555 2180,2555 2180,2641 403,2641"/>
                <Baseline points="403,2631 452,2631 621,2628 701,2628 749,2626 1180,2616 1352,2611 1615,2603 1878,2598 1963,2598 2179,2593"/>
                <Word id="w_w2aab1b1b2c13b5ab1" language="English" custom="readingOrder {index:0;}">
                    <Coords points="403,2595 452,2595 452,2631 403,2631"/>
                    <TextEquiv>
                        <Unicode>de</Unicode>
                    </TextEquiv>
                    <TextStyle fontFamily="Times New Roman" fontSize="10.0" italic="true"/>
                </Word>
                <Word id="w_w2aab1b1b2c13b5ab7" language="English" custom="readingOrder {index:1;}">
                    <Coords points="491,2591 621,2591 621,2631 491,2631"/>
                    <TextEquiv>
                        <Unicode>servir</Unicode>
                    </TextEquiv>
                    <TextStyle fontFamily="Times New Roman" fontSize="10.0" italic="true"/>
                </Word>
                <Word id="w_w2aab1b1b2c13b5ac21" language="English" custom="readingOrder {index:2;}">
                    <Coords points="653,2590 701,2590 701,2628 653,2628"/>
                    <TextEquiv>
                        <Unicode>de</Unicode>
                    </TextEquiv>
                    <TextStyle fontFamily="Times New Roman" fontSize="10.0" italic="true"/>
                </Word>
                <Word id="w_w2aab1b1b2c13b5ac27" language="English" custom="readingOrder {index:3;}">
                    <Coords points="735,2581 1029,2581 1029,2626 735,2626"/>
                    <TextEquiv>
                        <Unicode>trait-d'union</Unicode>
                    </TextEquiv>
                    <TextStyle fontFamily="Times New Roman" fontSize="10.0" italic="true"/>
                </Word>
                <Word id="w_w2aab1b1b2c13b5b1b3" language="English" custom="readingOrder {index:4;}">
                    <Coords points="1062,2584 1180,2584 1180,2617 1062,2617"/>
                    <TextEquiv>
                        <Unicode>entre</Unicode>
                    </TextEquiv>
                    <TextStyle fontFamily="Times New Roman" fontSize="10.0"/>
                </Word>
                <Word id="w_w2aab1b1b2c13b5b1c15" language="English" custom="readingOrder {index:5;}">
                    <Coords points="1219,2580 1352,2580 1352,2614 1219,2614"/>
                    <TextEquiv>
                        <Unicode>toutes</Unicode>
                    </TextEquiv>
                    <TextStyle fontFamily="Times New Roman" fontSize="10.0"/>
                </Word>
                <Word id="w_w2aab1b1b2c13b5b1c29" language="English" custom="readingOrder {index:6;}">
                    <Coords points="1391,2579 1615,2579 1615,2622 1391,2622"/>
                    <TextEquiv>
                        <Unicode>personnes</Unicode>
                    </TextEquiv>
                    <TextStyle fontFamily="Times New Roman" fontSize="10.0"/>
                </Word>
                <Word id="w_w2aab1b1b2c13b5b1c49" language="English" custom="readingOrder {index:7;}">
                    <Coords points="1653,2565 1878,2565 1878,2603 1653,2603"/>
                    <TextEquiv>
                        <Unicode>désireuses</Unicode>
                    </TextEquiv>
                    <TextStyle fontFamily="Times New Roman" fontSize="10.0"/>
                </Word>
                <Word id="w_w2aab1b1b2c13b5b1c71" language="English" custom="readingOrder {index:8;}">
                    <Coords points="1914,2560 1963,2560 1963,2598 1914,2598"/>
                    <TextEquiv>
                        <Unicode>de</Unicode>
                    </TextEquiv>
                    <TextStyle fontFamily="Times New Roman" fontSize="10.0"/>
                </Word>
                <Word id="w_w2aab1b1b2c13b5b1c77" language="English" custom="readingOrder {index:9;}">
                    <Coords points="2002,2556 2179,2556 2179,2606 2002,2606"/>
                    <TextEquiv>
                        <Unicode>remplir</Unicode>
                    </TextEquiv>
                    <TextStyle fontFamily="Times New Roman" fontSize="10.0"/>
                </Word>
                <TextEquiv>
                    <Unicode>de servir de trait-d'union entre toutes personnes désireuses de remplir</Unicode>
                </TextEquiv>
            </TextLine>
            <TextLine id="tl_43" primaryLanguage="English" custom="readingOrder {index:3;}">
                <Coords points="394,2607 2181,2607 2181,2694 394,2694"/>
                <Baseline points="394,2687 493,2684 655,2682 800,2679 876,2676 1166,2671 1232,2668 1574,2658 1683,2656 1802,2653 1928,2650 2180,2646"/>
                <Word id="w_w2aab1b1b2c13b7ab1" language="English" custom="readingOrder {index:0;}">
                    <Coords points="394,2649 493,2649 493,2687 394,2687"/>
                    <TextEquiv>
                        <Unicode>leur</Unicode>
                    </TextEquiv>
                    <TextStyle fontFamily="Times New Roman" fontSize="10.0"/>
                </Word>
                <Word id="w_w2aab1b1b2c13b7ac11" language="English" custom="readingOrder {index:1;}">
                    <Coords points="512,2646 655,2646 655,2685 512,2685"/>
                    <TextEquiv>
                        <Unicode>devoir</Unicode>
                    </TextEquiv>
                    <TextStyle fontFamily="Times New Roman" fontSize="10.0"/>
                </Word>
                <Word id="w_w2aab1b1b2c13b7ac25" language="English" custom="readingOrder {index:2;}">
                    <Coords points="676,2642 800,2642 800,2681 676,2681"/>
                    <TextEquiv>
                        <Unicode>social</Unicode>
                    </TextEquiv>
                    <TextStyle fontFamily="Times New Roman" fontSize="10.0"/>
                </Word>
                <Word id="w_w2aab1b1b2c13b7ac39" language="English" custom="readingOrder {index:3;}">
                    <Coords points="829,2653 876,2653 876,2677 829,2677"/>
                    <TextEquiv>
                        <Unicode>en</Unicode>
                    </TextEquiv>
                    <TextStyle fontFamily="Times New Roman" fontSize="10.0"/>
                </Word>
                <Word id="w_w2aab1b1b2c13b7ac45" language="English" custom="readingOrder {index:4;}">
                    <Coords points="902,2637 1166,2637 1166,2677 902,2677"/>
                    <TextEquiv>
                        <Unicode>contractant</Unicode>
                    </TextEquiv>
                    <TextStyle fontFamily="Times New Roman" fontSize="10.0"/>
                </Word>
                <Word id="w_w2aab1b1b2c13b7ac69" language="English" custom="readingOrder {index:5;}">
                    <Coords points="1191,2628 1390,2628 1390,2676 1191,2676"/>
                    <TextEquiv>
                        <Unicode>mariage,</Unicode>
                    </TextEquiv>
                    <TextStyle fontFamily="Times New Roman" fontSize="10.0"/>
                </Word>
                <Word id="w_w2aab1b1b2c13b7b1b1" language="English" custom="readingOrder {index:6;}">
                    <Coords points="1411,2620 1574,2620 1574,2672 1411,2672"/>
                    <TextEquiv>
                        <Unicode>quelle</Unicode>
                    </TextEquiv>
                    <TextStyle fontFamily="Times New Roman" fontSize="11.0" bold="true" italic="true"/>
                </Word>
                <Word id="w_w2aab1b1b2c13b7b1c15" language="English" custom="readingOrder {index:7;}">
                    <Coords points="1589,2627 1683,2627 1683,2666 1589,2666"/>
                    <TextEquiv>
                        <Unicode>que</Unicode>
                    </TextEquiv>
                    <TextStyle fontFamily="Times New Roman" fontSize="11.0" bold="true" italic="true"/>
                </Word>
                <Word id="w_w2aab1b1b2c13b7b1c23" language="English" custom="readingOrder {index:8;}">
                    <Coords points="1705,2615 1802,2615 1802,2655 1705,2655"/>
                    <TextEquiv>
                        <Unicode>soit</Unicode>
                    </TextEquiv>
                    <TextStyle fontFamily="Times New Roman" fontSize="11.0" bold="true" italic="true"/>
                </Word>
                <Word id="w_w2aab1b1b2c13b7b1c33" language="English" custom="readingOrder {index:9;}">
                    <Coords points="1816,2614 1928,2614 1928,2653 1816,2653"/>
                    <TextEquiv>
                        <Unicode>leur</Unicode>
                    </TextEquiv>
                    <TextStyle fontFamily="Times New Roman" fontSize="11.0" bold="true" italic="true"/>
                </Word>
                <Word id="w_w2aab1b1b2c13b7b1c43" language="English" custom="readingOrder {index:10;}">
                    <Coords points="1943,2609 2180,2609 2180,2651 1943,2651"/>
                    <TextEquiv>
                        <Unicode>situation</Unicode>
                    </TextEquiv>
                    <TextStyle fontFamily="Times New Roman" fontSize="11.0" bold="true" italic="true"/>
                </Word>
                <TextEquiv>
                    <Unicode>leur devoir social en contractant mariage, quelle que soit leur situation</Unicode>
                </TextEquiv>
            </TextLine>
            <TextLine id="tl_44" primaryLanguage="English" custom="readingOrder {index:4;}">
                <Coords points="392,2661 2178,2661 2178,2748 392,2748"/>
                <Baseline points="392,2739 457,2738 691,2738 772,2732 840,2731 974,2728 1213,2720 1261,2719 1333,2719 1462,2715 1617,2711 1733,2711 1870,2707 2177,2702"/>
                <Word id="w_w2aab1b1b2c13b9ab1" language="English" custom="readingOrder {index:0;}">
                    <Coords points="392,2700 457,2700 457,2739 392,2739"/>
                    <TextEquiv>
                        <Unicode>de</Unicode>
                    </TextEquiv>
                    <TextStyle fontFamily="Times New Roman" fontSize="11.0" bold="true" italic="true"/>
                </Word>
                <Word id="w_w2aab1b1b2c13b9ab7" language="English" custom="readingOrder {index:1;}">
                    <Coords points="477,2698 691,2698 691,2738 477,2738"/>
                    <TextEquiv>
                        <Unicode>fortune,</Unicode>
                    </TextEquiv>
                    <TextStyle fontFamily="Times New Roman" fontSize="11.0" bold="true" italic="true"/>
                </Word>
                <Word id="w_w2aab1b1b2c13b9ac25" language="English" custom="readingOrder {index:2;}">
                    <Coords points="714,2695 772,2695 772,2733 714,2733"/>
                    <TextEquiv>
                        <Unicode>de</Unicode>
                    </TextEquiv>
                    <TextStyle fontFamily="Times New Roman" fontSize="11.0" bold="true" italic="true"/>
                </Word>
                <Word id="w_w2aab1b1b2c13b9ac31" language="English" custom="readingOrder {index:3;}">
                    <Coords points="792,2692 840,2692 840,2731 792,2731"/>
                    <TextEquiv>
                        <Unicode>la</Unicode>
                    </TextEquiv>
                    <TextStyle fontFamily="Times New Roman" fontSize="11.0" bold="true" italic="true"/>
                </Word>
                <Word id="w_w2aab1b1b2c13b9ac37" language="English" custom="readingOrder {index:4;}">
                    <Coords points="858,2690 974,2690 974,2739 858,2739"/>
                    <TextEquiv>
                        <Unicode>plus</Unicode>
                    </TextEquiv>
                    <TextStyle fontFamily="Times New Roman" fontSize="11.0" bold="true" italic="true"/>
                </Word>
                <Word id="w_w2aab1b1b2c13b9ac47" language="English" custom="readingOrder {index:5;}">
                    <Coords points="991,2685 1213,2685 1213,2726 991,2726"/>
                    <TextEquiv>
                        <Unicode>modeste</Unicode>
                    </TextEquiv>
                    <TextStyle fontFamily="Times New Roman" fontSize="11.0" bold="true" italic="true"/>
                </Word>
                <Word id="w_w2aab1b1b2c13b9ac63" language="English" custom="readingOrder {index:6;}">
                    <Coords points="1235,2681 1261,2681 1261,2719 1235,2719"/>
                    <TextEquiv>
                        <Unicode>à</Unicode>
                    </TextEquiv>
                    <TextStyle fontFamily="Times New Roman" fontSize="11.0" bold="true" italic="true"/>
                </Word>
                <Word id="w_w2aab1b1b2c13b9ac67" language="English" custom="readingOrder {index:7;}">
                    <Coords points="1285,2680 1333,2680 1333,2719 1285,2719"/>
                    <TextEquiv>
                        <Unicode>la</Unicode>
                    </TextEquiv>
                    <TextStyle fontFamily="Times New Roman" fontSize="11.0" bold="true" italic="true"/>
                </Word>
                <Word id="w_w2aab1b1b2c13b9ac73" language="English" custom="readingOrder {index:8;}">
                    <Coords points="1350,2678 1462,2678 1462,2716 1350,2716"/>
                    <TextEquiv>
                        <Unicode>nius</Unicode>
                    </TextEquiv>
                    <TextStyle fontFamily="Times New Roman" fontSize="11.0" bold="true" italic="true"/>
                </Word>
                <Word id="w_w2aab1b1b2c13b9ac83" language="English" custom="readingOrder {index:9;}">
                    <Coords points="1482,2672 1660,2672 1660,2714 1482,2714"/>
                    <TextEquiv>
                        <Unicode>élevée,</Unicode>
                    </TextEquiv>
                    <TextStyle fontFamily="Times New Roman" fontSize="11.0" bold="true" italic="true"/>
                </Word>
                <Word id="w_w2aab1b1b2c13b9b2b1" language="English" custom="readingOrder {index:10;}">
                    <Coords points="1692,2678 1733,2678 1733,2711 1692,2711"/>
                    <TextEquiv>
                        <Unicode>et</Unicode>
                    </TextEquiv>
                    <TextStyle fontFamily="Times New Roman" fontSize="10.0"/>
                </Word>
                <Word id="w_w2aab1b1b2c13b9b2b7" language="English" custom="readingOrder {index:11;}">
                    <Coords points="1766,2683 1870,2683 1870,2709 1766,2709"/>
                    <TextEquiv>
                        <Unicode>nous</Unicode>
                    </TextEquiv>
                    <TextStyle fontFamily="Times New Roman" fontSize="10.0"/>
                </Word>
                <Word id="w_w2aab1b1b2c13b9b2c17" language="English" custom="readingOrder {index:12;}">
                    <Coords points="1907,2666 2177,2666 2177,2717 1907,2717"/>
                    <TextEquiv>
                        <Unicode>remplissons</Unicode>
                    </TextEquiv>
                    <TextStyle fontFamily="Times New Roman" fontSize="10.0"/>
                </Word>
                <TextEquiv>
                    <Unicode>de fortune, de la plus modeste à la nius élevée, et nous remplissons</Unicode>
                </TextEquiv>
            </TextLine>
            <TextLine id="tl_45" primaryLanguage="English" custom="readingOrder {index:5;}">
                <Coords points="409,2717 2185,2717 2185,2801 409,2801"/>
                <Baseline points="409,2795 696,2789 823,2785 1133,2780 1193,2778 1571,2767 1687,2763 1764,2760 2046,2757 2184,2754"/>
                <Word id="w_w2aab1b1b2c13c11ab1" language="English" custom="readingOrder {index:0;}">
                    <Coords points="409,2753 696,2753 696,2795 409,2795"/>
                    <TextEquiv>
                        <Unicode>cettemission</Unicode>
                    </TextEquiv>
                    <TextStyle fontFamily="Times New Roman" fontSize="10.0"/>
                </Word>
                <Word id="w_w2aab1b1b2c13c11ac27" language="English" custom="readingOrder {index:1;}">
                    <Coords points="726,2762 823,2762 823,2788 726,2788"/>
                    <TextEquiv>
                        <Unicode>avec</Unicode>
                    </TextEquiv>
                    <TextStyle fontFamily="Times New Roman" fontSize="10.0"/>
                </Word>
                <Word id="w_w2aab1b1b2c13c11ac37" language="English" custom="readingOrder {index:2;}">
                    <Coords points="848,2742 1133,2742 1133,2786 848,2786"/>
                    <TextEquiv>
                        <Unicode>L’EXTREME</Unicode>
                    </TextEquiv>
                    <TextStyle fontFamily="Times New Roman" fontSize="10.0"/>
                </Word>
                <Word id="w_w2aab1b1b2c13c11ac57" language="English" custom="readingOrder {index:3;}">
                    <Coords points="1159,2732 1468,2732 1468,2781 1159,2781"/>
                    <TextEquiv>
                        <Unicode>DISCRETION</Unicode>
                    </TextEquiv>
                    <TextStyle fontFamily="Times New Roman" fontSize="10.0"/>
                </Word>
                <Word id="w_w2aab1b1b2c13c11b1b1" language="English" custom="readingOrder {index:4;}">
                    <Coords points="1494,2742 1571,2742 1571,2780 1494,2780"/>
                    <TextEquiv>
                        <Unicode>que</Unicode>
                    </TextEquiv>
                    <TextStyle fontFamily="Times New Roman" fontSize="10.0" italic="true"/>
                </Word>
                <Word id="w_w2aab1b1b2c13c11b1b9" language="English" custom="readingOrder {index:5;}">
                    <Coords points="1602,2728 1687,2728 1687,2766 1602,2766"/>
                    <TextEquiv>
                        <Unicode>doit</Unicode>
                    </TextEquiv>
                    <TextStyle fontFamily="Times New Roman" fontSize="10.0" italic="true"/>
                </Word>
                <Word id="w_w2aab1b1b2c13c11b1c19" language="English" custom="readingOrder {index:6;}">
                    <Coords points="1719,2725 1956,2725 1956,2773 1719,2773"/>
                    <TextEquiv>
                        <Unicode>comporter</Unicode>
                    </TextEquiv>
                    <TextStyle fontFamily="Times New Roman" fontSize="10.0" italic="true"/>
                </Word>
                <Word id="w_w2aab1b1b2c13c11b2b1" language="English" custom="readingOrder {index:7;}">
                    <Coords points="1984,2729 2046,2729 2046,2758 1984,2758"/>
                    <TextEquiv>
                        <Unicode>un</Unicode>
                    </TextEquiv>
                    <TextStyle fontFamily="Times New Roman" fontSize="11.0" bold="true" italic="true"/>
                </Word>
                <Word id="w_w2aab1b1b2c13c11b2b7" language="English" custom="readingOrder {index:8;}">
                    <Coords points="2075,2718 2184,2718 2184,2756 2075,2756"/>
                    <TextEquiv>
                        <Unicode>acte</Unicode>
                    </TextEquiv>
                    <TextStyle fontFamily="Times New Roman" fontSize="11.0" bold="true" italic="true"/>
                </Word>
                <TextEquiv>
                    <Unicode>cettemission avec L’EXTREME DISCRETION que doit comporter un acte</Unicode>
                </TextEquiv>
            </TextLine>
            <TextLine id="tl_46" primaryLanguage="English" custom="readingOrder {index:6;}">
                <Coords points="393,2781 1610,2781 1610,2855 393,2855"/>
                <Baseline points="393,2849 536,2846 741,2841 843,2842 1004,2835 1165,2830 1282,2830 1348,2827 1610,2819"/>
                <Word id="w_w2aab1b1b2c13c13ab1" language="English" custom="readingOrder {index:0;}">
                    <Coords points="393,2808 536,2808 536,2849 393,2849"/>
                    <TextEquiv>
                        <Unicode>aussi</Unicode>
                    </TextEquiv>
                    <TextStyle fontFamily="Times New Roman" fontSize="11.0" bold="true" italic="true"/>
                </Word>
                <Word id="w_w2aab1b1b2c13c13ac13" language="English" custom="readingOrder {index:1;}">
                    <Coords points="555,2802 830,2802 830,2849 555,2849"/>
                    <TextEquiv>
                        <Unicode>important</Unicode>
                    </TextEquiv>
                    <TextStyle fontFamily="Times New Roman" fontSize="11.0" bold="true" italic="true"/>
                </Word>
                <Word id="w_w2aab1b1b2c13c13b1b1" language="English" custom="readingOrder {index:2;}">
                    <Coords points="837,2809 843,2809 843,2842 837,2842"/>
                    <TextEquiv>
                        <Unicode>,</Unicode>
                    </TextEquiv>
                    <TextStyle fontFamily="Times New Roman" fontSize="5.0" bold="true"/>
                </Word>
                <Word id="w_w2aab1b1b2c13c13b2b1" language="English" custom="readingOrder {index:3;}">
                    <Coords points="866,2797 1004,2797 1004,2838 866,2838"/>
                    <TextEquiv>
                        <Unicode>aussi</Unicode>
                    </TextEquiv>
                    <TextStyle fontFamily="Times New Roman" fontSize="11.0" bold="true" italic="true"/>
                </Word>
                <Word id="w_w2aab1b1b2c13c13b2c13" language="English" custom="readingOrder {index:4;}">
                    <Coords points="1022,2792 1165,2792 1165,2835 1022,2835"/>
                    <TextEquiv>
                        <Unicode>sacré</Unicode>
                    </TextEquiv>
                    <TextStyle fontFamily="Times New Roman" fontSize="11.0" bold="true" italic="true"/>
                </Word>
                <Word id="w_w2aab1b1b2c13c13b2c25" language="English" custom="readingOrder {index:5;}">
                    <Coords points="1186,2799 1282,2799 1282,2840 1186,2840"/>
                    <TextEquiv>
                        <Unicode>que</Unicode>
                    </TextEquiv>
                    <TextStyle fontFamily="Times New Roman" fontSize="11.0" bold="true" italic="true"/>
                </Word>
                <Word id="w_w2aab1b1b2c13c13b2c33" language="English" custom="readingOrder {index:6;}">
                    <Coords points="1303,2789 1348,2789 1348,2827 1303,2827"/>
                    <TextEquiv>
                        <Unicode>le</Unicode>
                    </TextEquiv>
                    <TextStyle fontFamily="Times New Roman" fontSize="11.0" bold="true" italic="true"/>
                </Word>
                <Word id="w_w2aab1b1b2c13c13b2c39" language="English" custom="readingOrder {index:7;}">
                    <Coords points="1369,2783 1610,2783 1610,2832 1369,2832"/>
                    <TextEquiv>
                        <Unicode>mariage.</Unicode>
                    </TextEquiv>
                    <TextStyle fontFamily="Times New Roman" fontSize="11.0" bold="true" italic="true"/>
                </Word>
                <TextEquiv>
                    <Unicode>aussi important, aussi sacré que le mariage.</Unicode>
                </TextEquiv>
            </TextLine>
            <TextEquiv>
                <Unicode>Nous tenons à le répéter: « L’INTERMEDIAIRE » n’a rien de commun
avec les agences matrimoniales ; c'est une œuvre dont le but unique est
de servir de trait-d'union entre toutes personnes désireuses de remplir
leur devoir social en contractant mariage, quelle que soit leur situation
de fortune, de la plus modeste à la nius élevée, et nous remplissons
cettemission avec L’EXTREME DISCRETION que doit comporter un acte
aussi important, aussi sacré que le mariage.</Unicode>
            </TextEquiv>
        </TextRegion>
        <TextRegion type="paragraph" id="r_2_1" custom="readingOrder {index:7;}">
            <Coords points="1671,2837 2064,2837 2064,2887 1671,2887"/>
            <TextLine id="tl_47" primaryLanguage="English" custom="readingOrder {index:0;}">
                <Coords points="1672,2838 2063,2838 2063,2886 1672,2886"/>
                <Baseline points="1672,2886 1738,2885 2063,2876"/>
                <Word id="w_w2aab1b3b2b1b1ab1" language="English" custom="readingOrder {index:0;}">
                    <Coords points="1672,2847 1738,2847 1738,2886 1672,2886"/>
                    <TextEquiv>
                        <Unicode>LA</Unicode>
                    </TextEquiv>
                    <TextStyle fontFamily="Times New Roman" fontSize="10.0"/>
                </Word>
                <Word id="w_w2aab1b3b2b1b1ab7" language="English" custom="readingOrder {index:1;}">
                    <Coords points="1769,2839 2063,2839 2063,2883 1769,2883"/>
                    <TextEquiv>
                        <Unicode>DIRECTION.</Unicode>
                    </TextEquiv>
                    <TextStyle fontFamily="Times New Roman" fontSize="10.0"/>
                </Word>
                <TextEquiv>
                    <Unicode>LA DIRECTION.</Unicode>
                </TextEquiv>
                <TextStyle fontFamily="Times New Roman" fontSize="10.0"/>
            </TextLine>
            <TextEquiv>
                <Unicode>LA DIRECTION.</Unicode>
            </TextEquiv>
        </TextRegion>
        <SeparatorRegion id="r_3" custom="readingOrder {index:8;}">
            <Coords points="169,62 568,62 568,75 169,75"/>
        </SeparatorRegion>
        <SeparatorRegion id="r_4" custom="readingOrder {index:9;}">
            <Coords points="619,58 906,58 906,66 619,66"/>
        </SeparatorRegion>
        <SeparatorRegion id="r_5" custom="readingOrder {index:10;}">
            <Coords points="933,48 1538,48 1538,64 933,64"/>
        </SeparatorRegion>
        <SeparatorRegion id="r_6" custom="readingOrder {index:11;}">
            <Coords points="1558,44 2266,44 2266,54 1558,54"/>
        </SeparatorRegion>
        <SeparatorRegion id="r_7" custom="readingOrder {index:12;}">
            <Coords points="1116,3059 1457,3059 1457,3073 1116,3073"/>
        </SeparatorRegion>
    </Page>
</PcGts>
