2472 3696
548 291 1073 356 ABONNEMENTS

430 437 463 473 A
507 431 742 470 differentes
788 423 979 473 reprises,
1029 420 1233 469 plusieurs

385 485 560 522 lecteurs
600 488 705 515 nous
742 477 814 513 ont
846 472 1065 509 manifesté
1103 471 1138 506 le
1170 466 1235 502 dé¬

382 534 443 571 sir
468 532 518 568 de
539 526 773 566 contracter
800 532 855 559 un
880 518 1158 558 abonnement
1178 514 1235 549 in¬

387 579 537 618 férieur
577 578 601 612 à
634 573 734 611 trois
772 570 890 607 mois.
935 568 1034 604 Bien
1074 573 1152 611 que
1191 571 1235 598 ce

386 630 475 675 laps
505 626 553 663 de
580 626 712 668 temps
738 620 820 657 soit
847 619 870 654 à
897 615 1015 663 peine
1043 610 1239 649 suffisant

385 685 489 723 pour
518 673 704 710 élaborer
730 671 788 706 les
811 661 1111 713 préliminaires
1136 658 1238 694 d’un

388 721 586 768 mariage,
620 721 644 755 à
675 716 767 753 titre
798 712 948 749 d’essai
985 713 1025 748 et
1061 710 1165 745 dans
1201 706 1237 742 le

388 774 460 809 but
511 770 558 806 de
608 764 817 805 satisfaire
865 770 949 797 aux
998 754 1234 796 demandes,

387 811 842 856 l’INTERMEDIAIRE
869 807 1036 853 accepte
1069 802 1242 840 doréna¬

388 867 487 905 vant
524 869 582 904 les
619 858 920 900 abonnements
955 852 1144 893 suivants
1186 859 1193 884 :

391 930 546 962 xjiv
584 916 966 956 mois.
1046 913 1107 945 e
1149 912 1238 942 fr.

392 974 688 1010 ÜBUX
724 966 982 1001 MOIS
1044 963 1107 993 O
1173 968 1189 988 »

391 1020 708 1057 TROIS
728 1015 985 1048 MOIS
1179 1015 1195 1036 »

434 1085 606 1131 Chaque
631 1076 910 1117 abonnement
932 1073 1070 1111 donne
1091 1068 1201 1107 droit
1234 1077 1243 1103 :

439 1136 480 1170 1°
509 1135 543 1170 A
568 1128 794 1169 l’insertion
818 1126 942 1161 d’une
965 1127 1154 1158 annonce
1175 1115 1244 1163 qui

394 1181 530 1230 parait
570 1178 754 1225 pendant
794 1174 904 1210 toute
944 1171 988 1206 la
1026 1168 1152 1206 durée
1195 1164 1243 1200 de

391 1227 701 1269 l’abonnement
735 1234 743 1268 ;

443 1278 482 1314 2°
510 1279 544 1314 A
567 1271 718 1311 l’envoi
742 1267 897 1317 gratuit
920 1269 1013 1303 tous
1035 1264 1096 1300 les
1123 1259 1241 1303 mois,

393 1329 448 1365 du
473 1326 650 1373 journal,
677 1321 796 1359 aussi
821 1317 1053 1363 longtemps
1076 1321 1154 1359 que
1175 1309 1245 1346 du¬

393 1386 489 1414 rera
520 1368 823 1411 l’abonnement
856 1375 865 1408 ;

438 1423 482 1460 3°
519 1423 552 1457 A
588 1420 627 1457 la
655 1413 989 1462 oorespondance
1024 1418 1125 1446 avec
1152 1407 1243 1443 tous

394 1473 454 1511 les
482 1467 665 1508 abonnés
686 1464 868 1512 pendant
892 1461 933 1497 la
955 1458 1083 1496 durée
1105 1455 1154 1493 de
1179 1455 1246 1490 l’a¬

395 1516 656 1556 bonnement.

442 1567 474 1603 Il
505 1565 618 1602 suffit
646 1571 748 1608 pour
779 1557 998 1594 s’abonner
1026 1553 1246 1596 d’envoyer

397 1626 451 1652 au
476 1614 651 1661 journal,
682 1619 733 1647 en
758 1606 868 1643 BON
893 1604 960 1641 DE
982 1600 1148 1638 POSTE
1176 1597 1247 1634 OU

396 1656 819 1700 MANDAT-POSTE,
846 1658 885 1693 la
911 1658 1070 1686 somme
1093 1655 1250 1683 corres¬

398 1710 605 1756 pondante
633 1707 660 1742 à
688 1701 998 1741 l’abonnement
1026 1694 1167 1739 choisi,
1198 1702 1250 1728 en

399 1759 585 1794 donnant
619 1754 704 1790 très
734 1749 982 1787 lisiblement
1022 1759 1029 1784 :

447 1806 485 1847 a)
524 1804 606 1840 Son
639 1808 748 1837 nom.

401 1855 439 1900 b)
479 1853 561 1889 Son
599 1849 781 1893 adresse,
813 1843 988 1890 laquelle
1024 1837 1143 1876 notée
1173 1835 1252 1873 dis¬

403 1899 627 1938 crètement
656 1897 717 1933 est
744 1892 975 1939 remplacée
998 1885 1253 1924 immédiate¬

404 1949 517 1985 ment
548 1953 627 1993 par
657 1953 712 1980 un
741 1941 916 1978 numéro
951 1936 1110 1974 d’ordre
1150 1941 1254 1970 com¬

403 1995 600 2042 muniqué
628 1991 805 2029 aussitôt
833 1989 858 2026 à
884 1984 1085 2023 l’abonné.

452 2046 485 2089 c)
524 2045 578 2080 Le
621 2040 752 2077 libellé
795 2036 845 2073 de
879 2037 1094 2074 l’annonce
1137 2031 1163 2067 à
1197 2028 1255 2063 in¬

405 2093 520 2131 sérer
544 2099 621 2137 que
650 2088 809 2125 chacun
839 2082 976 2128 rédige
1005 2081 1031 2116 à
1061 2089 1108 2115 sa
1139 2076 1255 2124 guise

405 2145 429 2180 à
464 2143 505 2178 la
535 2135 744 2176 condition
778 2131 921 2179 qu’elle
955 2138 1006 2166 ne
1042 2125 1255 2163 contienne

404 2188 495 2226 rien
516 2186 565 2223 de
588 2181 791 2222 contraire
815 2183 844 2218 à
869 2180 909 2215 la
932 2175 1101 2213 morale.
1131 2171 1256 2218 (L'In¬

406 2233 667 2275 termédiaire
682 2240 735 2266 ne
752 2226 880 2276 prend
900 2235 974 2273 pas
991 2224 1024 2260 à-
1039 2233 1087 2261 sa
1103 2221 1256 2265 charge

406 2288 446 2324 la
467 2281 680 2320 rédaction
696 2279 772 2315 des
795 2271 1032 2317 annonces).
1058 2269 1258 2305 L’annon¬

408 2344 453 2373 ce
485 2329 571 2368 doit
599 2326 788 2372 indiquer
815 2323 922 2368 l’âge
954 2320 996 2356 et
1029 2319 1072 2354 la
1104 2315 1258 2363 profes¬

405 2379 499 2416 sion
524 2377 572 2414 de
593 2372 784 2416 l’abonné
807 2373 847 2409 et
870 2367 1057 2415 spécifier
1081 2366 1174 2401 tous
1197 2363 1257 2398 les

409 2426 637 2471 avantages
666 2420 760 2469 qu’il
787 2420 850 2456 est
872 2419 900 2454 à
925 2417 1061 2451 même
1084 2411 1132 2448 de
1155 2409 1258 2446 faire

408 2474 551 2517 valoir,
592 2472 668 2509 tels
706 2478 788 2515 que
825 2477 832 2502 :
868 2465 948 2508 dot,
981 2461 1111 2503 avoir,
1144 2458 1259 2505 espé¬

408 2530 569 2565 rances,
610 2516 816 2560 situation,
856 2513 943 2557 etc.,
979 2509 1054 2547 etc:
1095 2507 1259 2551 Chaque

409 2577 598 2606 annonce
615 2576 667 2602 ne
685 2563 769 2600 doit
790 2571 866 2608 pas
889 2557 1074 2596 contenir
1095 2555 1186 2601 plus
1210 2554 1259 2588 de

410 2620 544 2654 trente
568 2617 676 2651 mots
701 2620 801 2649 sans
832 2605 1125 2646 abréviations.
1157 2603 1261 2638 Tout

409 2668 495 2701 mot
525 2658 871 2708 supplémentaire
900 2657 962 2692 est
990 2652 1085 2690 taxé
1113 2650 1198 2687 0.15
1223 2650 1260 2685 le

411 2716 510 2750 mot.
538 2711 637 2746 MM.
666 2711 725 2748 les
746 2704 933 2742 abonnés
956 2704 1050 2740 sont
1076 2697 1185 2744 priés
1211 2696 1261 2731 de

412 2760 570 2808 joindre
593 2768 644 2794 au
666 2756 797 2792 libellé
823 2754 872 2788 de
898 2753 986 2787 leur
1014 2755 1199 2783 annonce
1224 2745 1261 2780 le

411 2810 601 2846 montant
635 2805 708 2840 des
746 2803 854 2838 mots
891 2793 1261 2843 supplémentaires

412 2855 530 2902 qu’ils
562 2855 631 2890 ont
664 2848 885 2894 employés.

460 2902 562 2939 Tout
603 2895 880 2937 abonnement
921 2902 1003 2929 non
1043 2885 1262 2927 renouvelé

414 2951 558 2998 quinze
600 2948 715 2994 jours
752 2943 878 2982 avant
916 2950 989 2978 son
1034 2934 1263 2984 expiration

414 2998 601 3036 entraîne
628 2996 681 3033 de
708 2992 818 3030 droit
848 2993 886 3028 la
914 2983 1187 3034 suppression
1214 2982 1263 3019 de

413 3047 626 3083 l’annonce
653 3043 702 3079 de
734 3037 974 3077 l’intéressé.

457 3161 680 3225 MANIÈRE
718 3167 777 3221 DE
813 3163 979 3220 CORRE
987 3158 1219 3215 SPONDRE

467 3294 647 3342 Lorsque
677 3301 777 3328 vous
802 3298 895 3326 avez
924 3281 1140 3331 remarqué
1164 3281 1264 3318 dans

417 3351 452 3389 le
495 3347 667 3397 journal
717 3355 794 3382 une
843 3349 1032 3378 annonce
1081 3335 1265 3384 pouvant

1304 301 1406 328 vous
1435 282 1660 329 intéresser,
1692 289 1793 317 vous
1817 272 2013 325 procédez
2041 271 2088 309 de
2117 267 2154 307 la

1303 345 1429 392 façon
1451 339 1639 378 suivante
1660 347 1673 372 :

1356 414 1597 460 Supposons
1624 415 1700 455 que
1729 405 1762 441 le
1784 397 1836 440 N"
1865 396 1888 438 «
1913 396 1932 438 /
1943 394 1975 437 8
2005 405 2028 434 »
2053 405 2154 433 vous

1307 470 1361 506 ait
1389 460 1663 507 été-attribué,
1696 461 1733 496 et
1760 467 1837 505 que
1858 464 1960 492 vous
1988 449 2156 489 désiriez

1307 517 1601 567 correspondre
1622 524 1717 552 avec
1742 513 1774 550 le
1797 505 1835 549 N
1867 506 1890 545 «
1914 503 1972 545 15
1989 505 2028 551 »,
2053 504 2153 541 dont

1309 578 1526 614 l’annonce
1553 572 1610 609 est
1637 569 1683 607 de
1711 568 1855 603 nature
1885 562 1909 600 à
1933 570 2032 599 vous
2059 568 2154 595 con¬

1307 630 1426 667 venir
1444 641 1455 666 :
1480 627 1587 664 Vous
1609 622 1763 661 écrivez
1785 620 1900 655 votre
1924 617 2038 653 lettre
2044 624 2053 659 ,
2078 622 2155 659 que

1316 697 1417 723 vous
1437 683 1576 730 signez
1595 680 1642 716 de
1664 677 1777 713 votre
1801 671 1976 709 numéro
1997 665 2157 704 d'ordre

1314 749 1338 774 «
1353 735 1372 778 /
1383 735 1412 775 8
1429 737 1452 774 »
1468 737 1504 773 la
1533 734 1679 771 mettez
1702 732 1804 767 dans
1831 737 1908 764 une
1937 721 2163 767 enveloppe

1321 805 1369 830 en
1397 793 1532 835 blanc,
1567 798 1642 835 que
1672 795 1773 823 vous
1801 777 2092 830 affranchissez
2123 773 2160 809 et

1320 857 1390 885 sur
1445 842 1616 892 laquelle
1677 843 1776 876 vous
1840 830 2036 872 inscrivez
2040 859 2048 875 ,
2107 839 2160 864 au

1320 898 1486 949 crayon,
1515 898 1568 934 les
1593 892 1787 933 numéros
1834 898 1857 923 a
1886 882 1946 926 18
1975 879 2004 924 à
2041 879 2098 922 15
2123 890 2163 916 ».

1372 970 1483 1014 (Ceci
1516 969 1574 1005 est
1605 964 1684 1003 très
1713 959 1942 1009 important
1959 968 1976 1001 ;
2011 966 2061 993 ne
2089 963 2162 1000 pas

1318 1026 1424 1076 faire
1443 1033 1583 1061 erreur
1600 1031 1651 1058 en
1673 1017 1847 1055 mettant
1868 1011 2070 1056 l'inverse,
2095 1018 2165 1044 car

1323 1078 1590 1128 l'expéditeur
1631 1070 1824 1110 recevrait
1866 1065 2080 1105 lui-même
2121 1072 2164 1098 sa

1323 1144 1472 1183 propre
1497 1127 1644 1174 lettre.)

1375 1204 1471 1242 Cela
1496 1201 1584 1250 fait,
1619 1208 1721 1235 vous
1752 1193 1894 1244 glissez
1923 1191 1947 1229 à
1976 1198 2165 1227 nouveau

1325 1262 1361 1297 la
1404 1254 1606 1306 première
1649 1250 1876 1296 enveloppe
1880 1255 1889 1294 ,
1940 1242 2165 1281 contenant

1319 1316 1428 1353 voire
1447 1313 1574 1355 lettre,
1599 1307 1700 1345 dans
1718 1315 1796 1343 une
1814 1297 2027 1340 deuxième
2048 1304 2165 1333 enve¬

1320 1376 1453 1421 loppe,
1482 1381 1558 1419 que
1576 1378 1678 1405 vous
1701 1362 1897 1408 cachetez,
1924 1353 2166 1407 affranchis¬

1319 1446 1381 1474 sez
1404 1435 1442 1470 et
1469 1429 1649 1468 adressez
1672 1426 1694 1463 à
1723 1438 1742 1461 «
1763 1413 2166 1460 L’INTERMEDIAI¬

1320 1493 1386 1533 RE
1405 1504 1439 1540 »,
1469 1489 1552 1540 qui,
1581 1490 1618 1526 la
1645 1484 1844 1528 recevant,
1876 1480 1914 1517 la
1934 1473 2163 1518 décachète,

1328 1558 1363 1592 et
1402 1557 1542 1591 trouve
1586 1548 1609 1585 à
1647 1543 1876 1583 l'intérieur
1911 1536 2167 1583 l'enveloppe

1329 1605 1586 1655 renfermant
1625 1603 1739 1638 votre
1781 1595 1908 1640 lettre,
1957 1588 2057 1640 qu'il
2090 1587 2167 1636 fait

1329 1661 1521 1710 parvenir
1547 1655 1716 1694 aussitôt
1747 1651 1770 1689 à
1799 1647 1992 1688 l'abonné
2027 1642 2169 1682 inscrit

1328 1721 1425 1749 sous
1450 1710 1484 1744 le
1527 1707 1559 1749 lf
1569 1718 1576 1731 >
1609 1704 1632 1746 «
1670 1702 1725 1746 15
1758 1714 1796 1740 ».

1382 1781 1443 1820 En
1481 1775 1705 1826 procédant
1738 1769 1843 1809 ainsi
1872 1779 1981 1816 pour
2012 1764 2171 1811 chaque

1333 1837 1458 1879 lettre,
1515 1841 1617 1869 vous
1669 1836 1825 1876 pouvez
1877 1817 2171 1868 correspondre

1333 1899 1428 1926 avec
1474 1884 1677 1933 plusieurs
1720 1877 1902 1917 abonnés
1907 1886 1914 1923 ,
1962 1886 2013 1911 en
2049 1872 2172 1920 ayant

1332 1944 1422 1983 soin
1443 1937 1698 1987 d'acquitter,
1726 1933 1882 1981 chaque
1902 1928 1997 1978 fois,
2026 1929 2063 1965 la
2087 1928 2173 1964 taxe

1334 1996 1501 2046 postale.

1392 2067 1443 2105 La
1476 2062 1697 2102 discrétion
1734 2060 1772 2096 la
1805 2057 1898 2107 plus
1933 2052 2099 2091 absolue
2136 2061 2176 2086 se

1335 2127 1478 2160 trouve
1511 2118 1610 2156 ainsi
1646 2113 1820 2159 assurée,
1857 2102 2175 2147 L’INTERESSE

1337 2173 1505 2213 AYANT
1549 2169 1676 2210 SEUL
1723 2167 1787 2204 LA
1832 2159 2063 2202 FACULTE
2107 2157 2176 2195 DE

1338 2227 1488 2267 FAIRE
1526 2219 1815 2263 CONNAITRE
1856 2218 1888 2255 A
1925 2214 2011 2254 SES
2056 2212 2174 2251 COR¬

1337 2276 1700 2321 RESPONDANTS
1733 2273 1827 2313 SON
1853 2270 1961 2310 NOM
1995 2267 2056 2307 ET
2082 2265 2176 2305 SON

1340 2333 1577 2380 ADRESSE,
1620 2336 1656 2369 et
1696 2328 1915 2366 vice-versa
1938 2324 1947 2369 ;
1988 2323 2034 2361 de
2072 2320 2176 2359 sorte

1340 2402 1415 2439 que
1445 2389 1491 2434 si,
1531 2385 1648 2435 après
1684 2396 1740 2421 un
1774 2381 1959 2427 échange
1989 2389 2042 2415 ou
2073 2377 2180 2413 deux

1338 2446 1387 2483 de
1413 2445 1559 2487 lettres,
1592 2441 1646 2477 les
1677 2438 1782 2475 deux
1807 2433 1935 2483 partis
1964 2427 2177 2479 s'aperçoi¬

1338 2501 1435 2536 vent
1463 2492 1584 2546 qu'ils
1612 2505 1661 2530 ne
1692 2491 1871 2539 peuvent
1898 2499 1938 2524 se
1964 2482 2174 2527 convenir,

1342 2555 1369 2591 il
1403 2553 1491 2589 leur
1530 2551 1586 2586 est
1626 2545 1783 2584 loisible
1824 2544 1870 2580 de
1904 2551 2036 2578 cesser
2073 2539 2179 2575 leurs

1342 2603 1725 2652 correspondances,
1754 2602 1843 2636 tout
1870 2607 1920 2633 en
1944 2597 2097 2632 restant
2119 2592 2179 2628 in¬

1342 2671 1501 2698 connus
1532 2654 1617 2694 l’un
1655 2654 1703 2691 de
1739 2649 1896 2690 l’autre.
1936 2648 1993 2685 De
2030 2646 2175 2689 même,

1342 2716 1443 2752 dans
1473 2713 1507 2750 le
1531 2722 1596 2748 cas
1626 2706 1843 2750 contraire,
1874 2702 1956 2741 s'ils
1987 2700 2164 2738 désirent
2169 2728 2177 2743 ,

1342 2767 1459 2816 après
1478 2767 1640 2803 entente
1661 2761 1914 2808 réciproque,
1939 2767 1980 2794 se
2004 2753 2183 2793 dévoiler

1344 2820 1660 2861 mutuellement
1688 2816 1776 2853 leur
1807 2823 1906 2851 nom
1938 2812 1976 2848 et
2007 2809 2180 2850 adresse,

1344 2876 1393 2914 ils
1434 2874 1611 2924 peuvent
1649 2864 1974 2914 communiquer
2014 2862 2183 2900 directe¬

1345 2934 1460 2968 ment
1481 2932 1593 2966 entre
1610 2936 1701 2972 eux,
1725 2933 1820 2960 sans
1839 2929 1980 2970 passer
1999 2928 2078 2965 par
2095 2914 2182 2952 l’in¬

1345 2981 1602 3022 termédiaire
1627 2979 1685 3017 du
1705 2975 1890 3026 journal.

1389 3048 1500 3087 Cette
1533 3043 1818 3084 combinaison
1866 3039 1967 3077 offre
1999 3037 2103 3073 ainsi
2150 3034 2185 3070 le

1341 3096 1571 3134 maximum
1589 3093 1637 3129 de
1654 3088 1842 3132 sécurité,
1864 3087 1904 3125 et
1924 3100 1940 3119 «
1962 3082 2190 3121 L’INTER-

1343 3142 1597 3182 MEDIAJRL
1630 3149 1661 3183 »,
1693 3138 1916 3175 observant
1947 3131 2186 3176 l'impartia¬

1342 3192 1410 3230 lité
1430 3194 1468 3229 et
1489 3191 1527 3226 la
1549 3186 1767 3225 discrétion
1787 3184 1844 3220 les
1863 3182 1954 3228 plus
1978 3179 2183 3218 absolues,

1342 3241 1498 3285 aégage
1518 3245 1564 3274 sa
1589 3230 1918 3280 responsabilité,
1941 3237 1992 3264 en
2013 3226 2186 3261 laissant

1343 3288 1368 3324 à
1395 3287 1551 3331 chaque
1579 3279 1739 3320 abonné
1766 3277 1801 3314 le
1831 3275 1918 3314 soin
1942 3275 1991 3310 de
2014 3271 2194 3308 dévoiler

1339 3334 1546 3371 lui-méme
1585 3338 1657 3366 son
1692 3326 1874 3364 adresse.
