2472 3696
466 290 624 345 NE
671 289 903 344 PAS
957 280 1684 343 CONFONDRE
1729 295 1737 332 :
1786 278 2025 331 L'Œuvre

357 400 415 455 de
447 382 1011 453 L’INTERMÉDIAIRE
1048 393 1131 448 DU
1173 390 1397 451 FüYER,
1447 389 1534 452 16,
1580 388 1730 442 Cours
1769 386 2139 454 Charlemagne

635 490 668 542 à
698 489 858 555 Lyon;
877 485 966 539 n’a
990 499 1084 555 pas
1109 483 1169 537 de
1193 481 1504 541 Succursale,
1539 479 1597 532 ni
1622 476 1858 532 d’affiliés

695 704 919 817 LE
991 695 1767 806 MARIAGE

914 885 1171 946 .ASSURÉ
1201 897 1237 937 A
1268 894 1426 937 TOUS
1460 893 1575 935 PAR

367 1050 388 1074 «
439 1037 461 1075 i
516 1034 630 1078 iiv
638 1031 946 1075 term
957 1029 991 1069 i
1001 1028 1131 1069 :oi
1167 1025 1329 1068 vin
1339 1026 1404 1066 b
1474 1024 1620 1066 du
1688 1020 2064 1063 foyiai
2118 1032 2140 1056 »

483 1248 502 1271 «
524 1229 975 1271 L’INTERMEDIAIRE
1012 1229 1075 1267 DU
1109 1227 1265 1268 FOYER
1300 1237 1316 1265 »
1348 1228 1474 1265 n’est
1497 1235 1589 1274 pas
1619 1234 1713 1263 une
1741 1232 1927 1274 agence
1965 1220 2140 1260 matri¬

365 1291 583 1332 moniale
593 1301 609 1337 ;
633 1289 752 1328 c’est
778 1296 872 1326 une
891 1294 1062 1324 œuvre
1081 1282 1223 1323 créée
1243 1292 1376 1331 pour
1397 1280 1647 1320 favoriser
1666 1281 1715 1317 et
1733 1277 1955 1317 faciliter
1974 1276 2022 1315 le
2040 1285 2142 1314 ma¬

366 1346 508 1396 riage
547 1351 663 1384 entre
689 1354 912 1394 personnes
938 1340 1198 1386 honorables,
1233 1341 1254 1377 à
1281 1340 1350 1388 qui
1381 1339 1417 1376 le
1442 1348 1625 1386 manque
1653 1337 1703 1374 de
1733 1329 1927 1373 relations
1952 1329 2145 1379 impose

366 1399 490 1440 neuf
505 1398 601 1438 fois
618 1406 710 1435 sur
728 1395 815 1433 dix
834 1394 881 1433 le
903 1393 1099 1432 célibat.

480 1456 540 1493 En
574 1454 681 1500 effet,
721 1464 801 1494 que
834 1451 912 1489 fait
944 1451 982 1488 la
1016 1459 1220 1498 personne
1248 1446 1321 1496 qui
1355 1445 1486 1484 désire
1514 1456 1558 1481 se
1590 1443 1744 1481 marier
1766 1441 1783 1480 ?
1813 1441 1915 1479 Sauf
1944 1439 1994 1477 de
2026 1451 2141 1477 rares

370 1510 622 1559 exceptions,
656 1507 732 1545 elle
757 1504 978 1544 recherche
1005 1504 1108 1541 dans
1129 1514 1205 1540 son
1235 1506 1461 1548 entourage
1484 1498 1588 1536 celui
1614 1509 1667 1536 ou
1697 1497 1797 1538 celle
1822 1498 1894 1545 qui
1924 1493 2012 1533 doit
2037 1493 2141 1531 faire

372 1577 446 1603 son
474 1563 677 1611 bonheur,
705 1565 748 1598 et
773 1565 948 1600 souvent
974 1558 1050 1596 elle
1076 1555 1293 1606 s’aperçoit
1320 1551 1527 1603 qu’aucun
1554 1552 1661 1601 parti
1686 1563 1739 1589 ne
1766 1550 1925 1599 répond
1950 1550 1972 1586 à
1999 1548 2137 1587 l’Idéal

371 1617 521 1669 qu’elle
554 1615 647 1654 s’est
679 1615 827 1662 formé,
871 1618 911 1650 et
940 1623 1034 1662 que,
1079 1612 1182 1649 dans
1218 1621 1278 1647 ses
1318 1608 1524 1653 relations,
1563 1607 1638 1644 elle
1673 1603 1739 1644 n’a
1783 1615 1944 1642 aucune
1984 1603 2143 1640 chance

372 1671 593 1712 d’aboutir.

482 1726 704 1764 Comment
732 1724 854 1761 sortir
885 1722 935 1759 de
964 1725 1067 1760 cette
1098 1721 1277 1768 impasse
1301 1717 1317 1756 ?
1346 1717 1378 1755 A
1412 1718 1481 1767 qui
1509 1719 1699 1753 raconter
1728 1725 1789 1752 ses
1818 1712 1958 1762 peines
1983 1710 1999 1749 ?
2034 1711 2146 1759 Trop

376 1784 562 1822 souvent,
592 1779 703 1816 hélas
728 1777 736 1814 I
761 1778 800 1815 la
824 1786 1042 1825 personne,
1070 1786 1123 1811 ne
1146 1773 1317 1813 sachant
1340 1773 1363 1809 à
1386 1771 1458 1821 qui
1481 1782 1520 1808 se
1541 1769 1707 1816 confier,
1738 1772 1869 1807 remet
1887 1769 1910 1805 à
1936 1766 2029 1815 plus
2052 1766 2143 1804 tard

372 1833 695 1872 lanécessitéde
713 1833 897 1879 prendre
910 1840 994 1867 une
1005 1828 1412 1874 décision,espérant
1422 1826 1617 1871 toujours
1633 1825 1762 1870 qu’un
1783 1823 1976 1859 heureux
1992 1821 2146 1858 hasard

378 1888 416 1926 la
436 1886 657 1925 favorisera
686 1890 725 1924 et
756 1885 815 1922 lui
848 1887 1073 1931 permettra
1102 1881 1151 1919 de
1182 1883 1423 1918 rencontrer
1452 1879 1490 1916 le
1520 1877 1626 1926 parti
1657 1875 1882 1921 rêvé.Mais,
1897 1873 2081 1923 pendant
2101 1885 2147 1911 ce

377 1948 523 1990 temps,
564 1940 621 1977 les
650 1941 780 1989 jours,
817 1939 872 1976 les
909 1937 1122 1982 semaines,
1158 1935 1215 1973 les
1246 1934 1352 1971 mois
1383 1937 1548 1982 passent
1582 1936 1622 1969 et
1652 1931 1680 1968 il
1713 1930 1844 1968 arrive
1881 1926 2144 1978 quelquefois

376 2008 457 2046 que
503 1993 707 2045 plusieurs
754 1993 905 2031 années
953 1989 1175 2029 s’écoulent
1222 1992 1346 2026 avant
1391 1997 1474 2036 que
1512 1983 1730 2023 l’occasion
1776 1988 1864 2023 tant
1906 1983 2060 2023 désirée
2102 1993 2145 2019 se

377 2050 578 2099 présente.

482 2103 755 2141 Nombreuses
783 2101 876 2138 sont
902 2100 957 2136 les
979 2097 1162 2147 familles
1191 2097 1262 2147 qui
1288 2099 1359 2135 ont
1389 2097 1449 2134 été
1478 2093 1637 2143 privées
1663 2093 1712 2131 de
1743 2094 1782 2130 la
1808 2092 1894 2141 joie
1920 2092 1967 2129 de
1994 2091 2148 2129 marier

380 2159 487 2196 leurs
516 2156 693 2205 enfants,
723 2156 830 2193 leurs
861 2154 1053 2191 relations
1077 2154 1116 2190 se
1145 2153 1322 2193 bornant
1349 2151 1373 2188 à
1402 2163 1458 2188 un
1484 2149 1695 2196 voisinage
1727 2146 1930 2185 restreint.

486 2213 534 2249 Et
564 2209 759 2249 combien
783 2210 831 2247 de
858 2219 1019 2253 veuves,
1056 2208 1196 2254 jeunes
1220 2215 1378 2251 encore,
1411 2216 1452 2242 se
1483 2205 1676 2241 trouvant
1705 2203 1807 2239 dans
1837 2201 1872 2238 le
1902 2200 2038 2238 même
2064 2210 2144 2244 cas,

383 2263 498 2303 n'ont
519 2277 574 2313 pu
598 2276 638 2302 se
660 2262 857 2302 remarier
875 2262 888 2299 !
912 2261 1153 2310 Cependant
1172 2260 1268 2298 elles
1293 2259 1480 2297 auraient
1502 2270 1558 2306 pu
1582 2256 1694 2294 créer
1718 2268 1776 2293 un
1802 2266 1991 2292 nouveau
2015 2253 2146 2303 foyer,

383 2319 487 2357 faire
513 2320 549 2357 le
580 2319 772 2356 bonheur
797 2315 898 2355 d’un
930 2315 1082 2354 nouvel
1108 2316 1255 2363 époux,
1293 2317 1332 2351 et
1363 2312 1448 2351 être
1477 2312 1695 2349 heureuses
1729 2309 2014 2355 elles-mêmes,
2052 2308 2081 2346 si
2113 2308 2151 2346 le

382 2374 516 2413 destin
554 2373 644 2410 leur
673 2371 781 2409 avait
819 2370 974 2419 permis
1003 2369 1056 2408 de
1086 2373 1328 2406 rencontrer
1363 2367 1469 2404 celui
1507 2365 1592 2413 qui,
1634 2376 1673 2401 se
1712 2367 1910 2402 trouvant
1948 2362 2151 2411 peut-être

382 2432 473 2465 tout
509 2426 600 2476 près
630 2423 780 2472 d’elles,
821 2422 1035 2463 cherchait
1065 2422 1295 2468 lui-même,
1329 2421 1378 2458 de
1416 2432 1488 2458 son
1526 2419 1628 2466 côté,
1667 2416 1790 2456 l’âme
1825 2429 1951 2456 sœur.
1991 2415 2041 2453 Et
2071 2427 2152 2465 que

385 2480 567 2519 fallait-il
600 2491 706 2529 pour
740 2491 820 2528 que
848 2478 887 2516 la
922 2477 1045 2515 chose
1075 2476 1230 2514 arrivât
1252 2475 1268 2513 ?
1308 2475 1371 2513 Un
1409 2474 1507 2519 rien,
1549 2484 1626 2511 une
1665 2472 1787 2512 tierce
1823 2481 2027 2519 personne
2062 2470 2143 2519 qui,

382 2534 708 2582 correspondant
731 2544 829 2571 avec
849 2534 941 2570 tous
966 2533 1020 2569 les
1041 2531 1160 2578 deux,
1185 2530 1319 2568 aurait
1340 2541 1400 2577 pu
1424 2529 1480 2566 les
1503 2529 1648 2565 mettre
1674 2538 1727 2564 en
1751 2528 1936 2574 rapport.

490 2589 539 2627 Et
561 2588 617 2625 les
641 2589 787 2636 jeunes
817 2585 919 2624 filles
945 2585 961 2623 ?
988 2584 1027 2624 Si
1057 2583 1141 2623 Ton
1167 2583 1362 2632 envisage
1390 2583 1428 2620 la
1458 2581 1653 2620 situation
1684 2579 1809 2619 d’une
1837 2578 2073 2618 demoiselle
2098 2590 2147 2618 en

383 2642 458 2691 âge
484 2643 533 2680 de
564 2653 605 2679 se
629 2641 794 2684 marier,
805 2640 881 2678 elle
905 2644 964 2678 est
988 2651 1073 2676 non
1095 2638 1233 2676 moins
1244 2634 1431 2681 délicate;
1444 2634 1491 2672 la
1504 2634 1710 2672 retenue
1725 2631 1942 2680 imposée
1956 2640 2055 2679 par
2065 2639 2154 2669 son

379 2715 499 2745 sexe
518 2704 592 2744 lui
610 2702 822 2744 interdit
840 2704 972 2742 toute
997 2700 1259 2741 démarche
1275 2698 1606 2749 personnelle,
1639 2705 1676 2738 et
1712 2701 1787 2738 «lie
1820 2705 1879 2738 est
1909 2698 2152 2737 fatalement

390 2763 653 2801 condamnée
678 2773 728 2799 au
762 2760 922 2804 célibat,
940 2760 972 2797 si
1000 2758 1078 2797 elle
1102 2756 1168 2796 n’a
1184 2769 1255 2806 pas
1283 2757 1320 2795 la
1339 2756 1489 2803 grande
1502 2755 1663 2794 chance
1680 2755 1731 2792 de
1746 2758 1913 2792 trouver
1945 2752 2046 2790 dans
2078 2763 2152 2789 son

380 2821 612 2864 entourage
643 2814 859 2854 immédiat
893 2825 951 2851 un
984 2812 1089 2862 parti
1126 2812 1343 2850 conforme
1377 2812 1399 2848 à
1434 2821 1507 2848 son
1542 2810 1627 2858 âge,
1666 2809 1688 2846 à
1724 2820 1797 2846 son
1833 2820 1939 2856 rang
1968 2810 2007 2844 et
2041 2807 2062 2844 à
2092 2816 2152 2842 ses

384 2869 647 2920 aspirations.
1031 2878 1037 2884 '

502 2924 541 2962 Si
568 2928 671 2962 cette
692 2923 831 2961 bonne
857 2921 1023 2960 fortune
1049 2920 1107 2959 lui
1133 2924 1192 2959 est
1216 2919 1386 2967 refusée,
1417 2918 1493 2958 elle
1519 2923 1617 2967 peut
1643 2917 1745 2954 faire
1769 2915 1905 2966 appel,
1935 2915 2069 2965 parmi
2093 2925 2156 2953 ses

383 2977 716 3023 connaissances,
745 2977 768 3014 à
798 2988 880 3014 une
910 2986 1115 3024 personne
1143 2974 1191 3012 de
1218 2974 1356 3012 bonne
1384 2973 1551 3011 volonté
1584 2991 1635 2997 —
1670 2972 1702 3011 si
1736 2970 1811 3009 elle
1842 2982 1895 3007 en
1926 2974 2070 3009 trouve
2100 2987 2154 2993 —

386 3037 510 3081 ayant
546 3031 613 3069 des
653 3030 846 3068 relations
884 3041 990 3068 assez
1019 3028 1217 3067 étendues
1255 3040 1361 3078 pour
1397 3027 1456 3065 lui
1495 3025 1596 3064 faire
1633 3028 1867 3063 contracter
1901 3036 1984 3063 une
2019 3022 2153 3064 union

384 3084 640 3123 convenable
663 3097 671 3130 ;
707 3083 812 3123 mais
844 3088 948 3122 cette
982 3084 1260 3121 intervention
1297 3080 1397 3121 d’un
1436 3081 1533 3119 tiers
1566 3078 1762 3118 bénévole
1804 3078 1906 3117 n’est
1947 3089 2018 3126 pas
2060 3088 2153 3114 sans

387 3140 599 3187 présenter
624 3138 674 3177 de
704 3151 848 3185 graves
878 3136 1210 3183 inconvénients,
1237 3137 1343 3175 dont
1369 3134 1409 3173 le
1438 3135 1631 3173 moindre
1659 3131 1837 3171 consiste
1866 3134 1888 3170 à
1920 3129 2157 3180 apprendre

385 3193 546 3232 bientôt
585 3205 665 3242 que
696 3189 961 3240 l’obligeante
1001 3201 1205 3240 personne
1239 3188 1376 3239 répète
1411 3202 1429 3226 «
1448 3188 1544 3227 urbi
1577 3193 1617 3227 et
1648 3187 1741 3225 orbi
1763 3200 1782 3224 »
1824 3197 1915 3235 que,
1963 3198 2055 3223 sans
2095 3194 2156 3221 ses

385 3246 627 3285 démarches
655 3246 853 3292 réitérées,
884 3246 921 3283 la
945 3247 1072 3294 jeune
1098 3245 1192 3292 fille,
1225 3244 1327 3283 dont
1351 3243 1425 3283 elle
1451 3256 1473 3282 a
1497 3242 1592 3280 h'en
1619 3242 1744 3279 voulu
1771 3239 1993 3289 s’occuper,
2020 3237 2154 3277 aurait

381 3301 506 3339 coiffé
533 3299 926 3339 Sainte-Catherine.
