2472 3696
440 320 598 377 NES
648 315 882 373 PAS
932 279 1660 368 CONFONDRE
1702 278 1976 351 UlEivr

330 433 390 487 de
423 410 986 485 L’INTERMÉDIAIRE
1023 417 1106 472 DU
1149 412 1374 471 FOYER,
1423 409 1510 472 16,
1555 407 1706 461 Cours
1744 403 2113 470 Charlemagne

605 520 637 571 à
669 518 818 583 Lyon,
849 512 938 565 n’a
966 523 1058 579 pas
1083 506 1142 561 de
1168 501 1478 562 Succursale,
1514 498 1571 552 ni
1596 494 1831 550 d’affiliés

676 730 894 838 LE
968 711 1742 829 MARIAGE

917 909 1151 966 ASSURÉ
1180 919 1215 961 A
1246 915 1404 959 TOUS
1438 912 1554 955 PAR

341 1083 364 1107 «
407 1030 1382 1110 LTNTEIRMÉDIAIHE
1452 1043 1593 1085 DU
1666 1034 2043 1080 FOYER
2096 1046 2118 1069 »

462 1279 480 1301 «
503 1254 954 1301 L’INTERMEDIAIRE
1003 1253 1064 1293 DU
1096 1249 1251 1291 FOYER
1286 1258 1302 1287 »
1334 1247 1459 1286 n'est
1484 1253 1574 1293 pas
1604 1251 1697 1281 une
1725 1247 1908 1289 agence
1947 1233 2102 1274 matri

345 1322 561 1363 moniale
574 1331 589 1367 ;
611 1318 729 1356 c’est
758 1323 850 1354 une
871 1318 1040 1351 œuvre
1062 1306 1201 1347 créée
1226 1313 1356 1354 pour
1380 1299 1629 1340 favoriser
1649 1298 1696 1334 et
1715 1293 1934 1333 faciliter
1953 1290 2000 1328 le
2020 1297 2119 1328 ma¬

344 1378 487 1428 riage
529 1382 643 1415 entre
670 1381 892 1422 personnes
919 1363 1179 1409 honorables,
1214 1363 1235 1399 à
1262 1361 1332 1409 qui
1364 1359 1398 1396 le
1423 1366 1605 1405 manque
1635 1354 1683 1392 de
1714 1343 1907 1388 relations
1932 1343 2122 1392 impose

345 1430 469 1472 neuf
487 1428 581 1468 fois
600 1435 691 1465 sur
711 1424 798 1462 dix
817 1422 862 1460 le
885 1418 1080 1458 célibat.

463 1486 522 1524 En
557 1483 664 1527 effet,
704 1491 782 1523 que
818 1478 894 1516 fait
927 1476 965 1513 la
999 1482 1203 1522 personne
1232 1468 1304 1518 qui
1339 1466 1470 1504 désire
1499 1474 1541 1500 se
1575 1459 1726 1498 marier
1750 1457 1766 1496 ?
1797 1455 1899 1495 Sauf
1928 1453 1978 1492 de
2012 1463 2121 1490 rares

353 1541 605 1590 exceptions,
639 1536 714 1574 elle
742 1530 962 1572 recherche
989 1529 1091 1565 dans
1113 1537 1189 1563 son
1219 1527 1445 1568 entourage
1468 1516 1572 1555 celui
1598 1527 1651 1552 ou
1681 1512 1781 1555 celle
1806 1511 1877 1560 qui
1904 1507 1995 1547 doit
2021 1506 2123 1544 faire

355 1609 429 1635 son
459 1593 662 1639 bonheur,
690 1593 732 1626 et
758 1590 932 1628 souvent
959 1583 1034 1621 elle
1061 1578 1274 1628 s’aperçoit
1305 1571 1512 1625 qu’aucun
1540 1570 1646 1619 parti
1672 1579 1724 1605 ne
1752 1564 1909 1614 répond
1934 1564 1958 1601 à
1983 1560 2123 1599 l’Idéal

354 1648 505 1700 qu’elle
539 1645 630 1685 s'est
665 1642 812 1689 formé,
856 1643 895 1677 et
927 1647 1018 1688 que,
1065 1636 1167 1673 dans
1203 1643 1262 1669 ses
1304 1628 1510 1672 relations,
1549 1621 1623 1662 elle
1660 1620 1725 1659 n’a
1769 1629 1928 1658 aucune
1970 1615 2126 1654 chance

357 1702 577 1743 d'aboutir.

466 1755 686 1794 Comment
715 1750 837 1788 sortir
869 1747 918 1786 de
948 1750 1050 1784 cette
1082 1744 1260 1791 impasse
1285 1738 1311 1776 N
1331 1738 1362 1775 À
1396 1737 1466 1785 qui
1495 1736 1683 1771 raconter
1712 1741 1772 1767 ses
1802 1727 1941 1777 peines
1966 1723 1982 1762 ?
2017 1722 2126 1770 Trop

358 1814 543 1851 souvent,
575 1808 685 1845 hélas
710 1804 718 1843 !
744 1806 780 1842 la
807 1811 1024 1852 personne,
1053 1808 1104 1834 ne
1129 1794 1300 1835 sachant
1325 1794 1346 1830 à
1370 1789 1439 1841 qui
1464 1801 1502 1827 se
1525 1786 1689 1832 confier,
1722 1786 1851 1822 remet
1871 1782 1893 1818 à
1920 1780 2011 1830 plus
2034 1778 2125 1815 tard

360 1862 679 1909 lanécessiléde
698 1859 882 1907 prendre
895 1865 978 1892 une
990 1848 1398 1895 décision,espérant
1408 1844 1603 1890 toujours
1620 1840 1747 1886 qu’un
1769 1837 1962 1873 heureux
1978 1831 2130 1869 hasard

357 1919 399 1959 la
416 1918 637 1957 favorisera
668 1920 704 1953 et
737 1913 795 1950 lui
829 1912 1052 1958 permettra
1083 1904 1132 1942 de
1164 1903 1404 1939 rencontrer
1433 1897 1470 1933 le
1502 1894 1607 1944 parti
1639 1889 1861 1936 rêvé.Mais,
1877 1885 2060 1936 pendant
2088 1895 2131 1922 ce

362 1982 509 2023 temps,
551 1972 605 2008 les
637 1971 766 2018 jours,
805 1966 858 2002 les
895 1962 1108 2005 semaines,
1144 1957 1200 1995 les
1234 1956 1339 1992 mois
1370 1955 1534 2002 passent
1569 1952 1609 1987 et
1639 1947 1667 1984 il
1700 1945 1831 1984 arrive
1868 1936 2129 1992 quelquefois

363 2040 445 2080 que
491 2026 695 2077 plusieurs
745 2019 893 2059 années
940 2013 1163 2054 s’écoulent
1212 2011 1333 2047 avant
1382 2016 1462 2055 que
1500 2001 1719 2041 l’occasion
1763 2003 1853 2036 tant
1894 1995 2049 2034 désirée
2089 2003 2132 2030 se

365 2083 567 2133 présente.

471 2134 744 2173 Nombreuses
772 2128 864 2165 sont
890 2126 945 2163 les
967 2120 1151 2172 familles
1180 2118 1251 2168 qui
1277 2119 1348 2155 ont
1377 2114 1439 2153 été
1468 2111 1626 2162 privées
1653 2109 1702 2147 de
1732 2109 1769 2145 la
1797 2106 1883 2156 joie
1909 2105 1957 2142 de
1983 2102 2135 2141 marier

367 2193 476 2230 leurs
505 2186 669 2235 enfants
675 2186 682 2232 ,
712 2185 819 2222 leurs
850 2179 1042 2218 relations
1066 2187 1104 2213 se
1132 2174 1311 2212 bornant
1338 2171 1362 2208 à
1392 2181 1447 2207 un
1474 2166 1684 2213 voisinage
1717 2160 1920 2199 restreint.

474 2244 521 2281 Et
551 2239 744 2281 combien
770 2237 818 2275 de
846 2243 1005 2277 veuves,
1036 2231 1183 2278 jeunes
1209 2235 1352 2265 encore
1357 2234 1365 2271 ,
1401 2234 1439 2261 se
1470 2220 1663 2258 trouvant
1693 2218 1795 2255 dans
1825 2215 1859 2252 le
1891 2212 2025 2250 même
2052 2220 2118 2247 cas
2122 2238 2130 2254 ,

368 2297 485 2336 n'ont
508 2308 561 2344 pu
585 2305 624 2332 se
648 2289 844 2330 remarier
862 2289 875 2325 !
898 2284 1140 2335 Cependant
1160 2281 1255 2320 elles
1280 2277 1467 2317 auraient
1490 2287 1546 2323 pu
1570 2273 1682 2311 créer
1707 2282 1764 2309 un
1790 2279 1980 2307 nouveau
2002 2264 2132 2313 foyer,

370 2352 475 2390 faire
501 2351 537 2388 le
567 2347 760 2386 bonheur
786 2342 886 2381 d’un
919 2338 1071 2379 nouvel
1096 2338 1244 2385 époux,
1282 2338 1321 2372 et
1351 2333 1436 2370 être
1465 2329 1683 2367 heureuses
1717 2322 2003 2366 elles-mêmes,
2040 2319 2069 2356 si
2101 2317 2140 2356 le

369 2406 505 2445 destin
542 2403 631 2441 leur
663 2399 769 2438 avait
809 2396 962 2446 permis
994 2394 1044 2431 de
1076 2393 1317 2429 rencontrer
1353 2385 1457 2424 celui
1496 2382 1580 2431 qui,
1623 2390 1662 2418 se
1702 2380 1900 2417 trouvant
1937 2371 2139 2423 peut-être

369 2464 462 2498 tout
498 2457 588 2507 près
619 2453 769 2499 d’elles,
811 2446 1024 2489 cherchait
1055 2444 1285 2487 lui-même,
1318 2441 1368 2478 de
1398 2447 1478 2476 Son
1516 2435 1619 2480 côté,
1657 2431 1779 2471 l’âme
1815 2442 1942 2469 sœur.
1980 2426 2031 2465 Et
2061 2437 2140 2475 que

373 2511 559 2552 fallait-il
591 2521 696 2559 pour
732 2518 811 2556 que
839 2505 878 2542 la
914 2502 1035 2540 chose
1064 2497 1220 2537 arrivât
1243 2494 1260 2534 ?
1299 2495 1362 2533 Un
1400 2493 1486 2530 rien
1490 2503 1499 2538 ,
1540 2500 1617 2528 une
1657 2487 1778 2526 tierce
1814 2492 2019 2533 personne
2053 2480 2124 2529 qui
2128 2510 2135 2526 ,

372 2563 699 2612 correspondant
723 2570 819 2599 avec
841 2561 932 2596 tous
958 2557 1011 2593 les
1033 2555 1140 2592 deux
1143 2563 1151 2599 ,
1176 2549 1310 2588 aurait
1333 2559 1392 2596 pu
1416 2548 1471 2584 les
1496 2545 1640 2582 mettre
1665 2552 1719 2578 en
1743 2539 1928 2587 rapport.

481 2619 531 2658 Et
554 2619 609 2656 les
632 2618 778 2666 jeunes
809 2611 912 2650 filles
936 2609 953 2649 ?
980 2608 1020 2648 Si
1049 2606 1132 2646 l’on
1158 2603 1354 2652 envisage
1382 2601 1420 2638 la
1450 2597 1646 2636 situation
1676 2592 1801 2633 d’une
1829 2589 2066 2632 demoiselle
2091 2599 2140 2627 en

372 2675 450 2724 âge
475 2674 526 2712 de
556 2684 596 2709 se
622 2670 786 2709 marier,
798 2667 873 2704 elle
898 2669 957 2703 est
982 2675 1066 2701 non
1089 2660 1226 2699 moins
1237 2652 1424 2700 délicate;
1437 2651 1485 2689 la
1497 2651 1704 2689 retenue
1718 2643 1936 2694 imposée
1949 2649 2049 2691 par
2058 2649 2145 2679 son

370 2747 490 2778 sexe
511 2735 583 2775 lui
602 2730 814 2772 interdit
832 2730 966 2767 toute
989 2720 1253 2764 démarche
1269 2715 1585 2768 personnelle
1592 2744 1599 2760 ,
1632 2719 1668 2753 et
1705 2714 1779 2752 aile
1813 2717 1870 2751 est
1902 2709 2145 2748 fatalement

381 2792 644 2834 condamnée
670 2803 719 2827 au
754 2786 913 2829 célibat,
933 2785 965 2822 si
993 2782 1068 2821 elle
1095 2777 1160 2818 n'a
1178 2789 1249 2826 pas
1277 2777 1314 2814 la
1333 2773 1482 2821 grande
1501 2772 1655 2810 chance
1675 2769 1725 2807 de
1738 2772 1906 2806 trouver
1937 2763 2039 2804 dans
2070 2772 2144 2799 son

375 2853 604 2895 entourage
637 2840 852 2882 immédiat
887 2849 945 2878 un
978 2835 1082 2886 parti
1117 2831 1336 2871 conforme
1370 2830 1393 2867 à
1428 2838 1500 2866 son
1535 2825 1621 2874 âge,
1659 2824 1681 2860 à
1717 2833 1792 2859 son
1827 2832 1933 2867 rang
1961 2821 2002 2855 et
2034 2817 2056 2854 à
2086 2826 2146 2852 ses

375 2900 638 2952 aspirations.

494 2954 533 2993 Si
561 2957 663 2991 cette
686 2951 824 2990 bonne
850 2947 1017 2985 fortune
1043 2943 1100 2981 lui
1127 2944 1185 2979 est
1211 2938 1380 2985 refusée,
1411 2935 1487 2975 elle
1514 2937 1611 2983 peut
1638 2931 1739 2969 faire
1766 2926 1899 2977 appel,
1929 2924 2063 2975 parmi
2087 2934 2148 2961 ses

377 3006 709 3049 connaissances,
739 3005 760 3041 â
794 3014 875 3040 une
905 3008 1110 3049 personne
1137 2995 1185 3032 de
1213 2994 1351 3032 bonne
1381 2990 1545 3029 volonté
1581 3006 1631 3012 —
1665 2987 1697 3024 si
1730 2983 1806 3022 elle
1837 2993 1891 3019 en
1920 2986 2066 3019 trouve
2095 2995 2151 3003 —

361 3067 505 3112 payant
540 3061 607 3099 des
648 3057 840 3096 relations
879 3065 984 3092 assez
1015 3048 1212 3089 étendues
1250 3059 1356 3097 pour
1393 3044 1450 3083 lui
1491 3041 1591 3080 faire
1628 3040 1862 3077 contracter
1897 3046 1979 3073 une
2015 3030 2147 3073 union

379 3114 635 3159 convenable
659 3125 666 3157 ;
703 3109 807 3148 mais
840 3112 943 3147 cette
976 3104 1257 3144 intervention
1293 3099 1392 3139 d’un
1432 3098 1528 3137 tiers
1562 3091 1759 3133 bénévole
1799 3089 1903 3128 n’est
1944 3099 2015 3137 pas
2056 3096 2150 3122 sans

384 3171 594 3212 présenter
620 3167 670 3205 de
701 3176 844 3210 graves
875 3158 1206 3202 inconvénients,
1232 3156 1346 3196 dont,
1366 3153 1405 3191 le
1436 3149 1627 3190 moindre
1656 3144 1834 3184 consiste
1862 3144 1885 3182 à
1916 3137 2152 3190 apprendre

383 3221 544 3262 bientôt
582 3233 662 3270 que
693 3216 958 3265 l’obligeante
999 3222 1203 3262 personne
1237 3208 1373 3257 répète
1408 3220 1427 3243 «
1448 3203 1542 3242 urbi
1575 3206 1612 3240 et
1648 3199 1738 3239 orbi
1762 3212 1780 3236 »
1822 3208 1914 3247 que,
1961 3199 2054 3233 saris
2093 3202 2153 3230 ses

385 3275 626 3331 s!émarches
656 3272 852 3314 réitérées,
884 3270 922 3308 la
945 3270 1072 3318 jeune
1098 3265 1192 3313 fille,
1224 3263 1326 3303 dont
1350 3261 1426 3299 elle
1451 3273 1471 3297 a
1497 3258 1523 3296 b
1544 3268 1592 3294 en
1620 3254 1746 3293 voulu
1771 3251 1994 3299 s’occuper,
2021 3244 2157 3285 aurait

384 3331 507 3371 coiffé
536 3324 928 3368 Sainte-Catherine.
