2472 3696
406 423 477 460 Les
513 421 668 461 mêmes
706 420 926 471 difficultés
929 426 938 471 ,
986 425 1078 462 bien
1118 424 1212 474 qu'à
1251 437 1307 463 un
1347 427 1537 465 moindre
1578 429 1699 478 degré
1704 448 1712 476 ,
1752 447 1792 473 ne
1830 431 2066 479 présentent

303 491 407 528 pour
438 483 472 519 le
498 492 587 520 sexe
616 483 718 531 fort.
747 483 798 520 Le
829 484 956 531 jeune
983 484 1165 532 homme,
1196 486 1385 524 désireux
1416 486 1465 524 de
1492 501 1532 526 se
1563 489 1784 528 soustraire
1815 502 1894 527 aux
1923 491 2066 529 incon¬

302 540 487 578 vénients
520 541 574 579 du
607 541 769 589 célibat,
809 542 880 591 qui
911 548 969 581 est
1000 543 1058 581 las
1092 545 1142 582 de
1174 545 1287 582 vivre
1317 558 1367 585 au
1400 550 1634 585 restaurant
1662 549 1715 586 où
1744 546 1827 586 l'on
1864 549 1955 598 paie
1985 550 2068 589 fort

299 595 400 631 cher
437 606 518 632 une
567 597 786 633 mauvaise
838 598 1100 643 nourriture,
1141 599 1191 635 de
1247 609 1397 645 passer
1443 610 1510 637 ses
1557 601 1717 639 soirées
1763 614 1816 640 au
1860 604 1962 649 café,
2018 615 2070 642 en

299 649 456 685 faisant
503 649 542 686 la
590 649 910 687 traditionnelle
961 652 1135 689 manille
1186 662 1288 689 avec
1334 653 1408 689 des
1461 656 1723 701 camarades,
1781 667 1832 693 au
1883 657 1968 694 lieu
2018 659 2069 694 de

301 706 448 754 goûter
474 707 512 744 la
539 708 673 745 douce
704 707 945 746 familiarité
973 709 1031 746 du
1064 709 1193 758 foyer,
1226 707 1311 758 qui,
1347 722 1399 748 en
1426 723 1493 748 cas
1524 711 1873 763 d’indisposition,
1906 715 2069 764 préfère

302 766 357 802 les
387 767 497 804 soins
533 766 762 805 affectueux
791 765 915 805 d’une
952 767 1108 806 femme
1133 769 1317 806 dévouée
1352 770 1372 807 à
1404 782 1506 808 ceux
1539 771 1664 809 d’une
1692 774 1919 822 étrangère,
1960 774 2065 815 celui

300 825 371 873 qui
405 824 619 863 considère
653 837 819 863 comme
852 838 934 864 une
970 826 1202 876 obligation
1239 829 1372 866 sacrée
1404 829 1442 867 la
1480 829 1696 868 fondation
1730 829 1853 870 d’une
1891 832 2062 881 famille,

302 883 376 921 but
404 883 597 932 suprême
633 885 681 922 de
710 884 954 932 l’existence,
995 898 1045 923 en
1073 898 1132 924 un
1169 892 1258 925 mot
1286 887 1487 926 l’homme
1523 889 1571 927 de
1600 902 1718 928 cœur
1752 893 1823 941 qui
1855 897 1951 930 veut
1985 893 2069 931 être

300 942 402 981 utile
432 944 454 980 à
487 943 524 980 la
558 943 718 991 société,
754 949 864 993 peut,
903 957 995 982 sans
1027 950 1123 994 trop
1152 945 1204 983 de
1233 945 1470 995 difficultés,
1508 948 1709 987 chercher
1736 950 1954 989 lui-même
1987 965 2068 993 une

302 1013 549 1051 compagne,
580 1007 618 1040 et
650 1003 677 1040 il
705 1003 762 1040 lui
795 1009 855 1042 est
880 1003 1040 1042 loisible
1075 1005 1124 1042 de
1152 1004 1377 1044 demander
1408 1008 1429 1044 à
1458 1019 1517 1044 ses
1548 1007 1654 1045 amis
1683 1014 1722 1047 et
1753 1011 2067 1052 connaissances

299 1062 350 1099 de
377 1061 435 1098 lui
464 1066 631 1099 trouver
659 1074 717 1099 un
748 1062 854 1110 parti
885 1063 1149 1111 convenable,
1182 1065 1287 1102 mais
1316 1069 1441 1102 est-ce
1465 1065 1660 1105 suffisant
1683 1068 1699 1105 ?
1731 1069 1784 1106 La
1812 1069 1981 1119 plupart
2010 1072 2066 1109 du

300 1124 446 1168 temps,
475 1120 511 1157 le
538 1121 691 1169 champ
716 1121 782 1159 des
812 1121 1052 1159 recherches
1078 1127 1136 1160 est
1167 1122 1251 1160 fort
1280 1123 1490 1172 restreint,*
1516 1125 1571 1162 les
1597 1128 1700 1164 amis
1730 1128 1822 1176 plus
1845 1141 1902 1166 ou
1930 1130 2068 1167 moins

301 1178 559 1217 indifférents
584 1179 775 1218 oublient
803 1180 854 1218 de
884 1179 1095 1229 s’occuper
1126 1181 1174 1218 de
1205 1182 1242 1218 la
1272 1182 1444 1221 mission
1477 1183 1651 1223 délicate
1675 1186 1779 1225 dont
1808 1187 1856 1226 ils
1885 1185 2068 1229 s’étaient

301 1237 473 1287 chargés
509 1244 683 1277 souvent
711 1239 733 1275 à
767 1243 1060 1286 contre-cœur,
1091 1244 1130 1277 et
1163 1240 1192 1277 il
1221 1253 1272 1278 en
1304 1242 1454 1279 résulte
1487 1254 1567 1291 que
1596 1241 1830 1293 l’intéressé,
1872 1259 1921 1284 ne
1956 1253 2066 1287 trou¬

301 1302 399 1336 vant
431 1309 502 1346 pas
536 1309 580 1335 ce
612 1297 714 1346 qu’il
748 1297 890 1345 désire,
926 1298 1088 1347 préfère
1120 1296 1347 1347 s’abstenir,
1384 1303 1437 1347 et,
1472 1302 1588 1349 après
1624 1304 1819 1353 quelques
1850 1307 2067 1346 tentatives

301 1357 452 1403 vaines,
479 1367 520 1393 se
543 1356 708 1405 résigne
729 1360 821 1395 tout
845 1356 1094 1396 doucement
1115 1359 1137 1395 à
1165 1363 1291 1396 rester
1314 1358 1434 1396 vieux
1460 1372 1628 1409 garçon.

410 1427 474 1464 Ah
494 1427 507 1464 !
530 1439 606 1476 que
632 1428 681 1465 de
709 1427 911 1476 mariages
937 1428 1138 1477 manqués
1163 1429 1276 1478 faute
1304 1427 1405 1467 d'un
1432 1431 1737 1469 intermédiaire
1762 1432 1921 1470 sérieux
1923 1434 1931 1480 ,
1965 1434 2065 1472 hon¬

301 1487 390 1523 nête
416 1487 452 1523 et
482 1484 643 1532 discret,
672 1492 850 1535 prenant
875 1488 897 1524 à
921 1499 1037 1524 cœur
1063 1487 1102 1525 la
1124 1487 1294 1526 réussite
1319 1489 1389 1527 des
1414 1489 1618 1538 mariages
1646 1491 1844 1539 auxquels
1873 1491 1902 1528 il
1931 1490 2065 1529 s’inté¬

304 1556 409 1582 resse
432 1544 439 1582 I
473 1544 674 1582 Combien
701 1545 751 1583 de
784 1546 942 1594 projets
970 1546 1309 1594 matrimoniaux,
1348 1549 1608 1587 commencés
1639 1560 1731 1587 sous
1764 1548 1813 1586 de
1842 1548 1945 1585 bons
1979 1559 2066 1585 aus¬

301 1602 422 1650 pices,
453 1607 529 1640 ont
563 1603 719 1641 échoué
751 1605 771 1641 à
807 1605 844 1642 la
875 1605 980 1643 suite
1013 1603 1358 1650 d’indiscrétions,
1398 1606 1617 1644 commises
1650 1607 1786 1647 même
1820 1607 2066 1645 involontai¬

301 1667 460 1699 rement
484 1661 492 1699 I
539 1661 657 1700 Seule
692 1675 775 1700 une
808 1663 1087 1701 intervention
1124 1665 1230 1712 sûre,
1282 1665 1575 1703 bienveillante
1613 1670 1652 1703 et
1689 1665 1916 1707 raisonnée,
1970 1666 2068 1711 peut

302 1725 448 1758 mettre
476 1733 525 1759 en
556 1727 728 1770 rapport
751 1722 789 1759 la
819 1722 931 1761 foule
958 1721 1118 1761 d’isolés
1148 1723 1219 1773 qui
1243 1724 1434 1772 végètent
1460 1725 1562 1763 dans
1590 1724 1629 1762 la
1656 1723 1845 1770 solitude,
1877 1723 1991 1760 faute
2019 1721 2067 1760 de

298 1792 339 1817 se
363 1778 588 1827 connaître,
621 1784 661 1818 et
684 1786 776 1819 sont
804 1781 908 1820 ainsi
933 1781 1070 1831 privés
1092 1784 1165 1820 des
1192 1783 1297 1832 joies
1323 1783 1371 1820 de
1395 1783 1432 1821 la
1465 1784 1638 1821 famille.

406 1850 511 1889 C’est
532 1863 640 1900 pour
662 1852 865 1890 remédier
883 1854 905 1890 à
928 1857 992 1891 cet
1010 1854 1092 1891 état
1116 1854 1167 1891 de
1184 1853 1326 1892 choses
1348 1852 1455 1892 aussi
1481 1854 1782 1903 préjudiciable
1806 1855 1827 1891 à
1846 1849 2066 1893 l’individu

300 1908 393 1958 qu’à
424 1910 461 1947 la
490 1911 747 1958 collectivité,
784 1911 887 1950 dont
912 1910 1051 1950 l’essor
1073 1918 1135 1951 est
1165 1913 1490 1962 complètement
1519 1912 1685 1951 entravé
1714 1924 1788 1961 par
1813 1912 1850 1949 la
1883 1911 2065 1949 diminu¬

305 1970 390 2006 tion
439 1968 488 2006 de
532 1969 624 2018 plus
671 1981 722 2007 en
772 1970 865 2019 plus
908 1971 1067 2021 grande
1108 1972 1177 2010 des
1226 1971 1428 2021 mariages
1489 1983 1569 2021 que
1617 1983 1720 2008 nous
1765 1983 1893 2009 avons
1942 1969 2066 2007 fondé

304 2048 323 2070 «
346 2031 797 2072 L’INTERMEDIAIRE
818 2032 896 2072 DU
926 2032 1093 2074 FOYER
1122 2047 1160 2073 ».

404 2108 575 2160 Jusqu’à
603 2123 648 2149 ce
674 2113 773 2160 jour
797 2110 987 2159 quantité
1010 2108 1225 2158 d’agences
1252 2113 1329 2147 ont
1355 2110 1416 2147 été
1446 2108 1591 2147 créées.
1620 2106 1823 2146 Combien
1852 2108 1900 2145 de
1932 2106 2065 2144 réelle¬

303 2173 416 2207 ment
445 2169 564 2208 utiles
592 2172 628 2207 et
662 2171 843 2219 efficaces
864 2171 934 2207 ?...
965 2169 1015 2207 Et
1045 2169 1132 2206 cela
1164 2180 1204 2205 se
1236 2167 1479 2216 comprend,
1511 2168 1651 2217 quand
1684 2179 1738 2205 on
1771 2165 1958 2204 réfléchit
1989 2176 2068 2215 que

300 2230 387 2267 seul
421 2227 597 2267 l'intérêt
624 2229 783 2277 guidait
818 2239 880 2267 ces
915 2229 1076 2277 gens-là
1078 2259 1085 2275 ,
1122 2232 1163 2266 et
1192 2239 1284 2276 que,
1322 2227 1423 2265 dans
1450 2239 1509 2265 un
1542 2226 1729 2275 mariage
1762 2225 1838 2263 fait
1871 2236 1947 2274 par
1973 2236 2064 2271 eux,

300 2288 348 2326 ils
374 2287 724 2336 n’envisageaient
746 2286 900 2336 qu’une
920 2287 1043 2325 chose
1067 2283 1074 2325 :
1087 2283 1131 2326 la
1145 2291 1321 2326 SOfïlfïlË
1335 2282 1363 2325 Ù
1377 2281 1612 2325 tOUChdPà
1630 2283 1742 2324 titPB
1756 2282 1811 2324 ÜB
1827 2281 2069 2331 COlirtOffB.

405 2356 632 2395 Combien
657 2356 924 2396 différente
942 2364 1016 2396 est
1038 2358 1178 2395 notre
1200 2355 1368 2395 œuvre
1386 2355 1397 2394 !
1420 2361 1532 2396 Nous
1554 2369 1605 2396 ne
1629 2358 1891 2394 demandons
1912 2362 2069 2392 aucun

296 2412 547 2461 courtage,
584 2420 770 2449 aucune
797 2410 1108 2449 commission
1137 2410 1151 2448 !
1185 2416 1237 2451 Le
1264 2415 1354 2450 seul
1384 2413 1567 2449 débours
1592 2411 1779 2449 consiste
1808 2412 1830 2447 à
1856 2420 1990 2457 payer
2013 2420 2069 2447 un

297 2469 499 2514 modique
515 2469 803 2505 abonnement
824 2468 989 2505 destiné
1010 2469 1034 2504 à
1056 2468 1229 2505 couvrir
1250 2468 1311 2503 les
1332 2467 1435 2503 frais
1457 2466 1755 2512 d’impression
1779 2466 1817 2501 et
1841 2464 1891 2500 de
1911 2473 2073 2500 corres¬

298 2523 535 2567 pondance,
575 2524 616 2558 et
654 2521 780 2568 grâce
821 2522 975 2568 auquel
1009 2522 1070 2558 les
1101 2521 1372 2558 célibataires
1412 2520 1486 2556 des
1518 2520 1626 2556 deux
1661 2528 1781 2554 sexes
1816 2519 1889 2553 ont
1920 2518 1943 2553 à
1980 2518 2073 2553 leur

298 2575 557 2621 disposition
579 2585 636 2611 un
664 2575 786 2612 choix
806 2575 856 2611 de
878 2575 1026 2621 partis,
1051 2575 1314 2621 permettant
1334 2574 1383 2609 de
1407 2573 1569 2610 donner
1591 2571 1855 2608 satisfaction
1878 2572 1900 2607 à
1929 2571 2072 2607 toutes

297 2629 358 2665 les
380 2628 616 2675 exigences.

405 2694 516 2731 Nous
540 2694 692 2731 tenons
716 2693 794 2730 aie
822 2693 994 2741 répéter
1024 2708 1031 2730 :
1062 2685 1535 2731 «L’INTERMÉDIAIRE
1568 2691 1630 2729 DU
1664 2691 1856 2728 FOYER»
1889 2689 1952 2726 n’a
1980 2688 2072 2726 rien

298 2747 349 2784 de
377 2757 579 2784 commun
605 2756 708 2785 avec
735 2748 794 2784 les
823 2757 1008 2794 agences
1037 2747 1379 2785 matrimoniales
1415 2754 1423 2790 ;
1454 2744 1559 2783 c'est
1584 2753 1677 2782 une
1704 2753 1867 2782 œuvre
1894 2742 2003 2781 dont
2033 2744 2073 2780 le

298 2801 377 2839 but
405 2802 582 2848 unique
609 2801 677 2840 est
705 2802 757 2839 de
782 2803 943 2840 servir
969 2803 1021 2840 de
1051 2800 1384 2840 trait-d'union
1412 2800 1532 2836 entre
1566 2799 1708 2835 toutes
1739 2799 1801 2834 les
1833 2806 2073 2843 personnes

296 2859 539 2897 désireuses
568 2860 617 2897 de
646 2860 922 2906 remplirleur
948 2861 1096 2898 devoir
1123 2860 1255 2898 social
1283 2870 1335 2896 en
1363 2859 1637 2896 contractant
1676 2857 1878 2903 mariage,
1910 2852 2073 2900 quelle

298 2925 392 2963 que
426 2916 523 2955 soit
547 2917 661 2954 leur
691 2915 927 2955 situation
962 2917 1019 2956 de
1039 2916 1254 2965 fortune,
1277 2916 1335 2954 de
1355 2915 1403 2954 la
1421 2914 1536 2963 plus
1572 2912 1794 2952 modeste
1827 2910 1853 2950 à
1884 2911 1931 2950 la
1958 2910 2074 2958 plus

298 2969 476 3015 élevée,
510 2975 551 3010 et
579 2983 688 3010 nous
710 2974 992 3019 remplissons
1016 2976 1125 3011 cette
1154 2973 1335 3010 mission
1365 2982 1469 3010 avec
1502 2970 1757 3008 EEXTREME
1789 2962 2075 3007 DISCRÉTION

298 3037 385 3077 que
418 3025 523 3068 doit
559 3029 835 3079 comporter
872 3039 934 3068 un
971 3031 1077 3069 acte
1116 3028 1252 3068 aussi
1286 3028 1561 3072 important
1567 3036 1576 3072 ,
1617 3026 1754 3064 aussi
1792 3024 1933 3064 sacré
1980 3032 2075 3072 que

296 3087 343 3125 le
382 3089 623 3139 mariage.

1570 3182 1636 3223 LA
1666 3179 1959 3222 DIRECTION.
