2472 3696
312 415 550 454 tuellement
592 410 700 448 3.500
742 410 881 445 francs
929 405 977 442 de
1025 403 1164 440 traite-
1193 407 1203 430 <

312 465 437 508 ment,
473 461 705 499 économies
730 456 840 494 4.000
866 455 1021 497 francs,
1052 451 1165 497 espé¬

315 523 475 556 rances,
523 508 657 546 désire
703 504 933 544 contracter
977 500 1163 546 mariage

316 571 416 599 avec
436 562 556 608 jeune
579 558 659 593 fille
678 565 728 592 ou
749 562 882 590 veuve
900 549 1163 592 affectueuse,

315 613 392 656 âge
417 618 468 646 en
494 606 672 652 rapport,
703 602 834 648 ayant
856 598 956 646 petit
982 596 1101 634 avoir
1129 596 1168 632 et

318 658 442 704 passé
486 652 790 701 irréprochable
835 658 934 687 sous
969 646 1063 683 tous
1106 644 1166 680 les

318 706 520 753 rapports.

365 825 446 861 264.
473 844 520 849 —
540 822 669 858 Jeune
693 814 872 859 homme,
897 812 942 850 28
962 822 1053 856 ans,
1082 819 1171 858 pro¬

322 872 583 911 chainement
614 867 751 912 libéré,
793 864 994 909 horloger,
1035 861 1172 897 bonne

322 921 522 965 conduite,
549 916 784 964 épouserait
806 915 928 960 jeune
952 910 1032 946 fille
1053 910 1106 946 de
1128 906 1176 943 20

322 972 347 1007 à
368 969 412 1006 26
426 978 519 1012 ans,
541 966 647 1004 dans
668 965 704 1001 le
719 969 952 1000 commerce
973 968 1025 1006 op
1046 956 1173 1003 ayant

323 1016 482 1064 emploi.

372 1131 453 1167 267.
489 1150 535 1156 —
571 1125 744 1162 Divorcé
775 1133 826 1160 en
862 1133 911 1158 sa
941 1120 1099 1163 faveur,
1131 1116 1173 1153 41

326 1188 416 1225 ans,
449 1178 533 1214 très
564 1175 738 1217 sérieux,
772 1171 945 1212 tailleur,
980 1176 1080 1205 sans
1112 1174 1178 1202 en¬

327 1230 427 1273 fant,
447 1224 565 1268 .2.000
584 1224 724 1260 francs
742 1216 1032 1260 d’économies,
1060 1216 1179 1261 épou¬

330 1275 456 1313 serait
478 1275 599 1321 jeune
620 1271 700 1307 fille
722 1279 773 1306 ou
797 1276 929 1305 veuve
949 1265 998 1302 de
1019 1263 1064 1299 25
1089 1265 1112 1301 à
1135 1260 1181 1297 40

331 1332 419 1366 ans,
457 1322 584 1368 ayant
624 1318 820 1364 quelques
852 1310 1086 1351 économies
1125 1308 1181 1345 lui

332 1370 580 1419 permettant
615 1367 663 1406 de
697 1362 883 1401 s’établir
915 1361 1023 1397 dans
1059 1357 1182 1404 petite

332 1419 435 1456 ville.

379 1528 459 1565 268.
487 1544 533 1549 —
558 1526 688 1561 Jeune
713 1518 892 1564 homme,
916 1516 963 1554 20
983 1525 1076 1560 ans,
1102 1513 1184 1550 ins¬

332 1576 442 1622 truit,
472 1574 647 1616 sérieux,
681 1567 955 1613 sentimental,
984 1563 1184 1602 situation

333 1623 529 1667 d’avenir,
594 1619 774 1657 réformé
834 1625 937 1661 pour
997 1614 1185 1649 blessure

336 1672 448 1710 main
483 1670 653 1717 gauche,
686 1663 922 1713 épouserait
949 1662 1071 1709 jeune
1105 1659 1186 1695 fille

336 1721 482 1767 simple
507 1719 635 1766 ayant
665 1716 744 1753 dot.

383 1843 464 1878 269.
488 1860 535 1866 —
556 1834 675 1880 Veuf,
700 1834 746 1871 70
767 1842 856 1875 ans,
878 1841 931 1868 ne
949 1828 1190 1875 paraissant

340 1901 413 1938 pas
454 1897 530 1926 son
565 1887 653 1932 âge,
697 1881 906 1919 caractère
944 1878 1065 1921 doux,
1109 1876 1190 1911 bon

340 1947 466 1981 cœur,
496 1934 625 1980 ayant
646 1940 793 1969 encore
815 1928 948 1966 toutes
972 1936 1039 1963 ses
1066 1921 1190 1960 facul¬

340 1988 414 2032 tés,
453 1981 720 2032 propriétaire
754 1978 849 2014 d’un
882 1975 983 2022 petit
1013 1971 1188 2014 meublé,

341 2033 477 2072 désire
509 2030 695 2075 mariage
728 2037 830 2064 avec
859 2024 979 2061 dame
1013 2021 1062 2059 de
1095 2019 1140 2056 60
1168 2020 1192 2055 à

343 2082 386 2119 65
414 2091 503 2126 ans,
535 2079 662 2126 ayant
694 2077 829 2113 bonne
862 2072 980 2110 santé
1014 2070 1052 2107 et
1086 2068 1193 2115 quel¬

344 2141 443 2177 ques
472 2126 716 2165 économies.

391 2239 472 2274 272.
499 2257 545 2262 —
570 2235 697 2270 Jeune
726 2226 905 2272 homme,
935 2225 979 2262 28
1008 2233 1097 2268 ans,
1129 2232 1196 2259 ou¬

347 2288 456 2323 vrier
488 2282 656 2325 d’usine,
692 2280 776 2316 très
805 2277 978 2318 sérieux,
1009 2273 1101 2318 fort,
1137 2281 1198 2307 ro¬

346 2334 478 2376 buste,
511 2327 746 2378 épouserait
770 2328 891 2373 jeune
921 2323 1000 2360 fille
1029 2320 1075 2357 25
1105 2329 1194 2362 ans,

350 2382 543 2420 sérieuse,
581 2379 663 2415 bon
687 2374 912 2415 caractère,
949 2370 1070 2416 goûts
1105 2365 1200 2404 sim¬

352 2433 450 2478 ples,
490 2427 603 2465 taille
637 2431 855 2471 moyenne,
903 2416 1104 2456 situation
1145 2423 1196 2451 en

349 2478 532 2525 rapport.

398 2598 479 2634 273.
500 2617 546 2622 —
567 2590 688 2634 Veuf,
711 2589 756 2626 55
778 2597 868 2630 ans,
892 2585 1002 2622 deux
1022 2581 1200 2626 enfants,

352 2657 407 2685 un
432 2645 495 2681 fils
523 2639 666 2684 marié,
693 2647 774 2674 une
801 2635 942 2672 fillette
964 2633 1016 2669 de
1043 2629 1090 2666 10
1109 2637 1201 2671 ans,

353 2689 645 2736 commerçant,
696 2685 867 2730 rapport
908 2678 1016 2716 7.000
1063 2677 1204 2713 francs

355 2752 431 2791 par
467 2750 532 2785 an,
573 2736 693 2785 goûts
732 2731 914 2778 simples,
951 2726 1085 2764 désire
1122 2733 1206 2759 ma¬

354 2790 469 2835 riage
499 2797 600 2824 avec
628 2791 761 2821 veuve
791 2790 843 2817 ou
864 2775 1055 2814 divorcée
1082 2774 1132 2809 de
1163 2771 1207 2807 45

357 2842 382 2877 à
406 2837 455 2875 50
487 2845 577 2878 ans,
614 2841 713 2871 avec
744 2838 795 2865 ou
830 2835 930 2864 sans
965 2822 1118 2864 enfant,
1154 2819 1207 2856 si¬

358 2885 516 2924 tuation
551 2892 602 2919 en
630 2877 808 2928 rapport.

405 2999 487 3035 274.
517 3014 563 3020 —
595 2986 850 3032 Célibataire,
881 2985 928 3021 40
955 2992 1044 3025 ans,
1076 2979 1212 3027 paraît

360 3048 417 3093 30,
478 3044 716 3091 professeur
771 3038 955 3081 langues,
1011 3029 1212 3075 physique

361 3093 569 3141 agréable,
603 3091 683 3126 bon
721 3085 942 3126 caractère,
981 3076 1115 3116 30.000
1143 3077 1209 3118 fr.,

365 3140 598 3189 épouserait
639 3143 842 3183 personne
876 3129 1075 3173 sérieuse,
1121 3133 1215 3170 gen¬

366 3192 458 3235 tille,
492 3187 680 3231 aimable,
712 3180 906 3221 situation
938 3175 1062 3219 aisée,
1096 3171 1216 3220 goûts

366 3238 549 3284 simples.

412 3281 736 3324 S’intéresserait
765 3274 990 3314 volontiers
1018 3272 1043 3308 à
1069 3266 1217 3309 affaire

367 3332 653 3376 commerciale
675 3339 730 3367 ou
758 3320 1025 3366 industrielle,
1250 3339 1258 3353 ,

1283 398 1364 434 277.
1388 417 1435 422 —
1461 388 1716 432 Célibataire,
1741 388 1781 423 41
1807 395 1900 428 ans,
1929 383 2086 431 parais¬

1239 448 1334 484 sant
1349 445 1441 487 plus
1462 443 1595 489 jeune,
1621 439 1705 476 très
1727 434 1932 482 agréable,
1955 432 2083 476 avoir,

1238 494 1407 543 parents
1434 489 1720 538 agriculteurs,
1752 482 1985 531 épouserait
2005 482 2089 527 jeu¬

1239 553 1291 579 ne
1329 542 1408 578 fille
1444 549 1495 576 ou
1525 546 1658 574 veuve
1694 535 1744 572 de
1775 532 1819 570 29
1855 533 1880 568 à
1913 530 1960 567 35
1996 538 2086 572 ans,

1241 592 1350 628 taille
1370 595 1587 634 moyenne,
1609 583 1802 625 aimante,
1828 579 1956 625 ayant
1976 575 2093 613 avoir

1240 639 1310 686 qui
1338 634 1542 675 l’aiderait
1571 634 1596 671 à
1626 631 1739 668 créer
1769 628 1866 676 petit
1895 633 2091 663 commer¬

1241 696 1285 724 ce
1311 686 1572 732 quelconque.

1290 786 1371 825 280.
1405 805 1450 810 —
1477 784 1605 818 Jeune
1636 775 1813 822 homme,
1846 775 1891 812 25
1920 783 2011 818 ans,
2041 773 2094 809 Is¬

1244 833 1398 877 raélite,
1434 830 1690 872 décorateur,
1737 825 1870 862 désire
1908 821 2094 868 mariage

1245 892 1347 920 avec
1369 881 1491 926 jeune
1514 878 1595 914 fille
1620 876 1669 913 de
1694 876 1827 911 même
1847 871 2017 918 religion
2043 880 2094 907 ou

1249 929 1490 975 catholique,
1525 926 1575 963 de
1604 927 1740 962 bonne
1763 920 1928 959 famille.

1296 1047 1376 1086 283.
1405 1063 1452 1068 —
1472 1042 1591 1085 Veuf,
1618 1041 1663 1078 39
1685 1050 1774 1083 ans,
1804 1036 2094 1081 commerçant,

1248 1093 1462 1140 musicien,
1500 1091 1618 1130 avoir
1648 1088 1779 1126 25.000
1811 1088 1953 1124 francs
1987 1085 2101 1130 espè¬

1252 1153 1330 1189 ces,
1354 1144 1475 1190 jeune
1496 1141 1576 1177 fille
1600 1138 1645 1175 14
1664 1147 1757 1181 ans,
1783 1134 2016 1182 épouserait
2036 1131 2102 1169 de¬

1252 1191 1434 1230 moiselle
1467 1199 1520 1227 ou
1544 1196 1689 1232 veuve,
1725 1186 1803 1231 âge
1832 1186 1874 1221 et
1906 1181 2101 1218 situation

1249 1250 1303 1279 en
1323 1238 1505 1284 rapport.

1304 1339 1419 1375 Nous
1471 1344 1745 1380 remarquons
1782 1342 1860 1379 que
1910 1332 2106 1377 quelques

1260 1389 1445 1425 abonnés
1468 1384 1771 1423 s’abstiennent
1798 1383 1847 1417 de
1870 1388 2107 1423 correspon¬

1261 1438 1345 1472 dre.
1390 1436 1604 1471 Comment
1651 1429 1895 1475 peuvent-ils
1942 1427 2108 1472 espérer

1261 1484 1436 1526 aboutir,
1465 1481 1553 1518 s’ils
1580 1491 1632 1518 ne
1656 1480 1745 1514 font
1769 1486 1928 1513 aucune
1950 1475 2109 1511 démar¬

1262 1534 1336 1568 che
1361 1532 1382 1568 ?
1414 1531 1445 1568 Il
1471 1533 1533 1566 est
1562 1526 1800 1572 impossible
1832 1523 1929 1569 qu’il
1961 1523 2027 1568 n’y
2055 1521 2110 1557 ait

1262 1590 1351 1624 pas,
1382 1579 1489 1614 dans
1513 1577 1550 1612 le
1576 1574 1748 1611 nombre
1772 1572 1845 1608 des
1877 1569 2006 1616 partis
2032 1578 2109 1614 que

1262 1637 1367 1665 nous
1398 1627 1486 1662 leur
1518 1624 1776 1670 présentons,
1812 1628 1892 1654 une
1924 1625 2110 1653 annonce

1263 1677 1287 1711 à
1313 1675 1402 1710 leur
1432 1674 1542 1718 goût,
1577 1669 1762 1706 d’autant
1789 1669 1880 1713 plus
1908 1675 1986 1710 que
2016 1665 2111 1699 bien

1265 1724 1337 1760 des
1355 1727 1598 1767 personnes,
1619 1727 1695 1762 par
1719 1714 1931 1756 modestie,
1952 1722 2004 1748 ne
2025 1711 2113 1746 font

1265 1782 1340 1816 pas
1361 1769 1492 1806 valoir
1517 1767 1622 1803 dans
1648 1766 1759 1801 leurs
1785 1768 1995 1797 annonces
2020 1762 2113 1795 tous

1267 1821 1326 1856 les
1359 1818 1589 1860 avantages
1624 1813 1706 1859 (dot
1733 1820 1785 1845 ou
1816 1812 1955 1844 autres
1990 1805 2115 1851 quali¬

1267 1867 1344 1907 tés)
1372 1864 1537 1909 qu’elles
1561 1859 1794 1906 possèdent.
1820 1856 1852 1892 Il
1873 1859 1935 1892 est
1962 1855 2011 1892 de
2032 1853 2116 1888 l’in¬

1268 1916 1372 1952 térêt
1392 1914 1441 1949 de
1465 1909 1559 1947 tous
1586 1910 1635 1944 de
1662 1903 1959 1948 correspondre
1989 1918 1996 1925 -
2019 1901 2116 1935 c’est

1268 1965 1305 1999 le
1339 1961 1427 1998 seul
1457 1966 1608 2004 moyen
1637 1954 1823 2001 pratique
1858 1949 2059 1985 d'arriver
2094 1948 2117 1982 à

1271 2021 1327 2046 un
1362 2009 1548 2045 résultat.
1594 2004 1627 2039 A
1679 2002 1770 2047 plus
1822 2000 1926 2035 forte
1962 1996 2115 2035 raison,

1272 2061 1369 2094 c’est
1402 2065 1483 2092 une
1509 2050 1730 2097 obligation
1763 2048 1813 2084 de
1846 2044 1991 2090 simple
2023 2041 2119 2087 poli¬

1271 2111 1382 2143 tesse
1415 2104 1463 2139 de
1490 2099 1691 2145 répondre
1723 2096 1909 2142 toujours
1941 2101 2023 2127 aux
2050 2092 2121 2126 let¬

1272 2157 1357 2190 tres
1420 2157 1579 2197 reçues.
1634 2146 1749 2182 Vous
1804 2141 1932 2179 seriez
1979 2137 2121 2174 certai¬

1273 2203 1441 2238 nement
1475 2196 1709 2234 mécontent
1764 2191 1801 2227 si
1849 2187 2120 2225 vous-même,

1274 2250 1462 2287 écrivant
1491 2255 1572 2280 une
1598 2243 1730 2286 lettre,
1763 2245 1866 2273 vous
1897 2232 2121 2270 n’obteniez

1275 2309 1351 2344 pas
1377 2296 1427 2331 de
1447 2293 1638 2337 réponse.
1660 2290 1691 2324 Il
1717 2295 1820 2323 vous
1845 2287 1908 2320 est
1929 2281 2060 2323 facile,
2089 2277 2124 2313 si

1276 2348 1392 2382 votre
1424 2340 1624 2378 intention
1656 2337 1761 2371 n’est
1799 2340 1874 2378 pas
1915 2330 1962 2364 de
2002 2326 2126 2364 conti¬

1276 2403 1380 2429 nuer
1437 2392 1461 2426 à
1520 2383 1829 2429 correspondre,
1881 2375 2125 2419 d’exprimer

1277 2452 1352 2479 vos
1380 2439 1539 2485 regrets
1563 2443 1613 2470 en
1639 2431 1835 2478 quelques
1863 2428 1985 2461 mots.

1323 2537 1403 2576 287.
1425 2536 1473 2572 —
1488 2536 1618 2571 Jeune
1638 2525 1817 2569 homme,
1839 2524 1886 2561 30
1907 2532 1997 2566 ans,
2017 2520 2123 2564 bien,

1276 2591 1396 2631 brun,
1423 2586 1559 2622 bonne
1582 2578 1748 2620 famille,
1774 2574 1885 2612 taille
1909 2577 2124 2616 moyenne,

1279 2639 1360 2673 bon
1390 2630 1610 2670 caractère,
1650 2623 1827 2663 instruit,
1858 2618 2001 2655 mutilé
2036 2624 2129 2662 pen¬

1280 2683 1370 2722 sion
1391 2684 1443 2718 de
1465 2676 1573 2716 1.800
1596 2676 1749 2716 francs,
1773 2670 1859 2706 très
1875 2665 1987 2708 actif,
2012 2665 2131 2710 épou¬

1281 2730 1409 2769 serait
1436 2728 1557 2774 jeune
1584 2721 1665 2759 fille
1694 2729 1746 2756 ou
1774 2725 1906 2754 veuve
1931 2711 2128 2752 aimante,

1282 2775 1479 2815 situation
1508 2782 1558 2810 en
1581 2768 1761 2816 rapport,
1790 2763 1826 2801 si
1853 2771 1927 2809 pas
1952 2757 2132 2796 dévouée

1283 2835 1385 2873 pour
1422 2820 1556 2860 blessé
1589 2812 1823 2856 s’abstenir,
1856 2807 2022 2848 attends
2053 2813 2133 2842 em¬

1283 2872 1364 2921 ploi
1395 2863 1739 2908 administration.

1331 2974 1412 3011 291.
1441 2988 1488 2995 —
1516 2966 1728 3009 Horloger,
1762 2958 1940 3005 capable,
1968 2955 2015 2991 40
2042 2962 2131 2995 ans,

1287 3034 1387 3062 sans
1418 3014 1625 3057 infirmité,
1658 3010 1785 3056 ayant
1815 3007 1914 3054 petit
1943 3000 2137 3050 magasin

1286 3066 1532 3117 rapportant
1572 3059 1705 3102 10.000
1753 3058 1893 3094 francs
1941 3063 2017 3099 par
2063 3058 2133 3093 an,

1288 3114 1523 3164 épouserait
1554 3107 1789 3148 demoiselle
1821 3114 1872 3142 ou
1897 3109 2041 3144 veuve,
2079 3098 2138 3134 sé¬

1286 3168 1435 3209 rieuse,
1459 3159 1634 3209 gentille,
1659 3152 1900 3202 présentant
1915 3149 2020 3192 bien,
2042 3148 2140 3183 bon¬

1290 3226 1342 3252 ne
1375 3209 1603 3250 éducation,
1640 3204 1709 3242 dot
1742 3203 1777 3240 si
1810 3198 2001 3247 possible,
2031 3193 2152 3231 mais,

1291 3259 1528 3309 préférence
1559 3264 1655 3293 sera
1674 3249 1835 3288 donnée
1861 3248 1887 3284 à
1916 3247 2066 3283 femme
2089 3243 2142 3284 de

1293 3317 1419 3356 cœur,
1444 3305 1605 3348 aiment
1629 3298 1838 3342 intérieur,
