2472 3696
640 489 854 594 LE
930 481 1704 590 MARIAGE

878 694 1112 749 ASSURÉ
1140 705 1176 746 A
1208 703 1367 745 TOUS
1398 702 1516 744 PAR

305 878 328 900 «
368 836 1342 904 LTNTERMÉDIAIRB
1410 850 1557 892 DU
1626 846 2001 889 X'OYUJLX
2054 858 2076 881 »

421 1159 440 1182 «
462 1142 915 1183 L’INTERMEDIAIRE
951 1140 1016 1179 DU
1047 1137 1202 1178 FOYER
1236 1149 1254 1176 »
1286 1138 1411 1176 n’est
1435 1145 1528 1185 pas
1556 1145 1651 1174 une
1678 1143 1863 1186 agence
1908 1132 2082 1172 matri¬

304 1208 520 1248 moniale
533 1219 548 1255 ;
572 1207 689 1246 c’est
718 1214 810 1245 une
830 1212 999 1243 œuvre
1021 1199 1160 1240 créée
1184 1208 1315 1247 pour
1337 1196 1588 1236 favoriser
1608 1196 1655 1233 et
1673 1194 1894 1233 faciliter
1913 1192 1960 1231 le
1979 1201 2080 1231 ma¬

304 1269 447 1319 riage
485 1275 601 1308 entre
625 1278 849 1318 personnes
876 1262 1136 1309 honorables,
1169 1262 1191 1298 à
1218 1261 1288 1309 qui
1318 1259 1355 1297 le
1380 1270 1563 1307 manque
1588 1258 1642 1295 de
1670 1256 1866 1294 relations
1891 1258 2080 1301 impose

305 1329 428 1369 neuf
444 1328 539 1368 fois
558 1335 649 1366 sur
667 1325 754 1364 dix
773 1324 820 1362 le
842 1321 1038 1362 célibat.

417 1392 477 1429 En
510 1389 619 1435 effet,
658 1399 738 1430 que
772 1386 848 1423 fait
882 1385 920 1422 la
955 1393 1158 1432 personne
1187 1380 1257 1429 qui
1295 1378 1425 1417 désire
1453 1388 1496 1414 se
1530 1376 1681 1413 marier
1706 1375 1722 1414 ?
1754 1374 1854 1413 Sauf
1884 1373 1934 1411 de
1967 1385 2077 1411 rares

311 1450 560 1499 exceptions,
594 1447 670 1485 elle
696 1443 917 1484 recherche
944 1444 1047 1480 dans
1069 1453 1143 1479 son
1173 1444 1400 1486 entourage
1423 1436 1527 1474 celui
1554 1448 1606 1474 ou
1638 1435 1736 1476 celle
1762 1436 1832 1483 qui
1864 1433 1952 1471 doit
1977 1432 2078 1471 faire

310 1521 384 1546 son
412 1507 615 1555 bonheur,
644 1510 686 1543 et
712 1510 887 1545 souvent
913 1502 988 1540 elle
1013 1498 1231 1549 s’aperçoit
1258 1495 1465 1547 qu’aucun
1493 1495 1600 1544 parti
1627 1506 1678 1532 ne
1706 1493 1864 1542 répond
1890 1494 1911 1530 à
1939 1492 2076 1531 l’Idéal

311 1566 460 1617 qu’elle
493 1565 585 1603 s’est
618 1564 765 1611 formé,
811 1568 849 1600 et
880 1573 973 1611 que,
1019 1561 1120 1599 dans
1156 1570 1216 1596 ses
1256 1557 1464 1602 relations,
1501 1555 1577 1593 elle
1613 1551 1680 1591 n’a
1722 1564 1885 1590 aucune
1923 1552 2080 1589 chance

311 1625 531 1664 d’aboutir.

417 1685 640 1722 Comment
667 1682 791 1720 sortir
820 1681 872 1718 de
899 1685 1002 1718 cette
1034 1679 1212 1727 impasse
1236 1676 1252 1714 ?
1282 1676 1314 1714 A
1347 1678 1418 1725 qui
1446 1678 1636 1713 raconter
1663 1684 1724 1711 ses
1754 1672 1893 1721 peines
1918 1670 1936 1708 ?
1969 1669 2081 1718 Trop

312 1748 497 1786 souvent,
527 1743 638 1780 hélas
663 1741 670 1778 I
696 1742 734 1779 la
758 1751 977 1789 personne,
1004 1749 1058 1775 ne
1081 1737 1252 1776 sachant
1276 1738 1298 1773 à
1321 1735 1393 1784 qui
1416 1746 1456 1773 se
1477 1734 1643 1780 confier,
1674 1736 1805 1771 remet
1824 1733 1845 1769 à
1873 1730 1965 1779 plus
1988 1730 2079 1768 tard

310 1797 632 1837 lanécessitéde
648 1797 833 1843 prendre
847 1803 930 1831 une
942 1791 1348 1838 decision,espérant
1359 1796 1554 1835 toujours
1570 1798 1627 1834 qu
1645 1798 1699 1823 un
1721 1789 1912 1822 heureux
1930 1784 2080 1820 hasard

315 1858 353 1896 la
372 1856 594 1895 favorisera
624 1859 663 1893 et
693 1854 752 1892 lui
786 1857 1009 1900 permettra
1040 1850 1088 1888 de
1120 1853 1361 1887 rencontrer
1390 1848 1426 1885 le
1459 1847 1563 1895 parti
1596 1844 1819 1890 rêvé.Mais,
1834 1842 2019 1892 pendant
2037 1854 2081 1879 ce

314 1923 459 1964 temps,
499 1915 556 1952 les
586 1916 717 1963 jours,
752 1912 809 1950 les
845 1912 1059 1956 semaines,
1093 1910 1150 1946 les
1183 1909 1288 1946 mois
1320 1911 1484 1955 passent
1520 1910 1560 1943 et
1588 1904 1618 1941 il
1650 1904 1782 1941 arrive
1818 1899 2079 1951 quelquefois

313 1987 395 2026 que
440 1974 645 2024 plusieurs
693 1972 843 2010 années
890 1968 1112 2008 s’écoulent
1158 1971 1284 2006 avant
1327 1976 1411 2014 que
1449 1961 1669 2002 l’occasion
1713 1966 1803 2001 tant
1843 1961 1999 2001 désirée
2040 1971 2082 1996 se

314 2035 513 2084 présente.

418 2093 692 2131 Nombreuses
719 2091 812 2128 sont
837 2090 893 2126 les
915 2088 1097 2136 familles
1127 2086 1198 2137 qui
1224 2089 1295 2124 ont
1324 2086 1385 2123 été
1414 2083 1572 2133 piivées
1601 2083 1649 2120 de
1680 2083 1718 2119 la
1745 2081 1829 2129 joie
1857 2081 1903 2118 de
1932 2079 2083 2117 marier

315 2155 422 2192 leurs
452 2151 629 2200 enfants,
658 2151 765 2188 leurs
798 2148 988 2186 relations
1012 2158 1052 2185 se
1080 2148 1257 2183 bornant
1286 2145 1309 2183 à
1337 2157 1395 2182 un
1420 2143 1632 2190 voisinage
1664 2140 1867 2178 restreint.

419 2213 469 2250 Et
498 2210 690 2249 combien
717 2211 763 2247 de
793 2218 953 2252 veuves,
983 2207 1130 2254 jeunes
1154 2214 1312 2251 encore,
1346 2215 1385 2240 se
1418 2203 1609 2240 trouvant
1640 2201 1740 2238 dans
1773 2200 1806 2236 le
1837 2198 1971 2236 même
1999 2208 2076 2242 cas,

316 2268 431 2308 n’ont
452 2282 507 2319 pu
532 2281 571 2307 se
593 2268 791 2305 remarier
810 2267 821 2303 !
845 2266 1086 2314 Cependant
1106 2265 1201 2303 elles
1226 2262 1413 2301 auraient
1437 2273 1492 2310 pu
1516 2261 1630 2298 créer
1653 2272 1711 2296 un
1737 2269 1926 2296 nouveau
1949 2257 2079 2306 foyer,

316 2329 419 2367 faire
446 2330 483 2367 le
512 2328 705 2365 bonheur
733 2324 831 2365 d’un
864 2325 1015 2363 nouvel
1043 2325 1189 2372 époux,
1226 2327 1265 2360 et
1297 2322 1382 2360 être
1411 2321 1630 2358 heureuses
1663 2318 1949 2364 elles-mêmes,
1985 2316 2017 2354 si
2048 2317 2085 2354 le

315 2389 450 2428 destin
487 2388 578 2425 leur
607 2386 716 2424 avait
751 2385 907 2435 permis
939 2385 989 2422 de
1020 2387 1261 2421 rencontrer
1298 2381 1403 2420 celui
1441 2380 1527 2428 qui,
1568 2390 1608 2417 se
1647 2381 1845 2415 trouvant
1883 2374 2084 2424 peut-être

315 2452 406 2486 tout
441 2447 533 2496 près
565 2444 714 2491 d’elles,
754 2442 970 2481 cherchait
998 2441 1228 2485 lui-même,
1263 2441 1312 2478 de
1349 2452 1422 2477 son
1461 2438 1562 2485 côté,
1603 2435 1723 2475 l’âme
1760 2447 1885 2473 soeur.
1926 2435 1974 2473 Et
2006 2445 2085 2483 que

318 2506 501 2545 fallait-il
533 2517 639 2554 pour
674 2516 752 2554 que
783 2503 820 2541 la
856 2502 979 2540 chose
1008 2501 1162 2539 arrivât
1186 2498 1202 2538 ?
1240 2498 1305 2538 Un
1342 2499 1442 2544 rien,
1482 2509 1560 2535 une
1600 2496 1721 2536 tierce
1758 2505 1962 2543 personne
1996 2493 2078 2543 qui,

317 2565 641 2613 correspondant
666 2574 761 2601 avec
786 2565 875 2600 tous
901 2563 954 2599 les
977 2561 1092 2607 deux,
1120 2559 1251 2598 aurait
1276 2570 1333 2607 pu
1359 2559 1413 2595 les
1439 2559 1581 2594 mettre
1610 2567 1661 2593 en
1687 2557 1871 2603 rapport.

423 2625 473 2662 Et
495 2623 552 2662 les
574 2624 721 2671 jeunes
750 2620 853 2659 filles
878 2620 895 2658 ?
922 2620 963 2658 Si
990 2618 1074 2658 l’on
1100 2618 1296 2666 envisage
1324 2617 1362 2654 la
1392 2616 1587 2654 situation
1620 2613 1743 2653 d’une
1772 2611 2008 2651 demoiselle
2033 2623 2082 2650 en

318 2684 393 2733 âge
418 2684 469 2722 de
498 2694 550 2719 se.
565 2681 816 2726 marier,elle
839 2684 899 2718 est
924 2692 1007 2717 non
1032 2679 1167 2715 moins
1178 2674 1367 2721 délicate;
1379 2674 1427 2712 la
1440 2674 1646 2711 retenue
1659 2670 1879 2719 imposée
1891 2680 1989 2718 par
2000 2679 2086 2708 son

314 2750 433 2781 sexe
453 2740 526 2779 lui
545 2738 754 2778 inierdit
774 2738 907 2776 toute
931 2736 1193 2774 démarche
1210 2732 1541 2782 personnelle,
1572 2738 1611 2772 et
1645 2734 1720 2771 elle
1754 2738 1812 2771 est
1844 2732 2086 2769 fatalement

323 2803 585 2842 condamnée
610 2814 661 2839 au
694 2800 855 2845 célibat,
874 2799 906 2837 si
933 2799 1010 2836 elle
1035 2795 1101 2834 n’a
1119 2808 1190 2846 pas
1218 2797 1254 2833 la
1275 2795 1425 2842 grande
1442 2794 1598 2833 chance
1617 2793 1666 2831 de
1680 2797 1847 2830 trouver
1878 2789 1980 2828 dans
2011 2801 2085 2826 son

319 2868 546 2910 entourage
577 2860 793 2898 immédiat
827 2871 886 2896 un
918 2858 1024 2906 parti
1060 2856 1277 2894 conforme
1312 2855 1332 2891 à
1370 2863 1441 2891 son
1477 2852 1563 2901 âge,
1602 2853 1623 2889 à
1658 2863 1732 2889 son
1769 2863 1875 2898 rang
1902 2854 1941 2887 et
1976 2850 1997 2887 à
2028 2859 2086 2885 ses

317 2920 579 2970 aspirations.

434 2980 475 3018 Si
500 2984 604 3017 cette
626 2978 764 3015 bonne
792 2976 958 3015 fortune
983 2975 1041 3013 lui
1066 2979 1125 3012 est
1149 2974 1319 3021 refusée,
1351 2972 1426 3011 elle
1453 2976 1552 3021 peut
1576 2969 1680 3008 faire
1707 2968 1839 3017 appel,
1871 2968 2005 3017 parmi
2028 2978 2088 3005 ses

318 3038 649 3083 connaissances,
678 3038 700 3074 à
733 3048 815 3074 une
843 3045 1049 3087 personne
1076 3034 1124 3071 de
1152 3033 1291 3071 bonne
1318 3032 1484 3069 volonté
1519 3050 1569 3055 —
1605 3031 1637 3068 si
1670 3029 1746 3066 elle
1779 3039 1829 3065 en
1862 3031 2006 3066 trouve
2035 3043 2090 3051 —-

320 3103 443 3147 ayant
480 3097 548 3135 des
586 3095 780 3133 relations
819 3106 924 3132 assez
954 3092 1150 3131 étendues
1190 3104 1295 3141 pour
1330 3091 1390 3128 lui
1428 3089 1531 3128 faire
1567 3091 1802 3126 contracter
1836 3098 1919 3125 une
1957 3084 2087 3126 union

319 3155 574 3195 convenable
596 3167 605 3201 ;
641 3154 745 3192 mais
779 3158 882 3192 cette
916 3154 1194 3190 intervention
1231 3152 1329 3189 d’un
1372 3150 1467 3187 tiers
1500 3146 1698 3185 bénévole
1738 3146 1841 3184 n’est
1883 3156 1954 3193 pas
1995 3155 2090 3181 sans

321 3217 532 3264 présenter
559 3214 609 3252 de
638 3225 783 3262 graves
813 3211 1144 3257 inconvénients,
1170 3211 1277 3249 dont,
1305 3209 1343 3246 le
1374 3207 1565 3246 moindre
1594 3205 1773 3244 consiste
1802 3207 1824 3242 à
1855 3201 2091 3251 apprendre

322 3274 481 3312 bientôt
518 3285 599 3321 que
631 3270 896 3320 l’obligeante
936 3282 1139 3319 personne
1173 3269 1311 3318 répète
1345 3281 1364 3305 «
1385 3266 1479 3305 urbi
1513 3271 1552 3304 et
1585 3265 1676 3304 orbi
1699 3278 1717 3302 »
1760 3274 1850 3312 que,
1898 3275 1990 3300 sans
2028 3271 2090 3297 ses

320 3332 562 3370 démarches
589 3332 789 3377 réitérées,
819 3331 856 3368 la
881 3331 1006 3379 jeune
1034 3328 1128 3376 fille,
1159 3328 1261 3366 dont
1286 3327 1360 3365 elle
1387 3339 1407 3365 a
1432 3325 1528 3364 b'en
1555 3325 1681 3363 voulu
1707 3322 1929 3371 s’occuper,
1957 3319 2091 3359 aurait

322 3390 442 3429 coiffé
472 3389 864 3430 Sainte-Catherine.
