<?xml version="1.0" encoding="UTF-8" standalone="yes"?>
<PcGts xmlns="http://schema.primaresearch.org/PAGE/gts/pagecontent/2013-07-15" xmlns:xsi="http://www.w3.org/2001/XMLSchema-instance" xsi:schemaLocation="http://schema.primaresearch.org/PAGE/gts/pagecontent/2013-07-15 http://schema.primaresearch.org/PAGE/gts/pagecontent/2013-07-15/pagecontent.xsd">
    <Metadata>
        <Creator>Transkribus</Creator>
        <Created>2019-11-10T21:10:41.115+01:00</Created>
        <LastChange>2019-11-10T21:16:34.185+01:00</LastChange>
        <Comments>
                Measurement unit: pixel
                PrimaryLanguage: English
                Language: FrenchStandard
                Producer: Transkribus
            </Comments>
        <TranskribusMetadata docId="236930" pageId="10470267" pageNr="83" tsid="19187818" status="IN_PROGRESS" userId="48236" imgUrl="https://files.transkribus.eu/Get?id=EFBXDSOEGDOVGNGSIXMUMGJX&amp;fileType=view" xmlUrl="https://files.transkribus.eu/Get?id=WUXNKDRVMXFAJEVITPRISCXP" imageId="6975118"/>
    </Metadata>
    <Page imageFilename="bpt6k940668r_003.jpg" imageWidth="2315" imageHeight="3488">
        <PrintSpace>
            <Coords points="3,0 2315,0 2315,3488 3,3488"/>
        </PrintSpace>
        <ReadingOrder>
            <OrderedGroup id="ro_1573417650364" caption="Regions reading order">
                <RegionRefIndexed index="0" regionRef="r_1_1"/>
                <RegionRefIndexed index="1" regionRef="r_2_1"/>
                <RegionRefIndexed index="2" regionRef="r_3_1"/>
                <RegionRefIndexed index="3" regionRef="r_4_1"/>
                <RegionRefIndexed index="4" regionRef="r_4_2"/>
                <RegionRefIndexed index="5" regionRef="r_4_3"/>
                <RegionRefIndexed index="6" regionRef="r_4_4"/>
                <RegionRefIndexed index="7" regionRef="r_4_5"/>
                <RegionRefIndexed index="8" regionRef="r_4_6"/>
                <RegionRefIndexed index="9" regionRef="r_4_7"/>
                <RegionRefIndexed index="10" regionRef="r_5_1"/>
                <RegionRefIndexed index="11" regionRef="r_5_2"/>
                <RegionRefIndexed index="12" regionRef="r_5_3"/>
                <RegionRefIndexed index="13" regionRef="r_5_4"/>
                <RegionRefIndexed index="14" regionRef="r_5_5"/>
                <RegionRefIndexed index="15" regionRef="r_5_6"/>
                <RegionRefIndexed index="16" regionRef="r_5_7"/>
                <RegionRefIndexed index="17" regionRef="r_5_8"/>
            </OrderedGroup>
        </ReadingOrder>
        <TextRegion type="paragraph" id="r_1_1" custom="readingOrder {index:0;}">
            <Coords points="1146,205 1252,205 1252,251 1146,251"/>
            <TextLine id="tl_1" primaryLanguage="English" custom="readingOrder {index:0;}">
                <Coords points="1147,206 1251,206 1251,250 1147,250"/>
                <Baseline points="1147,250 1171,250 1251,237"/>
                <Word id="w_w2aab1b1b2b1b1ab1" language="English" custom="readingOrder {index:0;}">
                    <Coords points="1147,206 1171,206 1171,250 1147,250"/>
                    <TextEquiv>
                        <Unicode>3</Unicode>
                    </TextEquiv>
                    <TextStyle fontFamily="Times New Roman" fontSize="11.0" bold="true"/>
                </Word>
                <Word id="w_w2aab1b1b2b1b1b1b3" language="English" custom="readingOrder {index:1;}">
                    <Coords points="1201,232 1251,232 1251,237 1201,237"/>
                    <TextEquiv>
                        <Unicode>—</Unicode>
                    </TextEquiv>
                    <TextStyle fontFamily="Times New Roman" fontSize="4.0"/>
                </Word>
                <TextEquiv>
                    <Unicode>3 —</Unicode>
                </TextEquiv>
            </TextLine>
            <TextEquiv>
                <Unicode>3 —</Unicode>
            </TextEquiv>
        </TextRegion>
        <TextRegion type="paragraph" id="r_2_1" custom="readingOrder {index:1;}">
            <Coords points="444,345 1855,345 1855,452 444,452"/>
            <TextLine id="tl_2" primaryLanguage="English" custom="readingOrder {index:0;}">
                <Coords points="445,346 1854,346 1854,451 445,451"/>
                <Baseline points="445,451 1094,445 1854,438"/>
                <Word id="w_w2aab1b3b2b1b1ab1" language="English" custom="readingOrder {index:0;}">
                    <Coords points="445,373 1094,373 1094,451 445,451"/>
                    <TextEquiv>
                        <Unicode>OBSERVATIONS</Unicode>
                    </TextEquiv>
                    <TextStyle fontFamily="Times New Roman" fontSize="18.0" bold="true"/>
                </Word>
                <Word id="w_w2aab1b3b2b1b1ac27" language="English" custom="readingOrder {index:1;}">
                    <Coords points="1147,346 1854,346 1854,444 1147,444"/>
                    <TextEquiv>
                        <Unicode>RECOMMANDÉES</Unicode>
                    </TextEquiv>
                    <TextStyle fontFamily="Times New Roman" fontSize="18.0" bold="true"/>
                </Word>
                <TextEquiv>
                    <Unicode>OBSERVATIONS RECOMMANDÉES</Unicode>
                </TextEquiv>
                <TextStyle fontFamily="Times New Roman" fontSize="18.0" bold="true"/>
            </TextLine>
            <TextEquiv>
                <Unicode>OBSERVATIONS RECOMMANDÉES</Unicode>
            </TextEquiv>
        </TextRegion>
        <TextRegion type="paragraph" id="r_3_1" custom="readingOrder {index:2;}">
            <Coords points="308,606 1996,606 1996,721 308,721"/>
            <TextLine id="tl_3" primaryLanguage="English" custom="readingOrder {index:0;}">
                <Coords points="309,607 1995,607 1995,660 309,660"/>
                <Baseline points="309,656 328,655 400,656 642,619 903,649 986,648 1129,647 1281,644 1367,644 1643,643 1716,631 1766,640 1811,640 1878,640 1995,639"/>
                <Word id="w_w2aab1b5b2b1b1ab1" language="English" custom="readingOrder {index:0;}">
                    <Coords points="309,623 328,623 328,656 309,656"/>
                    <TextEquiv>
                        <Unicode>Il</Unicode>
                    </TextEquiv>
                    <TextStyle fontFamily="Times New Roman" fontSize="9.5" bold="true" italic="true"/>
                </Word>
                <Word id="w_w2aab1b5b2b1b1ab7" language="English" custom="readingOrder {index:1;}">
                    <Coords points="350,623 400,623 400,656 350,656"/>
                    <TextEquiv>
                        <Unicode>est</Unicode>
                    </TextEquiv>
                    <TextStyle fontFamily="Times New Roman" fontSize="9.5" bold="true" italic="true"/>
                </Word>
                <Word id="w_w2aab1b5b2b1b1ac15" language="English" custom="readingOrder {index:2;}">
                    <Coords points="426,615 642,615 642,655 426,655"/>
                    <TextEquiv>
                        <Unicode>absolument'</Unicode>
                    </TextEquiv>
                    <TextStyle fontFamily="Times New Roman" fontSize="9.5" bold="true" italic="true"/>
                </Word>
                <Word id="w_w2aab1b5b2b1b1ac39" language="English" custom="readingOrder {index:3;}">
                    <Coords points="660,617 903,617 903,658 660,658"/>
                    <TextEquiv>
                        <Unicode>indispensable</Unicode>
                    </TextEquiv>
                    <TextStyle fontFamily="Times New Roman" fontSize="9.5" bold="true" italic="true"/>
                </Word>
                <Word id="w_w2aab1b5b2b1b1ac67" language="English" custom="readingOrder {index:4;}">
                    <Coords points="925,623 986,623 986,656 925,656"/>
                    <TextEquiv>
                        <Unicode>que</Unicode>
                    </TextEquiv>
                    <TextStyle fontFamily="Times New Roman" fontSize="9.5" bold="true" italic="true"/>
                </Word>
                <Word id="w_w2aab1b5b2b1b1ac75" language="English" custom="readingOrder {index:5;}">
                    <Coords points="1005,615 1129,615 1129,654 1005,654"/>
                    <TextEquiv>
                        <Unicode>chaque</Unicode>
                    </TextEquiv>
                    <TextStyle fontFamily="Times New Roman" fontSize="9.5" bold="true" italic="true"/>
                </Word>
                <Word id="w_w2aab1b5b2b1b1ac89" language="English" custom="readingOrder {index:6;}">
                    <Coords points="1155,610 1281,610 1281,646 1155,646"/>
                    <TextEquiv>
                        <Unicode>abonné</Unicode>
                    </TextEquiv>
                    <TextStyle fontFamily="Times New Roman" fontSize="9.5" bold="true" italic="true"/>
                </Word>
                <Word id="w_w2aab1b5b2b1b1ad103" language="English" custom="readingOrder {index:7;}">
                    <Coords points="1309,611 1367,611 1367,645 1309,645"/>
                    <TextEquiv>
                        <Unicode>lise</Unicode>
                    </TextEquiv>
                    <TextStyle fontFamily="Times New Roman" fontSize="9.5" bold="true" italic="true"/>
                </Word>
                <Word id="w_w2aab1b5b2b1b1ad113" language="English" custom="readingOrder {index:8;}">
                    <Coords points="1394,610 1643,610 1643,645 1394,645"/>
                    <TextEquiv>
                        <Unicode>attentivement</Unicode>
                    </TextEquiv>
                    <TextStyle fontFamily="Times New Roman" fontSize="9.5" bold="true" italic="true"/>
                </Word>
                <Word id="w_w2aab1b5b2b1b1ad141" language="English" custom="readingOrder {index:9;}">
                    <Coords points="1677,626 1716,626 1716,631 1677,631"/>
                    <TextEquiv>
                        <Unicode>—</Unicode>
                    </TextEquiv>
                    <TextStyle fontFamily="Times New Roman" fontSize="9.5" bold="true" italic="true"/>
                </Word>
                <Word id="w_w2aab1b5b2b1b1ad145" language="English" custom="readingOrder {index:10;}">
                    <Coords points="1746,608 1766,608 1766,640 1746,640"/>
                    <TextEquiv>
                        <Unicode>il</Unicode>
                    </TextEquiv>
                    <TextStyle fontFamily="Times New Roman" fontSize="9.5" bold="true" italic="true"/>
                </Word>
                <Word id="w_w2aab1b5b2b1b1ad151" language="English" custom="readingOrder {index:11;}">
                    <Coords points="1793,615 1811,615 1811,640 1793,640"/>
                    <TextEquiv>
                        <Unicode>a</Unicode>
                    </TextEquiv>
                    <TextStyle fontFamily="Times New Roman" fontSize="9.5" bold="true" italic="true"/>
                </Word>
                <Word id="w_w2aab1b5b2b1b1ad155" language="English" custom="readingOrder {index:12;}">
                    <Coords points="1839,608 1878,608 1878,640 1839,640"/>
                    <TextEquiv>
                        <Unicode>du</Unicode>
                    </TextEquiv>
                    <TextStyle fontFamily="Times New Roman" fontSize="9.5" bold="true" italic="true"/>
                </Word>
                <Word id="w_w2aab1b5b2b1b1ad161" language="English" custom="readingOrder {index:13;}">
                    <Coords points="1908,607 1995,607 1995,641 1908,641"/>
                    <TextEquiv>
                        <Unicode>reste</Unicode>
                    </TextEquiv>
                    <TextStyle fontFamily="Times New Roman" fontSize="9.5" bold="true" italic="true"/>
                </Word>
                <TextEquiv>
                    <Unicode>Il est absolument' indispensable que chaque abonné lise attentivement — il a du reste</Unicode>
                </TextEquiv>
                <TextStyle fontFamily="Times New Roman" fontSize="9.5" bold="true" italic="true"/>
            </TextLine>
            <TextLine id="tl_4" primaryLanguage="English" custom="readingOrder {index:1;}">
                <Coords points="445,673 1871,673 1871,720 445,720"/>
                <Baseline points="445,720 513,720 653,718 698,718 748,717 786,716 928,705 1000,714 1119,712 1324,710 1432,709 1590,707 1660,715 1871,706"/>
                <Word id="w_w2aab1b5b2b1b3ab1" language="English" custom="readingOrder {index:0;}">
                    <Coords points="445,688 513,688 513,720 445,720"/>
                    <TextEquiv>
                        <Unicode>tout</Unicode>
                    </TextEquiv>
                    <TextStyle fontFamily="Times New Roman" fontSize="9.5" bold="true" italic="true"/>
                </Word>
                <Word id="w_w2aab1b5b2b1b3ac11" language="English" custom="readingOrder {index:1;}">
                    <Coords points="535,683 653,683 653,719 535,719"/>
                    <TextEquiv>
                        <Unicode>intérêt</Unicode>
                    </TextEquiv>
                    <TextStyle fontFamily="Times New Roman" fontSize="9.5" bold="true" italic="true"/>
                </Word>
                <Word id="w_w2aab1b5b2b1b3ac27" language="English" custom="readingOrder {index:2;}">
                    <Coords points="680,683 698,683 698,718 680,718"/>
                    <TextEquiv>
                        <Unicode>à</Unicode>
                    </TextEquiv>
                    <TextStyle fontFamily="Times New Roman" fontSize="9.5" bold="true" italic="true"/>
                </Word>
                <Word id="w_w2aab1b5b2b1b3ac31" language="English" custom="readingOrder {index:3;}">
                    <Coords points="720,685 748,685 748,717 720,717"/>
                    <TextEquiv>
                        <Unicode>le</Unicode>
                    </TextEquiv>
                    <TextStyle fontFamily="Times New Roman" fontSize="9.5" bold="true" italic="true"/>
                </Word>
                <Word id="w_w2aab1b5b2b1b3ac37" language="English" custom="readingOrder {index:4;}">
                    <Coords points="770,683 856,683 856,717 770,717"/>
                    <TextEquiv>
                        <Unicode>faire</Unicode>
                    </TextEquiv>
                    <TextStyle fontFamily="Times New Roman" fontSize="9.5" bold="true" italic="true"/>
                </Word>
                <Word id="w_w2aab1b5b2b1b3b1b3" language="English" custom="readingOrder {index:5;}">
                    <Coords points="883,682 928,682 928,713 883,713"/>
                    <TextEquiv>
                        <Unicode>—</Unicode>
                    </TextEquiv>
                    <TextStyle fontFamily="Times New Roman" fontSize="4.0"/>
                </Word>
                <Word id="w_w2aab1b5b2b1b3b2b1" language="English" custom="readingOrder {index:6;}">
                    <Coords points="955,682 1000,682 1000,714 955,714"/>
                    <TextEquiv>
                        <Unicode>les</Unicode>
                    </TextEquiv>
                    <TextStyle fontFamily="Times New Roman" fontSize="9.5" bold="true" italic="true"/>
                </Word>
                <Word id="w_w2aab1b5b2b1b3b2b9" language="English" custom="readingOrder {index:7;}">
                    <Coords points="1029,680 1119,680 1119,714 1029,714"/>
                    <TextEquiv>
                        <Unicode>notes</Unicode>
                    </TextEquiv>
                    <TextStyle fontFamily="Times New Roman" fontSize="9.5" bold="true" italic="true"/>
                </Word>
                <Word id="w_w2aab1b5b2b1b3b2c21" language="English" custom="readingOrder {index:8;}">
                    <Coords points="1141,678 1324,678 1324,712 1141,712"/>
                    <TextEquiv>
                        <Unicode>ci-dessous</Unicode>
                    </TextEquiv>
                    <TextStyle fontFamily="Times New Roman" fontSize="9.5" bold="true" italic="true"/>
                </Word>
                <Word id="w_w2aab1b5b2b1b3b2c43" language="English" custom="readingOrder {index:9;}">
                    <Coords points="1348,683 1432,683 1432,716 1348,716"/>
                    <TextEquiv>
                        <Unicode>pour</Unicode>
                    </TextEquiv>
                    <TextStyle fontFamily="Times New Roman" fontSize="9.5" bold="true" italic="true"/>
                </Word>
                <Word id="w_w2aab1b5b2b1b3b2c53" language="English" custom="readingOrder {index:10;}">
                    <Coords points="1452,677 1590,677 1590,715 1452,715"/>
                    <TextEquiv>
                        <Unicode>pouvoir</Unicode>
                    </TextEquiv>
                    <TextStyle fontFamily="Times New Roman" fontSize="9.5" bold="true" italic="true"/>
                </Word>
                <Word id="w_w2aab1b5b2b1b3b2c69" language="English" custom="readingOrder {index:11;}">
                    <Coords points="1609,675 1660,675 1660,715 1609,715"/>
                    <TextEquiv>
                        <Unicode>s’y</Unicode>
                    </TextEquiv>
                    <TextStyle fontFamily="Times New Roman" fontSize="9.5" bold="true" italic="true"/>
                </Word>
                <Word id="w_w2aab1b5b2b1b3b2c77" language="English" custom="readingOrder {index:12;}">
                    <Coords points="1683,673 1871,673 1871,707 1683,707"/>
                    <TextEquiv>
                        <Unicode>conformer</Unicode>
                    </TextEquiv>
                    <TextStyle fontFamily="Times New Roman" fontSize="9.5" bold="true" italic="true"/>
                </Word>
                <TextEquiv>
                    <Unicode>tout intérêt à le faire — les notes ci-dessous pour pouvoir s’y conformer</Unicode>
                </TextEquiv>
            </TextLine>
            <TextEquiv>
                <Unicode>Il est absolument' indispensable que chaque abonné lise attentivement — il a du reste
tout intérêt à le faire — les notes ci-dessous pour pouvoir s’y conformer</Unicode>
            </TextEquiv>
        </TextRegion>
        <TextRegion type="paragraph" id="r_4_1" custom="readingOrder {index:3;}">
            <Coords points="272,813 1121,813 1121,1193 272,1193"/>
            <TextLine id="tl_5" primaryLanguage="English" custom="readingOrder {index:0;}">
                <Coords points="311,814 1119,814 1119,858 311,858"/>
                <Baseline points="311,857 340,858 418,846 552,855 734,854 811,853 1119,839"/>
                <Word id="w_w2aab1b7b2b1b1ab1" language="English" custom="readingOrder {index:0;}">
                    <Coords points="311,823 340,823 340,858 311,858"/>
                    <TextEquiv>
                        <Unicode>I.</Unicode>
                    </TextEquiv>
                    <TextStyle fontFamily="Times New Roman" fontSize="10.0"/>
                </Word>
                <Word id="w_w2aab1b7b2b1b1ab7" language="English" custom="readingOrder {index:1;}">
                    <Coords points="373,842 418,842 418,846 373,846"/>
                    <TextEquiv>
                        <Unicode>—</Unicode>
                    </TextEquiv>
                    <TextStyle fontFamily="Times New Roman" fontSize="10.0"/>
                </Word>
                <Word id="w_w2aab1b7b2b1b1ac11" language="English" custom="readingOrder {index:2;}">
                    <Coords points="448,820 552,820 552,855 448,855"/>
                    <TextEquiv>
                        <Unicode>Tout</Unicode>
                    </TextEquiv>
                    <TextStyle fontFamily="Times New Roman" fontSize="10.0"/>
                </Word>
                <Word id="w_w2aab1b7b2b1b1ac21" language="English" custom="readingOrder {index:3;}">
                    <Coords points="582,819 734,819 734,855 582,855"/>
                    <TextEquiv>
                        <Unicode>lecteur</Unicode>
                    </TextEquiv>
                    <TextStyle fontFamily="Times New Roman" fontSize="10.0"/>
                </Word>
                <Word id="w_w2aab1b7b2b1b1ac37" language="English" custom="readingOrder {index:4;}">
                    <Coords points="759,819 811,819 811,854 759,854"/>
                    <TextEquiv>
                        <Unicode>de</Unicode>
                    </TextEquiv>
                    <TextStyle fontFamily="Times New Roman" fontSize="10.0"/>
                </Word>
                <Word id="w_w2aab1b7b2b1b1ac43" language="English" custom="readingOrder {index:5;}">
                    <Coords points="837,814 1119,814 1119,852 837,852"/>
                    <TextEquiv>
                        <Unicode>INTERME¬</Unicode>
                    </TextEquiv>
                    <TextStyle fontFamily="Times New Roman" fontSize="10.0"/>
                </Word>
                <TextEquiv>
                    <Unicode>I. — Tout lecteur de INTERME¬</Unicode>
                </TextEquiv>
                <TextStyle fontFamily="Times New Roman" fontSize="10.0"/>
            </TextLine>
            <TextLine id="tl_6" primaryLanguage="English" custom="readingOrder {index:1;}">
                <Coords points="273,865 1120,865 1120,906 273,906"/>
                <Baseline points="273,906 453,904 544,905 742,901 948,899 1120,891"/>
                <Word id="w_w2aab1b7b2b1b3ab1" language="English" custom="readingOrder {index:0;}">
                    <Coords points="273,869 453,869 453,906 273,906"/>
                    <TextEquiv>
                        <Unicode>DIAIRE</Unicode>
                    </TextEquiv>
                    <TextStyle fontFamily="Times New Roman" fontSize="10.0"/>
                </Word>
                <Word id="w_w2aab1b7b2b1b3ac15" language="English" custom="readingOrder {index:1;}">
                    <Coords points="473,870 544,870 544,905 473,905"/>
                    <TextEquiv>
                        <Unicode>DU</Unicode>
                    </TextEquiv>
                    <TextStyle fontFamily="Times New Roman" fontSize="10.0"/>
                </Word>
                <Word id="w_w2aab1b7b2b1b3ac21" language="English" custom="readingOrder {index:2;}">
                    <Coords points="567,867 742,867 742,903 567,903"/>
                    <TextEquiv>
                        <Unicode>FOYER</Unicode>
                    </TextEquiv>
                    <TextStyle fontFamily="Times New Roman" fontSize="10.0"/>
                </Word>
                <Word id="w_w2aab1b7b2b1b3ac33" language="English" custom="readingOrder {index:3;}">
                    <Coords points="763,866 948,866 948,901 763,901"/>
                    <TextEquiv>
                        <Unicode>désirant</Unicode>
                    </TextEquiv>
                    <TextStyle fontFamily="Times New Roman" fontSize="10.0"/>
                </Word>
                <Word id="w_w2aab1b7b2b1b3ac51" language="English" custom="readingOrder {index:4;}">
                    <Coords points="966,872 1120,872 1120,900 966,900"/>
                    <TextEquiv>
                        <Unicode>corres¬</Unicode>
                    </TextEquiv>
                    <TextStyle fontFamily="Times New Roman" fontSize="10.0"/>
                </Word>
                <TextEquiv>
                    <Unicode>DIAIRE DU FOYER désirant corres¬</Unicode>
                </TextEquiv>
                <TextStyle fontFamily="Times New Roman" fontSize="10.0"/>
            </TextLine>
            <TextLine id="tl_7" primaryLanguage="English" custom="readingOrder {index:2;}">
                <Coords points="275,912 1117,912 1117,962 275,962"/>
                <Baseline points="275,962 431,953 560,951 643,950 730,950 962,951 1116,938"/>
                <Word id="w_w2aab1b7b2b1b5ab1" language="English" custom="readingOrder {index:0;}">
                    <Coords points="275,918 431,918 431,962 275,962"/>
                    <TextEquiv>
                        <Unicode>pondre</Unicode>
                    </TextEquiv>
                    <TextStyle fontFamily="Times New Roman" fontSize="10.0"/>
                </Word>
                <Word id="w_w2aab1b7b2b1b5ac15" language="English" custom="readingOrder {index:1;}">
                    <Coords points="458,927 560,927 560,952 458,952"/>
                    <TextEquiv>
                        <Unicode>avec</Unicode>
                    </TextEquiv>
                    <TextStyle fontFamily="Times New Roman" fontSize="10.0"/>
                </Word>
                <Word id="w_w2aab1b7b2b1b5ac25" language="English" custom="readingOrder {index:2;}">
                    <Coords points="586,925 643,925 643,950 586,950"/>
                    <TextEquiv>
                        <Unicode>un</Unicode>
                    </TextEquiv>
                    <TextStyle fontFamily="Times New Roman" fontSize="10.0"/>
                </Word>
                <Word id="w_w2aab1b7b2b1b5ac31" language="English" custom="readingOrder {index:3;}">
                    <Coords points="676,926 730,926 730,950 676,950"/>
                    <TextEquiv>
                        <Unicode>ou</Unicode>
                    </TextEquiv>
                    <TextStyle fontFamily="Times New Roman" fontSize="10.0"/>
                </Word>
                <Word id="w_w2aab1b7b2b1b5ac37" language="English" custom="readingOrder {index:4;}">
                    <Coords points="756,914 962,914 962,958 756,958"/>
                    <TextEquiv>
                        <Unicode>plusieurs</Unicode>
                    </TextEquiv>
                    <TextStyle fontFamily="Times New Roman" fontSize="10.0"/>
                </Word>
                <Word id="w_w2aab1b7b2b1b5ac57" language="English" custom="readingOrder {index:5;}">
                    <Coords points="996,912 1116,912 1116,946 996,946"/>
                    <TextEquiv>
                        <Unicode>abon¬</Unicode>
                    </TextEquiv>
                    <TextStyle fontFamily="Times New Roman" fontSize="10.0"/>
                </Word>
                <TextEquiv>
                    <Unicode>pondre avec un ou plusieurs abon¬</Unicode>
                </TextEquiv>
                <TextStyle fontFamily="Times New Roman" fontSize="10.0"/>
            </TextLine>
            <TextLine id="tl_8" primaryLanguage="English" custom="readingOrder {index:3;}">
                <Coords points="279,959 1114,959 1114,1002 279,1002"/>
                <Baseline points="279,1000 354,1002 460,999 642,998 742,997 939,996 1114,993"/>
                <Word id="w_w2aab1b7b2b1b7ab1" language="English" custom="readingOrder {index:0;}">
                    <Coords points="279,966 354,966 354,1002 279,1002"/>
                    <TextEquiv>
                        <Unicode>nés</Unicode>
                    </TextEquiv>
                    <TextStyle fontFamily="Times New Roman" fontSize="10.0"/>
                </Word>
                <Word id="w_w2aab1b7b2b1b7ab9" language="English" custom="readingOrder {index:1;}">
                    <Coords points="391,964 460,964 460,999 391,999"/>
                    <TextEquiv>
                        <Unicode>NE</Unicode>
                    </TextEquiv>
                    <TextStyle fontFamily="Times New Roman" fontSize="10.0"/>
                </Word>
                <Word id="w_w2aab1b7b2b1b7ac15" language="English" custom="readingOrder {index:2;}">
                    <Coords points="504,963 642,963 642,998 504,998"/>
                    <TextEquiv>
                        <Unicode>PEUT</Unicode>
                    </TextEquiv>
                    <TextStyle fontFamily="Times New Roman" fontSize="10.0"/>
                </Word>
                <Word id="w_w2aab1b7b2b1b7ac25" language="English" custom="readingOrder {index:3;}">
                    <Coords points="677,963 742,963 742,997 677,997"/>
                    <TextEquiv>
                        <Unicode>LE</Unicode>
                    </TextEquiv>
                    <TextStyle fontFamily="Times New Roman" fontSize="10.0"/>
                </Word>
                <Word id="w_w2aab1b7b2b1b7ac31" language="English" custom="readingOrder {index:4;}">
                    <Coords points="781,960 939,960 939,996 781,996"/>
                    <TextEquiv>
                        <Unicode>FAIRE</Unicode>
                    </TextEquiv>
                    <TextStyle fontFamily="Times New Roman" fontSize="10.0"/>
                </Word>
                <Word id="w_w2aab1b7b2b1b7ac43" language="English" custom="readingOrder {index:5;}">
                    <Coords points="985,959 1114,959 1114,994 985,994"/>
                    <TextEquiv>
                        <Unicode>SANS</Unicode>
                    </TextEquiv>
                    <TextStyle fontFamily="Times New Roman" fontSize="10.0"/>
                </Word>
                <TextEquiv>
                    <Unicode>nés NE PEUT LE FAIRE SANS</Unicode>
                </TextEquiv>
                <TextStyle fontFamily="Times New Roman" fontSize="10.0"/>
            </TextLine>
            <TextLine id="tl_9" primaryLanguage="English" custom="readingOrder {index:4;}">
                <Coords points="273,1007 1120,1007 1120,1050 273,1050"/>
                <Baseline points="273,1049 409,1049 691,1045 946,1043 1004,1042 1120,1044"/>
                <Word id="w_w2aab1b7b2b1b9ab1" language="English" custom="readingOrder {index:0;}">
                    <Coords points="273,1014 409,1014 409,1049 273,1049"/>
                    <TextEquiv>
                        <Unicode>ETRE</Unicode>
                    </TextEquiv>
                    <TextStyle fontFamily="Times New Roman" fontSize="10.0"/>
                </Word>
                <Word id="w_w2aab1b7b2b1b9ac11" language="English" custom="readingOrder {index:1;}">
                    <Coords points="428,1010 691,1010 691,1047 428,1047"/>
                    <TextEquiv>
                        <Unicode>LUI-MEME</Unicode>
                    </TextEquiv>
                    <TextStyle fontFamily="Times New Roman" fontSize="10.0"/>
                </Word>
                <Word id="w_w2aab1b7b2b1b9ac29" language="English" custom="readingOrder {index:2;}">
                    <Coords points="712,1007 946,1007 946,1045 712,1045"/>
                    <TextEquiv>
                        <Unicode>ABONNE,</Unicode>
                    </TextEquiv>
                    <TextStyle fontFamily="Times New Roman" fontSize="10.0"/>
                </Word>
                <Word id="w_w2aab1b7b2b1b9ac45" language="English" custom="readingOrder {index:3;}">
                    <Coords points="967,1011 1004,1011 1004,1042 967,1042"/>
                    <TextEquiv>
                        <Unicode>et</Unicode>
                    </TextEquiv>
                    <TextStyle fontFamily="Times New Roman" fontSize="10.0"/>
                </Word>
                <Word id="w_w2aab1b7b2b1b9ac51" language="English" custom="readingOrder {index:4;}">
                    <Coords points="1022,1016 1120,1016 1120,1045 1022,1045"/>
                    <TextEquiv>
                        <Unicode>sans</Unicode>
                    </TextEquiv>
                    <TextStyle fontFamily="Times New Roman" fontSize="10.0"/>
                </Word>
                <TextEquiv>
                    <Unicode>ETRE LUI-MEME ABONNE, et sans</Unicode>
                </TextEquiv>
                <TextStyle fontFamily="Times New Roman" fontSize="10.0"/>
            </TextLine>
            <TextLine id="tl_10" primaryLanguage="English" custom="readingOrder {index:5;}">
                <Coords points="275,1055 1119,1055 1119,1102 275,1102"/>
                <Baseline points="275,1094 391,1095 493,1095 730,1100 810,1091 1058,1096 1119,1089"/>
                <Word id="w_w2aab1b7b2b1c11ab1" language="English" custom="readingOrder {index:0;}">
                    <Coords points="275,1060 391,1060 391,1097 275,1097"/>
                    <TextEquiv>
                        <Unicode>avoir</Unicode>
                    </TextEquiv>
                    <TextStyle fontFamily="Times New Roman" fontSize="10.0"/>
                </Word>
                <Word id="w_w2aab1b7b2b1c11ac13" language="English" custom="readingOrder {index:1;}">
                    <Coords points="419,1060 493,1060 493,1095 419,1095"/>
                    <TextEquiv>
                        <Unicode>fait</Unicode>
                    </TextEquiv>
                    <TextStyle fontFamily="Times New Roman" fontSize="10.0"/>
                </Word>
                <Word id="w_w2aab1b7b2b1c11ac23" language="English" custom="readingOrder {index:2;}">
                    <Coords points="522,1058 730,1058 730,1101 522,1101"/>
                    <TextEquiv>
                        <Unicode>parvenir,</Unicode>
                    </TextEquiv>
                    <TextStyle fontFamily="Times New Roman" fontSize="10.0"/>
                </Word>
                <Word id="w_w2aab1b7b2b1c11ac43" language="English" custom="readingOrder {index:3;}">
                    <Coords points="756,1067 810,1067 810,1092 756,1092"/>
                    <TextEquiv>
                        <Unicode>au</Unicode>
                    </TextEquiv>
                    <TextStyle fontFamily="Times New Roman" fontSize="10.0"/>
                </Word>
                <Word id="w_w2aab1b7b2b1c11ac49" language="English" custom="readingOrder {index:4;}">
                    <Coords points="838,1055 1058,1055 1058,1099 838,1099"/>
                    <TextEquiv>
                        <Unicode>préalable,</Unicode>
                    </TextEquiv>
                    <TextStyle fontFamily="Times New Roman" fontSize="10.0"/>
                </Word>
                <Word id="w_w2aab1b7b2b1c11ac71" language="English" custom="readingOrder {index:5;}">
                    <Coords points="1088,1055 1119,1055 1119,1090 1088,1090"/>
                    <TextEquiv>
                        <Unicode>le</Unicode>
                    </TextEquiv>
                    <TextStyle fontFamily="Times New Roman" fontSize="10.0"/>
                </Word>
                <TextEquiv>
                    <Unicode>avoir fait parvenir, au préalable, le</Unicode>
                </TextEquiv>
                <TextStyle fontFamily="Times New Roman" fontSize="10.0"/>
            </TextLine>
            <TextLine id="tl_11" primaryLanguage="English" custom="readingOrder {index:6;}">
                <Coords points="275,1103 1117,1103 1117,1149 275,1149"/>
                <Baseline points="275,1143 463,1143 530,1142 627,1140 925,1137 994,1136 1117,1126"/>
                <Word id="w_w2aab1b7b2b1c13ab1" language="English" custom="readingOrder {index:0;}">
                    <Coords points="275,1111 463,1111 463,1143 275,1143"/>
                    <TextEquiv>
                        <Unicode>montant</Unicode>
                    </TextEquiv>
                    <TextStyle fontFamily="Times New Roman" fontSize="10.0"/>
                </Word>
                <Word id="w_w2aab1b7b2b1c13ac17" language="English" custom="readingOrder {index:1;}">
                    <Coords points="481,1107 530,1107 530,1142 481,1142"/>
                    <TextEquiv>
                        <Unicode>de</Unicode>
                    </TextEquiv>
                    <TextStyle fontFamily="Times New Roman" fontSize="10.0"/>
                </Word>
                <Word id="w_w2aab1b7b2b1c13ac23" language="English" custom="readingOrder {index:2;}">
                    <Coords points="552,1115 627,1115 627,1142 552,1142"/>
                    <TextEquiv>
                        <Unicode>son</Unicode>
                    </TextEquiv>
                    <TextStyle fontFamily="Times New Roman" fontSize="10.0"/>
                </Word>
                <Word id="w_w2aab1b7b2b1c13ac31" language="English" custom="readingOrder {index:3;}">
                    <Coords points="646,1104 925,1104 925,1139 646,1139"/>
                    <TextEquiv>
                        <Unicode>abonnement</Unicode>
                    </TextEquiv>
                    <TextStyle fontFamily="Times New Roman" fontSize="10.0"/>
                </Word>
                <Word id="w_w2aab1b7b2b1c13ac53" language="English" custom="readingOrder {index:4;}">
                    <Coords points="943,1113 994,1113 994,1138 943,1138"/>
                    <TextEquiv>
                        <Unicode>au</Unicode>
                    </TextEquiv>
                    <TextStyle fontFamily="Times New Roman" fontSize="10.0"/>
                </Word>
                <Word id="w_w2aab1b7b2b1c13ac59" language="English" custom="readingOrder {index:5;}">
                    <Coords points="1015,1103 1117,1103 1117,1146 1015,1146"/>
                    <TextEquiv>
                        <Unicode>jour¬</Unicode>
                    </TextEquiv>
                    <TextStyle fontFamily="Times New Roman" fontSize="10.0"/>
                </Word>
                <TextEquiv>
                    <Unicode>montant de son abonnement au jour¬</Unicode>
                </TextEquiv>
                <TextStyle fontFamily="Times New Roman" fontSize="10.0"/>
            </TextLine>
            <TextLine id="tl_12" primaryLanguage="English" custom="readingOrder {index:7;}">
                <Coords points="275,1156 356,1156 356,1192 275,1192"/>
                <Baseline points="275,1191 356,1192"/>
                <Word id="w_w2aab1b7b2b1c15ab1" language="English" custom="readingOrder {index:0;}">
                    <Coords points="275,1157 356,1157 356,1192 275,1192"/>
                    <TextEquiv>
                        <Unicode>nal.</Unicode>
                    </TextEquiv>
                    <TextStyle fontFamily="Times New Roman" fontSize="10.0"/>
                </Word>
                <TextEquiv>
                    <Unicode>nal.</Unicode>
                </TextEquiv>
                <TextStyle fontFamily="Times New Roman" fontSize="10.0"/>
            </TextLine>
            <TextEquiv>
                <Unicode>I. — Tout lecteur de INTERME¬
DIAIRE DU FOYER désirant corres¬
pondre avec un ou plusieurs abon¬
nés NE PEUT LE FAIRE SANS
ETRE LUI-MEME ABONNE, et sans
avoir fait parvenir, au préalable, le
montant de son abonnement au jour¬
nal.</Unicode>
            </TextEquiv>
        </TextRegion>
        <TextRegion type="paragraph" id="r_4_2" custom="readingOrder {index:4;}">
            <Coords points="267,1261 1124,1261 1124,1404 267,1404"/>
            <TextLine id="tl_13" primaryLanguage="English" custom="readingOrder {index:0;}">
                <Coords points="314,1262 1121,1262 1121,1302 314,1302"/>
                <Baseline points="314,1301 363,1301 438,1292 569,1301 802,1298 858,1297 1005,1296 1121,1284"/>
                <Word id="w_w2aab1b7b2b3b1ab1" language="English" custom="readingOrder {index:0;}">
                    <Coords points="314,1267 363,1267 363,1301 314,1301"/>
                    <TextEquiv>
                        <Unicode>II.</Unicode>
                    </TextEquiv>
                    <TextStyle fontFamily="Times New Roman" fontSize="10.0"/>
                </Word>
                <Word id="w_w2aab1b7b2b3b1ab9" language="English" custom="readingOrder {index:1;}">
                    <Coords points="391,1287 438,1287 438,1292 391,1292"/>
                    <TextEquiv>
                        <Unicode>—</Unicode>
                    </TextEquiv>
                    <TextStyle fontFamily="Times New Roman" fontSize="10.0"/>
                </Word>
                <Word id="w_w2aab1b7b2b3b1ac13" language="English" custom="readingOrder {index:2;}">
                    <Coords points="466,1266 569,1266 569,1301 466,1301"/>
                    <TextEquiv>
                        <Unicode>Tout</Unicode>
                    </TextEquiv>
                    <TextStyle fontFamily="Times New Roman" fontSize="10.0"/>
                </Word>
                <Word id="w_w2aab1b7b2b3b1ac23" language="English" custom="readingOrder {index:3;}">
                    <Coords points="602,1263 802,1263 802,1299 602,1299"/>
                    <TextEquiv>
                        <Unicode>adhérent</Unicode>
                    </TextEquiv>
                    <TextStyle fontFamily="Times New Roman" fontSize="10.0"/>
                </Word>
                <Word id="w_w2aab1b7b2b3b1ac41" language="English" custom="readingOrder {index:4;}">
                    <Coords points="834,1263 858,1263 858,1297 834,1297"/>
                    <TextEquiv>
                        <Unicode>à</Unicode>
                    </TextEquiv>
                    <TextStyle fontFamily="Times New Roman" fontSize="10.0"/>
                </Word>
                <Word id="w_w2aab1b7b2b3b1ac45" language="English" custom="readingOrder {index:5;}">
                    <Coords points="889,1264 1005,1264 1005,1296 889,1296"/>
                    <TextEquiv>
                        <Unicode>notre</Unicode>
                    </TextEquiv>
                    <TextStyle fontFamily="Times New Roman" fontSize="10.0"/>
                </Word>
                <Word id="w_w2aab1b7b2b3b1ac57" language="English" custom="readingOrder {index:6;}">
                    <Coords points="1038,1269 1121,1269 1121,1295 1038,1295"/>
                    <TextEquiv>
                        <Unicode>œu¬</Unicode>
                    </TextEquiv>
                    <TextStyle fontFamily="Times New Roman" fontSize="10.0"/>
                </Word>
                <TextEquiv>
                    <Unicode>II. — Tout adhérent à notre œu¬</Unicode>
                </TextEquiv>
                <TextStyle fontFamily="Times New Roman" fontSize="10.0"/>
            </TextLine>
            <TextLine id="tl_14" primaryLanguage="English" custom="readingOrder {index:1;}">
                <Coords points="268,1308 1122,1308 1122,1358 268,1358"/>
                <Baseline points="268,1350 338,1350 457,1349 594,1347 825,1345 885,1345 1122,1333"/>
                <Word id="w_w2aab1b7b2b3b3ab1" language="English" custom="readingOrder {index:0;}">
                    <Coords points="268,1326 338,1326 338,1350 268,1350"/>
                    <TextEquiv>
                        <Unicode>vre</Unicode>
                    </TextEquiv>
                    <TextStyle fontFamily="Times New Roman" fontSize="10.0"/>
                </Word>
                <Word id="w_w2aab1b7b2b3b3ab9" language="English" custom="readingOrder {index:1;}">
                    <Coords points="374,1313 457,1313 457,1349 374,1349"/>
                    <TextEquiv>
                        <Unicode>doit</Unicode>
                    </TextEquiv>
                    <TextStyle fontFamily="Times New Roman" fontSize="10.0"/>
                </Word>
                <Word id="w_w2aab1b7b2b3b3ac19" language="English" custom="readingOrder {index:2;}">
                    <Coords points="491,1312 594,1312 594,1347 491,1347"/>
                    <TextEquiv>
                        <Unicode>faire</Unicode>
                    </TextEquiv>
                    <TextStyle fontFamily="Times New Roman" fontSize="10.0"/>
                </Word>
                <Word id="w_w2aab1b7b2b3b3ac31" language="English" custom="readingOrder {index:3;}">
                    <Coords points="630,1311 825,1311 825,1356 630,1356"/>
                    <TextEquiv>
                        <Unicode>parvenir</Unicode>
                    </TextEquiv>
                    <TextStyle fontFamily="Times New Roman" fontSize="10.0"/>
                </Word>
                <Word id="w_w2aab1b7b2b3b3ac49" language="English" custom="readingOrder {index:4;}">
                    <Coords points="861,1311 885,1311 885,1345 861,1345"/>
                    <TextEquiv>
                        <Unicode>à</Unicode>
                    </TextEquiv>
                    <TextStyle fontFamily="Times New Roman" fontSize="10.0"/>
                </Word>
                <Word id="w_w2aab1b7b2b3b3ac53" language="English" custom="readingOrder {index:5;}">
                    <Coords points="919,1308 1122,1308 1122,1345 919,1345"/>
                    <TextEquiv>
                        <Unicode>l’INTER-</Unicode>
                    </TextEquiv>
                    <TextStyle fontFamily="Times New Roman" fontSize="10.0"/>
                </Word>
                <TextEquiv>
                    <Unicode>vre doit faire parvenir à l’INTER-</Unicode>
                </TextEquiv>
                <TextStyle fontFamily="Times New Roman" fontSize="10.0"/>
            </TextLine>
            <TextLine id="tl_15" primaryLanguage="English" custom="readingOrder {index:2;}">
                <Coords points="277,1357 1123,1357 1123,1403 277,1403"/>
                <Baseline points="277,1396 536,1397 641,1396 864,1401 958,1391 1123,1391"/>
                <Word id="w_w2aab1b7b2b3b5ab1" language="English" custom="readingOrder {index:0;}">
                    <Coords points="277,1361 536,1361 536,1397 277,1397"/>
                    <TextEquiv>
                        <Unicode>MEDIAIRE</Unicode>
                    </TextEquiv>
                    <TextStyle fontFamily="Times New Roman" fontSize="10.0"/>
                </Word>
                <Word id="w_w2aab1b7b2b3b5ac19" language="English" custom="readingOrder {index:1;}">
                    <Coords points="570,1361 641,1361 641,1396 570,1396"/>
                    <TextEquiv>
                        <Unicode>DU</Unicode>
                    </TextEquiv>
                    <TextStyle fontFamily="Times New Roman" fontSize="10.0"/>
                </Word>
                <Word id="w_w2aab1b7b2b3b5ac25" language="English" custom="readingOrder {index:2;}">
                    <Coords points="674,1359 864,1359 864,1401 674,1401"/>
                    <TextEquiv>
                        <Unicode>FOYER,</Unicode>
                    </TextEquiv>
                    <TextStyle fontFamily="Times New Roman" fontSize="10.0"/>
                </Word>
                <Word id="w_w2aab1b7b2b3b5ac39" language="English" custom="readingOrder {index:3;}">
                    <Coords points="906,1367 958,1367 958,1392 906,1392"/>
                    <TextEquiv>
                        <Unicode>en</Unicode>
                    </TextEquiv>
                    <TextStyle fontFamily="Times New Roman" fontSize="10.0"/>
                </Word>
                <Word id="w_w2aab1b7b2b3b5ac45" language="English" custom="readingOrder {index:4;}">
                    <Coords points="989,1357 1123,1357 1123,1391 989,1391"/>
                    <TextEquiv>
                        <Unicode>même</Unicode>
                    </TextEquiv>
                    <TextStyle fontFamily="Times New Roman" fontSize="10.0"/>
                </Word>
                <TextEquiv>
                    <Unicode>MEDIAIRE DU FOYER, en même</Unicode>
                </TextEquiv>
                <TextStyle fontFamily="Times New Roman" fontSize="10.0"/>
            </TextLine>
            <TextEquiv>
                <Unicode>II. — Tout adhérent à notre œu¬
vre doit faire parvenir à l’INTER-
MEDIAIRE DU FOYER, en même</Unicode>
            </TextEquiv>
        </TextRegion>
        <TextRegion type="paragraph" id="r_4_3" custom="readingOrder {index:5;}">
            <Coords points="238,1403 1125,1403 1125,1588 238,1588"/>
            <TextLine id="tl_16" primaryLanguage="English" custom="readingOrder {index:0;}">
                <Coords points="239,1404 1122,1404 1122,1453 239,1453"/>
                <Baseline points="239,1437 252,1437 411,1444 525,1443 636,1442 956,1449 1029,1439 1122,1429"/>
                <Word id="w_w2aab1b7b2b5b1ab1" language="English" custom="readingOrder {index:0;}">
                    <Coords points="239,1432 252,1432 252,1437 239,1437"/>
                    <TextEquiv>
                        <Unicode>-</Unicode>
                    </TextEquiv>
                    <TextStyle fontFamily="Times New Roman" fontSize="10.0"/>
                </Word>
                <Word id="w_w2aab1b7b2b5b1ab5" language="English" custom="readingOrder {index:1;}">
                    <Coords points="277,1414 411,1414 411,1452 277,1452"/>
                    <TextEquiv>
                        <Unicode>temps</Unicode>
                    </TextEquiv>
                    <TextStyle fontFamily="Times New Roman" fontSize="10.0"/>
                </Word>
                <Word id="w_w2aab1b7b2b5b1ac17" language="English" custom="readingOrder {index:2;}">
                    <Coords points="447,1418 525,1418 525,1452 447,1452"/>
                    <TextEquiv>
                        <Unicode>que</Unicode>
                    </TextEquiv>
                    <TextStyle fontFamily="Times New Roman" fontSize="10.0"/>
                </Word>
                <Word id="w_w2aab1b7b2b5b1ac25" language="English" custom="readingOrder {index:3;}">
                    <Coords points="560,1416 636,1416 636,1442 560,1442"/>
                    <TextEquiv>
                        <Unicode>son</Unicode>
                    </TextEquiv>
                    <TextStyle fontFamily="Times New Roman" fontSize="10.0"/>
                </Word>
                <Word id="w_w2aab1b7b2b5b1ac33" language="English" custom="readingOrder {index:4;}">
                    <Coords points="664,1407 956,1407 956,1449 664,1449"/>
                    <TextEquiv>
                        <Unicode>abonnement,</Unicode>
                    </TextEquiv>
                    <TextStyle fontFamily="Times New Roman" fontSize="10.0"/>
                </Word>
                <Word id="w_w2aab1b7b2b5b1ac57" language="English" custom="readingOrder {index:5;}">
                    <Coords points="992,1404 1029,1404 1029,1439 992,1439"/>
                    <TextEquiv>
                        <Unicode>le</Unicode>
                    </TextEquiv>
                    <TextStyle fontFamily="Times New Roman" fontSize="10.0"/>
                </Word>
                <Word id="w_w2aab1b7b2b5b1ac63" language="English" custom="readingOrder {index:6;}">
                    <Coords points="1059,1404 1122,1404 1122,1438 1059,1438"/>
                    <TextEquiv>
                        <Unicode>LI¬</Unicode>
                    </TextEquiv>
                    <TextStyle fontFamily="Times New Roman" fontSize="10.0"/>
                </Word>
                <TextEquiv>
                    <Unicode>- temps que son abonnement, le LI¬</Unicode>
                </TextEquiv>
                <TextStyle fontFamily="Times New Roman" fontSize="10.0"/>
            </TextLine>
            <TextLine id="tl_17" primaryLanguage="English" custom="readingOrder {index:1;}">
                <Coords points="283,1451 1114,1451 1114,1497 283,1497"/>
                <Baseline points="283,1492 449,1490 561,1489 702,1488 1015,1494 1114,1476"/>
                <Word id="w_w2aab1b7b2b5b3ab1" language="English" custom="readingOrder {index:0;}">
                    <Coords points="283,1457 449,1457 449,1492 283,1492"/>
                    <TextEquiv>
                        <Unicode>BELLE</Unicode>
                    </TextEquiv>
                    <TextStyle fontFamily="Times New Roman" fontSize="10.0"/>
                </Word>
                <Word id="w_w2aab1b7b2b5b3ac13" language="English" custom="readingOrder {index:1;}">
                    <Coords points="492,1456 561,1456 561,1490 492,1490"/>
                    <TextEquiv>
                        <Unicode>DE</Unicode>
                    </TextEquiv>
                    <TextStyle fontFamily="Times New Roman" fontSize="10.0"/>
                </Word>
                <Word id="w_w2aab1b7b2b5b3ac19" language="English" custom="readingOrder {index:2;}">
                    <Coords points="598,1455 702,1455 702,1490 598,1490"/>
                    <TextEquiv>
                        <Unicode>SON</Unicode>
                    </TextEquiv>
                    <TextStyle fontFamily="Times New Roman" fontSize="10.0"/>
                </Word>
                <Word id="w_w2aab1b7b2b5b3ac27" language="English" custom="readingOrder {index:3;}">
                    <Coords points="747,1451 1015,1451 1015,1494 747,1494"/>
                    <TextEquiv>
                        <Unicode>ANNONCE,</Unicode>
                    </TextEquiv>
                    <TextStyle fontFamily="Times New Roman" fontSize="10.0"/>
                </Word>
                <Word id="w_w2aab1b7b2b5b3ac45" language="English" custom="readingOrder {index:4;}">
                    <Coords points="1062,1451 1114,1451 1114,1485 1062,1485"/>
                    <TextEquiv>
                        <Unicode>la¬</Unicode>
                    </TextEquiv>
                    <TextStyle fontFamily="Times New Roman" fontSize="10.0"/>
                </Word>
                <TextEquiv>
                    <Unicode>BELLE DE SON ANNONCE, la¬</Unicode>
                </TextEquiv>
                <TextStyle fontFamily="Times New Roman" fontSize="10.0"/>
            </TextLine>
            <TextLine id="tl_18" primaryLanguage="English" custom="readingOrder {index:2;}">
                <Coords points="277,1499 1124,1499 1124,1547 277,1547"/>
                <Baseline points="277,1547 408,1536 505,1536 606,1537 876,1535 933,1533 996,1532 1124,1532"/>
                <Word id="w_w2aab1b7b2b5b5ab1" language="English" custom="readingOrder {index:0;}">
                    <Coords points="277,1503 408,1503 408,1547 277,1547"/>
                    <TextEquiv>
                        <Unicode>quelle</Unicode>
                    </TextEquiv>
                    <TextStyle fontFamily="Times New Roman" fontSize="10.0"/>
                </Word>
                <Word id="w_w2aab1b7b2b5b5ac15" language="English" custom="readingOrder {index:1;}">
                    <Coords points="423,1503 505,1503 505,1537 423,1537"/>
                    <TextEquiv>
                        <Unicode>doit</Unicode>
                    </TextEquiv>
                    <TextStyle fontFamily="Times New Roman" fontSize="10.0"/>
                </Word>
                <Word id="w_w2aab1b7b2b5b5ac25" language="English" custom="readingOrder {index:2;}">
                    <Coords points="521,1504 606,1504 606,1537 521,1537"/>
                    <TextEquiv>
                        <Unicode>être</Unicode>
                    </TextEquiv>
                    <TextStyle fontFamily="Times New Roman" fontSize="10.0"/>
                </Word>
                <Word id="w_w2aab1b7b2b5b5ac35" language="English" custom="readingOrder {index:3;}">
                    <Coords points="622,1500 876,1500 876,1536 622,1536"/>
                    <TextEquiv>
                        <Unicode>convenable</Unicode>
                    </TextEquiv>
                    <TextStyle fontFamily="Times New Roman" fontSize="10.0"/>
                </Word>
                <Word id="w_w2aab1b7b2b5b5ac57" language="English" custom="readingOrder {index:4;}">
                    <Coords points="895,1502 933,1502 933,1533 895,1533"/>
                    <TextEquiv>
                        <Unicode>et</Unicode>
                    </TextEquiv>
                    <TextStyle fontFamily="Times New Roman" fontSize="10.0"/>
                </Word>
                <Word id="w_w2aab1b7b2b5b5ac63" language="English" custom="readingOrder {index:5;}">
                    <Coords points="949,1499 996,1499 996,1534 949,1534"/>
                    <TextEquiv>
                        <Unicode>de</Unicode>
                    </TextEquiv>
                    <TextStyle fontFamily="Times New Roman" fontSize="10.0"/>
                </Word>
                <Word id="w_w2aab1b7b2b5b5ac69" language="English" custom="readingOrder {index:6;}">
                    <Coords points="1015,1500 1124,1500 1124,1532 1015,1532"/>
                    <TextEquiv>
                        <Unicode>toute</Unicode>
                    </TextEquiv>
                    <TextStyle fontFamily="Times New Roman" fontSize="10.0"/>
                </Word>
                <TextEquiv>
                    <Unicode>quelle doit être convenable et de toute</Unicode>
                </TextEquiv>
                <TextStyle fontFamily="Times New Roman" fontSize="10.0"/>
            </TextLine>
            <TextLine id="tl_19" primaryLanguage="English" custom="readingOrder {index:3;}">
                <Coords points="277,1549 477,1549 477,1587 277,1587"/>
                <Baseline points="277,1584 477,1586"/>
                <Word id="w_w2aab1b7b2b5b7ab1" language="English" custom="readingOrder {index:0;}">
                    <Coords points="277,1549 477,1549 477,1586 277,1586"/>
                    <TextEquiv>
                        <Unicode>moralité.</Unicode>
                    </TextEquiv>
                    <TextStyle fontFamily="Times New Roman" fontSize="10.0"/>
                </Word>
                <TextEquiv>
                    <Unicode>moralité.</Unicode>
                </TextEquiv>
                <TextStyle fontFamily="Times New Roman" fontSize="10.0"/>
            </TextLine>
            <TextEquiv>
                <Unicode>- temps que son abonnement, le LI¬
BELLE DE SON ANNONCE, la¬
quelle doit être convenable et de toute
moralité.</Unicode>
            </TextEquiv>
        </TextRegion>
        <TextRegion type="paragraph" id="r_4_4" custom="readingOrder {index:6;}">
            <Coords points="271,1589 1122,1589 1122,1687 271,1687"/>
            <TextLine id="tl_20" primaryLanguage="English" custom="readingOrder {index:0;}">
                <Coords points="318,1590 1121,1590 1121,1632 318,1632"/>
                <Baseline points="318,1631 375,1632 605,1630 672,1629 863,1627 922,1627 1050,1625 1121,1625"/>
                <Word id="w_w2aab1b7b2b7b1ab1" language="English" custom="readingOrder {index:0;}">
                    <Coords points="318,1598 375,1598 375,1632 318,1632"/>
                    <TextEquiv>
                        <Unicode>La</Unicode>
                    </TextEquiv>
                    <TextStyle fontFamily="Times New Roman" fontSize="10.0"/>
                </Word>
                <Word id="w_w2aab1b7b2b7b1ab7" language="English" custom="readingOrder {index:1;}">
                    <Coords points="399,1595 605,1595 605,1631 399,1631"/>
                    <TextEquiv>
                        <Unicode>Direction</Unicode>
                    </TextEquiv>
                    <TextStyle fontFamily="Times New Roman" fontSize="10.0"/>
                </Word>
                <Word id="w_w2aab1b7b2b7b1ac27" language="English" custom="readingOrder {index:2;}">
                    <Coords points="628,1604 672,1604 672,1630 628,1630"/>
                    <TextEquiv>
                        <Unicode>se</Unicode>
                    </TextEquiv>
                    <TextStyle fontFamily="Times New Roman" fontSize="10.0"/>
                </Word>
                <Word id="w_w2aab1b7b2b7b1ac33" language="English" custom="readingOrder {index:3;}">
                    <Coords points="695,1595 863,1595 863,1629 695,1629"/>
                    <TextEquiv>
                        <Unicode>réserve</Unicode>
                    </TextEquiv>
                    <TextStyle fontFamily="Times New Roman" fontSize="10.0"/>
                </Word>
                <Word id="w_w2aab1b7b2b7b1ac49" language="English" custom="readingOrder {index:4;}">
                    <Coords points="886,1592 922,1592 922,1627 886,1627"/>
                    <TextEquiv>
                        <Unicode>le</Unicode>
                    </TextEquiv>
                    <TextStyle fontFamily="Times New Roman" fontSize="10.0"/>
                </Word>
                <Word id="w_w2aab1b7b2b7b1ac55" language="English" custom="readingOrder {index:5;}">
                    <Coords points="946,1590 1050,1590 1050,1626 946,1626"/>
                    <TextEquiv>
                        <Unicode>droit</Unicode>
                    </TextEquiv>
                    <TextStyle fontFamily="Times New Roman" fontSize="10.0"/>
                </Word>
                <Word id="w_w2aab1b7b2b7b1ac67" language="English" custom="readingOrder {index:6;}">
                    <Coords points="1072,1590 1121,1590 1121,1625 1072,1625"/>
                    <TextEquiv>
                        <Unicode>de</Unicode>
                    </TextEquiv>
                    <TextStyle fontFamily="Times New Roman" fontSize="10.0"/>
                </Word>
                <TextEquiv>
                    <Unicode>La Direction se réserve le droit de</Unicode>
                </TextEquiv>
                <TextStyle fontFamily="Times New Roman" fontSize="10.0"/>
            </TextLine>
            <TextLine id="tl_21" primaryLanguage="English" custom="readingOrder {index:1;}">
                <Coords points="272,1639 1073,1639 1073,1686 272,1686"/>
                <Baseline points="272,1680 459,1679 595,1679 809,1677 1073,1676"/>
                <Word id="w_w2aab1b7b2b7b3ab1" language="English" custom="readingOrder {index:0;}">
                    <Coords points="272,1645 459,1645 459,1680 272,1680"/>
                    <TextEquiv>
                        <Unicode>modifier</Unicode>
                    </TextEquiv>
                    <TextStyle fontFamily="Times New Roman" fontSize="10.0"/>
                </Word>
                <Word id="w_w2aab1b7b2b7b3ac19" language="English" custom="readingOrder {index:1;}">
                    <Coords points="485,1647 595,1647 595,1679 485,1679"/>
                    <TextEquiv>
                        <Unicode>toute</Unicode>
                    </TextEquiv>
                    <TextStyle fontFamily="Times New Roman" fontSize="10.0"/>
                </Word>
                <Word id="w_w2aab1b7b2b7b3ac31" language="English" custom="readingOrder {index:2;}">
                    <Coords points="621,1651 809,1651 809,1679 621,1679"/>
                    <TextEquiv>
                        <Unicode>annonce</Unicode>
                    </TextEquiv>
                    <TextStyle fontFamily="Times New Roman" fontSize="10.0"/>
                </Word>
                <Word id="w_w2aab1b7b2b7b3ac47" language="English" custom="readingOrder {index:3;}">
                    <Coords points="833,1639 1073,1639 1073,1684 833,1684"/>
                    <TextEquiv>
                        <Unicode>équivoque.</Unicode>
                    </TextEquiv>
                    <TextStyle fontFamily="Times New Roman" fontSize="10.0"/>
                </Word>
                <TextEquiv>
                    <Unicode>modifier toute annonce équivoque.</Unicode>
                </TextEquiv>
                <TextStyle fontFamily="Times New Roman" fontSize="10.0"/>
            </TextLine>
            <TextEquiv>
                <Unicode>La Direction se réserve le droit de
modifier toute annonce équivoque.</Unicode>
            </TextEquiv>
        </TextRegion>
        <TextRegion type="paragraph" id="r_4_5" custom="readingOrder {index:7;}">
            <Coords points="268,1730 1129,1730 1129,2397 268,2397"/>
            <TextLine id="tl_22" primaryLanguage="English" custom="readingOrder {index:0;}">
                <Coords points="316,1731 1125,1731 1125,1780 316,1780"/>
                <Baseline points="316,1773 385,1774 453,1763 554,1774 804,1778 935,1769 1043,1767 1125,1756"/>
                <Word id="w_w2aab1b7b2b9b1ab1" language="English" custom="readingOrder {index:0;}">
                    <Coords points="316,1738 385,1738 385,1774 316,1774"/>
                    <TextEquiv>
                        <Unicode>III.</Unicode>
                    </TextEquiv>
                    <TextStyle fontFamily="Times New Roman" fontSize="10.0"/>
                </Word>
                <Word id="w_w2aab1b7b2b9b1ac11" language="English" custom="readingOrder {index:1;}">
                    <Coords points="408,1759 453,1759 453,1763 408,1763"/>
                    <TextEquiv>
                        <Unicode>—</Unicode>
                    </TextEquiv>
                    <TextStyle fontFamily="Times New Roman" fontSize="10.0"/>
                </Word>
                <Word id="w_w2aab1b7b2b9b1ac15" language="English" custom="readingOrder {index:2;}">
                    <Coords points="477,1738 554,1738 554,1774 477,1774"/>
                    <TextEquiv>
                        <Unicode>Les</Unicode>
                    </TextEquiv>
                    <TextStyle fontFamily="Times New Roman" fontSize="10.0"/>
                </Word>
                <Word id="w_w2aab1b7b2b9b1ac23" language="English" custom="readingOrder {index:3;}">
                    <Coords points="579,1743 804,1743 804,1778 579,1778"/>
                    <TextEquiv>
                        <Unicode>annonces,</Unicode>
                    </TextEquiv>
                    <TextStyle fontFamily="Times New Roman" fontSize="10.0"/>
                </Word>
                <Word id="w_w2aab1b7b2b9b1ac43" language="English" custom="readingOrder {index:4;}">
                    <Coords points="830,1742 935,1742 935,1778 830,1778"/>
                    <TextEquiv>
                        <Unicode>pour</Unicode>
                    </TextEquiv>
                    <TextStyle fontFamily="Times New Roman" fontSize="10.0"/>
                </Word>
                <Word id="w_w2aab1b7b2b9b1ac53" language="English" custom="readingOrder {index:5;}">
                    <Coords points="958,1733 1043,1733 1043,1767 958,1767"/>
                    <TextEquiv>
                        <Unicode>être</Unicode>
                    </TextEquiv>
                    <TextStyle fontFamily="Times New Roman" fontSize="10.0"/>
                </Word>
                <Word id="w_w2aab1b7b2b9b1ac63" language="English" custom="readingOrder {index:6;}">
                    <Coords points="1066,1731 1125,1731 1125,1766 1066,1766"/>
                    <TextEquiv>
                        <Unicode>in¬</Unicode>
                    </TextEquiv>
                    <TextStyle fontFamily="Times New Roman" fontSize="10.0"/>
                </Word>
                <TextEquiv>
                    <Unicode>III. — Les annonces, pour être in¬</Unicode>
                </TextEquiv>
                <TextStyle fontFamily="Times New Roman" fontSize="10.0"/>
            </TextLine>
            <TextLine id="tl_23" primaryLanguage="English" custom="readingOrder {index:1;}">
                <Coords points="270,1778 1125,1778 1125,1829 270,1829"/>
                <Baseline points="270,1823 409,1826 482,1821 538,1822 555,1807 655,1819 850,1817 1005,1824 1125,1804"/>
                <Word id="w_w2aab1b7b2b9b3ab1" language="English" custom="readingOrder {index:0;}">
                    <Coords points="270,1787 409,1787 409,1826 270,1826"/>
                    <TextEquiv>
                        <Unicode>sérées</Unicode>
                    </TextEquiv>
                    <TextStyle fontFamily="Times New Roman" fontSize="10.0"/>
                </Word>
                <Word id="w_w2aab1b7b2b9b3ac15" language="English" custom="readingOrder {index:1;}">
                    <Coords points="447,1785 482,1785 482,1821 447,1821"/>
                    <TextEquiv>
                        <Unicode>le</Unicode>
                    </TextEquiv>
                    <TextStyle fontFamily="Times New Roman" fontSize="10.0"/>
                </Word>
                <Word id="w_w2aab1b7b2b9b3ac21" language="English" custom="readingOrder {index:2;}">
                    <Coords points="519,1786 538,1786 538,1822 519,1822"/>
                    <TextEquiv>
                        <Unicode>1</Unicode>
                    </TextEquiv>
                    <TextStyle fontFamily="Times New Roman" fontSize="10.0"/>
                </Word>
                <Word id="w_w2aab1b7b2b9b3b1b1" language="English" custom="readingOrder {index:3;}">
                    <Coords points="542,1790 570,1790 570,1807 542,1807"/>
                    <TextEquiv>
                        <Unicode>er</Unicode>
                    </TextEquiv>
                    <TextStyle fontFamily="Times New Roman" fontSize="10.0" superscript="true"/>
                </Word>
                <Word id="w_w2aab1b7b2b9b3b2b3" language="English" custom="readingOrder {index:4;}">
                    <Coords points="606,1784 655,1784 655,1819 606,1819"/>
                    <TextEquiv>
                        <Unicode>de</Unicode>
                    </TextEquiv>
                    <TextStyle fontFamily="Times New Roman" fontSize="10.0"/>
                </Word>
                <Word id="w_w2aab1b7b2b9b3b2b9" language="English" custom="readingOrder {index:5;}">
                    <Coords points="692,1784 850,1784 850,1827 692,1827"/>
                    <TextEquiv>
                        <Unicode>chaque</Unicode>
                    </TextEquiv>
                    <TextStyle fontFamily="Times New Roman" fontSize="10.0"/>
                </Word>
                <Word id="w_w2aab1b7b2b9b3b2c23" language="English" custom="readingOrder {index:6;}">
                    <Coords points="886,1780 1005,1780 1005,1824 886,1824"/>
                    <TextEquiv>
                        <Unicode>mois,</Unicode>
                    </TextEquiv>
                    <TextStyle fontFamily="Times New Roman" fontSize="10.0"/>
                </Word>
                <Word id="w_w2aab1b7b2b9b3b2c35" language="English" custom="readingOrder {index:7;}">
                    <Coords points="1044,1778 1125,1778 1125,1815 1044,1815"/>
                    <TextEquiv>
                        <Unicode>doi¬</Unicode>
                    </TextEquiv>
                    <TextStyle fontFamily="Times New Roman" fontSize="10.0"/>
                </Word>
                <TextEquiv>
                    <Unicode>sérées le 1er de chaque mois, doi¬</Unicode>
                </TextEquiv>
            </TextLine>
            <TextLine id="tl_24" primaryLanguage="English" custom="readingOrder {index:2;}">
                <Coords points="269,1827 1123,1827 1123,1879 269,1879"/>
                <Baseline points="269,1871 364,1873 495,1869 718,1865 799,1866 957,1864 1123,1862"/>
                <Word id="w_w2aab1b7b2b9b5ab1" language="English" custom="readingOrder {index:0;}">
                    <Coords points="269,1839 364,1839 364,1873 269,1873"/>
                    <TextEquiv>
                        <Unicode>vent</Unicode>
                    </TextEquiv>
                    <TextStyle fontFamily="Times New Roman" fontSize="10.0"/>
                </Word>
                <Word id="w_w2aab1b7b2b9b5ac11" language="English" custom="readingOrder {index:1;}">
                    <Coords points="390,1843 495,1843 495,1869 390,1869"/>
                    <TextEquiv>
                        <Unicode>nous</Unicode>
                    </TextEquiv>
                    <TextStyle fontFamily="Times New Roman" fontSize="10.0"/>
                </Word>
                <Word id="w_w2aab1b7b2b9b5ac21" language="English" custom="readingOrder {index:2;}">
                    <Coords points="523,1831 718,1831 718,1878 523,1878"/>
                    <TextEquiv>
                        <Unicode>parvenir</Unicode>
                    </TextEquiv>
                    <TextStyle fontFamily="Times New Roman" fontSize="10.0"/>
                </Word>
                <Word id="w_w2aab1b7b2b9b5ac39" language="English" custom="readingOrder {index:3;}">
                    <Coords points="746,1841 799,1841 799,1867 746,1867"/>
                    <TextEquiv>
                        <Unicode>au</Unicode>
                    </TextEquiv>
                    <TextStyle fontFamily="Times New Roman" fontSize="10.0"/>
                </Word>
                <Word id="w_w2aab1b7b2b9b5ac45" language="English" custom="readingOrder {index:4;}">
                    <Coords points="825,1829 957,1829 957,1865 825,1865"/>
                    <TextEquiv>
                        <Unicode>PLUS</Unicode>
                    </TextEquiv>
                    <TextStyle fontFamily="Times New Roman" fontSize="10.0"/>
                </Word>
                <Word id="w_w2aab1b7b2b9b5ac55" language="English" custom="readingOrder {index:5;}">
                    <Coords points="983,1827 1123,1827 1123,1863 983,1863"/>
                    <TextEquiv>
                        <Unicode>TARD</Unicode>
                    </TextEquiv>
                    <TextStyle fontFamily="Times New Roman" fontSize="10.0"/>
                </Word>
                <TextEquiv>
                    <Unicode>vent nous parvenir au PLUS TARD</Unicode>
                </TextEquiv>
                <TextStyle fontFamily="Times New Roman" fontSize="10.0"/>
            </TextLine>
            <TextLine id="tl_25" primaryLanguage="English" custom="readingOrder {index:3;}">
                <Coords points="279,1877 1124,1877 1124,1926 279,1926"/>
                <Baseline points="279,1919 342,1919 415,1915 487,1917 618,1915 878,1913 1034,1911 1124,1900"/>
                <Word id="w_w2aab1b7b2b9b7ab1" language="English" custom="readingOrder {index:0;}">
                    <Coords points="279,1884 342,1884 342,1919 279,1919"/>
                    <TextEquiv>
                        <Unicode>LE</Unicode>
                    </TextEquiv>
                    <TextStyle fontFamily="Times New Roman" fontSize="10.0"/>
                </Word>
                <Word id="w_w2aab1b7b2b9b7ab7" language="English" custom="readingOrder {index:1;}">
                    <Coords points="372,1882 415,1882 415,1915 372,1915"/>
                    <TextEquiv>
                        <Unicode>20</Unicode>
                    </TextEquiv>
                    <TextStyle fontFamily="Times New Roman" fontSize="10.0"/>
                </Word>
                <Word id="w_w2aab1b7b2b9b7ac13" language="English" custom="readingOrder {index:2;}">
                    <Coords points="433,1883 487,1883 487,1917 433,1917"/>
                    <TextEquiv>
                        <Unicode>du</Unicode>
                    </TextEquiv>
                    <TextStyle fontFamily="Times New Roman" fontSize="10.0"/>
                </Word>
                <Word id="w_w2aab1b7b2b9b7ac19" language="English" custom="readingOrder {index:3;}">
                    <Coords points="511,1881 618,1881 618,1916 511,1916"/>
                    <TextEquiv>
                        <Unicode>mois</Unicode>
                    </TextEquiv>
                    <TextStyle fontFamily="Times New Roman" fontSize="10.0"/>
                </Word>
                <Word id="w_w2aab1b7b2b9b7ac29" language="English" custom="readingOrder {index:4;}">
                    <Coords points="645,1878 878,1878 878,1924 645,1924"/>
                    <TextEquiv>
                        <Unicode>précédent.</Unicode>
                    </TextEquiv>
                    <TextStyle fontFamily="Times New Roman" fontSize="10.0"/>
                </Word>
                <Word id="w_w2aab1b7b2b9b7ac51" language="English" custom="readingOrder {index:5;}">
                    <Coords points="907,1877 1034,1877 1034,1912 907,1912"/>
                    <TextEquiv>
                        <Unicode>Toute</Unicode>
                    </TextEquiv>
                    <TextStyle fontFamily="Times New Roman" fontSize="10.0"/>
                </Word>
                <Word id="w_w2aab1b7b2b9b7ac63" language="English" custom="readingOrder {index:6;}">
                    <Coords points="1056,1885 1124,1885 1124,1910 1056,1910"/>
                    <TextEquiv>
                        <Unicode>an¬</Unicode>
                    </TextEquiv>
                    <TextStyle fontFamily="Times New Roman" fontSize="10.0"/>
                </Word>
                <TextEquiv>
                    <Unicode>LE 20 du mois précédent. Toute an¬</Unicode>
                </TextEquiv>
                <TextStyle fontFamily="Times New Roman" fontSize="10.0"/>
            </TextLine>
            <TextLine id="tl_26" primaryLanguage="English" custom="readingOrder {index:4;}">
                <Coords points="270,1923 1124,1923 1124,1974 270,1974"/>
                <Baseline points="270,1965 412,1971 577,1963 739,1962 885,1960 1032,1967 1124,1957"/>
                <Word id="w_w2aab1b7b2b9b9ab1" language="English" custom="readingOrder {index:0;}">
                    <Coords points="270,1939 412,1939 412,1971 270,1971"/>
                    <TextEquiv>
                        <Unicode>nonce,</Unicode>
                    </TextEquiv>
                    <TextStyle fontFamily="Times New Roman" fontSize="10.0"/>
                </Word>
                <Word id="w_w2aab1b7b2b9b9ac15" language="English" custom="readingOrder {index:1;}">
                    <Coords points="456,1939 577,1939 577,1973 456,1973"/>
                    <TextEquiv>
                        <Unicode>reçue</Unicode>
                    </TextEquiv>
                    <TextStyle fontFamily="Times New Roman" fontSize="10.0"/>
                </Word>
                <Word id="w_w2aab1b7b2b9b9ac27" language="English" custom="readingOrder {index:2;}">
                    <Coords points="618,1926 739,1926 739,1971 618,1971"/>
                    <TextEquiv>
                        <Unicode>après</Unicode>
                    </TextEquiv>
                    <TextStyle fontFamily="Times New Roman" fontSize="10.0"/>
                </Word>
                <Word id="w_w2aab1b7b2b9b9ac39" language="English" custom="readingOrder {index:3;}">
                    <Coords points="781,1928 885,1928 885,1961 781,1961"/>
                    <TextEquiv>
                        <Unicode>cette</Unicode>
                    </TextEquiv>
                    <TextStyle fontFamily="Times New Roman" fontSize="10.0"/>
                </Word>
                <Word id="w_w2aab1b7b2b9b9ac51" language="English" custom="readingOrder {index:4;}">
                    <Coords points="925,1923 1032,1923 1032,1967 925,1967"/>
                    <TextEquiv>
                        <Unicode>date,</Unicode>
                    </TextEquiv>
                    <TextStyle fontFamily="Times New Roman" fontSize="10.0"/>
                </Word>
                <Word id="w_w2aab1b7b2b9b9ac63" language="English" custom="readingOrder {index:5;}">
                    <Coords points="1073,1931 1124,1931 1124,1957 1073,1957"/>
                    <TextEquiv>
                        <Unicode>ne</Unicode>
                    </TextEquiv>
                    <TextStyle fontFamily="Times New Roman" fontSize="10.0"/>
                </Word>
                <TextEquiv>
                    <Unicode>nonce, reçue après cette date, ne</Unicode>
                </TextEquiv>
                <TextStyle fontFamily="Times New Roman" fontSize="10.0"/>
            </TextLine>
            <TextLine id="tl_27" primaryLanguage="English" custom="readingOrder {index:5;}">
                <Coords points="270,1970 1124,1970 1124,2022 270,2022"/>
                <Baseline points="270,2022 422,2011 630,2011 732,2009 790,2010 922,2007 1123,2004"/>
                <Word id="w_w2aab1b7b2b9c11ab1" language="English" custom="readingOrder {index:0;}">
                    <Coords points="270,1987 422,1987 422,2022 270,2022"/>
                    <TextEquiv>
                        <Unicode>pourra</Unicode>
                    </TextEquiv>
                    <TextStyle fontFamily="Times New Roman" fontSize="10.0"/>
                </Word>
                <Word id="w_w2aab1b7b2b9c11ac15" language="English" custom="readingOrder {index:1;}">
                    <Coords points="448,1978 630,1978 630,2021 448,2021"/>
                    <TextEquiv>
                        <Unicode>paraître</Unicode>
                    </TextEquiv>
                    <TextStyle fontFamily="Times New Roman" fontSize="10.0"/>
                </Word>
                <Word id="w_w2aab1b7b2b9c11ac33" language="English" custom="readingOrder {index:2;}">
                    <Coords points="655,1984 732,1984 732,2018 655,2018"/>
                    <TextEquiv>
                        <Unicode>que</Unicode>
                    </TextEquiv>
                    <TextStyle fontFamily="Times New Roman" fontSize="10.0"/>
                </Word>
                <Word id="w_w2aab1b7b2b9c11ac41" language="English" custom="readingOrder {index:3;}">
                    <Coords points="755,1975 790,1975 790,2010 755,2010"/>
                    <TextEquiv>
                        <Unicode>le</Unicode>
                    </TextEquiv>
                    <TextStyle fontFamily="Times New Roman" fontSize="10.0"/>
                </Word>
                <Word id="w_w2aab1b7b2b9c11ac47" language="English" custom="readingOrder {index:4;}">
                    <Coords points="817,1971 922,1971 922,2008 817,2008"/>
                    <TextEquiv>
                        <Unicode>mois</Unicode>
                    </TextEquiv>
                    <TextStyle fontFamily="Times New Roman" fontSize="10.0"/>
                </Word>
                <Word id="w_w2aab1b7b2b9c11ac57" language="English" custom="readingOrder {index:5;}">
                    <Coords points="943,1970 1123,1970 1123,2006 943,2006"/>
                    <TextEquiv>
                        <Unicode>suivant.</Unicode>
                    </TextEquiv>
                    <TextStyle fontFamily="Times New Roman" fontSize="10.0"/>
                </Word>
                <TextEquiv>
                    <Unicode>pourra paraître que le mois suivant.</Unicode>
                </TextEquiv>
                <TextStyle fontFamily="Times New Roman" fontSize="10.0"/>
            </TextLine>
            <TextLine id="tl_28" primaryLanguage="English" custom="readingOrder {index:6;}">
                <Coords points="271,2017 1127,2017 1127,2069 271,2069"/>
                <Baseline points="271,2061 387,2060 465,2061 581,2068 644,2057 780,2057 889,2054 1127,2041"/>
                <Word id="w_w2aab1b7b2b9c13ab1" language="English" custom="readingOrder {index:0;}">
                    <Coords points="271,2027 387,2027 387,2062 271,2062"/>
                    <TextEquiv>
                        <Unicode>Dans</Unicode>
                    </TextEquiv>
                    <TextStyle fontFamily="Times New Roman" fontSize="10.0"/>
                </Word>
                <Word id="w_w2aab1b7b2b9c13ac11" language="English" custom="readingOrder {index:1;}">
                    <Coords points="419,2036 465,2036 465,2061 419,2061"/>
                    <TextEquiv>
                        <Unicode>ce</Unicode>
                    </TextEquiv>
                    <TextStyle fontFamily="Times New Roman" fontSize="10.0"/>
                </Word>
                <Word id="w_w2aab1b7b2b9c13ac17" language="English" custom="readingOrder {index:2;}">
                    <Coords points="496,2034 581,2034 581,2068 496,2068"/>
                    <TextEquiv>
                        <Unicode>cas,</Unicode>
                    </TextEquiv>
                    <TextStyle fontFamily="Times New Roman" fontSize="10.0"/>
                </Word>
                <Word id="w_w2aab1b7b2b9c13ac27" language="English" custom="readingOrder {index:3;}">
                    <Coords points="615,2023 644,2023 644,2059 615,2059"/>
                    <TextEquiv>
                        <Unicode>il</Unicode>
                    </TextEquiv>
                    <TextStyle fontFamily="Times New Roman" fontSize="10.0"/>
                </Word>
                <Word id="w_w2aab1b7b2b9c13ac33" language="English" custom="readingOrder {index:4;}">
                    <Coords points="674,2023 780,2023 780,2057 674,2057"/>
                    <TextEquiv>
                        <Unicode>n’est</Unicode>
                    </TextEquiv>
                    <TextStyle fontFamily="Times New Roman" fontSize="10.0"/>
                </Word>
                <Word id="w_w2aab1b7b2b9c13ac45" language="English" custom="readingOrder {index:5;}">
                    <Coords points="813,2029 889,2029 889,2064 813,2064"/>
                    <TextEquiv>
                        <Unicode>pas</Unicode>
                    </TextEquiv>
                    <TextStyle fontFamily="Times New Roman" fontSize="10.0"/>
                </Word>
                <Word id="w_w2aab1b7b2b9c13ac53" language="English" custom="readingOrder {index:6;}">
                    <Coords points="922,2017 1127,2017 1127,2062 922,2062"/>
                    <TextEquiv>
                        <Unicode>indispen¬</Unicode>
                    </TextEquiv>
                    <TextStyle fontFamily="Times New Roman" fontSize="10.0"/>
                </Word>
                <TextEquiv>
                    <Unicode>Dans ce cas, il n’est pas indispen¬</Unicode>
                </TextEquiv>
                <TextStyle fontFamily="Times New Roman" fontSize="10.0"/>
            </TextLine>
            <TextLine id="tl_29" primaryLanguage="English" custom="readingOrder {index:7;}">
                <Coords points="271,2066 1126,2066 1126,2117 271,2117"/>
                <Baseline points="271,2109 385,2108 484,2108 720,2106 821,2103 1002,2100 1126,2098"/>
                <Word id="w_w2aab1b7b2b9c15ab1" language="English" custom="readingOrder {index:0;}">
                    <Coords points="271,2073 385,2073 385,2109 271,2109"/>
                    <TextEquiv>
                        <Unicode>sable</Unicode>
                    </TextEquiv>
                    <TextStyle fontFamily="Times New Roman" fontSize="10.0"/>
                </Word>
                <Word id="w_w2aab1b7b2b9c15ac13" language="English" custom="readingOrder {index:1;}">
                    <Coords points="407,2081 484,2081 484,2116 407,2116"/>
                    <TextEquiv>
                        <Unicode>que</Unicode>
                    </TextEquiv>
                    <TextStyle fontFamily="Times New Roman" fontSize="10.0"/>
                </Word>
                <Word id="w_w2aab1b7b2b9c15ac21" language="English" custom="readingOrder {index:2;}">
                    <Coords points="505,2072 720,2072 720,2108 505,2108"/>
                    <TextEquiv>
                        <Unicode>l’annonce</Unicode>
                    </TextEquiv>
                    <TextStyle fontFamily="Times New Roman" fontSize="10.0"/>
                </Word>
                <Word id="w_w2aab1b7b2b9c15ac41" language="English" custom="readingOrder {index:3;}">
                    <Coords points="743,2068 821,2068 821,2105 743,2105"/>
                    <TextEquiv>
                        <Unicode>soit</Unicode>
                    </TextEquiv>
                    <TextStyle fontFamily="Times New Roman" fontSize="10.0"/>
                </Word>
                <Word id="w_w2aab1b7b2b9c15ac51" language="English" custom="readingOrder {index:4;}">
                    <Coords points="842,2066 1002,2066 1002,2104 842,2104"/>
                    <TextEquiv>
                        <Unicode>insérée</Unicode>
                    </TextEquiv>
                    <TextStyle fontFamily="Times New Roman" fontSize="10.0"/>
                </Word>
                <Word id="w_w2aab1b7b2b9c15ac67" language="English" custom="readingOrder {index:5;}">
                    <Coords points="1025,2073 1126,2073 1126,2110 1025,2110"/>
                    <TextEquiv>
                        <Unicode>pour</Unicode>
                    </TextEquiv>
                    <TextStyle fontFamily="Times New Roman" fontSize="10.0"/>
                </Word>
                <TextEquiv>
                    <Unicode>sable que l’annonce soit insérée pour</Unicode>
                </TextEquiv>
                <TextStyle fontFamily="Times New Roman" fontSize="10.0"/>
            </TextLine>
            <TextLine id="tl_30" primaryLanguage="English" custom="readingOrder {index:8;}">
                <Coords points="271,2111 1126,2111 1126,2166 271,2166"/>
                <Baseline points="271,2166 348,2156 608,2154 783,2153 1126,2145"/>
                <Word id="w_w2aab1b7b2b9c17ab1" language="English" custom="readingOrder {index:0;}">
                    <Coords points="271,2131 348,2131 348,2166 271,2166"/>
                    <TextEquiv>
                        <Unicode>que</Unicode>
                    </TextEquiv>
                    <TextStyle fontFamily="Times New Roman" fontSize="10.0"/>
                </Word>
                <Word id="w_w2aab1b7b2b9c17ab9" language="English" custom="readingOrder {index:1;}">
                    <Coords points="377,2120 608,2120 608,2156 377,2156"/>
                    <TextEquiv>
                        <Unicode>l’intéressé</Unicode>
                    </TextEquiv>
                    <TextStyle fontFamily="Times New Roman" fontSize="10.0"/>
                </Word>
                <Word id="w_w2aab1b7b2b9c17ac33" language="English" custom="readingOrder {index:2;}">
                    <Coords points="643,2117 783,2117 783,2163 643,2163"/>
                    <TextEquiv>
                        <Unicode>puisse</Unicode>
                    </TextEquiv>
                    <TextStyle fontFamily="Times New Roman" fontSize="10.0"/>
                </Word>
                <Word id="w_w2aab1b7b2b9c17ac47" language="English" custom="readingOrder {index:3;}">
                    <Coords points="831,2111 1126,2111 1126,2156 831,2156"/>
                    <TextEquiv>
                        <Unicode>correspondre</Unicode>
                    </TextEquiv>
                    <TextStyle fontFamily="Times New Roman" fontSize="10.0"/>
                </Word>
                <TextEquiv>
                    <Unicode>que l’intéressé puisse correspondre</Unicode>
                </TextEquiv>
                <TextStyle fontFamily="Times New Roman" fontSize="10.0"/>
            </TextLine>
            <TextLine id="tl_31" primaryLanguage="English" custom="readingOrder {index:9;}">
                <Coords points="271,2159 1127,2159 1127,2211 271,2211"/>
                <Baseline points="271,2206 371,2205 453,2203 660,2201 737,2200 935,2196 991,2194 1127,2195"/>
                <Word id="w_w2aab1b7b2b9c19ab1" language="English" custom="readingOrder {index:0;}">
                    <Coords points="271,2179 371,2179 371,2206 271,2206"/>
                    <TextEquiv>
                        <Unicode>avec</Unicode>
                    </TextEquiv>
                    <TextStyle fontFamily="Times New Roman" fontSize="10.0"/>
                </Word>
                <Word id="w_w2aab1b7b2b9c19ac11" language="English" custom="readingOrder {index:1;}">
                    <Coords points="393,2168 453,2168 453,2203 393,2203"/>
                    <TextEquiv>
                        <Unicode>les</Unicode>
                    </TextEquiv>
                    <TextStyle fontFamily="Times New Roman" fontSize="10.0"/>
                </Word>
                <Word id="w_w2aab1b7b2b9c19ac19" language="English" custom="readingOrder {index:2;}">
                    <Coords points="476,2167 660,2167 660,2203 476,2203"/>
                    <TextEquiv>
                        <Unicode>abonnés</Unicode>
                    </TextEquiv>
                    <TextStyle fontFamily="Times New Roman" fontSize="10.0"/>
                </Word>
                <Word id="w_w2aab1b7b2b9c19ac35" language="English" custom="readingOrder {index:3;}">
                    <Coords points="684,2165 737,2165 737,2200 684,2200"/>
                    <TextEquiv>
                        <Unicode>du</Unicode>
                    </TextEquiv>
                    <TextStyle fontFamily="Times New Roman" fontSize="10.0"/>
                </Word>
                <Word id="w_w2aab1b7b2b9c19ac41" language="English" custom="readingOrder {index:4;}">
                    <Coords points="759,2164 935,2164 935,2209 759,2209"/>
                    <TextEquiv>
                        <Unicode>journal.</Unicode>
                    </TextEquiv>
                    <TextStyle fontFamily="Times New Roman" fontSize="10.0"/>
                </Word>
                <Word id="w_w2aab1b7b2b9c19ac59" language="English" custom="readingOrder {index:5;}">
                    <Coords points="960,2160 991,2160 991,2195 960,2195"/>
                    <TextEquiv>
                        <Unicode>Il</Unicode>
                    </TextEquiv>
                    <TextStyle fontFamily="Times New Roman" fontSize="10.0"/>
                </Word>
                <Word id="w_w2aab1b7b2b9c19ac65" language="English" custom="readingOrder {index:6;}">
                    <Coords points="1013,2159 1127,2159 1127,2195 1013,2195"/>
                    <TextEquiv>
                        <Unicode>suffit</Unicode>
                    </TextEquiv>
                    <TextStyle fontFamily="Times New Roman" fontSize="10.0"/>
                </Word>
                <TextEquiv>
                    <Unicode>avec les abonnés du journal. Il suffit</Unicode>
                </TextEquiv>
                <TextStyle fontFamily="Times New Roman" fontSize="10.0"/>
            </TextLine>
            <TextLine id="tl_32" primaryLanguage="English" custom="readingOrder {index:10;}">
                <Coords points="272,2206 1126,2206 1126,2260 272,2260"/>
                <Baseline points="272,2260 366,2251 448,2250 570,2248 849,2244 929,2243 1126,2240"/>
                <Word id="w_w2aab1b7b2b9c21ab1" language="English" custom="readingOrder {index:0;}">
                    <Coords points="272,2217 366,2217 366,2260 272,2260"/>
                    <TextEquiv>
                        <Unicode>qu’il</Unicode>
                    </TextEquiv>
                    <TextStyle fontFamily="Times New Roman" fontSize="10.0"/>
                </Word>
                <Word id="w_w2aab1b7b2b9c21ac13" language="English" custom="readingOrder {index:1;}">
                    <Coords points="392,2216 448,2216 448,2251 392,2251"/>
                    <TextEquiv>
                        <Unicode>ait</Unicode>
                    </TextEquiv>
                    <TextStyle fontFamily="Times New Roman" fontSize="10.0"/>
                </Word>
                <Word id="w_w2aab1b7b2b9c21ac21" language="English" custom="readingOrder {index:2;}">
                    <Coords points="473,2224 570,2224 570,2259 473,2259"/>
                    <TextEquiv>
                        <Unicode>reçu</Unicode>
                    </TextEquiv>
                    <TextStyle fontFamily="Times New Roman" fontSize="10.0"/>
                </Word>
                <Word id="w_w2aab1b7b2b9c21ac31" language="English" custom="readingOrder {index:3;}">
                    <Coords points="595,2211 849,2211 849,2250 595,2250"/>
                    <TextEquiv>
                        <Unicode>l’indication</Unicode>
                    </TextEquiv>
                    <TextStyle fontFamily="Times New Roman" fontSize="10.0"/>
                </Word>
                <Word id="w_w2aab1b7b2b9c21ac57" language="English" custom="readingOrder {index:4;}">
                    <Coords points="875,2209 929,2209 929,2245 875,2245"/>
                    <TextEquiv>
                        <Unicode>du</Unicode>
                    </TextEquiv>
                    <TextStyle fontFamily="Times New Roman" fontSize="10.0"/>
                </Word>
                <Word id="w_w2aab1b7b2b9c21ac63" language="English" custom="readingOrder {index:5;}">
                    <Coords points="953,2206 1126,2206 1126,2242 953,2242"/>
                    <TextEquiv>
                        <Unicode>numéro</Unicode>
                    </TextEquiv>
                    <TextStyle fontFamily="Times New Roman" fontSize="10.0"/>
                </Word>
                <TextEquiv>
                    <Unicode>qu’il ait reçu l’indication du numéro</Unicode>
                </TextEquiv>
                <TextStyle fontFamily="Times New Roman" fontSize="10.0"/>
            </TextLine>
            <TextLine id="tl_33" primaryLanguage="English" custom="readingOrder {index:11;}">
                <Coords points="272,2252 1128,2252 1128,2308 272,2308"/>
                <Baseline points="272,2299 530,2297 642,2296 776,2294 911,2290 1043,2288 1128,2287"/>
                <Word id="w_w2aab1b7b2b9c23ab1" language="English" custom="readingOrder {index:0;}">
                    <Coords points="272,2263 530,2263 530,2307 272,2307"/>
                    <TextEquiv>
                        <Unicode>remplaçant</Unicode>
                    </TextEquiv>
                    <TextStyle fontFamily="Times New Roman" fontSize="10.0"/>
                </Word>
                <Word id="w_w2aab1b7b2b9c23ac23" language="English" custom="readingOrder {index:1;}">
                    <Coords points="566,2271 642,2271 642,2296 566,2296"/>
                    <TextEquiv>
                        <Unicode>son</Unicode>
                    </TextEquiv>
                    <TextStyle fontFamily="Times New Roman" fontSize="10.0"/>
                </Word>
                <Word id="w_w2aab1b7b2b9c23ac31" language="English" custom="readingOrder {index:2;}">
                    <Coords points="676,2269 776,2269 776,2295 676,2295"/>
                    <TextEquiv>
                        <Unicode>nom</Unicode>
                    </TextEquiv>
                    <TextStyle fontFamily="Times New Roman" fontSize="10.0"/>
                </Word>
                <Word id="w_w2aab1b7b2b9c23ac39" language="English" custom="readingOrder {index:3;}">
                    <Coords points="808,2266 911,2266 911,2302 808,2302"/>
                    <TextEquiv>
                        <Unicode>pour</Unicode>
                    </TextEquiv>
                    <TextStyle fontFamily="Times New Roman" fontSize="10.0"/>
                </Word>
                <Word id="w_w2aab1b7b2b9c23ac49" language="English" custom="readingOrder {index:4;}">
                    <Coords points="948,2253 1043,2253 1043,2299 948,2299"/>
                    <TextEquiv>
                        <Unicode>qu’il</Unicode>
                    </TextEquiv>
                    <TextStyle fontFamily="Times New Roman" fontSize="10.0"/>
                </Word>
                <Word id="w_w2aab1b7b2b9c23ac61" language="English" custom="readingOrder {index:5;}">
                    <Coords points="1071,2252 1128,2252 1128,2287 1071,2287"/>
                    <TextEquiv>
                        <Unicode>ait</Unicode>
                    </TextEquiv>
                    <TextStyle fontFamily="Times New Roman" fontSize="10.0"/>
                </Word>
                <TextEquiv>
                    <Unicode>remplaçant son nom pour qu’il ait</Unicode>
                </TextEquiv>
                <TextStyle fontFamily="Times New Roman" fontSize="10.0"/>
            </TextLine>
            <TextLine id="tl_34" primaryLanguage="English" custom="readingOrder {index:12;}">
                <Coords points="273,2303 1128,2303 1128,2350 273,2350"/>
                <Baseline points="273,2346 383,2346 566,2344 648,2343 994,2336 1128,2335"/>
                <Word id="w_w2aab1b7b2b9c25ab1" language="English" custom="readingOrder {index:0;}">
                    <Coords points="273,2314 383,2314 383,2347 273,2347"/>
                    <TextEquiv>
                        <Unicode>toute</Unicode>
                    </TextEquiv>
                    <TextStyle fontFamily="Times New Roman" fontSize="10.0"/>
                </Word>
                <Word id="w_w2aab1b7b2b9c25ac13" language="English" custom="readingOrder {index:1;}">
                    <Coords points="416,2310 566,2310 566,2345 416,2345"/>
                    <TextEquiv>
                        <Unicode>facilité</Unicode>
                    </TextEquiv>
                    <TextStyle fontFamily="Times New Roman" fontSize="10.0"/>
                </Word>
                <Word id="w_w2aab1b7b2b9c25ac31" language="English" custom="readingOrder {index:2;}">
                    <Coords points="599,2308 648,2308 648,2343 599,2343"/>
                    <TextEquiv>
                        <Unicode>de</Unicode>
                    </TextEquiv>
                    <TextStyle fontFamily="Times New Roman" fontSize="10.0"/>
                </Word>
                <Word id="w_w2aab1b7b2b9c25ac37" language="English" custom="readingOrder {index:3;}">
                    <Coords points="682,2303 994,2303 994,2347 682,2347"/>
                    <TextEquiv>
                        <Unicode>communiquer</Unicode>
                    </TextEquiv>
                    <TextStyle fontFamily="Times New Roman" fontSize="10.0"/>
                </Word>
                <Word id="w_w2aab1b7b2b9c25ac61" language="English" custom="readingOrder {index:4;}">
                    <Coords points="1028,2310 1128,2310 1128,2336 1028,2336"/>
                    <TextEquiv>
                        <Unicode>avec</Unicode>
                    </TextEquiv>
                    <TextStyle fontFamily="Times New Roman" fontSize="10.0"/>
                </Word>
                <TextEquiv>
                    <Unicode>toute facilité de communiquer avec</Unicode>
                </TextEquiv>
                <TextStyle fontFamily="Times New Roman" fontSize="10.0"/>
            </TextLine>
            <TextLine id="tl_35" primaryLanguage="English" custom="readingOrder {index:13;}">
                <Coords points="272,2356 884,2356 884,2396 272,2396"/>
                <Baseline points="272,2393 330,2395 587,2395 668,2389 884,2387"/>
                <Word id="w_w2aab1b7b2b9c27ab1" language="English" custom="readingOrder {index:0;}">
                    <Coords points="272,2359 330,2359 330,2395 272,2395"/>
                    <TextEquiv>
                        <Unicode>les</Unicode>
                    </TextEquiv>
                    <TextStyle fontFamily="Times New Roman" fontSize="10.0"/>
                </Word>
                <Word id="w_w2aab1b7b2b9c27ab9" language="English" custom="readingOrder {index:1;}">
                    <Coords points="365,2358 587,2358 587,2395 365,2395"/>
                    <TextEquiv>
                        <Unicode>adhérents</Unicode>
                    </TextEquiv>
                    <TextStyle fontFamily="Times New Roman" fontSize="10.0"/>
                </Word>
                <Word id="w_w2aab1b7b2b9c27ac29" language="English" custom="readingOrder {index:2;}">
                    <Coords points="619,2356 668,2356 668,2392 619,2392"/>
                    <TextEquiv>
                        <Unicode>de</Unicode>
                    </TextEquiv>
                    <TextStyle fontFamily="Times New Roman" fontSize="10.0"/>
                </Word>
                <Word id="w_w2aab1b7b2b9c27ac35" language="English" custom="readingOrder {index:3;}">
                    <Coords points="700,2356 884,2356 884,2391 700,2391"/>
                    <TextEquiv>
                        <Unicode>l’œuvre.</Unicode>
                    </TextEquiv>
                    <TextStyle fontFamily="Times New Roman" fontSize="10.0"/>
                </Word>
                <TextEquiv>
                    <Unicode>les adhérents de l’œuvre.</Unicode>
                </TextEquiv>
                <TextStyle fontFamily="Times New Roman" fontSize="10.0"/>
            </TextLine>
            <TextEquiv>
                <Unicode>III. — Les annonces, pour être in¬
sérées le 1er de chaque mois, doi¬
vent nous parvenir au PLUS TARD
LE 20 du mois précédent. Toute an¬
nonce, reçue après cette date, ne
pourra paraître que le mois suivant.
Dans ce cas, il n’est pas indispen¬
sable que l’annonce soit insérée pour
que l’intéressé puisse correspondre
avec les abonnés du journal. Il suffit
qu’il ait reçu l’indication du numéro
remplaçant son nom pour qu’il ait
toute facilité de communiquer avec
les adhérents de l’œuvre.</Unicode>
            </TextEquiv>
        </TextRegion>
        <TextRegion type="paragraph" id="r_4_6" custom="readingOrder {index:8;}">
            <Coords points="271,2446 1131,2446 1131,2780 271,2780"/>
            <TextLine id="tl_36" primaryLanguage="English" custom="readingOrder {index:0;}">
                <Coords points="320,2447 1128,2447 1128,2500 320,2500"/>
                <Baseline points="320,2492 389,2493 472,2482 583,2490 842,2487 948,2483 1128,2471"/>
                <Word id="w_w2aab1b7b2c11b1ab1" language="English" custom="readingOrder {index:0;}">
                    <Coords points="320,2457 389,2457 389,2493 320,2493"/>
                    <TextEquiv>
                        <Unicode>IV.</Unicode>
                    </TextEquiv>
                    <TextStyle fontFamily="Times New Roman" fontSize="10.0"/>
                </Word>
                <Word id="w_w2aab1b7b2c11b1ab9" language="English" custom="readingOrder {index:1;}">
                    <Coords points="425,2478 472,2478 472,2482 425,2482"/>
                    <TextEquiv>
                        <Unicode>—</Unicode>
                    </TextEquiv>
                    <TextStyle fontFamily="Times New Roman" fontSize="10.0"/>
                </Word>
                <Word id="w_w2aab1b7b2c11b1ac13" language="English" custom="readingOrder {index:2;}">
                    <Coords points="504,2456 583,2456 583,2491 504,2491"/>
                    <TextEquiv>
                        <Unicode>Les</Unicode>
                    </TextEquiv>
                    <TextStyle fontFamily="Times New Roman" fontSize="10.0"/>
                </Word>
                <Word id="w_w2aab1b7b2c11b1ac21" language="English" custom="readingOrder {index:3;}">
                    <Coords points="614,2460 842,2460 842,2499 614,2499"/>
                    <TextEquiv>
                        <Unicode>personnes</Unicode>
                    </TextEquiv>
                    <TextStyle fontFamily="Times New Roman" fontSize="10.0"/>
                </Word>
                <Word id="w_w2aab1b7b2c11b1ac41" language="English" custom="readingOrder {index:4;}">
                    <Coords points="881,2448 948,2448 948,2494 881,2494"/>
                    <TextEquiv>
                        <Unicode>qui</Unicode>
                    </TextEquiv>
                    <TextStyle fontFamily="Times New Roman" fontSize="10.0"/>
                </Word>
                <Word id="w_w2aab1b7b2c11b1ac49" language="English" custom="readingOrder {index:5;}">
                    <Coords points="979,2447 1128,2447 1128,2483 979,2483"/>
                    <TextEquiv>
                        <Unicode>désire¬</Unicode>
                    </TextEquiv>
                    <TextStyle fontFamily="Times New Roman" fontSize="10.0"/>
                </Word>
                <TextEquiv>
                    <Unicode>IV. — Les personnes qui désire¬</Unicode>
                </TextEquiv>
                <TextStyle fontFamily="Times New Roman" fontSize="10.0"/>
            </TextLine>
            <TextLine id="tl_37" primaryLanguage="English" custom="readingOrder {index:1;}">
                <Coords points="274,2495 1128,2495 1128,2548 274,2548"/>
                <Baseline points="274,2540 406,2540 739,2535 876,2534 970,2531 1128,2518"/>
                <Word id="w_w2aab1b7b2c11b3ab1" language="English" custom="readingOrder {index:0;}">
                    <Coords points="274,2505 406,2505 406,2540 274,2540"/>
                    <TextEquiv>
                        <Unicode>raient</Unicode>
                    </TextEquiv>
                    <TextStyle fontFamily="Times New Roman" fontSize="10.0"/>
                </Word>
                <Word id="w_w2aab1b7b2c11b3ac15" language="English" custom="readingOrder {index:1;}">
                    <Coords points="442,2500 739,2500 739,2547 442,2547"/>
                    <TextEquiv>
                        <Unicode>correspondre</Unicode>
                    </TextEquiv>
                    <TextStyle fontFamily="Times New Roman" fontSize="10.0"/>
                </Word>
                <Word id="w_w2aab1b7b2c11b3ac41" language="English" custom="readingOrder {index:2;}">
                    <Coords points="775,2508 876,2508 876,2535 775,2535"/>
                    <TextEquiv>
                        <Unicode>avec</Unicode>
                    </TextEquiv>
                    <TextStyle fontFamily="Times New Roman" fontSize="10.0"/>
                </Word>
                <Word id="w_w2aab1b7b2c11b3ac51" language="English" custom="readingOrder {index:3;}">
                    <Coords points="910,2497 970,2497 970,2531 910,2531"/>
                    <TextEquiv>
                        <Unicode>les</Unicode>
                    </TextEquiv>
                    <TextStyle fontFamily="Times New Roman" fontSize="10.0"/>
                </Word>
                <Word id="w_w2aab1b7b2c11b3ac59" language="English" custom="readingOrder {index:4;}">
                    <Coords points="1004,2495 1128,2495 1128,2530 1004,2530"/>
                    <TextEquiv>
                        <Unicode>abon¬</Unicode>
                    </TextEquiv>
                    <TextStyle fontFamily="Times New Roman" fontSize="10.0"/>
                </Word>
                <TextEquiv>
                    <Unicode>raient correspondre avec les abon¬</Unicode>
                </TextEquiv>
                <TextStyle fontFamily="Times New Roman" fontSize="10.0"/>
            </TextLine>
            <TextLine id="tl_38" primaryLanguage="English" custom="readingOrder {index:2;}">
                <Coords points="272,2542 1130,2542 1130,2598 272,2598"/>
                <Baseline points="273,2589 347,2588 420,2586 605,2585 726,2585 832,2582 996,2583 1130,2565"/>
                <Word id="w_w2aab1b7b2c11b5ab1" language="English" custom="readingOrder {index:0;}">
                    <Coords points="273,2554 347,2554 347,2589 273,2589"/>
                    <TextEquiv>
                        <Unicode>nés</Unicode>
                    </TextEquiv>
                    <TextStyle fontFamily="Times New Roman" fontSize="10.0"/>
                </Word>
                <Word id="w_w2aab1b7b2c11b5ab9" language="English" custom="readingOrder {index:1;}">
                    <Coords points="368,2548 420,2548 420,2586 368,2586"/>
                    <TextEquiv>
                        <Unicode>du</Unicode>
                    </TextEquiv>
                    <TextStyle fontFamily="Times New Roman" fontSize="10.0"/>
                </Word>
                <Word id="w_w2aab1b7b2c11b5ac15" language="English" custom="readingOrder {index:2;}">
                    <Coords points="441,2551 605,2551 605,2597 441,2597"/>
                    <TextEquiv>
                        <Unicode>journal</Unicode>
                    </TextEquiv>
                    <TextStyle fontFamily="Times New Roman" fontSize="10.0"/>
                </Word>
                <Word id="w_w2aab1b7b2c11b5ac31" language="English" custom="readingOrder {index:3;}">
                    <Coords points="625,2557 726,2557 726,2585 625,2585"/>
                    <TextEquiv>
                        <Unicode>sans</Unicode>
                    </TextEquiv>
                    <TextStyle fontFamily="Times New Roman" fontSize="10.0"/>
                </Word>
                <Word id="w_w2aab1b7b2c11b5ac41" language="English" custom="readingOrder {index:4;}">
                    <Coords points="745,2548 832,2548 832,2583 745,2583"/>
                    <TextEquiv>
                        <Unicode>être</Unicode>
                    </TextEquiv>
                    <TextStyle fontFamily="Times New Roman" fontSize="10.0"/>
                </Word>
                <Word id="w_w2aab1b7b2c11b5ac51" language="English" custom="readingOrder {index:5;}">
                    <Coords points="851,2549 996,2549 996,2583 851,2583"/>
                    <TextEquiv>
                        <Unicode>tenues</Unicode>
                    </TextEquiv>
                    <TextStyle fontFamily="Times New Roman" fontSize="10.0"/>
                </Word>
                <Word id="w_w2aab1b7b2c11b5ac65" language="English" custom="readingOrder {index:6;}">
                    <Coords points="1017,2542 1130,2542 1130,2579 1017,2579"/>
                    <TextEquiv>
                        <Unicode>elles-</Unicode>
                    </TextEquiv>
                    <TextStyle fontFamily="Times New Roman" fontSize="10.0"/>
                </Word>
                <TextEquiv>
                    <Unicode>nés du journal sans être tenues elles-</Unicode>
                </TextEquiv>
                <TextStyle fontFamily="Times New Roman" fontSize="10.0"/>
            </TextLine>
            <TextLine id="tl_39" primaryLanguage="English" custom="readingOrder {index:3;}">
                <Coords points="275,2594 1129,2594 1129,2636 275,2636"/>
                <Baseline points="275,2635 431,2635 506,2634 633,2633 818,2629 919,2627 1129,2623"/>
                <Word id="w_w2aab1b7b2c11b7ab1" language="English" custom="readingOrder {index:0;}">
                    <Coords points="275,2602 431,2602 431,2635 275,2635"/>
                    <TextEquiv>
                        <Unicode>mêmes</Unicode>
                    </TextEquiv>
                    <TextStyle fontFamily="Times New Roman" fontSize="10.0"/>
                </Word>
                <Word id="w_w2aab1b7b2c11b7ac13" language="English" custom="readingOrder {index:1;}">
                    <Coords points="459,2600 506,2600 506,2634 459,2634"/>
                    <TextEquiv>
                        <Unicode>de</Unicode>
                    </TextEquiv>
                    <TextStyle fontFamily="Times New Roman" fontSize="10.0"/>
                </Word>
                <Word id="w_w2aab1b7b2c11b7ac19" language="English" custom="readingOrder {index:2;}">
                    <Coords points="530,2597 633,2597 633,2633 530,2633"/>
                    <TextEquiv>
                        <Unicode>faire</Unicode>
                    </TextEquiv>
                    <TextStyle fontFamily="Times New Roman" fontSize="10.0"/>
                </Word>
                <Word id="w_w2aab1b7b2c11b7ac31" language="English" custom="readingOrder {index:3;}">
                    <Coords points="658,2595 818,2595 818,2631 658,2631"/>
                    <TextEquiv>
                        <Unicode>insérer</Unicode>
                    </TextEquiv>
                    <TextStyle fontFamily="Times New Roman" fontSize="10.0"/>
                </Word>
                <Word id="w_w2aab1b7b2c11b7ac47" language="English" custom="readingOrder {index:4;}">
                    <Coords points="838,2601 919,2601 919,2627 838,2627"/>
                    <TextEquiv>
                        <Unicode>une</Unicode>
                    </TextEquiv>
                    <TextStyle fontFamily="Times New Roman" fontSize="10.0"/>
                </Word>
                <Word id="w_w2aab1b7b2c11b7ac55" language="English" custom="readingOrder {index:5;}">
                    <Coords points="946,2598 1129,2598 1129,2625 946,2625"/>
                    <TextEquiv>
                        <Unicode>annonce</Unicode>
                    </TextEquiv>
                    <TextStyle fontFamily="Times New Roman" fontSize="10.0"/>
                </Word>
                <TextEquiv>
                    <Unicode>mêmes de faire insérer une annonce</Unicode>
                </TextEquiv>
                <TextStyle fontFamily="Times New Roman" fontSize="10.0"/>
            </TextLine>
            <TextLine id="tl_40" primaryLanguage="English" custom="readingOrder {index:4;}">
                <Coords points="275,2642 1130,2642 1130,2692 275,2692"/>
                <Baseline points="275,2692 548,2690 757,2678 917,2673 1005,2672 1130,2660"/>
                <Word id="w_w2aab1b7b2c11b9ab1" language="English" custom="readingOrder {index:0;}">
                    <Coords points="275,2647 548,2647 548,2692 275,2692"/>
                    <TextEquiv>
                        <Unicode>personnelle,</Unicode>
                    </TextEquiv>
                    <TextStyle fontFamily="Times New Roman" fontSize="10.0"/>
                </Word>
                <Word id="w_w2aab1b7b2c11b9ac27" language="English" custom="readingOrder {index:1;}">
                    <Coords points="583,2644 757,2644 757,2680 583,2680"/>
                    <TextEquiv>
                        <Unicode>devront</Unicode>
                    </TextEquiv>
                    <TextStyle fontFamily="Times New Roman" fontSize="10.0"/>
                </Word>
                <Word id="w_w2aab1b7b2c11b9ac43" language="English" custom="readingOrder {index:2;}">
                    <Coords points="790,2648 917,2648 917,2686 790,2686"/>
                    <TextEquiv>
                        <Unicode>payer</Unicode>
                    </TextEquiv>
                    <TextStyle fontFamily="Times New Roman" fontSize="10.0"/>
                </Word>
                <Word id="w_w2aab1b7b2c11b9ac55" language="English" custom="readingOrder {index:3;}">
                    <Coords points="949,2646 1005,2646 1005,2672 949,2672"/>
                    <TextEquiv>
                        <Unicode>un</Unicode>
                    </TextEquiv>
                    <TextStyle fontFamily="Times New Roman" fontSize="10.0"/>
                </Word>
                <Word id="w_w2aab1b7b2c11b9ac61" language="English" custom="readingOrder {index:4;}">
                    <Coords points="1038,2645 1130,2645 1130,2680 1038,2680"/>
                    <TextEquiv>
                        <Unicode>sup¬</Unicode>
                    </TextEquiv>
                    <TextStyle fontFamily="Times New Roman" fontSize="10.0"/>
                </Word>
                <TextEquiv>
                    <Unicode>personnelle, devront payer un sup¬</Unicode>
                </TextEquiv>
                <TextStyle fontFamily="Times New Roman" fontSize="10.0"/>
            </TextLine>
            <TextLine id="tl_41" primaryLanguage="English" custom="readingOrder {index:5;}">
                <Coords points="277,2684 1130,2684 1130,2738 277,2738"/>
                <Baseline points="277,2738 456,2729 556,2728 755,2726 1008,2719 1130,2716"/>
                <Word id="w_w2aab1b7b2c11c11ab1" language="English" custom="readingOrder {index:0;}">
                    <Coords points="277,2695 456,2695 456,2738 277,2738"/>
                    <TextEquiv>
                        <Unicode>plément</Unicode>
                    </TextEquiv>
                    <TextStyle fontFamily="Times New Roman" fontSize="10.0"/>
                </Word>
                <Word id="w_w2aab1b7b2c11c11ac17" language="English" custom="readingOrder {index:1;}">
                    <Coords points="507,2695 556,2695 556,2729 507,2729"/>
                    <TextEquiv>
                        <Unicode>de</Unicode>
                    </TextEquiv>
                    <TextStyle fontFamily="Times New Roman" fontSize="10.0"/>
                </Word>
                <Word id="w_w2aab1b7b2c11c11ac23" language="English" custom="readingOrder {index:2;}">
                    <Coords points="609,2691 755,2691 755,2728 609,2728"/>
                    <TextEquiv>
                        <Unicode>DEUX</Unicode>
                    </TextEquiv>
                    <TextStyle fontFamily="Times New Roman" fontSize="10.0"/>
                </Word>
                <Word id="w_w2aab1b7b2c11c11ac33" language="English" custom="readingOrder {index:3;}">
                    <Coords points="803,2684 1008,2684 1008,2724 803,2724"/>
                    <TextEquiv>
                        <Unicode>FRANCS</Unicode>
                    </TextEquiv>
                    <TextStyle fontFamily="Times New Roman" fontSize="10.0"/>
                </Word>
                <Word id="w_w2aab1b7b2c11c11ac47" language="English" custom="readingOrder {index:4;}">
                    <Coords points="1056,2692 1130,2692 1130,2728 1056,2728"/>
                    <TextEquiv>
                        <Unicode>par</Unicode>
                    </TextEquiv>
                    <TextStyle fontFamily="Times New Roman" fontSize="10.0"/>
                </Word>
                <TextEquiv>
                    <Unicode>plément de DEUX FRANCS par</Unicode>
                </TextEquiv>
                <TextStyle fontFamily="Times New Roman" fontSize="10.0"/>
            </TextLine>
            <TextLine id="tl_42" primaryLanguage="English" custom="readingOrder {index:6;}">
                <Coords points="284,2742 404,2742 404,2779 284,2779"/>
                <Baseline points="284,2777 404,2778"/>
                <Word id="w_w2aab1b7b2c11c13ab1" language="English" custom="readingOrder {index:0;}">
                    <Coords points="284,2742 404,2742 404,2779 284,2779"/>
                    <TextEquiv>
                        <Unicode>mois.</Unicode>
                    </TextEquiv>
                    <TextStyle fontFamily="Times New Roman" fontSize="10.0"/>
                </Word>
                <TextEquiv>
                    <Unicode>mois.</Unicode>
                </TextEquiv>
                <TextStyle fontFamily="Times New Roman" fontSize="10.0"/>
            </TextLine>
            <TextEquiv>
                <Unicode>IV. — Les personnes qui désire¬
raient correspondre avec les abon¬
nés du journal sans être tenues elles-
mêmes de faire insérer une annonce
personnelle, devront payer un sup¬
plément de DEUX FRANCS par
mois.</Unicode>
            </TextEquiv>
        </TextRegion>
        <TextRegion type="paragraph" id="r_4_7" custom="readingOrder {index:9;}">
            <Coords points="276,2823 1137,2823 1137,3248 276,3248"/>
            <TextLine id="tl_43" primaryLanguage="English" custom="readingOrder {index:0;}">
                <Coords points="322,2824 1132,2824 1132,2880 322,2880"/>
                <Baseline points="322,2871 371,2870 438,2860 540,2871 687,2866 871,2865 952,2864 1023,2863 1132,2860"/>
                <Word id="w_w2aab1b7b2c13b1ab1" language="English" custom="readingOrder {index:0;}">
                    <Coords points="322,2835 371,2835 371,2871 322,2871"/>
                    <TextEquiv>
                        <Unicode>V.</Unicode>
                    </TextEquiv>
                    <TextStyle fontFamily="Times New Roman" fontSize="10.0"/>
                </Word>
                <Word id="w_w2aab1b7b2c13b1ab7" language="English" custom="readingOrder {index:1;}">
                    <Coords points="393,2855 438,2855 438,2860 393,2860"/>
                    <TextEquiv>
                        <Unicode>—-</Unicode>
                    </TextEquiv>
                    <TextStyle fontFamily="Times New Roman" fontSize="10.0"/>
                </Word>
                <Word id="w_w2aab1b7b2c13b1ac13" language="English" custom="readingOrder {index:2;}">
                    <Coords points="459,2835 540,2835 540,2871 459,2871"/>
                    <TextEquiv>
                        <Unicode>Dès</Unicode>
                    </TextEquiv>
                    <TextStyle fontFamily="Times New Roman" fontSize="10.0"/>
                </Word>
                <Word id="w_w2aab1b7b2c13b1ac21" language="English" custom="readingOrder {index:3;}">
                    <Coords points="559,2833 687,2833 687,2879 559,2879"/>
                    <TextEquiv>
                        <Unicode>qu’un</Unicode>
                    </TextEquiv>
                    <TextStyle fontFamily="Times New Roman" fontSize="10.0"/>
                </Word>
                <Word id="w_w2aab1b7b2c13b1ac33" language="English" custom="readingOrder {index:4;}">
                    <Coords points="709,2830 871,2830 871,2867 709,2867"/>
                    <TextEquiv>
                        <Unicode>abonné</Unicode>
                    </TextEquiv>
                    <TextStyle fontFamily="Times New Roman" fontSize="10.0"/>
                </Word>
                <Word id="w_w2aab1b7b2c13b1ac47" language="English" custom="readingOrder {index:5;}">
                    <Coords points="889,2831 952,2831 952,2864 889,2864"/>
                    <TextEquiv>
                        <Unicode>est</Unicode>
                    </TextEquiv>
                    <TextStyle fontFamily="Times New Roman" fontSize="10.0"/>
                </Word>
                <Word id="w_w2aab1b7b2c13b1ac55" language="English" custom="readingOrder {index:6;}">
                    <Coords points="972,2838 1023,2838 1023,2864 972,2864"/>
                    <TextEquiv>
                        <Unicode>en</Unicode>
                    </TextEquiv>
                    <TextStyle fontFamily="Times New Roman" fontSize="10.0"/>
                </Word>
                <Word id="w_w2aab1b7b2c13b1ac61" language="English" custom="readingOrder {index:7;}">
                    <Coords points="1044,2824 1132,2824 1132,2860 1044,2860"/>
                    <TextEquiv>
                        <Unicode>voie</Unicode>
                    </TextEquiv>
                    <TextStyle fontFamily="Times New Roman" fontSize="10.0"/>
                </Word>
                <TextEquiv>
                    <Unicode>V. —- Dès qu’un abonné est en voie</Unicode>
                </TextEquiv>
                <TextStyle fontFamily="Times New Roman" fontSize="10.0"/>
            </TextLine>
            <TextLine id="tl_44" primaryLanguage="English" custom="readingOrder {index:1;}">
                <Coords points="277,2872 1132,2872 1132,2928 277,2928"/>
                <Baseline points="277,2918 326,2918 557,2925 620,2916 737,2915 819,2913 1051,2908 1132,2906"/>
                <Word id="w_w2aab1b7b2c13b3ab1" language="English" custom="readingOrder {index:0;}">
                    <Coords points="277,2883 326,2883 326,2918 277,2918"/>
                    <TextEquiv>
                        <Unicode>de</Unicode>
                    </TextEquiv>
                    <TextStyle fontFamily="Times New Roman" fontSize="10.0"/>
                </Word>
                <Word id="w_w2aab1b7b2c13b3ab7" language="English" custom="readingOrder {index:1;}">
                    <Coords points="359,2883 557,2883 557,2927 359,2927"/>
                    <TextEquiv>
                        <Unicode>mariage,</Unicode>
                    </TextEquiv>
                    <TextStyle fontFamily="Times New Roman" fontSize="10.0"/>
                </Word>
                <Word id="w_w2aab1b7b2c13b3ac25" language="English" custom="readingOrder {index:2;}">
                    <Coords points="593,2882 620,2882 620,2916 593,2916"/>
                    <TextEquiv>
                        <Unicode>il</Unicode>
                    </TextEquiv>
                    <TextStyle fontFamily="Times New Roman" fontSize="10.0"/>
                </Word>
                <Word id="w_w2aab1b7b2c13b3ac31" language="English" custom="readingOrder {index:3;}">
                    <Coords points="652,2878 737,2878 737,2915 652,2915"/>
                    <TextEquiv>
                        <Unicode>doit</Unicode>
                    </TextEquiv>
                    <TextStyle fontFamily="Times New Roman" fontSize="10.0"/>
                </Word>
                <Word id="w_w2aab1b7b2c13b3ac41" language="English" custom="readingOrder {index:4;}">
                    <Coords points="768,2888 819,2888 819,2914 768,2914"/>
                    <TextEquiv>
                        <Unicode>en</Unicode>
                    </TextEquiv>
                    <TextStyle fontFamily="Times New Roman" fontSize="10.0"/>
                </Word>
                <Word id="w_w2aab1b7b2c13b3ac47" language="English" custom="readingOrder {index:5;}">
                    <Coords points="852,2876 1051,2876 1051,2912 852,2912"/>
                    <TextEquiv>
                        <Unicode>informer</Unicode>
                    </TextEquiv>
                    <TextStyle fontFamily="Times New Roman" fontSize="10.0"/>
                </Word>
                <Word id="w_w2aab1b7b2c13b3ac65" language="English" custom="readingOrder {index:6;}">
                    <Coords points="1084,2872 1132,2872 1132,2907 1084,2907"/>
                    <TextEquiv>
                        <Unicode>de</Unicode>
                    </TextEquiv>
                    <TextStyle fontFamily="Times New Roman" fontSize="10.0"/>
                </Word>
                <TextEquiv>
                    <Unicode>de mariage, il doit en informer de</Unicode>
                </TextEquiv>
                <TextStyle fontFamily="Times New Roman" fontSize="10.0"/>
            </TextLine>
            <TextLine id="tl_45" primaryLanguage="English" custom="readingOrder {index:2;}">
                <Coords points="277,2919 1133,2919 1133,2968 277,2968"/>
                <Baseline points="277,2966 383,2967 456,2965 714,2961 797,2962 1133,2944"/>
                <Word id="w_w2aab1b7b2c13b5ab1" language="English" custom="readingOrder {index:0;}">
                    <Coords points="277,2931 383,2931 383,2967 277,2967"/>
                    <TextEquiv>
                        <Unicode>suite</Unicode>
                    </TextEquiv>
                    <TextStyle fontFamily="Times New Roman" fontSize="10.0"/>
                </Word>
                <Word id="w_w2aab1b7b2c13b5ac13" language="English" custom="readingOrder {index:1;}">
                    <Coords points="417,2931 456,2931 456,2966 417,2966"/>
                    <TextEquiv>
                        <Unicode>la</Unicode>
                    </TextEquiv>
                    <TextStyle fontFamily="Times New Roman" fontSize="10.0"/>
                </Word>
                <Word id="w_w2aab1b7b2c13b5ac19" language="English" custom="readingOrder {index:2;}">
                    <Coords points="506,2928 714,2928 714,2964 506,2964"/>
                    <TextEquiv>
                        <Unicode>Direction</Unicode>
                    </TextEquiv>
                    <TextStyle fontFamily="Times New Roman" fontSize="10.0"/>
                </Word>
                <Word id="w_w2aab1b7b2c13b5ac39" language="English" custom="readingOrder {index:3;}">
                    <Coords points="748,2927 797,2927 797,2962 748,2962"/>
                    <TextEquiv>
                        <Unicode>de</Unicode>
                    </TextEquiv>
                    <TextStyle fontFamily="Times New Roman" fontSize="10.0"/>
                </Word>
                <Word id="w_w2aab1b7b2c13b5ac45" language="English" custom="readingOrder {index:4;}">
                    <Coords points="847,2919 1133,2919 1133,2960 847,2960"/>
                    <TextEquiv>
                        <Unicode>l’INTERME¬</Unicode>
                    </TextEquiv>
                    <TextStyle fontFamily="Times New Roman" fontSize="10.0"/>
                </Word>
                <TextEquiv>
                    <Unicode>suite la Direction de l’INTERME¬</Unicode>
                </TextEquiv>
                <TextStyle fontFamily="Times New Roman" fontSize="10.0"/>
            </TextLine>
            <TextLine id="tl_46" primaryLanguage="English" custom="readingOrder {index:3;}">
                <Coords points="286,2969 1134,2969 1134,3018 286,3018"/>
                <Baseline points="286,3013 467,3013 570,3012 789,3016 902,3007 1008,3004 1134,2991"/>
                <Word id="w_w2aab1b7b2c13b7ab1" language="English" custom="readingOrder {index:0;}">
                    <Coords points="286,2978 467,2978 467,3014 286,3014"/>
                    <TextEquiv>
                        <Unicode>DIAIRE</Unicode>
                    </TextEquiv>
                    <TextStyle fontFamily="Times New Roman" fontSize="10.0"/>
                </Word>
                <Word id="w_w2aab1b7b2c13b7ac15" language="English" custom="readingOrder {index:1;}">
                    <Coords points="497,2978 570,2978 570,3012 497,3012"/>
                    <TextEquiv>
                        <Unicode>DU</Unicode>
                    </TextEquiv>
                    <TextStyle fontFamily="Times New Roman" fontSize="10.0"/>
                </Word>
                <Word id="w_w2aab1b7b2c13b7ac21" language="English" custom="readingOrder {index:2;}">
                    <Coords points="599,2975 789,2975 789,3016 599,3016"/>
                    <TextEquiv>
                        <Unicode>FOYER,</Unicode>
                    </TextEquiv>
                    <TextStyle fontFamily="Times New Roman" fontSize="10.0"/>
                </Word>
                <Word id="w_w2aab1b7b2c13b7ac35" language="English" custom="readingOrder {index:3;}">
                    <Coords points="818,2974 902,2974 902,3008 818,3008"/>
                    <TextEquiv>
                        <Unicode>afin</Unicode>
                    </TextEquiv>
                    <TextStyle fontFamily="Times New Roman" fontSize="10.0"/>
                </Word>
                <Word id="w_w2aab1b7b2c13b7ac45" language="English" custom="readingOrder {index:4;}">
                    <Coords points="932,2979 1008,2979 1008,3015 932,3015"/>
                    <TextEquiv>
                        <Unicode>que</Unicode>
                    </TextEquiv>
                    <TextStyle fontFamily="Times New Roman" fontSize="10.0"/>
                </Word>
                <Word id="w_w2aab1b7b2c13b7ac53" language="English" custom="readingOrder {index:5;}">
                    <Coords points="1038,2969 1134,2969 1134,3003 1038,3003"/>
                    <TextEquiv>
                        <Unicode>l’an¬</Unicode>
                    </TextEquiv>
                    <TextStyle fontFamily="Times New Roman" fontSize="10.0"/>
                </Word>
                <TextEquiv>
                    <Unicode>DIAIRE DU FOYER, afin que l’an¬</Unicode>
                </TextEquiv>
                <TextStyle fontFamily="Times New Roman" fontSize="10.0"/>
            </TextLine>
            <TextLine id="tl_47" primaryLanguage="English" custom="readingOrder {index:4;}">
                <Coords points="285,3017 1134,3017 1134,3070 285,3070"/>
                <Baseline points="285,3059 415,3059 501,3059 577,3058 656,3057 947,3062 1134,3048"/>
                <Word id="w_w2aab1b7b2c13b9ab1" language="English" custom="readingOrder {index:0;}">
                    <Coords points="285,3034 415,3034 415,3059 285,3059"/>
                    <TextEquiv>
                        <Unicode>nonce</Unicode>
                    </TextEquiv>
                    <TextStyle fontFamily="Times New Roman" fontSize="10.0"/>
                </Word>
                <Word id="w_w2aab1b7b2c13b9ac13" language="English" custom="readingOrder {index:1;}">
                    <Coords points="433,3024 501,3024 501,3069 433,3069"/>
                    <TextEquiv>
                        <Unicode>qui</Unicode>
                    </TextEquiv>
                    <TextStyle fontFamily="Times New Roman" fontSize="10.0"/>
                </Word>
                <Word id="w_w2aab1b7b2c13b9ac21" language="English" custom="readingOrder {index:2;}">
                    <Coords points="521,3024 577,3024 577,3060 521,3060"/>
                    <TextEquiv>
                        <Unicode>lui</Unicode>
                    </TextEquiv>
                    <TextStyle fontFamily="Times New Roman" fontSize="10.0"/>
                </Word>
                <Word id="w_w2aab1b7b2c13b9ac29" language="English" custom="readingOrder {index:3;}">
                    <Coords points="593,3026 656,3026 656,3059 593,3059"/>
                    <TextEquiv>
                        <Unicode>est</Unicode>
                    </TextEquiv>
                    <TextStyle fontFamily="Times New Roman" fontSize="10.0"/>
                </Word>
                <Word id="w_w2aab1b7b2c13b9ac37" language="English" custom="readingOrder {index:4;}">
                    <Coords points="671,3018 947,3018 947,3066 671,3066"/>
                    <TextEquiv>
                        <Unicode>personnelle,</Unicode>
                    </TextEquiv>
                    <TextStyle fontFamily="Times New Roman" fontSize="10.0"/>
                </Word>
                <Word id="w_w2aab1b7b2c13b9ac63" language="English" custom="readingOrder {index:5;}">
                    <Coords points="965,3017 1134,3017 1134,3060 965,3060"/>
                    <TextEquiv>
                        <Unicode>n’ayant</Unicode>
                    </TextEquiv>
                    <TextStyle fontFamily="Times New Roman" fontSize="10.0"/>
                </Word>
                <TextEquiv>
                    <Unicode>nonce qui lui est personnelle, n’ayant</Unicode>
                </TextEquiv>
                <TextStyle fontFamily="Times New Roman" fontSize="10.0"/>
            </TextLine>
            <TextLine id="tl_48" primaryLanguage="English" custom="readingOrder {index:5;}">
                <Coords points="287,3063 1135,3063 1135,3119 287,3119"/>
                <Baseline points="287,3119 380,3107 465,3108 641,3106 810,3112 929,3099 1135,3095"/>
                <Word id="w_w2aab1b7b2c13c11ab1" language="English" custom="readingOrder {index:0;}">
                    <Coords points="287,3073 380,3073 380,3119 287,3119"/>
                    <TextEquiv>
                        <Unicode>plus</Unicode>
                    </TextEquiv>
                    <TextStyle fontFamily="Times New Roman" fontSize="10.0"/>
                </Word>
                <Word id="w_w2aab1b7b2c13c11ac11" language="English" custom="readingOrder {index:1;}">
                    <Coords points="416,3082 465,3082 465,3108 416,3108"/>
                    <TextEquiv>
                        <Unicode>sa</Unicode>
                    </TextEquiv>
                    <TextStyle fontFamily="Times New Roman" fontSize="10.0"/>
                </Word>
                <Word id="w_w2aab1b7b2c13c11ac17" language="English" custom="readingOrder {index:2;}">
                    <Coords points="498,3071 641,3071 641,3107 498,3107"/>
                    <TextEquiv>
                        <Unicode>raison</Unicode>
                    </TextEquiv>
                    <TextStyle fontFamily="Times New Roman" fontSize="10.0"/>
                </Word>
                <Word id="w_w2aab1b7b2c13c11ac31" language="English" custom="readingOrder {index:3;}">
                    <Coords points="670,3069 810,3069 810,3112 670,3112"/>
                    <TextEquiv>
                        <Unicode>d’être,</Unicode>
                    </TextEquiv>
                    <TextStyle fontFamily="Times New Roman" fontSize="10.0"/>
                </Word>
                <Word id="w_w2aab1b7b2c13c11ac47" language="English" custom="readingOrder {index:4;}">
                    <Coords points="850,3066 929,3066 929,3102 850,3102"/>
                    <TextEquiv>
                        <Unicode>soit</Unicode>
                    </TextEquiv>
                    <TextStyle fontFamily="Times New Roman" fontSize="10.0"/>
                </Word>
                <Word id="w_w2aab1b7b2c13c11ac57" language="English" custom="readingOrder {index:5;}">
                    <Coords points="959,3063 1135,3063 1135,3100 959,3100"/>
                    <TextEquiv>
                        <Unicode>aussitôt</Unicode>
                    </TextEquiv>
                    <TextStyle fontFamily="Times New Roman" fontSize="10.0"/>
                </Word>
                <TextEquiv>
                    <Unicode>plus sa raison d’être, soit aussitôt</Unicode>
                </TextEquiv>
                <TextStyle fontFamily="Times New Roman" fontSize="10.0"/>
            </TextLine>
            <TextLine id="tl_49" primaryLanguage="English" custom="readingOrder {index:6;}">
                <Coords points="288,3108 1136,3108 1136,3164 288,3164"/>
                <Baseline points="288,3153 537,3163 602,3153 711,3150 837,3153 898,3149 993,3146 1062,3145 1136,3142"/>
                <Word id="w_w2aab1b7b2c13c13ab1" language="English" custom="readingOrder {index:0;}">
                    <Coords points="288,3118 537,3118 537,3163 288,3163"/>
                    <TextEquiv>
                        <Unicode>Supprimée,</Unicode>
                    </TextEquiv>
                    <TextStyle fontFamily="Times New Roman" fontSize="10.0"/>
                </Word>
                <Word id="w_w2aab1b7b2c13c13ac23" language="English" custom="readingOrder {index:1;}">
                    <Coords points="563,3121 602,3121 602,3154 563,3154"/>
                    <TextEquiv>
                        <Unicode>et</Unicode>
                    </TextEquiv>
                    <TextStyle fontFamily="Times New Roman" fontSize="10.0"/>
                </Word>
                <Word id="w_w2aab1b7b2c13c13ac29" language="English" custom="readingOrder {index:2;}">
                    <Coords points="624,3117 711,3117 711,3153 624,3153"/>
                    <TextEquiv>
                        <Unicode>cela</Unicode>
                    </TextEquiv>
                    <TextStyle fontFamily="Times New Roman" fontSize="10.0"/>
                </Word>
                <Word id="w_w2aab1b7b2c13c13ac39" language="English" custom="readingOrder {index:3;}">
                    <Coords points="732,3115 837,3115 837,3153 732,3153"/>
                    <TextEquiv>
                        <Unicode>dans</Unicode>
                    </TextEquiv>
                    <TextStyle fontFamily="Times New Roman" fontSize="10.0"/>
                </Word>
                <Word id="w_w2aab1b7b2c13c13ac49" language="English" custom="readingOrder {index:4;}">
                    <Coords points="861,3115 898,3115 898,3149 861,3149"/>
                    <TextEquiv>
                        <Unicode>le</Unicode>
                    </TextEquiv>
                    <TextStyle fontFamily="Times New Roman" fontSize="10.0"/>
                </Word>
                <Word id="w_w2aab1b7b2c13c13ac55" language="English" custom="readingOrder {index:5;}">
                    <Coords points="921,3111 993,3111 993,3146 921,3146"/>
                    <TextEquiv>
                        <Unicode>but</Unicode>
                    </TextEquiv>
                    <TextStyle fontFamily="Times New Roman" fontSize="10.0"/>
                </Word>
                <Word id="w_w2aab1b7b2c13c13ac63" language="English" custom="readingOrder {index:6;}">
                    <Coords points="1013,3111 1062,3111 1062,3146 1013,3146"/>
                    <TextEquiv>
                        <Unicode>de</Unicode>
                    </TextEquiv>
                    <TextStyle fontFamily="Times New Roman" fontSize="10.0"/>
                </Word>
                <Word id="w_w2aab1b7b2c13c13ac69" language="English" custom="readingOrder {index:7;}">
                    <Coords points="1080,3108 1136,3108 1136,3144 1080,3144"/>
                    <TextEquiv>
                        <Unicode>lui</Unicode>
                    </TextEquiv>
                    <TextStyle fontFamily="Times New Roman" fontSize="10.0"/>
                </Word>
                <TextEquiv>
                    <Unicode>Supprimée, et cela dans le but de lui</Unicode>
                </TextEquiv>
                <TextStyle fontFamily="Times New Roman" fontSize="10.0"/>
            </TextLine>
            <TextLine id="tl_50" primaryLanguage="English" custom="readingOrder {index:7;}">
                <Coords points="287,3159 1135,3159 1135,3207 287,3207"/>
                <Baseline points="287,3200 415,3200 548,3200 931,3196 1135,3191"/>
                <Word id="w_w2aab1b7b2c13c15ab1" language="English" custom="readingOrder {index:0;}">
                    <Coords points="287,3165 415,3165 415,3201 287,3201"/>
                    <TextEquiv>
                        <Unicode>éviter</Unicode>
                    </TextEquiv>
                    <TextStyle fontFamily="Times New Roman" fontSize="10.0"/>
                </Word>
                <Word id="w_w2aab1b7b2c13c15ac15" language="English" custom="readingOrder {index:1;}">
                    <Coords points="437,3168 548,3168 548,3200 437,3200"/>
                    <TextEquiv>
                        <Unicode>toute</Unicode>
                    </TextEquiv>
                    <TextStyle fontFamily="Times New Roman" fontSize="10.0"/>
                </Word>
                <Word id="w_w2aab1b7b2c13c15ac27" language="English" custom="readingOrder {index:2;}">
                    <Coords points="574,3162 931,3162 931,3205 574,3205"/>
                    <TextEquiv>
                        <Unicode>correspondance</Unicode>
                    </TextEquiv>
                    <TextStyle fontFamily="Times New Roman" fontSize="10.0"/>
                </Word>
                <Word id="w_w2aab1b7b2c13c15ac57" language="English" custom="readingOrder {index:3;}">
                    <Coords points="954,3159 1135,3159 1135,3198 954,3198"/>
                    <TextEquiv>
                        <Unicode>devenue</Unicode>
                    </TextEquiv>
                    <TextStyle fontFamily="Times New Roman" fontSize="10.0"/>
                </Word>
                <TextEquiv>
                    <Unicode>éviter toute correspondance devenue</Unicode>
                </TextEquiv>
                <TextStyle fontFamily="Times New Roman" fontSize="10.0"/>
            </TextLine>
            <TextLine id="tl_51" primaryLanguage="English" custom="readingOrder {index:8;}">
                <Coords points="287,3210 428,3210 428,3247 287,3247"/>
                <Baseline points="287,3246 428,3246"/>
                <Word id="w_w2aab1b7b2c13c17ab1" language="English" custom="readingOrder {index:0;}">
                    <Coords points="287,3211 428,3211 428,3246 287,3246"/>
                    <TextEquiv>
                        <Unicode>inutile</Unicode>
                    </TextEquiv>
                    <TextStyle fontFamily="Times New Roman" fontSize="10.0"/>
                </Word>
                <TextEquiv>
                    <Unicode>inutile</Unicode>
                </TextEquiv>
                <TextStyle fontFamily="Times New Roman" fontSize="10.0"/>
            </TextLine>
            <TextEquiv>
                <Unicode>V. —- Dès qu’un abonné est en voie
de mariage, il doit en informer de
suite la Direction de l’INTERME¬
DIAIRE DU FOYER, afin que l’an¬
nonce qui lui est personnelle, n’ayant
plus sa raison d’être, soit aussitôt
Supprimée, et cela dans le but de lui
éviter toute correspondance devenue
inutile</Unicode>
            </TextEquiv>
        </TextRegion>
        <TextRegion type="paragraph" id="r_5_1" custom="readingOrder {index:10;}">
            <Coords points="1198,805 2048,805 2048,999 1198,999"/>
            <TextLine id="tl_52" primaryLanguage="English" custom="readingOrder {index:0;}">
                <Coords points="1245,806 2044,806 2044,852 1245,852"/>
                <Baseline points="1245,844 1353,845 1420,845 1578,843 1759,850 1813,842 1902,843 2044,831"/>
                <Word id="w_w2aab1b9b2b1b1ab1" language="English" custom="readingOrder {index:0;}">
                    <Coords points="1245,811 1353,811 1353,845 1245,845"/>
                    <TextEquiv>
                        <Unicode>Pour</Unicode>
                    </TextEquiv>
                    <TextStyle fontFamily="Times New Roman" fontSize="10.0"/>
                </Word>
                <Word id="w_w2aab1b9b2b1b1ac11" language="English" custom="readingOrder {index:1;}">
                    <Coords points="1381,811 1420,811 1420,845 1381,845"/>
                    <TextEquiv>
                        <Unicode>la</Unicode>
                    </TextEquiv>
                    <TextStyle fontFamily="Times New Roman" fontSize="10.0"/>
                </Word>
                <Word id="w_w2aab1b9b2b1b1ac17" language="English" custom="readingOrder {index:2;}">
                    <Coords points="1444,810 1578,810 1578,843 1444,843"/>
                    <TextEquiv>
                        <Unicode>même</Unicode>
                    </TextEquiv>
                    <TextStyle fontFamily="Times New Roman" fontSize="10.0"/>
                </Word>
                <Word id="w_w2aab1b9b2b1b1ac27" language="English" custom="readingOrder {index:3;}">
                    <Coords points="1605,808 1759,808 1759,850 1605,850"/>
                    <TextEquiv>
                        <Unicode>raison,</Unicode>
                    </TextEquiv>
                    <TextStyle fontFamily="Times New Roman" fontSize="10.0"/>
                </Word>
                <Word id="w_w2aab1b9b2b1b1ac43" language="English" custom="readingOrder {index:4;}">
                    <Coords points="1786,807 1813,807 1813,842 1786,842"/>
                    <TextEquiv>
                        <Unicode>il</Unicode>
                    </TextEquiv>
                    <TextStyle fontFamily="Times New Roman" fontSize="10.0"/>
                </Word>
                <Word id="w_w2aab1b9b2b1b1ac49" language="English" custom="readingOrder {index:5;}">
                    <Coords points="1839,811 1902,811 1902,844 1839,844"/>
                    <TextEquiv>
                        <Unicode>est</Unicode>
                    </TextEquiv>
                    <TextStyle fontFamily="Times New Roman" fontSize="10.0"/>
                </Word>
                <Word id="w_w2aab1b9b2b1b1ac57" language="English" custom="readingOrder {index:6;}">
                    <Coords points="1923,807 2044,807 2044,842 1923,842"/>
                    <TextEquiv>
                        <Unicode>indis¬</Unicode>
                    </TextEquiv>
                    <TextStyle fontFamily="Times New Roman" fontSize="10.0"/>
                </Word>
                <TextEquiv>
                    <Unicode>Pour la même raison, il est indis¬</Unicode>
                </TextEquiv>
                <TextStyle fontFamily="Times New Roman" fontSize="10.0"/>
            </TextLine>
            <TextLine id="tl_53" primaryLanguage="English" custom="readingOrder {index:1;}">
                <Coords points="1199,855 2047,855 2047,903 1199,903"/>
                <Baseline points="1199,903 1394,894 1500,892 1716,890 1908,891 2047,888"/>
                <Word id="w_w2aab1b9b2b1b3ab1" language="English" custom="readingOrder {index:0;}">
                    <Coords points="1199,858 1394,858 1394,903 1199,903"/>
                    <TextEquiv>
                        <Unicode>pensable</Unicode>
                    </TextEquiv>
                    <TextStyle fontFamily="Times New Roman" fontSize="10.0"/>
                </Word>
                <Word id="w_w2aab1b9b2b1b3ac19" language="English" custom="readingOrder {index:1;}">
                    <Coords points="1423,867 1500,867 1500,902 1423,902"/>
                    <TextEquiv>
                        <Unicode>que</Unicode>
                    </TextEquiv>
                    <TextStyle fontFamily="Times New Roman" fontSize="10.0"/>
                </Word>
                <Word id="w_w2aab1b9b2b1b3ac27" language="English" custom="readingOrder {index:2;}">
                    <Coords points="1529,856 1716,856 1716,891 1529,891"/>
                    <TextEquiv>
                        <Unicode>l’abonné</Unicode>
                    </TextEquiv>
                    <TextStyle fontFamily="Times New Roman" fontSize="10.0"/>
                </Word>
                <Word id="w_w2aab1b9b2b1b3ac45" language="English" custom="readingOrder {index:3;}">
                    <Coords points="1744,856 1908,856 1908,900 1744,900"/>
                    <TextEquiv>
                        <Unicode>indique</Unicode>
                    </TextEquiv>
                    <TextStyle fontFamily="Times New Roman" fontSize="10.0"/>
                </Word>
                <Word id="w_w2aab1b9b2b1b3ac61" language="English" custom="readingOrder {index:4;}">
                    <Coords points="1931,855 2047,855 2047,890 1931,890"/>
                    <TextEquiv>
                        <Unicode>aussi</Unicode>
                    </TextEquiv>
                    <TextStyle fontFamily="Times New Roman" fontSize="10.0"/>
                </Word>
                <TextEquiv>
                    <Unicode>pensable que l’abonné indique aussi</Unicode>
                </TextEquiv>
                <TextStyle fontFamily="Times New Roman" fontSize="10.0"/>
            </TextLine>
            <TextLine id="tl_54" primaryLanguage="English" custom="readingOrder {index:2;}">
                <Coords points="1199,901 2046,901 2046,948 1199,948"/>
                <Baseline points="1199,942 1235,941 1450,940 1545,939 1906,938 2045,933"/>
                <Word id="w_w2aab1b9b2b1b5ab1" language="English" custom="readingOrder {index:0;}">
                    <Coords points="1199,911 1235,911 1235,942 1199,942"/>
                    <TextEquiv>
                        <Unicode>le</Unicode>
                    </TextEquiv>
                    <TextStyle fontFamily="Times New Roman" fontSize="10.0"/>
                </Word>
                <Word id="w_w2aab1b9b2b1b5ab7" language="English" custom="readingOrder {index:1;}">
                    <Coords points="1275,906 1450,906 1450,940 1275,940"/>
                    <TextEquiv>
                        <Unicode>numéro</Unicode>
                    </TextEquiv>
                    <TextStyle fontFamily="Times New Roman" fontSize="10.0"/>
                </Word>
                <Word id="w_w2aab1b9b2b1b5ac21" language="English" custom="readingOrder {index:2;}">
                    <Coords points="1490,905 1545,905 1545,939 1490,939"/>
                    <TextEquiv>
                        <Unicode>du</Unicode>
                    </TextEquiv>
                    <TextStyle fontFamily="Times New Roman" fontSize="10.0"/>
                </Word>
                <Word id="w_w2aab1b9b2b1b5ac27" language="English" custom="readingOrder {index:3;}">
                    <Coords points="1578,902 1906,902 1906,946 1578,946"/>
                    <TextEquiv>
                        <Unicode>correspondant</Unicode>
                    </TextEquiv>
                    <TextStyle fontFamily="Times New Roman" fontSize="10.0"/>
                </Word>
                <Word id="w_w2aab1b9b2b1b5ac55" language="English" custom="readingOrder {index:4;}">
                    <Coords points="1947,911 2045,911 2045,939 1947,939"/>
                    <TextEquiv>
                        <Unicode>avec</Unicode>
                    </TextEquiv>
                    <TextStyle fontFamily="Times New Roman" fontSize="10.0"/>
                </Word>
                <TextEquiv>
                    <Unicode>le numéro du correspondant avec</Unicode>
                </TextEquiv>
                <TextStyle fontFamily="Times New Roman" fontSize="10.0"/>
            </TextLine>
            <TextLine id="tl_55" primaryLanguage="English" custom="readingOrder {index:3;}">
                <Coords points="1202,950 1873,950 1873,998 1202,998"/>
                <Baseline points="1202,998 1269,988 1336,989 1547,987 1658,987 1730,986 1873,985"/>
                <Word id="w_w2aab1b9b2b1b7ab1" language="English" custom="readingOrder {index:0;}">
                    <Coords points="1202,954 1269,954 1269,998 1202,998"/>
                    <TextEquiv>
                        <Unicode>qui</Unicode>
                    </TextEquiv>
                    <TextStyle fontFamily="Times New Roman" fontSize="10.0"/>
                </Word>
                <Word id="w_w2aab1b9b2b1b7ab9" language="English" custom="readingOrder {index:1;}">
                    <Coords points="1297,955 1336,955 1336,989 1297,989"/>
                    <TextEquiv>
                        <Unicode>le</Unicode>
                    </TextEquiv>
                    <TextStyle fontFamily="Times New Roman" fontSize="10.0"/>
                </Word>
                <Word id="w_w2aab1b9b2b1b7ac15" language="English" custom="readingOrder {index:2;}">
                    <Coords points="1362,952 1547,952 1547,997 1362,997"/>
                    <TextEquiv>
                        <Unicode>mariage</Unicode>
                    </TextEquiv>
                    <TextStyle fontFamily="Times New Roman" fontSize="10.0"/>
                </Word>
                <Word id="w_w2aab1b9b2b1b7ac31" language="English" custom="readingOrder {index:3;}">
                    <Coords points="1575,951 1658,951 1658,987 1575,987"/>
                    <TextEquiv>
                        <Unicode>doit</Unicode>
                    </TextEquiv>
                    <TextStyle fontFamily="Times New Roman" fontSize="10.0"/>
                </Word>
                <Word id="w_w2aab1b9b2b1b7ac41" language="English" custom="readingOrder {index:4;}">
                    <Coords points="1687,961 1730,961 1730,987 1687,987"/>
                    <TextEquiv>
                        <Unicode>se</Unicode>
                    </TextEquiv>
                    <TextStyle fontFamily="Times New Roman" fontSize="10.0"/>
                </Word>
                <Word id="w_w2aab1b9b2b1b7ac47" language="English" custom="readingOrder {index:5;}">
                    <Coords points="1758,950 1873,950 1873,985 1758,985"/>
                    <TextEquiv>
                        <Unicode>faire.</Unicode>
                    </TextEquiv>
                    <TextStyle fontFamily="Times New Roman" fontSize="10.0"/>
                </Word>
                <TextEquiv>
                    <Unicode>qui le mariage doit se faire.</Unicode>
                </TextEquiv>
                <TextStyle fontFamily="Times New Roman" fontSize="10.0"/>
            </TextLine>
            <TextEquiv>
                <Unicode>Pour la même raison, il est indis¬
pensable que l’abonné indique aussi
le numéro du correspondant avec
qui le mariage doit se faire.</Unicode>
            </TextEquiv>
        </TextRegion>
        <TextRegion type="paragraph" id="r_5_2" custom="readingOrder {index:11;}">
            <Coords points="1196,1053 2048,1053 2048,1247 1196,1247"/>
            <TextLine id="tl_56" primaryLanguage="English" custom="readingOrder {index:0;}">
                <Coords points="1241,1054 2043,1054 2043,1101 1241,1101"/>
                <Baseline points="1241,1092 1309,1092 1377,1082 1428,1093 1511,1092 1837,1092 1935,1090 2043,1081"/>
                <Word id="w_w2aab1b9b2b3b1ab1" language="English" custom="readingOrder {index:0;}">
                    <Coords points="1241,1058 1309,1058 1309,1092 1241,1092"/>
                    <TextEquiv>
                        <Unicode>VI.</Unicode>
                    </TextEquiv>
                    <TextStyle fontFamily="Times New Roman" fontSize="10.0"/>
                </Word>
                <Word id="w_w2aab1b9b2b3b1ab9" language="English" custom="readingOrder {index:1;}">
                    <Coords points="1331,1079 1377,1079 1377,1082 1331,1082"/>
                    <TextEquiv>
                        <Unicode>—</Unicode>
                    </TextEquiv>
                    <TextStyle fontFamily="Times New Roman" fontSize="10.0"/>
                </Word>
                <Word id="w_w2aab1b9b2b3b1ac13" language="English" custom="readingOrder {index:2;}">
                    <Coords points="1397,1057 1428,1057 1428,1093 1397,1093"/>
                    <TextEquiv>
                        <Unicode>Il</Unicode>
                    </TextEquiv>
                    <TextStyle fontFamily="Times New Roman" fontSize="10.0"/>
                </Word>
                <Word id="w_w2aab1b9b2b3b1ac19" language="English" custom="readingOrder {index:3;}">
                    <Coords points="1449,1060 1511,1060 1511,1094 1449,1094"/>
                    <TextEquiv>
                        <Unicode>est</Unicode>
                    </TextEquiv>
                    <TextStyle fontFamily="Times New Roman" fontSize="10.0"/>
                </Word>
                <Word id="w_w2aab1b9b2b3b1ac27" language="English" custom="readingOrder {index:4;}">
                    <Coords points="1531,1055 1837,1055 1837,1100 1531,1100"/>
                    <TextEquiv>
                        <Unicode>indispensable</Unicode>
                    </TextEquiv>
                    <TextStyle fontFamily="Times New Roman" fontSize="10.0"/>
                </Word>
                <Word id="w_w2aab1b9b2b3b1ac55" language="English" custom="readingOrder {index:5;}">
                    <Coords points="1858,1065 1935,1065 1935,1099 1858,1099"/>
                    <TextEquiv>
                        <Unicode>que</Unicode>
                    </TextEquiv>
                    <TextStyle fontFamily="Times New Roman" fontSize="10.0"/>
                </Word>
                <Word id="w_w2aab1b9b2b3b1ac63" language="English" custom="readingOrder {index:6;}">
                    <Coords points="1955,1055 2043,1055 2043,1091 1955,1091"/>
                    <TextEquiv>
                        <Unicode>cha¬</Unicode>
                    </TextEquiv>
                    <TextStyle fontFamily="Times New Roman" fontSize="10.0"/>
                </Word>
                <TextEquiv>
                    <Unicode>VI. — Il est indispensable que cha¬</Unicode>
                </TextEquiv>
                <TextStyle fontFamily="Times New Roman" fontSize="10.0"/>
            </TextLine>
            <TextLine id="tl_57" primaryLanguage="English" custom="readingOrder {index:1;}">
                <Coords points="1197,1103 2047,1103 2047,1150 1197,1150"/>
                <Baseline points="1197,1150 1272,1141 1632,1140 1814,1138 1900,1137 2047,1137"/>
                <Word id="w_w2aab1b9b2b3b3ab1" language="English" custom="readingOrder {index:0;}">
                    <Coords points="1197,1116 1272,1116 1272,1150 1197,1150"/>
                    <TextEquiv>
                        <Unicode>que</Unicode>
                    </TextEquiv>
                    <TextStyle fontFamily="Times New Roman" fontSize="10.0"/>
                </Word>
                <Word id="w_w2aab1b9b2b3b3ab9" language="English" custom="readingOrder {index:1;}">
                    <Coords points="1308,1105 1632,1105 1632,1148 1308,1148"/>
                    <TextEquiv>
                        <Unicode>correspondant</Unicode>
                    </TextEquiv>
                    <TextStyle fontFamily="Times New Roman" fontSize="10.0"/>
                </Word>
                <Word id="w_w2aab1b9b2b3b3ac37" language="English" custom="readingOrder {index:2;}">
                    <Coords points="1662,1113 1814,1113 1814,1148 1662,1148"/>
                    <TextEquiv>
                        <Unicode>appose</Unicode>
                    </TextEquiv>
                    <TextStyle fontFamily="Times New Roman" fontSize="10.0"/>
                </Word>
                <Word id="w_w2aab1b9b2b3b3ac51" language="English" custom="readingOrder {index:3;}">
                    <Coords points="1849,1112 1900,1112 1900,1138 1849,1138"/>
                    <TextEquiv>
                        <Unicode>en</Unicode>
                    </TextEquiv>
                    <TextStyle fontFamily="Times New Roman" fontSize="10.0"/>
                </Word>
                <Word id="w_w2aab1b9b2b3b3ac57" language="English" custom="readingOrder {index:4;}">
                    <Coords points="1933,1103 2047,1103 2047,1148 1933,1148"/>
                    <TextEquiv>
                        <Unicode>guise</Unicode>
                    </TextEquiv>
                    <TextStyle fontFamily="Times New Roman" fontSize="10.0"/>
                </Word>
                <TextEquiv>
                    <Unicode>que correspondant appose en guise</Unicode>
                </TextEquiv>
                <TextStyle fontFamily="Times New Roman" fontSize="10.0"/>
            </TextLine>
            <TextLine id="tl_58" primaryLanguage="English" custom="readingOrder {index:2;}">
                <Coords points="1197,1150 2047,1150 2047,1198 1197,1198"/>
                <Baseline points="1197,1189 1242,1190 1487,1189 1594,1186 1797,1186 2047,1183"/>
                <Word id="w_w2aab1b9b2b3b5ab1" language="English" custom="readingOrder {index:0;}">
                    <Coords points="1197,1155 1242,1155 1242,1190 1197,1190"/>
                    <TextEquiv>
                        <Unicode>de</Unicode>
                    </TextEquiv>
                    <TextStyle fontFamily="Times New Roman" fontSize="10.0"/>
                </Word>
                <Word id="w_w2aab1b9b2b3b5ab7" language="English" custom="readingOrder {index:1;}">
                    <Coords points="1276,1154 1487,1154 1487,1198 1276,1198"/>
                    <TextEquiv>
                        <Unicode>signature</Unicode>
                    </TextEquiv>
                    <TextStyle fontFamily="Times New Roman" fontSize="10.0"/>
                </Word>
                <Word id="w_w2aab1b9b2b3b5ac27" language="English" custom="readingOrder {index:2;}">
                    <Coords points="1520,1161 1594,1161 1594,1188 1520,1188"/>
                    <TextEquiv>
                        <Unicode>son</Unicode>
                    </TextEquiv>
                    <TextStyle fontFamily="Times New Roman" fontSize="10.0"/>
                </Word>
                <Word id="w_w2aab1b9b2b3b5ac35" language="English" custom="readingOrder {index:3;}">
                    <Coords points="1625,1151 1797,1151 1797,1186 1625,1186"/>
                    <TextEquiv>
                        <Unicode>numéro</Unicode>
                    </TextEquiv>
                    <TextStyle fontFamily="Times New Roman" fontSize="10.0"/>
                </Word>
                <Word id="w_w2aab1b9b2b3b5ac49" language="English" custom="readingOrder {index:4;}">
                    <Coords points="1829,1150 2047,1150 2047,1195 1829,1195"/>
                    <TextEquiv>
                        <Unicode>personnel</Unicode>
                    </TextEquiv>
                    <TextStyle fontFamily="Times New Roman" fontSize="10.0"/>
                </Word>
                <TextEquiv>
                    <Unicode>de signature son numéro personnel</Unicode>
                </TextEquiv>
                <TextStyle fontFamily="Times New Roman" fontSize="10.0"/>
            </TextLine>
            <TextLine id="tl_59" primaryLanguage="English" custom="readingOrder {index:3;}">
                <Coords points="1198,1198 2046,1198 2046,1246 1198,1246"/>
                <Baseline points="1199,1236 1278,1236 1449,1236 1575,1236 1705,1235 1817,1233 2046,1232"/>
                <Word id="w_w2aab1b9b2b3b7ab1" language="English" custom="readingOrder {index:0;}">
                    <Coords points="1199,1211 1278,1211 1278,1236 1199,1236"/>
                    <TextEquiv>
                        <Unicode>aux</Unicode>
                    </TextEquiv>
                    <TextStyle fontFamily="Times New Roman" fontSize="10.0"/>
                </Word>
                <Word id="w_w2aab1b9b2b3b7ab9" language="English" custom="readingOrder {index:1;}">
                    <Coords points="1308,1204 1449,1204 1449,1238 1308,1238"/>
                    <TextEquiv>
                        <Unicode>lettres</Unicode>
                    </TextEquiv>
                    <TextStyle fontFamily="Times New Roman" fontSize="10.0"/>
                </Word>
                <Word id="w_w2aab1b9b2b3b7ac25" language="English" custom="readingOrder {index:2;}">
                    <Coords points="1480,1200 1575,1200 1575,1245 1480,1245"/>
                    <TextEquiv>
                        <Unicode>qu’il</Unicode>
                    </TextEquiv>
                    <TextStyle fontFamily="Times New Roman" fontSize="10.0"/>
                </Word>
                <Word id="w_w2aab1b9b2b3b7ac37" language="English" custom="readingOrder {index:3;}">
                    <Coords points="1605,1201 1705,1201 1705,1235 1605,1235"/>
                    <TextEquiv>
                        <Unicode>écrit</Unicode>
                    </TextEquiv>
                    <TextStyle fontFamily="Times New Roman" fontSize="10.0"/>
                </Word>
                <Word id="w_w2aab1b9b2b3b7ac49" language="English" custom="readingOrder {index:4;}">
                    <Coords points="1734,1209 1817,1209 1817,1235 1734,1235"/>
                    <TextEquiv>
                        <Unicode>aux</Unicode>
                    </TextEquiv>
                    <TextStyle fontFamily="Times New Roman" fontSize="10.0"/>
                </Word>
                <Word id="w_w2aab1b9b2b3b7ac57" language="English" custom="readingOrder {index:5;}">
                    <Coords points="1849,1198 2046,1198 2046,1233 1849,1233"/>
                    <TextEquiv>
                        <Unicode>abonnés.</Unicode>
                    </TextEquiv>
                    <TextStyle fontFamily="Times New Roman" fontSize="10.0"/>
                </Word>
                <TextEquiv>
                    <Unicode>aux lettres qu’il écrit aux abonnés.</Unicode>
                </TextEquiv>
                <TextStyle fontFamily="Times New Roman" fontSize="10.0"/>
            </TextLine>
            <TextEquiv>
                <Unicode>VI. — Il est indispensable que cha¬
que correspondant appose en guise
de signature son numéro personnel
aux lettres qu’il écrit aux abonnés.</Unicode>
            </TextEquiv>
        </TextRegion>
        <TextRegion type="paragraph" id="r_5_3" custom="readingOrder {index:12;}">
            <Coords points="1197,1306 2052,1306 2052,1688 1197,1688"/>
            <TextLine id="tl_60" primaryLanguage="English" custom="readingOrder {index:0;}">
                <Coords points="1244,1307 2048,1307 2048,1355 1244,1355"/>
                <Baseline points="1244,1343 1333,1345 1412,1332 1473,1344 1557,1344 1635,1343 1727,1343 1831,1344 2048,1344"/>
                <Word id="w_w2aab1b9b2b5b1ab1" language="English" custom="readingOrder {index:0;}">
                    <Coords points="1244,1310 1333,1310 1333,1345 1244,1345"/>
                    <TextEquiv>
                        <Unicode>VII.</Unicode>
                    </TextEquiv>
                    <TextStyle fontFamily="Times New Roman" fontSize="10.0"/>
                </Word>
                <Word id="w_w2aab1b9b2b5b1ac11" language="English" custom="readingOrder {index:1;}">
                    <Coords points="1366,1328 1412,1328 1412,1332 1366,1332"/>
                    <TextEquiv>
                        <Unicode>—</Unicode>
                    </TextEquiv>
                    <TextStyle fontFamily="Times New Roman" fontSize="10.0"/>
                </Word>
                <Word id="w_w2aab1b9b2b5b1ac15" language="English" custom="readingOrder {index:2;}">
                    <Coords points="1443,1310 1473,1310 1473,1344 1443,1344"/>
                    <TextEquiv>
                        <Unicode>Il</Unicode>
                    </TextEquiv>
                    <TextStyle fontFamily="Times New Roman" fontSize="10.0"/>
                </Word>
                <Word id="w_w2aab1b9b2b5b1ac21" language="English" custom="readingOrder {index:3;}">
                    <Coords points="1505,1320 1557,1320 1557,1344 1505,1344"/>
                    <TextEquiv>
                        <Unicode>va</Unicode>
                    </TextEquiv>
                    <TextStyle fontFamily="Times New Roman" fontSize="10.0"/>
                </Word>
                <Word id="w_w2aab1b9b2b5b1ac27" language="English" custom="readingOrder {index:4;}">
                    <Coords points="1586,1309 1635,1309 1635,1343 1586,1343"/>
                    <TextEquiv>
                        <Unicode>de</Unicode>
                    </TextEquiv>
                    <TextStyle fontFamily="Times New Roman" fontSize="10.0"/>
                </Word>
                <Word id="w_w2aab1b9b2b5b1ac33" language="English" custom="readingOrder {index:5;}">
                    <Coords points="1667,1308 1727,1308 1727,1344 1667,1344"/>
                    <TextEquiv>
                        <Unicode>soi</Unicode>
                    </TextEquiv>
                    <TextStyle fontFamily="Times New Roman" fontSize="10.0"/>
                </Word>
                <Word id="w_w2aab1b9b2b5b1ac41" language="English" custom="readingOrder {index:6;}">
                    <Coords points="1754,1319 1831,1319 1831,1353 1754,1353"/>
                    <TextEquiv>
                        <Unicode>que</Unicode>
                    </TextEquiv>
                    <TextStyle fontFamily="Times New Roman" fontSize="10.0"/>
                </Word>
                <Word id="w_w2aab1b9b2b5b1ac49" language="English" custom="readingOrder {index:7;}">
                    <Coords points="1862,1308 2048,1308 2048,1344 1862,1344"/>
                    <TextEquiv>
                        <Unicode>l’abonné</Unicode>
                    </TextEquiv>
                    <TextStyle fontFamily="Times New Roman" fontSize="10.0"/>
                </Word>
                <TextEquiv>
                    <Unicode>VII. — Il va de soi que l’abonné</Unicode>
                </TextEquiv>
                <TextStyle fontFamily="Times New Roman" fontSize="10.0"/>
            </TextLine>
            <TextLine id="tl_61" primaryLanguage="English" custom="readingOrder {index:1;}">
                <Coords points="1198,1355 2050,1355 2050,1403 1198,1403"/>
                <Baseline points="1198,1402 1265,1392 1313,1393 1542,1393 1706,1394 1756,1392 1882,1392 2050,1380"/>
                <Word id="w_w2aab1b9b2b5b3ab1" language="English" custom="readingOrder {index:0;}">
                    <Coords points="1198,1359 1265,1359 1265,1402 1198,1402"/>
                    <TextEquiv>
                        <Unicode>qui</Unicode>
                    </TextEquiv>
                    <TextStyle fontFamily="Times New Roman" fontSize="10.0"/>
                </Word>
                <Word id="w_w2aab1b9b2b5b3ab9" language="English" custom="readingOrder {index:1;}">
                    <Coords points="1290,1370 1313,1370 1313,1393 1290,1393"/>
                    <TextEquiv>
                        <Unicode>a</Unicode>
                    </TextEquiv>
                    <TextStyle fontFamily="Times New Roman" fontSize="10.0"/>
                </Word>
                <Word id="w_w2aab1b9b2b5b3ac13" language="English" custom="readingOrder {index:2;}">
                    <Coords points="1337,1357 1542,1357 1542,1403 1337,1403"/>
                    <TextEquiv>
                        <Unicode>plusieurs</Unicode>
                    </TextEquiv>
                    <TextStyle fontFamily="Times New Roman" fontSize="10.0"/>
                </Word>
                <Word id="w_w2aab1b9b2b5b3ac33" language="English" custom="readingOrder {index:3;}">
                    <Coords points="1566,1358 1706,1358 1706,1394 1566,1394"/>
                    <TextEquiv>
                        <Unicode>lettres</Unicode>
                    </TextEquiv>
                    <TextStyle fontFamily="Times New Roman" fontSize="10.0"/>
                </Word>
                <Word id="w_w2aab1b9b2b5b3ac49" language="English" custom="readingOrder {index:4;}">
                    <Coords points="1731,1357 1756,1357 1756,1392 1731,1392"/>
                    <TextEquiv>
                        <Unicode>à</Unicode>
                    </TextEquiv>
                    <TextStyle fontFamily="Times New Roman" fontSize="10.0"/>
                </Word>
                <Word id="w_w2aab1b9b2b5b3ac53" language="English" custom="readingOrder {index:5;}">
                    <Coords points="1779,1357 1882,1357 1882,1392 1779,1392"/>
                    <TextEquiv>
                        <Unicode>faire</Unicode>
                    </TextEquiv>
                    <TextStyle fontFamily="Times New Roman" fontSize="10.0"/>
                </Word>
                <Word id="w_w2aab1b9b2b5b3ac65" language="English" custom="readingOrder {index:6;}">
                    <Coords points="1907,1366 2050,1366 2050,1401 1907,1401"/>
                    <TextEquiv>
                        <Unicode>parve¬</Unicode>
                    </TextEquiv>
                    <TextStyle fontFamily="Times New Roman" fontSize="10.0"/>
                </Word>
                <TextEquiv>
                    <Unicode>qui a plusieurs lettres à faire parve¬</Unicode>
                </TextEquiv>
                <TextStyle fontFamily="Times New Roman" fontSize="10.0"/>
            </TextLine>
            <TextLine id="tl_62" primaryLanguage="English" custom="readingOrder {index:2;}">
                <Coords points="1198,1402 2049,1402 2049,1450 1198,1450"/>
                <Baseline points="1198,1439 1261,1441 1375,1440 1629,1441 1711,1440 1926,1448 2049,1438"/>
                <Word id="w_w2aab1b9b2b5b5ab1" language="English" custom="readingOrder {index:0;}">
                    <Coords points="1198,1406 1261,1406 1261,1441 1198,1441"/>
                    <TextEquiv>
                        <Unicode>nir</Unicode>
                    </TextEquiv>
                    <TextStyle fontFamily="Times New Roman" fontSize="10.0"/>
                </Word>
                <Word id="w_w2aab1b9b2b5b5ab9" language="English" custom="readingOrder {index:1;}">
                    <Coords points="1294,1416 1375,1416 1375,1440 1294,1440"/>
                    <TextEquiv>
                        <Unicode>aux</Unicode>
                    </TextEquiv>
                    <TextStyle fontFamily="Times New Roman" fontSize="10.0"/>
                </Word>
                <Word id="w_w2aab1b9b2b5b5ac17" language="English" custom="readingOrder {index:2;}">
                    <Coords points="1408,1404 1629,1404 1629,1441 1408,1441"/>
                    <TextEquiv>
                        <Unicode>adhérents</Unicode>
                    </TextEquiv>
                    <TextStyle fontFamily="Times New Roman" fontSize="10.0"/>
                </Word>
                <Word id="w_w2aab1b9b2b5b5ac37" language="English" custom="readingOrder {index:3;}">
                    <Coords points="1663,1406 1711,1406 1711,1440 1663,1440"/>
                    <TextEquiv>
                        <Unicode>de</Unicode>
                    </TextEquiv>
                    <TextStyle fontFamily="Times New Roman" fontSize="10.0"/>
                </Word>
                <Word id="w_w2aab1b9b2b5b5ac43" language="English" custom="readingOrder {index:4;}">
                    <Coords points="1743,1404 1926,1404 1926,1448 1743,1448"/>
                    <TextEquiv>
                        <Unicode>l’œuvre,</Unicode>
                    </TextEquiv>
                    <TextStyle fontFamily="Times New Roman" fontSize="10.0"/>
                </Word>
                <Word id="w_w2aab1b9b2b5b5ac61" language="English" custom="readingOrder {index:5;}">
                    <Coords points="1954,1407 2049,1407 2049,1448 1954,1448"/>
                    <TextEquiv>
                        <Unicode>peut</Unicode>
                    </TextEquiv>
                    <TextStyle fontFamily="Times New Roman" fontSize="10.0"/>
                </Word>
                <TextEquiv>
                    <Unicode>nir aux adhérents de l’œuvre, peut</Unicode>
                </TextEquiv>
                <TextStyle fontFamily="Times New Roman" fontSize="10.0"/>
            </TextLine>
            <TextLine id="tl_63" primaryLanguage="English" custom="readingOrder {index:3;}">
                <Coords points="1198,1450 2049,1450 2049,1491 1198,1491"/>
                <Baseline points="1198,1487 1257,1488 1496,1486 1659,1490 1795,1487 1908,1486 2049,1486"/>
                <Word id="w_w2aab1b9b2b5b7ab1" language="English" custom="readingOrder {index:0;}">
                    <Coords points="1198,1453 1257,1453 1257,1488 1198,1488"/>
                    <TextEquiv>
                        <Unicode>les</Unicode>
                    </TextEquiv>
                    <TextStyle fontFamily="Times New Roman" fontSize="10.0"/>
                </Word>
                <Word id="w_w2aab1b9b2b5b7ab9" language="English" custom="readingOrder {index:1;}">
                    <Coords points="1289,1454 1496,1454 1496,1488 1289,1488"/>
                    <TextEquiv>
                        <Unicode>enfermer</Unicode>
                    </TextEquiv>
                    <TextStyle fontFamily="Times New Roman" fontSize="10.0"/>
                </Word>
                <Word id="w_w2aab1b9b2b5b7ac27" language="English" custom="readingOrder {index:2;}">
                    <Coords points="1525,1455 1659,1455 1659,1490 1525,1490"/>
                    <TextEquiv>
                        <Unicode>toutes</Unicode>
                    </TextEquiv>
                    <TextStyle fontFamily="Times New Roman" fontSize="10.0"/>
                </Word>
                <Word id="w_w2aab1b9b2b5b7ac41" language="English" custom="readingOrder {index:3;}">
                    <Coords points="1690,1452 1795,1452 1795,1487 1690,1487"/>
                    <TextEquiv>
                        <Unicode>dans</Unicode>
                    </TextEquiv>
                    <TextStyle fontFamily="Times New Roman" fontSize="10.0"/>
                </Word>
                <Word id="w_w2aab1b9b2b5b7ac51" language="English" custom="readingOrder {index:4;}">
                    <Coords points="1826,1461 1908,1461 1908,1486 1826,1486"/>
                    <TextEquiv>
                        <Unicode>une</Unicode>
                    </TextEquiv>
                    <TextStyle fontFamily="Times New Roman" fontSize="10.0"/>
                </Word>
                <Word id="w_w2aab1b9b2b5b7ac59" language="English" custom="readingOrder {index:5;}">
                    <Coords points="1938,1452 2049,1452 2049,1487 1938,1487"/>
                    <TextEquiv>
                        <Unicode>seule</Unicode>
                    </TextEquiv>
                    <TextStyle fontFamily="Times New Roman" fontSize="10.0"/>
                </Word>
                <TextEquiv>
                    <Unicode>les enfermer toutes dans une seule</Unicode>
                </TextEquiv>
                <TextStyle fontFamily="Times New Roman" fontSize="10.0"/>
            </TextLine>
            <TextLine id="tl_64" primaryLanguage="English" custom="readingOrder {index:4;}">
                <Coords points="1199,1496 2050,1496 2050,1544 1199,1544"/>
                <Baseline points="1199,1535 1235,1535 1412,1535 1661,1534 1880,1533 1930,1533 2050,1523"/>
                <Word id="w_w2aab1b9b2b5b9ab1" language="English" custom="readingOrder {index:0;}">
                    <Coords points="1199,1504 1235,1504 1235,1535 1199,1535"/>
                    <TextEquiv>
                        <Unicode>et</Unicode>
                    </TextEquiv>
                    <TextStyle fontFamily="Times New Roman" fontSize="10.0"/>
                </Word>
                <Word id="w_w2aab1b9b2b5b9ab7" language="English" custom="readingOrder {index:1;}">
                    <Coords points="1262,1500 1412,1500 1412,1544 1262,1544"/>
                    <TextEquiv>
                        <Unicode>unique</Unicode>
                    </TextEquiv>
                    <TextStyle fontFamily="Times New Roman" fontSize="10.0"/>
                </Word>
                <Word id="w_w2aab1b9b2b5b9ac21" language="English" custom="readingOrder {index:2;}">
                    <Coords points="1439,1502 1661,1502 1661,1543 1439,1543"/>
                    <TextEquiv>
                        <Unicode>enveloppe</Unicode>
                    </TextEquiv>
                    <TextStyle fontFamily="Times New Roman" fontSize="10.0"/>
                </Word>
                <Word id="w_w2aab1b9b2b5b9ac41" language="English" custom="readingOrder {index:3;}">
                    <Coords points="1687,1497 1880,1497 1880,1542 1687,1542"/>
                    <TextEquiv>
                        <Unicode>adressée</Unicode>
                    </TextEquiv>
                    <TextStyle fontFamily="Times New Roman" fontSize="10.0"/>
                </Word>
                <Word id="w_w2aab1b9b2b5b9ac59" language="English" custom="readingOrder {index:4;}">
                    <Coords points="1905,1499 1930,1499 1930,1533 1905,1533"/>
                    <TextEquiv>
                        <Unicode>à</Unicode>
                    </TextEquiv>
                    <TextStyle fontFamily="Times New Roman" fontSize="10.0"/>
                </Word>
                <Word id="w_w2aab1b9b2b5b9ac63" language="English" custom="readingOrder {index:5;}">
                    <Coords points="1953,1497 2050,1497 2050,1533 1953,1533"/>
                    <TextEquiv>
                        <Unicode>l’IN-</Unicode>
                    </TextEquiv>
                    <TextStyle fontFamily="Times New Roman" fontSize="10.0"/>
                </Word>
                <TextEquiv>
                    <Unicode>et unique enveloppe adressée à l’IN-</Unicode>
                </TextEquiv>
                <TextStyle fontFamily="Times New Roman" fontSize="10.0"/>
            </TextLine>
            <TextLine id="tl_65" primaryLanguage="English" custom="readingOrder {index:5;}">
                <Coords points="1210,1545 2051,1545 2051,1589 1210,1589"/>
                <Baseline points="1210,1582 1572,1581 1680,1582 1913,1587 1979,1582 2051,1581"/>
                <Word id="w_w2aab1b9b2b5c11ab1" language="English" custom="readingOrder {index:0;}">
                    <Coords points="1210,1548 1572,1548 1572,1583 1210,1583"/>
                    <TextEquiv>
                        <Unicode>TERMEDIAIRE</Unicode>
                    </TextEquiv>
                    <TextStyle fontFamily="Times New Roman" fontSize="10.0"/>
                </Word>
                <Word id="w_w2aab1b9b2b5c11ac25" language="English" custom="readingOrder {index:1;}">
                    <Coords points="1608,1548 1680,1548 1680,1582 1608,1582"/>
                    <TextEquiv>
                        <Unicode>DU</Unicode>
                    </TextEquiv>
                    <TextStyle fontFamily="Times New Roman" fontSize="10.0"/>
                </Word>
                <Word id="w_w2aab1b9b2b5c11ac31" language="English" custom="readingOrder {index:2;}">
                    <Coords points="1722,1547 1913,1547 1913,1587 1722,1587"/>
                    <TextEquiv>
                        <Unicode>FOYER,</Unicode>
                    </TextEquiv>
                    <TextStyle fontFamily="Times New Roman" fontSize="10.0"/>
                </Word>
                <Word id="w_w2aab1b9b2b5c11ac45" language="English" custom="readingOrder {index:3;}">
                    <Coords points="1955,1550 1979,1550 1979,1582 1955,1582"/>
                    <TextEquiv>
                        <Unicode>à</Unicode>
                    </TextEquiv>
                    <TextStyle fontFamily="Times New Roman" fontSize="10.0"/>
                </Word>
                <Word id="w_w2aab1b9b2b5c11ac49" language="English" custom="readingOrder {index:4;}">
                    <Coords points="2014,1547 2051,1547 2051,1581 2014,1581"/>
                    <TextEquiv>
                        <Unicode>la</Unicode>
                    </TextEquiv>
                    <TextStyle fontFamily="Times New Roman" fontSize="10.0"/>
                </Word>
                <TextEquiv>
                    <Unicode>TERMEDIAIRE DU FOYER, à la</Unicode>
                </TextEquiv>
                <TextStyle fontFamily="Times New Roman" fontSize="10.0"/>
            </TextLine>
            <TextLine id="tl_66" primaryLanguage="English" custom="readingOrder {index:6;}">
                <Coords points="1210,1591 2051,1591 2051,1639 1210,1639"/>
                <Baseline points="1210,1630 1413,1629 1522,1630 1967,1629 2051,1628"/>
                <Word id="w_w2aab1b9b2b5c13ab1" language="English" custom="readingOrder {index:0;}">
                    <Coords points="1210,1594 1413,1594 1413,1630 1210,1630"/>
                    <TextEquiv>
                        <Unicode>condition</Unicode>
                    </TextEquiv>
                    <TextStyle fontFamily="Times New Roman" fontSize="10.0"/>
                </Word>
                <Word id="w_w2aab1b9b2b5c13ac21" language="English" custom="readingOrder {index:1;}">
                    <Coords points="1445,1604 1522,1604 1522,1638 1445,1638"/>
                    <TextEquiv>
                        <Unicode>que</Unicode>
                    </TextEquiv>
                    <TextStyle fontFamily="Times New Roman" fontSize="10.0"/>
                </Word>
                <Word id="w_w2aab1b9b2b5c13ac29" language="English" custom="readingOrder {index:2;}">
                    <Coords points="1547,1594 1967,1594 1967,1630 1547,1630"/>
                    <TextEquiv>
                        <Unicode>l’affranchissement</Unicode>
                    </TextEquiv>
                    <TextStyle fontFamily="Times New Roman" fontSize="10.0"/>
                </Word>
                <Word id="w_w2aab1b9b2b5c13ac67" language="English" custom="readingOrder {index:3;}">
                    <Coords points="1999,1594 2051,1594 2051,1628 1999,1628"/>
                    <TextEquiv>
                        <Unicode>du</Unicode>
                    </TextEquiv>
                    <TextStyle fontFamily="Times New Roman" fontSize="10.0"/>
                </Word>
                <TextEquiv>
                    <Unicode>condition que l’affranchissement du</Unicode>
                </TextEquiv>
                <TextStyle fontFamily="Times New Roman" fontSize="10.0"/>
            </TextLine>
            <TextLine id="tl_67" primaryLanguage="English" custom="readingOrder {index:7;}">
                <Coords points="1211,1639 2003,1639 2003,1687 1211,1687"/>
                <Baseline points="1211,1677 1296,1677 1596,1676 1676,1676 1823,1678 2003,1676"/>
                <Word id="w_w2aab1b9b2b5c15ab1" language="English" custom="readingOrder {index:0;}">
                    <Coords points="1211,1645 1296,1645 1296,1677 1211,1677"/>
                    <TextEquiv>
                        <Unicode>tout</Unicode>
                    </TextEquiv>
                    <TextStyle fontFamily="Times New Roman" fontSize="10.0"/>
                </Word>
                <Word id="w_w2aab1b9b2b5c15ac11" language="English" custom="readingOrder {index:1;}">
                    <Coords points="1322,1641 1596,1641 1596,1686 1322,1686"/>
                    <TextEquiv>
                        <Unicode>corresponde</Unicode>
                    </TextEquiv>
                    <TextStyle fontFamily="Times New Roman" fontSize="10.0"/>
                </Word>
                <Word id="w_w2aab1b9b2b5c15ac35" language="English" custom="readingOrder {index:2;}">
                    <Coords points="1622,1652 1676,1652 1676,1676 1622,1676"/>
                    <TextEquiv>
                        <Unicode>au</Unicode>
                    </TextEquiv>
                    <TextStyle fontFamily="Times New Roman" fontSize="10.0"/>
                </Word>
                <Word id="w_w2aab1b9b2b5c15ac41" language="English" custom="readingOrder {index:3;}">
                    <Coords points="1708,1641 1823,1641 1823,1685 1708,1685"/>
                    <TextEquiv>
                        <Unicode>poids</Unicode>
                    </TextEquiv>
                    <TextStyle fontFamily="Times New Roman" fontSize="10.0"/>
                </Word>
                <Word id="w_w2aab1b9b2b5c15ac53" language="English" custom="readingOrder {index:4;}">
                    <Coords points="1858,1641 2003,1641 2003,1685 1858,1685"/>
                    <TextEquiv>
                        <Unicode>postal.</Unicode>
                    </TextEquiv>
                    <TextStyle fontFamily="Times New Roman" fontSize="10.0"/>
                </Word>
                <TextEquiv>
                    <Unicode>tout corresponde au poids postal.</Unicode>
                </TextEquiv>
                <TextStyle fontFamily="Times New Roman" fontSize="10.0"/>
            </TextLine>
            <TextEquiv>
                <Unicode>VII. — Il va de soi que l’abonné
qui a plusieurs lettres à faire parve¬
nir aux adhérents de l’œuvre, peut
les enfermer toutes dans une seule
et unique enveloppe adressée à l’IN-
TERMEDIAIRE DU FOYER, à la
condition que l’affranchissement du
tout corresponde au poids postal.</Unicode>
            </TextEquiv>
        </TextRegion>
        <TextRegion type="paragraph" id="r_5_4" custom="readingOrder {index:13;}">
            <Coords points="1204,1685 2056,1685 2056,1963 1204,1963"/>
            <TextLine id="tl_68" primaryLanguage="English" custom="readingOrder {index:0;}">
                <Coords points="1255,1686 2051,1686 2051,1734 1255,1734"/>
                <Baseline points="1255,1724 1315,1724 1417,1725 1614,1724 1862,1723 1973,1724 2051,1714"/>
                <Word id="w_w2aab1b9b2b7b1ab1" language="English" custom="readingOrder {index:0;}">
                    <Coords points="1255,1690 1315,1690 1315,1724 1255,1724"/>
                    <TextEquiv>
                        <Unicode>Ne</Unicode>
                    </TextEquiv>
                    <TextStyle fontFamily="Times New Roman" fontSize="10.0"/>
                </Word>
                <Word id="w_w2aab1b9b2b7b1ab7" language="English" custom="readingOrder {index:1;}">
                    <Coords points="1342,1699 1417,1699 1417,1733 1342,1733"/>
                    <TextEquiv>
                        <Unicode>pas</Unicode>
                    </TextEquiv>
                    <TextStyle fontFamily="Times New Roman" fontSize="10.0"/>
                </Word>
                <Word id="w_w2aab1b9b2b7b1ac15" language="English" custom="readingOrder {index:2;}">
                    <Coords points="1441,1692 1614,1692 1614,1724 1441,1724"/>
                    <TextEquiv>
                        <Unicode>omettre</Unicode>
                    </TextEquiv>
                    <TextStyle fontFamily="Times New Roman" fontSize="10.0"/>
                </Word>
                <Word id="w_w2aab1b9b2b7b1ac31" language="English" custom="readingOrder {index:3;}">
                    <Coords points="1636,1688 1862,1688 1862,1732 1636,1732"/>
                    <TextEquiv>
                        <Unicode>d’indiquer</Unicode>
                    </TextEquiv>
                    <TextStyle fontFamily="Times New Roman" fontSize="10.0"/>
                </Word>
                <Word id="w_w2aab1b9b2b7b1ac53" language="English" custom="readingOrder {index:4;}">
                    <Coords points="1889,1690 1973,1690 1973,1724 1889,1724"/>
                    <TextEquiv>
                        <Unicode>très</Unicode>
                    </TextEquiv>
                    <TextStyle fontFamily="Times New Roman" fontSize="10.0"/>
                </Word>
                <Word id="w_w2aab1b9b2b7b1ac63" language="English" custom="readingOrder {index:5;}">
                    <Coords points="2002,1688 2051,1688 2051,1723 2002,1723"/>
                    <TextEquiv>
                        <Unicode>lé¬</Unicode>
                    </TextEquiv>
                    <TextStyle fontFamily="Times New Roman" fontSize="10.0"/>
                </Word>
                <TextEquiv>
                    <Unicode>Ne pas omettre d’indiquer très lé¬</Unicode>
                </TextEquiv>
                <TextStyle fontFamily="Times New Roman" fontSize="10.0"/>
            </TextLine>
            <TextLine id="tl_69" primaryLanguage="English" custom="readingOrder {index:1;}">
                <Coords points="1209,1733 2052,1733 2052,1782 1209,1782"/>
                <Baseline points="1210,1780 1420,1772 1521,1772 1763,1771 1865,1772 2052,1771"/>
                <Word id="w_w2aab1b9b2b7b3ab1" language="English" custom="readingOrder {index:0;}">
                    <Coords points="1210,1736 1420,1736 1420,1780 1210,1780"/>
                    <TextEquiv>
                        <Unicode>gèrement</Unicode>
                    </TextEquiv>
                    <TextStyle fontFamily="Times New Roman" fontSize="10.0"/>
                </Word>
                <Word id="w_w2aab1b9b2b7b3ac19" language="English" custom="readingOrder {index:1;}">
                    <Coords points="1449,1735 1521,1735 1521,1772 1449,1772"/>
                    <TextEquiv>
                        <Unicode>AU</Unicode>
                    </TextEquiv>
                    <TextStyle fontFamily="Times New Roman" fontSize="10.0"/>
                </Word>
                <Word id="w_w2aab1b9b2b7b3ac25" language="English" custom="readingOrder {index:2;}">
                    <Coords points="1548,1735 1763,1735 1763,1772 1548,1772"/>
                    <TextEquiv>
                        <Unicode>CRAYON</Unicode>
                    </TextEquiv>
                    <TextStyle fontFamily="Times New Roman" fontSize="10.0"/>
                </Word>
                <Word id="w_w2aab1b9b2b7b3ac39" language="English" custom="readingOrder {index:3;}">
                    <Coords points="1792,1747 1865,1747 1865,1772 1792,1772"/>
                    <TextEquiv>
                        <Unicode>sur</Unicode>
                    </TextEquiv>
                    <TextStyle fontFamily="Times New Roman" fontSize="10.0"/>
                </Word>
                <Word id="w_w2aab1b9b2b7b3ac47" language="English" custom="readingOrder {index:4;}">
                    <Coords points="1896,1737 2052,1737 2052,1779 1896,1779"/>
                    <TextEquiv>
                        <Unicode>chaque</Unicode>
                    </TextEquiv>
                    <TextStyle fontFamily="Times New Roman" fontSize="10.0"/>
                </Word>
                <TextEquiv>
                    <Unicode>gèrement AU CRAYON sur chaque</Unicode>
                </TextEquiv>
                <TextStyle fontFamily="Times New Roman" fontSize="10.0"/>
            </TextLine>
            <TextLine id="tl_70" primaryLanguage="English" custom="readingOrder {index:2;}">
                <Coords points="1211,1780 2050,1780 2050,1830 1211,1830"/>
                <Baseline points="1211,1818 1327,1819 1465,1819 1689,1820 1764,1819 2050,1817"/>
                <Word id="w_w2aab1b9b2b7b5ab1" language="English" custom="readingOrder {index:0;}">
                    <Coords points="1211,1783 1327,1783 1327,1819 1211,1819"/>
                    <TextEquiv>
                        <Unicode>lettre</Unicode>
                    </TextEquiv>
                    <TextStyle fontFamily="Times New Roman" fontSize="10.0"/>
                </Word>
                <Word id="w_w2aab1b9b2b7b5ac15" language="English" custom="readingOrder {index:1;}">
                    <Coords points="1350,1785 1465,1785 1465,1820 1350,1820"/>
                    <TextEquiv>
                        <Unicode>—les</Unicode>
                    </TextEquiv>
                    <TextStyle fontFamily="Times New Roman" fontSize="10.0"/>
                </Word>
                <Word id="w_w2aab1b9b2b7b5ac25" language="English" custom="readingOrder {index:2;}">
                    <Coords points="1492,1783 1689,1783 1689,1820 1492,1820"/>
                    <TextEquiv>
                        <Unicode>numéros</Unicode>
                    </TextEquiv>
                    <TextStyle fontFamily="Times New Roman" fontSize="10.0"/>
                </Word>
                <Word id="w_w2aab1b9b2b7b5ac41" language="English" custom="readingOrder {index:3;}">
                    <Coords points="1715,1783 1764,1783 1764,1819 1715,1819"/>
                    <TextEquiv>
                        <Unicode>de</Unicode>
                    </TextEquiv>
                    <TextStyle fontFamily="Times New Roman" fontSize="10.0"/>
                </Word>
                <Word id="w_w2aab1b9b2b7b5ac47" language="English" custom="readingOrder {index:4;}">
                    <Coords points="1786,1782 2050,1782 2050,1828 1786,1828"/>
                    <TextEquiv>
                        <Unicode>l’expédHeur</Unicode>
                    </TextEquiv>
                    <TextStyle fontFamily="Times New Roman" fontSize="10.0"/>
                </Word>
                <TextEquiv>
                    <Unicode>lettre —les numéros de l’expédHeur</Unicode>
                </TextEquiv>
                <TextStyle fontFamily="Times New Roman" fontSize="10.0"/>
            </TextLine>
            <TextLine id="tl_71" primaryLanguage="English" custom="readingOrder {index:3;}">
                <Coords points="1206,1828 2054,1828 2054,1875 1206,1875"/>
                <Baseline points="1206,1866 1243,1867 1322,1865 1626,1871 1717,1864 1821,1865 2054,1864"/>
                <Word id="w_w2aab1b9b2b7b7ab1" language="English" custom="readingOrder {index:0;}">
                    <Coords points="1206,1835 1243,1835 1243,1867 1206,1867"/>
                    <TextEquiv>
                        <Unicode>et</Unicode>
                    </TextEquiv>
                    <TextStyle fontFamily="Times New Roman" fontSize="10.0"/>
                </Word>
                <Word id="w_w2aab1b9b2b7b7ab7" language="English" custom="readingOrder {index:1;}">
                    <Coords points="1270,1831 1322,1831 1322,1865 1270,1865"/>
                    <TextEquiv>
                        <Unicode>du</Unicode>
                    </TextEquiv>
                    <TextStyle fontFamily="Times New Roman" fontSize="10.0"/>
                </Word>
                <Word id="w_w2aab1b9b2b7b7ac13" language="English" custom="readingOrder {index:2;}">
                    <Coords points="1346,1830 1626,1830 1626,1871 1346,1871"/>
                    <TextEquiv>
                        <Unicode>destinataire,</Unicode>
                    </TextEquiv>
                    <TextStyle fontFamily="Times New Roman" fontSize="10.0"/>
                </Word>
                <Word id="w_w2aab1b9b2b7b7ac41" language="English" custom="readingOrder {index:3;}">
                    <Coords points="1670,1830 1717,1830 1717,1866 1670,1866"/>
                    <TextEquiv>
                        <Unicode>et</Unicode>
                    </TextEquiv>
                    <TextStyle fontFamily="Times New Roman" fontSize="10.0"/>
                </Word>
                <Word id="w_w2aab1b9b2b7b7ac47" language="English" custom="readingOrder {index:4;}">
                    <Coords points="1764,1831 1821,1831 1821,1865 1764,1865"/>
                    <TextEquiv>
                        <Unicode>de</Unicode>
                    </TextEquiv>
                    <TextStyle fontFamily="Times New Roman" fontSize="10.0"/>
                </Word>
                <Word id="w_w2aab1b9b2b7b7ac53" language="English" custom="readingOrder {index:5;}">
                    <Coords points="1860,1830 2054,1830 2054,1873 1860,1873"/>
                    <TextEquiv>
                        <Unicode>joindre</Unicode>
                    </TextEquiv>
                    <TextStyle fontFamily="Times New Roman" fontSize="10.0"/>
                </Word>
                <TextEquiv>
                    <Unicode>et du destinataire, et de joindre</Unicode>
                </TextEquiv>
                <TextStyle fontFamily="Times New Roman" fontSize="10.0"/>
            </TextLine>
            <TextLine id="tl_72" primaryLanguage="English" custom="readingOrder {index:4;}">
                <Coords points="1205,1873 2055,1873 2055,1916 1205,1916"/>
                <Baseline points="1205,1913 1255,1913 1456,1913 1763,1913 1815,1913 2055,1902"/>
                <Word id="w_w2aab1b9b2b7b9ab1" language="English" custom="readingOrder {index:0;}">
                    <Coords points="1205,1878 1255,1878 1255,1913 1205,1913"/>
                    <TextEquiv>
                        <Unicode>la</Unicode>
                    </TextEquiv>
                    <TextStyle fontFamily="Times New Roman" fontSize="10.0"/>
                </Word>
                <Word id="w_w2aab1b9b2b7b9ab7" language="English" custom="readingOrder {index:1;}">
                    <Coords points="1277,1886 1456,1886 1456,1913 1277,1913"/>
                    <TextEquiv>
                        <Unicode>somme</Unicode>
                    </TextEquiv>
                    <TextStyle fontFamily="Times New Roman" fontSize="10.0"/>
                </Word>
                <Word id="w_w2aab1b9b2b7b9ac19" language="English" custom="readingOrder {index:2;}">
                    <Coords points="1476,1875 1763,1875 1763,1914 1476,1914"/>
                    <TextEquiv>
                        <Unicode>nécessaire</Unicode>
                    </TextEquiv>
                    <TextStyle fontFamily="Times New Roman" fontSize="10.0"/>
                </Word>
                <Word id="w_w2aab1b9b2b7b9ac41" language="English" custom="readingOrder {index:3;}">
                    <Coords points="1785,1879 1815,1879 1815,1913 1785,1913"/>
                    <TextEquiv>
                        <Unicode>à</Unicode>
                    </TextEquiv>
                    <TextStyle fontFamily="Times New Roman" fontSize="10.0"/>
                </Word>
                <Word id="w_w2aab1b9b2b7b9ac45" language="English" custom="readingOrder {index:4;}">
                    <Coords points="1836,1878 2055,1878 2055,1913 1836,1913"/>
                    <TextEquiv>
                        <Unicode>l'affran¬</Unicode>
                    </TextEquiv>
                    <TextStyle fontFamily="Times New Roman" fontSize="10.0"/>
                </Word>
                <TextEquiv>
                    <Unicode>la somme nécessaire à l'affran¬</Unicode>
                </TextEquiv>
                <TextStyle fontFamily="Times New Roman" fontSize="10.0"/>
            </TextLine>
            <TextLine id="tl_73" primaryLanguage="English" custom="readingOrder {index:5;}">
                <Coords points="1206,1925 1519,1925 1519,1962 1206,1962"/>
                <Baseline points="1206,1961 1519,1959"/>
                <Word id="w_w2aab1b9b2b7c11ab1" language="English" custom="readingOrder {index:0;}">
                    <Coords points="1206,1926 1519,1926 1519,1962 1206,1962"/>
                    <TextEquiv>
                        <Unicode>chissement.</Unicode>
                    </TextEquiv>
                    <TextStyle fontFamily="Times New Roman" fontSize="10.0"/>
                </Word>
                <TextEquiv>
                    <Unicode>chissement.</Unicode>
                </TextEquiv>
                <TextStyle fontFamily="Times New Roman" fontSize="10.0"/>
            </TextLine>
            <TextEquiv>
                <Unicode>Ne pas omettre d’indiquer très lé¬
gèrement AU CRAYON sur chaque
lettre —les numéros de l’expédHeur
et du destinataire, et de joindre
la somme nécessaire à l'affran¬
chissement.</Unicode>
            </TextEquiv>
        </TextRegion>
        <TextRegion type="paragraph" id="r_5_5" custom="readingOrder {index:14;}">
            <Coords points="1205,2020 2055,2020 2055,2442 1205,2442"/>
            <TextLine id="tl_74" primaryLanguage="English" custom="readingOrder {index:0;}">
                <Coords points="1251,2021 2052,2021 2052,2072 1251,2072"/>
                <Baseline points="1251,2058 1359,2059 1447,2047 1704,2060 1930,2061 2052,2058"/>
                <Word id="w_w2aab1b9b2b9b1ab1" language="English" custom="readingOrder {index:0;}">
                    <Coords points="1251,2024 1359,2024 1359,2059 1251,2059"/>
                    <TextEquiv>
                        <Unicode>VIII.</Unicode>
                    </TextEquiv>
                    <TextStyle fontFamily="Times New Roman" fontSize="10.0"/>
                </Word>
                <Word id="w_w2aab1b9b2b9b1ac13" language="English" custom="readingOrder {index:1;}">
                    <Coords points="1400,2043 1447,2043 1447,2047 1400,2047"/>
                    <TextEquiv>
                        <Unicode>—</Unicode>
                    </TextEquiv>
                    <TextStyle fontFamily="Times New Roman" fontSize="10.0"/>
                </Word>
                <Word id="w_w2aab1b9b2b9b1ac17" language="English" custom="readingOrder {index:2;}">
                    <Coords points="1488,2024 1704,2024 1704,2068 1488,2068"/>
                    <TextEquiv>
                        <Unicode>Répondez</Unicode>
                    </TextEquiv>
                    <TextStyle fontFamily="Times New Roman" fontSize="10.0"/>
                </Word>
                <Word id="w_w2aab1b9b2b9b1ac35" language="English" custom="readingOrder {index:3;}">
                    <Coords points="1745,2025 1930,2025 1930,2070 1745,2070"/>
                    <TextEquiv>
                        <Unicode>toujours</Unicode>
                    </TextEquiv>
                    <TextStyle fontFamily="Times New Roman" fontSize="10.0"/>
                </Word>
                <Word id="w_w2aab1b9b2b9b1ac53" language="English" custom="readingOrder {index:4;}">
                    <Coords points="1971,2034 2052,2034 2052,2058 1971,2058"/>
                    <TextEquiv>
                        <Unicode>aux</Unicode>
                    </TextEquiv>
                    <TextStyle fontFamily="Times New Roman" fontSize="10.0"/>
                </Word>
                <TextEquiv>
                    <Unicode>VIII. — Répondez toujours aux</Unicode>
                </TextEquiv>
                <TextStyle fontFamily="Times New Roman" fontSize="10.0"/>
            </TextLine>
            <TextLine id="tl_75" primaryLanguage="English" custom="readingOrder {index:1;}">
                <Coords points="1206,2071 2054,2071 2054,2118 1206,2118"/>
                <Baseline points="1206,2107 1346,2112 1436,2108 1558,2108 1671,2110 1922,2109 2054,2114"/>
                <Word id="w_w2aab1b9b2b9b3ab1" language="English" custom="readingOrder {index:0;}">
                    <Coords points="1206,2074 1346,2074 1346,2112 1206,2112"/>
                    <TextEquiv>
                        <Unicode>lettres</Unicode>
                    </TextEquiv>
                    <TextStyle fontFamily="Times New Roman" fontSize="10.0"/>
                </Word>
                <Word id="w_w2aab1b9b2b9b3ac17" language="English" custom="readingOrder {index:1;}">
                    <Coords points="1368,2073 1436,2073 1436,2118 1368,2118"/>
                    <TextEquiv>
                        <Unicode>qui</Unicode>
                    </TextEquiv>
                    <TextStyle fontFamily="Times New Roman" fontSize="10.0"/>
                </Word>
                <Word id="w_w2aab1b9b2b9b3ac25" language="English" custom="readingOrder {index:2;}">
                    <Coords points="1456,2083 1558,2083 1558,2108 1456,2108"/>
                    <TextEquiv>
                        <Unicode>vous</Unicode>
                    </TextEquiv>
                    <TextStyle fontFamily="Times New Roman" fontSize="10.0"/>
                </Word>
                <Word id="w_w2aab1b9b2b9b3ac35" language="English" custom="readingOrder {index:3;}">
                    <Coords points="1578,2079 1671,2079 1671,2110 1578,2110"/>
                    <TextEquiv>
                        <Unicode>sont</Unicode>
                    </TextEquiv>
                    <TextStyle fontFamily="Times New Roman" fontSize="10.0"/>
                </Word>
                <Word id="w_w2aab1b9b2b9b3ac45" language="English" custom="readingOrder {index:4;}">
                    <Coords points="1692,2073 1922,2073 1922,2109 1692,2109"/>
                    <TextEquiv>
                        <Unicode>adressées.</Unicode>
                    </TextEquiv>
                    <TextStyle fontFamily="Times New Roman" fontSize="10.0"/>
                </Word>
                <Word id="w_w2aab1b9b2b9b3ac67" language="English" custom="readingOrder {index:5;}">
                    <Coords points="1941,2073 2054,2073 2054,2114 1941,2114"/>
                    <TextEquiv>
                        <Unicode>Vous</Unicode>
                    </TextEquiv>
                    <TextStyle fontFamily="Times New Roman" fontSize="10.0"/>
                </Word>
                <TextEquiv>
                    <Unicode>lettres qui vous sont adressées. Vous</Unicode>
                </TextEquiv>
                <TextStyle fontFamily="Times New Roman" fontSize="10.0"/>
            </TextLine>
            <TextLine id="tl_76" primaryLanguage="English" custom="readingOrder {index:2;}">
                <Coords points="1206,2117 2054,2117 2054,2159 1206,2159"/>
                <Baseline points="1206,2156 1333,2155 1686,2156 1966,2156 2054,2154"/>
                <Word id="w_w2aab1b9b2b9b5ab1" language="English" custom="readingOrder {index:0;}">
                    <Coords points="1206,2120 1333,2120 1333,2156 1206,2156"/>
                    <TextEquiv>
                        <Unicode>seriez</Unicode>
                    </TextEquiv>
                    <TextStyle fontFamily="Times New Roman" fontSize="10.0"/>
                </Word>
                <Word id="w_w2aab1b9b2b9b5ac15" language="English" custom="readingOrder {index:1;}">
                    <Coords points="1388,2122 1686,2122 1686,2156 1388,2156"/>
                    <TextEquiv>
                        <Unicode>certainement</Unicode>
                    </TextEquiv>
                    <TextStyle fontFamily="Times New Roman" fontSize="10.0"/>
                </Word>
                <Word id="w_w2aab1b9b2b9b5ac41" language="English" custom="readingOrder {index:2;}">
                    <Coords points="1732,2122 1966,2122 1966,2156 1732,2156"/>
                    <TextEquiv>
                        <Unicode>mécontent</Unicode>
                    </TextEquiv>
                    <TextStyle fontFamily="Times New Roman" fontSize="10.0"/>
                </Word>
                <Word id="w_w2aab1b9b2b9b5ac61" language="English" custom="readingOrder {index:3;}">
                    <Coords points="2019,2121 2054,2121 2054,2156 2019,2156"/>
                    <TextEquiv>
                        <Unicode>si</Unicode>
                    </TextEquiv>
                    <TextStyle fontFamily="Times New Roman" fontSize="10.0"/>
                </Word>
                <TextEquiv>
                    <Unicode>seriez certainement mécontent si</Unicode>
                </TextEquiv>
                <TextStyle fontFamily="Times New Roman" fontSize="10.0"/>
            </TextLine>
            <TextLine id="tl_77" primaryLanguage="English" custom="readingOrder {index:3;}">
                <Coords points="1206,2165 2053,2165 2053,2216 1206,2216"/>
                <Baseline points="1206,2203 1473,2210 1682,2204 1779,2203 1931,2214 2053,2203"/>
                <Word id="w_w2aab1b9b2b9b7ab1" language="English" custom="readingOrder {index:0;}">
                    <Coords points="1206,2170 1473,2170 1473,2210 1206,2210"/>
                    <TextEquiv>
                        <Unicode>vous-même,</Unicode>
                    </TextEquiv>
                    <TextStyle fontFamily="Times New Roman" fontSize="10.0"/>
                </Word>
                <Word id="w_w2aab1b9b2b9b7ac23" language="English" custom="readingOrder {index:1;}">
                    <Coords points="1496,2167 1682,2167 1682,2204 1496,2204"/>
                    <TextEquiv>
                        <Unicode>écrivant</Unicode>
                    </TextEquiv>
                    <TextStyle fontFamily="Times New Roman" fontSize="10.0"/>
                </Word>
                <Word id="w_w2aab1b9b2b9b7ac41" language="English" custom="readingOrder {index:2;}">
                    <Coords points="1700,2178 1779,2178 1779,2203 1700,2203"/>
                    <TextEquiv>
                        <Unicode>une</Unicode>
                    </TextEquiv>
                    <TextStyle fontFamily="Times New Roman" fontSize="10.0"/>
                </Word>
                <Word id="w_w2aab1b9b2b9b7ac49" language="English" custom="readingOrder {index:3;}">
                    <Coords points="1798,2169 1931,2169 1931,2214 1798,2214"/>
                    <TextEquiv>
                        <Unicode>lettre,</Unicode>
                    </TextEquiv>
                    <TextStyle fontFamily="Times New Roman" fontSize="10.0"/>
                </Word>
                <Word id="w_w2aab1b9b2b9b7ac65" language="English" custom="readingOrder {index:4;}">
                    <Coords points="1952,2179 2053,2179 2053,2204 1952,2204"/>
                    <TextEquiv>
                        <Unicode>vous</Unicode>
                    </TextEquiv>
                    <TextStyle fontFamily="Times New Roman" fontSize="10.0"/>
                </Word>
                <TextEquiv>
                    <Unicode>vous-même, écrivant une lettre, vous</Unicode>
                </TextEquiv>
                <TextStyle fontFamily="Times New Roman" fontSize="10.0"/>
            </TextLine>
            <TextLine id="tl_78" primaryLanguage="English" custom="readingOrder {index:4;}">
                <Coords points="1206,2213 2053,2213 2053,2261 1206,2261"/>
                <Baseline points="1206,2249 1430,2250 1540,2253 1621,2251 1848,2252 1915,2251 2053,2249"/>
                <Word id="w_w2aab1b9b2b9b9ab1" language="English" custom="readingOrder {index:0;}">
                    <Coords points="1206,2216 1430,2216 1430,2251 1206,2251"/>
                    <TextEquiv>
                        <Unicode>n’obteniez</Unicode>
                    </TextEquiv>
                    <TextStyle fontFamily="Times New Roman" fontSize="10.0"/>
                </Word>
                <Word id="w_w2aab1b9b2b9b9ac23" language="English" custom="readingOrder {index:1;}">
                    <Coords points="1464,2224 1540,2224 1540,2260 1464,2260"/>
                    <TextEquiv>
                        <Unicode>pas</Unicode>
                    </TextEquiv>
                    <TextStyle fontFamily="Times New Roman" fontSize="10.0"/>
                </Word>
                <Word id="w_w2aab1b9b2b9b9ac31" language="English" custom="readingOrder {index:2;}">
                    <Coords points="1573,2216 1621,2216 1621,2251 1573,2251"/>
                    <TextEquiv>
                        <Unicode>de</Unicode>
                    </TextEquiv>
                    <TextStyle fontFamily="Times New Roman" fontSize="10.0"/>
                </Word>
                <Word id="w_w2aab1b9b2b9b9ac37" language="English" custom="readingOrder {index:3;}">
                    <Coords points="1660,2216 1848,2216 1848,2259 1660,2259"/>
                    <TextEquiv>
                        <Unicode>réponse.</Unicode>
                    </TextEquiv>
                    <TextStyle fontFamily="Times New Roman" fontSize="10.0"/>
                </Word>
                <Word id="w_w2aab1b9b2b9b9ac55" language="English" custom="readingOrder {index:4;}">
                    <Coords points="1883,2217 1915,2217 1915,2251 1883,2251"/>
                    <TextEquiv>
                        <Unicode>Il</Unicode>
                    </TextEquiv>
                    <TextStyle fontFamily="Times New Roman" fontSize="10.0"/>
                </Word>
                <Word id="w_w2aab1b9b2b9b9ac61" language="English" custom="readingOrder {index:5;}">
                    <Coords points="1951,2225 2053,2225 2053,2252 1951,2252"/>
                    <TextEquiv>
                        <Unicode>vous</Unicode>
                    </TextEquiv>
                    <TextStyle fontFamily="Times New Roman" fontSize="10.0"/>
                </Word>
                <TextEquiv>
                    <Unicode>n’obteniez pas de réponse. Il vous</Unicode>
                </TextEquiv>
                <TextStyle fontFamily="Times New Roman" fontSize="10.0"/>
            </TextLine>
            <TextLine id="tl_79" primaryLanguage="English" custom="readingOrder {index:5;}">
                <Coords points="1207,2260 2052,2260 2052,2308 1207,2308"/>
                <Baseline points="1207,2297 1270,2299 1442,2307 1522,2298 1671,2299 1912,2298 2052,2298"/>
                <Word id="w_w2aab1b9b2b9c11ab1" language="English" custom="readingOrder {index:0;}">
                    <Coords points="1207,2267 1270,2267 1270,2299 1207,2299"/>
                    <TextEquiv>
                        <Unicode>est</Unicode>
                    </TextEquiv>
                    <TextStyle fontFamily="Times New Roman" fontSize="10.0"/>
                </Word>
                <Word id="w_w2aab1b9b2b9c11ab9" language="English" custom="readingOrder {index:1;}">
                    <Coords points="1309,2263 1442,2263 1442,2307 1309,2307"/>
                    <TextEquiv>
                        <Unicode>facile,</Unicode>
                    </TextEquiv>
                    <TextStyle fontFamily="Times New Roman" fontSize="10.0"/>
                </Word>
                <Word id="w_w2aab1b9b2b9c11ac25" language="English" custom="readingOrder {index:2;}">
                    <Coords points="1485,2264 1522,2264 1522,2298 1485,2298"/>
                    <TextEquiv>
                        <Unicode>si</Unicode>
                    </TextEquiv>
                    <TextStyle fontFamily="Times New Roman" fontSize="10.0"/>
                </Word>
                <Word id="w_w2aab1b9b2b9c11ac31" language="English" custom="readingOrder {index:3;}">
                    <Coords points="1554,2267 1671,2267 1671,2299 1554,2299"/>
                    <TextEquiv>
                        <Unicode>votre</Unicode>
                    </TextEquiv>
                    <TextStyle fontFamily="Times New Roman" fontSize="10.0"/>
                </Word>
                <Word id="w_w2aab1b9b2b9c11ac43" language="English" custom="readingOrder {index:4;}">
                    <Coords points="1711,2263 1912,2263 1912,2299 1711,2299"/>
                    <TextEquiv>
                        <Unicode>intention</Unicode>
                    </TextEquiv>
                    <TextStyle fontFamily="Times New Roman" fontSize="10.0"/>
                </Word>
                <Word id="w_w2aab1b9b2b9c11ac63" language="English" custom="readingOrder {index:5;}">
                    <Coords points="1952,2266 2052,2266 2052,2298 1952,2298"/>
                    <TextEquiv>
                        <Unicode>n’est</Unicode>
                    </TextEquiv>
                    <TextStyle fontFamily="Times New Roman" fontSize="10.0"/>
                </Word>
                <TextEquiv>
                    <Unicode>est facile, si votre intention n’est</Unicode>
                </TextEquiv>
                <TextStyle fontFamily="Times New Roman" fontSize="10.0"/>
            </TextLine>
            <TextLine id="tl_80" primaryLanguage="English" custom="readingOrder {index:6;}">
                <Coords points="1209,2307 2052,2307 2052,2357 1209,2357"/>
                <Baseline points="1209,2353 1283,2345 1376,2346 1632,2345 1701,2347 2052,2352"/>
                <Word id="w_w2aab1b9b2b9c13ab1" language="English" custom="readingOrder {index:0;}">
                    <Coords points="1209,2319 1283,2319 1283,2353 1209,2353"/>
                    <TextEquiv>
                        <Unicode>pas</Unicode>
                    </TextEquiv>
                    <TextStyle fontFamily="Times New Roman" fontSize="10.0"/>
                </Word>
                <Word id="w_w2aab1b9b2b9c13ab9" language="English" custom="readingOrder {index:1;}">
                    <Coords points="1327,2310 1376,2310 1376,2346 1327,2346"/>
                    <TextEquiv>
                        <Unicode>de</Unicode>
                    </TextEquiv>
                    <TextStyle fontFamily="Times New Roman" fontSize="10.0"/>
                </Word>
                <Word id="w_w2aab1b9b2b9c13ac15" language="English" custom="readingOrder {index:2;}">
                    <Coords points="1421,2311 1632,2311 1632,2346 1421,2346"/>
                    <TextEquiv>
                        <Unicode>continuer</Unicode>
                    </TextEquiv>
                    <TextStyle fontFamily="Times New Roman" fontSize="10.0"/>
                </Word>
                <Word id="w_w2aab1b9b2b9c13ac35" language="English" custom="readingOrder {index:3;}">
                    <Coords points="1677,2311 1701,2311 1701,2347 1677,2347"/>
                    <TextEquiv>
                        <Unicode>à</Unicode>
                    </TextEquiv>
                    <TextStyle fontFamily="Times New Roman" fontSize="10.0"/>
                </Word>
                <Word id="w_w2aab1b9b2b9c13ac39" language="English" custom="readingOrder {index:4;}">
                    <Coords points="1744,2311 2052,2311 2052,2355 1744,2355"/>
                    <TextEquiv>
                        <Unicode>correspondre,</Unicode>
                    </TextEquiv>
                    <TextStyle fontFamily="Times New Roman" fontSize="10.0"/>
                </Word>
                <TextEquiv>
                    <Unicode>pas de continuer à correspondre,</Unicode>
                </TextEquiv>
                <TextStyle fontFamily="Times New Roman" fontSize="10.0"/>
            </TextLine>
            <TextLine id="tl_81" primaryLanguage="English" custom="readingOrder {index:7;}">
                <Coords points="1208,2354 2054,2354 2054,2405 1208,2405"/>
                <Baseline points="1208,2392 1451,2392 1554,2393 1749,2394 1832,2392 2054,2393"/>
                <Word id="w_w2aab1b9b2b9c15ab1" language="English" custom="readingOrder {index:0;}">
                    <Coords points="1208,2357 1451,2357 1451,2401 1208,2401"/>
                    <TextEquiv>
                        <Unicode>d’exprimer</Unicode>
                    </TextEquiv>
                    <TextStyle fontFamily="Times New Roman" fontSize="10.0"/>
                </Word>
                <Word id="w_w2aab1b9b2b9c15ac23" language="English" custom="readingOrder {index:1;}">
                    <Coords points="1479,2366 1554,2366 1554,2393 1479,2393"/>
                    <TextEquiv>
                        <Unicode>vos</Unicode>
                    </TextEquiv>
                    <TextStyle fontFamily="Times New Roman" fontSize="10.0"/>
                </Word>
                <Word id="w_w2aab1b9b2b9c15ac31" language="English" custom="readingOrder {index:2;}">
                    <Coords points="1590,2361 1749,2361 1749,2403 1590,2403"/>
                    <TextEquiv>
                        <Unicode>regrets</Unicode>
                    </TextEquiv>
                    <TextStyle fontFamily="Times New Roman" fontSize="10.0"/>
                </Word>
                <Word id="w_w2aab1b9b2b9c15ac47" language="English" custom="readingOrder {index:3;}">
                    <Coords points="1781,2368 1832,2368 1832,2393 1781,2393"/>
                    <TextEquiv>
                        <Unicode>en</Unicode>
                    </TextEquiv>
                    <TextStyle fontFamily="Times New Roman" fontSize="10.0"/>
                </Word>
                <Word id="w_w2aab1b9b2b9c15ac53" language="English" custom="readingOrder {index:4;}">
                    <Coords points="1861,2359 2054,2359 2054,2403 1861,2403"/>
                    <TextEquiv>
                        <Unicode>quelques</Unicode>
                    </TextEquiv>
                    <TextStyle fontFamily="Times New Roman" fontSize="10.0"/>
                </Word>
                <TextEquiv>
                    <Unicode>d’exprimer vos regrets en quelques</Unicode>
                </TextEquiv>
                <TextStyle fontFamily="Times New Roman" fontSize="10.0"/>
            </TextLine>
            <TextLine id="tl_82" primaryLanguage="English" custom="readingOrder {index:8;}">
                <Coords points="1208,2408 1327,2408 1327,2441 1208,2441"/>
                <Baseline points="1208,2439 1327,2440"/>
                <Word id="w_w2aab1b9b2b9c17ab1" language="English" custom="readingOrder {index:0;}">
                    <Coords points="1208,2408 1327,2408 1327,2441 1208,2441"/>
                    <TextEquiv>
                        <Unicode>mots.</Unicode>
                    </TextEquiv>
                    <TextStyle fontFamily="Times New Roman" fontSize="10.0"/>
                </Word>
                <TextEquiv>
                    <Unicode>mots.</Unicode>
                </TextEquiv>
                <TextStyle fontFamily="Times New Roman" fontSize="10.0"/>
            </TextLine>
            <TextEquiv>
                <Unicode>VIII. — Répondez toujours aux
lettres qui vous sont adressées. Vous
seriez certainement mécontent si
vous-même, écrivant une lettre, vous
n’obteniez pas de réponse. Il vous
est facile, si votre intention n’est
pas de continuer à correspondre,
d’exprimer vos regrets en quelques
mots.</Unicode>
            </TextEquiv>
        </TextRegion>
        <TextRegion type="paragraph" id="r_5_6" custom="readingOrder {index:15;}">
            <Coords points="1209,2500 2062,2500 2062,2825 1209,2825"/>
            <TextLine id="tl_83" primaryLanguage="English" custom="readingOrder {index:0;}">
                <Coords points="1255,2501 2057,2501 2057,2542 1255,2542"/>
                <Baseline points="1255,2538 1323,2539 1403,2530 1534,2538 1740,2538 1885,2539 2057,2530"/>
                <Word id="w_w2aab1b9b2c11b1ab1" language="English" custom="readingOrder {index:0;}">
                    <Coords points="1255,2504 1323,2504 1323,2539 1255,2539"/>
                    <TextEquiv>
                        <Unicode>IX.</Unicode>
                    </TextEquiv>
                    <TextStyle fontFamily="Times New Roman" fontSize="10.0"/>
                </Word>
                <Word id="w_w2aab1b9b2c11b1ab9" language="English" custom="readingOrder {index:1;}">
                    <Coords points="1361,2527 1403,2527 1403,2530 1361,2530"/>
                    <TextEquiv>
                        <Unicode>—</Unicode>
                    </TextEquiv>
                    <TextStyle fontFamily="Times New Roman" fontSize="10.0"/>
                </Word>
                <Word id="w_w2aab1b9b2c11b1ac13" language="English" custom="readingOrder {index:2;}">
                    <Coords points="1441,2503 1534,2503 1534,2538 1441,2538"/>
                    <TextEquiv>
                        <Unicode>Afin</Unicode>
                    </TextEquiv>
                    <TextStyle fontFamily="Times New Roman" fontSize="10.0"/>
                </Word>
                <Word id="w_w2aab1b9b2c11b1ac23" language="English" custom="readingOrder {index:3;}">
                    <Coords points="1569,2504 1740,2504 1740,2539 1569,2539"/>
                    <TextEquiv>
                        <Unicode>d’éviter</Unicode>
                    </TextEquiv>
                    <TextStyle fontFamily="Times New Roman" fontSize="10.0"/>
                </Word>
                <Word id="w_w2aab1b9b2c11b1ac41" language="English" custom="readingOrder {index:4;}">
                    <Coords points="1776,2507 1885,2507 1885,2539 1776,2539"/>
                    <TextEquiv>
                        <Unicode>toute</Unicode>
                    </TextEquiv>
                    <TextStyle fontFamily="Times New Roman" fontSize="10.0"/>
                </Word>
                <Word id="w_w2aab1b9b2c11b1ac53" language="English" custom="readingOrder {index:5;}">
                    <Coords points="1920,2505 2057,2505 2057,2540 1920,2540"/>
                    <TextEquiv>
                        <Unicode>confu¬</Unicode>
                    </TextEquiv>
                    <TextStyle fontFamily="Times New Roman" fontSize="10.0"/>
                </Word>
                <TextEquiv>
                    <Unicode>IX. — Afin d’éviter toute confu¬</Unicode>
                </TextEquiv>
                <TextStyle fontFamily="Times New Roman" fontSize="10.0"/>
            </TextLine>
            <TextLine id="tl_84" primaryLanguage="English" custom="readingOrder {index:1;}">
                <Coords points="1211,2549 2058,2549 2058,2598 1211,2598"/>
                <Baseline points="1211,2585 1300,2585 1555,2588 1815,2589 1987,2586 2058,2587"/>
                <Word id="w_w2aab1b9b2c11b3ab1" language="English" custom="readingOrder {index:0;}">
                    <Coords points="1211,2552 1300,2552 1300,2586 1211,2586"/>
                    <TextEquiv>
                        <Unicode>sion</Unicode>
                    </TextEquiv>
                    <TextStyle fontFamily="Times New Roman" fontSize="10.0"/>
                </Word>
                <Word id="w_w2aab1b9b2c11b3ac11" language="English" custom="readingOrder {index:1;}">
                    <Coords points="1336,2552 1555,2552 1555,2597 1336,2597"/>
                    <TextEquiv>
                        <Unicode>(plusieurs</Unicode>
                    </TextEquiv>
                    <TextStyle fontFamily="Times New Roman" fontSize="10.0"/>
                </Word>
                <Word id="w_w2aab1b9b2c11b3ac33" language="English" custom="readingOrder {index:2;}">
                    <Coords points="1595,2551 1815,2551 1815,2589 1595,2589"/>
                    <TextEquiv>
                        <Unicode>adhérents</Unicode>
                    </TextEquiv>
                    <TextStyle fontFamily="Times New Roman" fontSize="10.0"/>
                </Word>
                <Word id="w_w2aab1b9b2c11b3ac53" language="English" custom="readingOrder {index:3;}">
                    <Coords points="1860,2555 1987,2555 1987,2596 1860,2596"/>
                    <TextEquiv>
                        <Unicode>ayant</Unicode>
                    </TextEquiv>
                    <TextStyle fontFamily="Times New Roman" fontSize="10.0"/>
                </Word>
                <Word id="w_w2aab1b9b2c11b3ac65" language="English" custom="readingOrder {index:4;}">
                    <Coords points="2023,2553 2058,2553 2058,2587 2023,2587"/>
                    <TextEquiv>
                        <Unicode>le</Unicode>
                    </TextEquiv>
                    <TextStyle fontFamily="Times New Roman" fontSize="10.0"/>
                </Word>
                <TextEquiv>
                    <Unicode>sion (plusieurs adhérents ayant le</Unicode>
                </TextEquiv>
                <TextStyle fontFamily="Times New Roman" fontSize="10.0"/>
            </TextLine>
            <TextLine id="tl_85" primaryLanguage="English" custom="readingOrder {index:2;}">
                <Coords points="1210,2597 2057,2597 2057,2642 1210,2642"/>
                <Baseline points="1210,2634 1343,2634 1485,2641 1597,2634 1789,2634 2005,2636 2057,2635"/>
                <Word id="w_w2aab1b9b2c11b5ab1" language="English" custom="readingOrder {index:0;}">
                    <Coords points="1210,2600 1343,2600 1343,2634 1210,2634"/>
                    <TextEquiv>
                        <Unicode>même</Unicode>
                    </TextEquiv>
                    <TextStyle fontFamily="Times New Roman" fontSize="10.0"/>
                </Word>
                <Word id="w_w2aab1b9b2c11b5ac11" language="English" custom="readingOrder {index:1;}">
                    <Coords points="1373,2599 1485,2599 1485,2641 1373,2641"/>
                    <TextEquiv>
                        <Unicode>nom)</Unicode>
                    </TextEquiv>
                    <TextStyle fontFamily="Times New Roman" fontSize="10.0"/>
                </Word>
                <Word id="w_w2aab1b9b2c11b5ac21" language="English" custom="readingOrder {index:2;}">
                    <Coords points="1511,2603 1597,2603 1597,2635 1511,2635"/>
                    <TextEquiv>
                        <Unicode>tout</Unicode>
                    </TextEquiv>
                    <TextStyle fontFamily="Times New Roman" fontSize="10.0"/>
                </Word>
                <Word id="w_w2aab1b9b2c11b5ac31" language="English" custom="readingOrder {index:3;}">
                    <Coords points="1627,2600 1789,2600 1789,2634 1627,2634"/>
                    <TextEquiv>
                        <Unicode>abonné</Unicode>
                    </TextEquiv>
                    <TextStyle fontFamily="Times New Roman" fontSize="10.0"/>
                </Word>
                <Word id="w_w2aab1b9b2c11b5ac45" language="English" custom="readingOrder {index:4;}">
                    <Coords points="1822,2600 2005,2600 2005,2636 1822,2636"/>
                    <TextEquiv>
                        <Unicode>Privant</Unicode>
                    </TextEquiv>
                    <TextStyle fontFamily="Times New Roman" fontSize="10.0"/>
                </Word>
                <Word id="w_w2aab1b9b2c11b5ac61" language="English" custom="readingOrder {index:5;}">
                    <Coords points="2035,2600 2057,2600 2057,2635 2035,2635"/>
                    <TextEquiv>
                        <Unicode>à</Unicode>
                    </TextEquiv>
                    <TextStyle fontFamily="Times New Roman" fontSize="10.0"/>
                </Word>
                <TextEquiv>
                    <Unicode>même nom) tout abonné Privant à</Unicode>
                </TextEquiv>
                <TextStyle fontFamily="Times New Roman" fontSize="10.0"/>
            </TextLine>
            <TextLine id="tl_86" primaryLanguage="English" custom="readingOrder {index:3;}">
                <Coords points="1214,2643 2061,2643 2061,2686 1214,2686"/>
                <Baseline points="1214,2680 1665,2680 1754,2681 1948,2683 2061,2682"/>
                <Word id="w_w2aab1b9b2c11b7ab1" language="English" custom="readingOrder {index:0;}">
                    <Coords points="1214,2646 1665,2646 1665,2682 1214,2682"/>
                    <TextEquiv>
                        <Unicode>INTERMEDIAIRE</Unicode>
                    </TextEquiv>
                    <TextStyle fontFamily="Times New Roman" fontSize="10.0"/>
                </Word>
                <Word id="w_w2aab1b9b2c11b7ac29" language="English" custom="readingOrder {index:1;}">
                    <Coords points="1683,2647 1754,2647 1754,2682 1683,2682"/>
                    <TextEquiv>
                        <Unicode>DU</Unicode>
                    </TextEquiv>
                    <TextStyle fontFamily="Times New Roman" fontSize="10.0"/>
                </Word>
                <Word id="w_w2aab1b9b2c11b7ac35" language="English" custom="readingOrder {index:2;}">
                    <Coords points="1774,2647 1948,2647 1948,2683 1774,2683"/>
                    <TextEquiv>
                        <Unicode>FOYER</Unicode>
                    </TextEquiv>
                    <TextStyle fontFamily="Times New Roman" fontSize="10.0"/>
                </Word>
                <Word id="w_w2aab1b9b2c11b7ac47" language="English" custom="readingOrder {index:3;}">
                    <Coords points="1967,2647 2061,2647 2061,2683 1967,2683"/>
                    <TextEquiv>
                        <Unicode>EST</Unicode>
                    </TextEquiv>
                    <TextStyle fontFamily="Times New Roman" fontSize="10.0"/>
                </Word>
                <TextEquiv>
                    <Unicode>INTERMEDIAIRE DU FOYER EST</Unicode>
                </TextEquiv>
                <TextStyle fontFamily="Times New Roman" fontSize="10.0"/>
            </TextLine>
            <TextLine id="tl_87" primaryLanguage="English" custom="readingOrder {index:4;}">
                <Coords points="1218,2690 2057,2690 2057,2733 1218,2733"/>
                <Baseline points="1218,2728 1338,2728 1438,2728 1627,2728 1856,2728 1922,2730 2057,2722"/>
                <Word id="w_w2aab1b9b2c11b9ab1" language="English" custom="readingOrder {index:0;}">
                    <Coords points="1218,2694 1338,2694 1338,2728 1218,2728"/>
                    <TextEquiv>
                        <Unicode>PRIE</Unicode>
                    </TextEquiv>
                    <TextStyle fontFamily="Times New Roman" fontSize="10.0"/>
                </Word>
                <Word id="w_w2aab1b9b2c11b9ac11" language="English" custom="readingOrder {index:1;}">
                    <Coords points="1371,2693 1438,2693 1438,2728 1371,2728"/>
                    <TextEquiv>
                        <Unicode>DE</Unicode>
                    </TextEquiv>
                    <TextStyle fontFamily="Times New Roman" fontSize="10.0"/>
                </Word>
                <Word id="w_w2aab1b9b2c11b9ac17" language="English" custom="readingOrder {index:2;}">
                    <Coords points="1470,2692 1627,2692 1627,2728 1470,2728"/>
                    <TextEquiv>
                        <Unicode>FAIRE</Unicode>
                    </TextEquiv>
                    <TextStyle fontFamily="Times New Roman" fontSize="10.0"/>
                </Word>
                <Word id="w_w2aab1b9b2c11b9ac29" language="English" custom="readingOrder {index:3;}">
                    <Coords points="1662,2694 1856,2694 1856,2730 1662,2730"/>
                    <TextEquiv>
                        <Unicode>SUIVRE</Unicode>
                    </TextEquiv>
                    <TextStyle fontFamily="Times New Roman" fontSize="10.0"/>
                </Word>
                <Word id="w_w2aab1b9b2c11b9ac43" language="English" custom="readingOrder {index:4;}">
                    <Coords points="1897,2694 1957,2694 1957,2731 1897,2731"/>
                    <TextEquiv>
                        <Unicode>SA</Unicode>
                    </TextEquiv>
                    <TextStyle fontFamily="Times New Roman" fontSize="10.0"/>
                </Word>
                <Word id="w_w2aab1b9b2c11b9b1b1" language="English" custom="readingOrder {index:5;}">
                    <Coords points="2000,2696 2057,2696 2057,2730 2000,2730"/>
                    <TextEquiv>
                        <Unicode>SI¬</Unicode>
                    </TextEquiv>
                    <TextStyle fontFamily="Times New Roman" fontSize="5.0" bold="true"/>
                </Word>
                <TextEquiv>
                    <Unicode>PRIE DE FAIRE SUIVRE SA SI¬</Unicode>
                </TextEquiv>
            </TextLine>
            <TextLine id="tl_88" primaryLanguage="English" custom="readingOrder {index:5;}">
                <Coords points="1223,2737 2057,2737 2057,2779 1223,2779"/>
                <Baseline points="1223,2774 1471,2775 1599,2775 1772,2775 2057,2776"/>
                <Word id="w_w2aab1b9b2c11c11ab1" language="English" custom="readingOrder {index:0;}">
                    <Coords points="1223,2740 1471,2740 1471,2776 1223,2776"/>
                    <TextEquiv>
                        <Unicode>GNATURE</Unicode>
                    </TextEquiv>
                    <TextStyle fontFamily="Times New Roman" fontSize="10.0"/>
                </Word>
                <Word id="w_w2aab1b9b2c11c11ac17" language="English" custom="readingOrder {index:1;}">
                    <Coords points="1533,2741 1599,2741 1599,2775 1533,2775"/>
                    <TextEquiv>
                        <Unicode>DE</Unicode>
                    </TextEquiv>
                    <TextStyle fontFamily="Times New Roman" fontSize="10.0"/>
                </Word>
                <Word id="w_w2aab1b9b2c11c11ac23" language="English" custom="readingOrder {index:2;}">
                    <Coords points="1670,2740 1772,2740 1772,2775 1670,2775"/>
                    <TextEquiv>
                        <Unicode>SON</Unicode>
                    </TextEquiv>
                    <TextStyle fontFamily="Times New Roman" fontSize="10.0"/>
                </Word>
                <Word id="w_w2aab1b9b2c11c11ac31" language="English" custom="readingOrder {index:3;}">
                    <Coords points="1833,2741 2057,2741 2057,2776 1833,2776"/>
                    <TextEquiv>
                        <Unicode>NUMERO</Unicode>
                    </TextEquiv>
                    <TextStyle fontFamily="Times New Roman" fontSize="10.0"/>
                </Word>
                <TextEquiv>
                    <Unicode>GNATURE DE SON NUMERO</Unicode>
                </TextEquiv>
                <TextStyle fontFamily="Times New Roman" fontSize="10.0"/>
            </TextLine>
            <TextLine id="tl_89" primaryLanguage="English" custom="readingOrder {index:6;}">
                <Coords points="1217,2786 1454,2786 1454,2824 1217,2824"/>
                <Baseline points="1217,2822 1454,2823"/>
                <Word id="w_w2aab1b9b2c11c13ab1" language="English" custom="readingOrder {index:0;}">
                    <Coords points="1217,2787 1454,2787 1454,2823 1217,2823"/>
                    <TextEquiv>
                        <Unicode>D’ORDRE.</Unicode>
                    </TextEquiv>
                    <TextStyle fontFamily="Times New Roman" fontSize="10.0"/>
                </Word>
                <TextEquiv>
                    <Unicode>D’ORDRE.</Unicode>
                </TextEquiv>
                <TextStyle fontFamily="Times New Roman" fontSize="10.0"/>
            </TextLine>
            <TextEquiv>
                <Unicode>IX. — Afin d’éviter toute confu¬
sion (plusieurs adhérents ayant le
même nom) tout abonné Privant à
INTERMEDIAIRE DU FOYER EST
PRIE DE FAIRE SUIVRE SA SI¬
GNATURE DE SON NUMERO
D’ORDRE.</Unicode>
            </TextEquiv>
        </TextRegion>
        <TextRegion type="paragraph" id="r_5_7" custom="readingOrder {index:16;}">
            <Coords points="1217,2841 2062,2841 2062,3026 1217,3026"/>
            <TextLine id="tl_90" primaryLanguage="English" custom="readingOrder {index:0;}">
                <Coords points="1258,2842 2059,2842 2059,2883 1258,2883"/>
                <Baseline points="1258,2880 1384,2880 1546,2879 1835,2880 1957,2881 2059,2873"/>
                <Word id="w_w2aab1b9b2c13b1ab1" language="English" custom="readingOrder {index:0;}">
                    <Coords points="1258,2845 1384,2845 1384,2880 1258,2880"/>
                    <TextEquiv>
                        <Unicode>Toute</Unicode>
                    </TextEquiv>
                    <TextStyle fontFamily="Times New Roman" fontSize="10.0"/>
                </Word>
                <Word id="w_w2aab1b9b2c13b1ac13" language="English" custom="readingOrder {index:1;}">
                    <Coords points="1429,2844 1546,2844 1546,2879 1429,2879"/>
                    <TextEquiv>
                        <Unicode>lettre</Unicode>
                    </TextEquiv>
                    <TextStyle fontFamily="Times New Roman" fontSize="10.0"/>
                </Word>
                <Word id="w_w2aab1b9b2c13b1ac27" language="English" custom="readingOrder {index:2;}">
                    <Coords points="1583,2844 1835,2844 1835,2880 1583,2880"/>
                    <TextEquiv>
                        <Unicode>demandant</Unicode>
                    </TextEquiv>
                    <TextStyle fontFamily="Times New Roman" fontSize="10.0"/>
                </Word>
                <Word id="w_w2aab1b9b2c13b1ac47" language="English" custom="readingOrder {index:3;}">
                    <Coords points="1878,2855 1957,2855 1957,2881 1878,2881"/>
                    <TextEquiv>
                        <Unicode>une</Unicode>
                    </TextEquiv>
                    <TextStyle fontFamily="Times New Roman" fontSize="10.0"/>
                </Word>
                <Word id="w_w2aab1b9b2c13b1ac55" language="English" custom="readingOrder {index:4;}">
                    <Coords points="2000,2846 2059,2846 2059,2880 2000,2880"/>
                    <TextEquiv>
                        <Unicode>ré¬</Unicode>
                    </TextEquiv>
                    <TextStyle fontFamily="Times New Roman" fontSize="10.0"/>
                </Word>
                <TextEquiv>
                    <Unicode>Toute lettre demandant une ré¬</Unicode>
                </TextEquiv>
                <TextStyle fontFamily="Times New Roman" fontSize="10.0"/>
            </TextLine>
            <TextLine id="tl_91" primaryLanguage="English" custom="readingOrder {index:1;}">
                <Coords points="1219,2889 2061,2889 2061,2937 1219,2937"/>
                <Baseline points="1219,2937 1349,2928 1430,2928 1501,2926 1938,2927 2061,2929"/>
                <Word id="w_w2aab1b9b2c13b3ab1" language="English" custom="readingOrder {index:0;}">
                    <Coords points="1219,2902 1349,2902 1349,2937 1219,2937"/>
                    <TextEquiv>
                        <Unicode>ponse</Unicode>
                    </TextEquiv>
                    <TextStyle fontFamily="Times New Roman" fontSize="10.0"/>
                </Word>
                <Word id="w_w2aab1b9b2c13b3ac13" language="English" custom="readingOrder {index:1;}">
                    <Coords points="1406,2893 1430,2893 1430,2928 1406,2928"/>
                    <TextEquiv>
                        <Unicode>à</Unicode>
                    </TextEquiv>
                    <TextStyle fontFamily="Times New Roman" fontSize="10.0"/>
                </Word>
                <Word id="w_w2aab1b9b2c13b3ac17" language="English" custom="readingOrder {index:2;}">
                    <Coords points="1488,2891 1501,2891 1501,2926 1488,2926"/>
                    <TextEquiv>
                        <Unicode>1</Unicode>
                    </TextEquiv>
                    <TextStyle fontFamily="Times New Roman" fontSize="10.0"/>
                </Word>
                <Word id="w_w2aab1b9b2c13b3ac21" language="English" custom="readingOrder {index:3;}">
                    <Coords points="1516,2892 1938,2892 1938,2927 1516,2927"/>
                    <TextEquiv>
                        <Unicode>INTERMEDIAIRE</Unicode>
                    </TextEquiv>
                    <TextStyle fontFamily="Times New Roman" fontSize="10.0"/>
                </Word>
                <Word id="w_w2aab1b9b2c13b3ac49" language="English" custom="readingOrder {index:4;}">
                    <Coords points="1991,2894 2061,2894 2061,2929 1991,2929"/>
                    <TextEquiv>
                        <Unicode>DU</Unicode>
                    </TextEquiv>
                    <TextStyle fontFamily="Times New Roman" fontSize="10.0"/>
                </Word>
                <TextEquiv>
                    <Unicode>ponse à 1 INTERMEDIAIRE DU</Unicode>
                </TextEquiv>
                <TextStyle fontFamily="Times New Roman" fontSize="10.0"/>
            </TextLine>
            <TextLine id="tl_92" primaryLanguage="English" custom="readingOrder {index:2;}">
                <Coords points="1218,2937 2061,2937 2061,2986 1218,2986"/>
                <Baseline points="1218,2975 1392,2976 1504,2974 1613,2975 1913,2976 2061,2975"/>
                <Word id="w_w2aab1b9b2c13b5ab1" language="English" custom="readingOrder {index:0;}">
                    <Coords points="1218,2941 1392,2941 1392,2976 1218,2976"/>
                    <TextEquiv>
                        <Unicode>FOYER</Unicode>
                    </TextEquiv>
                    <TextStyle fontFamily="Times New Roman" fontSize="10.0"/>
                </Word>
                <Word id="w_w2aab1b9b2c13b5ac13" language="English" custom="readingOrder {index:1;}">
                    <Coords points="1422,2939 1504,2939 1504,2974 1422,2974"/>
                    <TextEquiv>
                        <Unicode>doit</Unicode>
                    </TextEquiv>
                    <TextStyle fontFamily="Times New Roman" fontSize="10.0"/>
                </Word>
                <Word id="w_w2aab1b9b2c13b5ac23" language="English" custom="readingOrder {index:2;}">
                    <Coords points="1529,2940 1613,2940 1613,2975 1529,2975"/>
                    <TextEquiv>
                        <Unicode>être</Unicode>
                    </TextEquiv>
                    <TextStyle fontFamily="Times New Roman" fontSize="10.0"/>
                </Word>
                <Word id="w_w2aab1b9b2c13b5ac33" language="English" custom="readingOrder {index:3;}">
                    <Coords points="1636,2942 1913,2942 1913,2984 1636,2984"/>
                    <TextEquiv>
                        <Unicode>accompagné</Unicode>
                    </TextEquiv>
                    <TextStyle fontFamily="Times New Roman" fontSize="10.0"/>
                </Word>
                <Word id="w_w2aab1b9b2c13b5ac55" language="English" custom="readingOrder {index:4;}">
                    <Coords points="1938,2941 2061,2941 2061,2976 1938,2976"/>
                    <TextEquiv>
                        <Unicode>D’UN</Unicode>
                    </TextEquiv>
                    <TextStyle fontFamily="Times New Roman" fontSize="10.0"/>
                </Word>
                <TextEquiv>
                    <Unicode>FOYER doit être accompagné D’UN</Unicode>
                </TextEquiv>
                <TextStyle fontFamily="Times New Roman" fontSize="10.0"/>
            </TextLine>
            <TextLine id="tl_93" primaryLanguage="English" custom="readingOrder {index:3;}">
                <Coords points="1220,2985 1776,2985 1776,3025 1220,3025"/>
                <Baseline points="1220,3023 1606,3022 1661,3024 1776,3019"/>
                <Word id="w_w2aab1b9b2c13b7ab1" language="English" custom="readingOrder {index:0;}">
                    <Coords points="1220,2987 1606,2987 1606,3023 1220,3023"/>
                    <TextEquiv>
                        <Unicode>TIMBRE-POSTE</Unicode>
                    </TextEquiv>
                    <TextStyle fontFamily="Times New Roman" fontSize="10.0"/>
                </Word>
                <Word id="w_w2aab1b9b2c13b7ac27" language="English" custom="readingOrder {index:1;}">
                    <Coords points="1637,2990 1661,2990 1661,3024 1637,3024"/>
                    <TextEquiv>
                        <Unicode>à</Unicode>
                    </TextEquiv>
                    <TextStyle fontFamily="Times New Roman" fontSize="10.0"/>
                </Word>
                <Word id="w_w2aab1b9b2c13b7ac31" language="English" custom="readingOrder {index:2;}">
                    <Coords points="1682,2985 1776,2985 1776,3022 1682,3022"/>
                    <TextEquiv>
                        <Unicode>0.25</Unicode>
                    </TextEquiv>
                    <TextStyle fontFamily="Times New Roman" fontSize="10.0"/>
                </Word>
                <TextEquiv>
                    <Unicode>TIMBRE-POSTE à 0.25</Unicode>
                </TextEquiv>
                <TextStyle fontFamily="Times New Roman" fontSize="10.0"/>
            </TextLine>
            <TextEquiv>
                <Unicode>Toute lettre demandant une ré¬
ponse à 1 INTERMEDIAIRE DU
FOYER doit être accompagné D’UN
TIMBRE-POSTE à 0.25</Unicode>
            </TextEquiv>
        </TextRegion>
        <TextRegion type="paragraph" id="r_5_8" custom="readingOrder {index:17;}">
            <Coords points="1213,3098 2062,3098 2062,3243 1213,3243"/>
            <TextLine id="tl_94" primaryLanguage="English" custom="readingOrder {index:0;}">
                <Coords points="1259,3099 2061,3099 2061,3150 1259,3150"/>
                <Baseline points="1259,3136 1308,3136 1384,3127 1448,3135 1583,3136 1708,3136 1875,3137 2061,3139"/>
                <Word id="w_w2aab1b9b2c15b1ab1" language="English" custom="readingOrder {index:0;}">
                    <Coords points="1259,3103 1308,3103 1308,3136 1259,3136"/>
                    <TextEquiv>
                        <Unicode>X.</Unicode>
                    </TextEquiv>
                    <TextStyle fontFamily="Times New Roman" fontSize="10.0"/>
                </Word>
                <Word id="w_w2aab1b9b2c15b1ab7" language="English" custom="readingOrder {index:1;}">
                    <Coords points="1339,3123 1384,3123 1384,3127 1339,3127"/>
                    <TextEquiv>
                        <Unicode>—</Unicode>
                    </TextEquiv>
                    <TextStyle fontFamily="Times New Roman" fontSize="10.0"/>
                </Word>
                <Word id="w_w2aab1b9b2c15b1ac11" language="English" custom="readingOrder {index:2;}">
                    <Coords points="1416,3101 1448,3101 1448,3136 1416,3136"/>
                    <TextEquiv>
                        <Unicode>Il</Unicode>
                    </TextEquiv>
                    <TextStyle fontFamily="Times New Roman" fontSize="10.0"/>
                </Word>
                <Word id="w_w2aab1b9b2c15b1ac17" language="English" custom="readingOrder {index:3;}">
                    <Coords points="1478,3101 1583,3101 1583,3136 1478,3136"/>
                    <TextEquiv>
                        <Unicode>n’est</Unicode>
                    </TextEquiv>
                    <TextStyle fontFamily="Times New Roman" fontSize="10.0"/>
                </Word>
                <Word id="w_w2aab1b9b2c15b1ac29" language="English" custom="readingOrder {index:4;}">
                    <Coords points="1610,3104 1708,3104 1708,3136 1610,3136"/>
                    <TextEquiv>
                        <Unicode>tenu</Unicode>
                    </TextEquiv>
                    <TextStyle fontFamily="Times New Roman" fontSize="10.0"/>
                </Word>
                <Word id="w_w2aab1b9b2c15b1ac39" language="English" custom="readingOrder {index:5;}">
                    <Coords points="1740,3112 1875,3112 1875,3137 1740,3137"/>
                    <TextEquiv>
                        <Unicode>aucun</Unicode>
                    </TextEquiv>
                    <TextStyle fontFamily="Times New Roman" fontSize="10.0"/>
                </Word>
                <Word id="w_w2aab1b9b2c15b1ac51" language="English" custom="readingOrder {index:6;}">
                    <Coords points="1903,3106 2061,3106 2061,3147 1903,3147"/>
                    <TextEquiv>
                        <Unicode>compte</Unicode>
                    </TextEquiv>
                    <TextStyle fontFamily="Times New Roman" fontSize="10.0"/>
                </Word>
                <TextEquiv>
                    <Unicode>X. — Il n’est tenu aucun compte</Unicode>
                </TextEquiv>
                <TextStyle fontFamily="Times New Roman" fontSize="10.0"/>
            </TextLine>
            <TextLine id="tl_95" primaryLanguage="English" custom="readingOrder {index:1;}">
                <Coords points="1214,3147 2060,3147 2060,3190 1214,3190"/>
                <Baseline points="1214,3184 1286,3187 1453,3186 1672,3185 1864,3186 2060,3187"/>
                <Word id="w_w2aab1b9b2c15b3ab1" language="English" custom="readingOrder {index:0;}">
                    <Coords points="1214,3150 1286,3150 1286,3187 1214,3187"/>
                    <TextEquiv>
                        <Unicode>des</Unicode>
                    </TextEquiv>
                    <TextStyle fontFamily="Times New Roman" fontSize="10.0"/>
                </Word>
                <Word id="w_w2aab1b9b2c15b3ab9" language="English" custom="readingOrder {index:1;}">
                    <Coords points="1313,3150 1453,3150 1453,3186 1313,3186"/>
                    <TextEquiv>
                        <Unicode>lettres</Unicode>
                    </TextEquiv>
                    <TextStyle fontFamily="Times New Roman" fontSize="10.0"/>
                </Word>
                <Word id="w_w2aab1b9b2c15b3ac25" language="English" custom="readingOrder {index:2;}">
                    <Coords points="1487,3149 1672,3149 1672,3185 1487,3185"/>
                    <TextEquiv>
                        <Unicode>donnant</Unicode>
                    </TextEquiv>
                    <TextStyle fontFamily="Times New Roman" fontSize="10.0"/>
                </Word>
                <Word id="w_w2aab1b9b2c15b3ac41" language="English" custom="readingOrder {index:3;}">
                    <Coords points="1705,3160 1864,3160 1864,3186 1705,3186"/>
                    <TextEquiv>
                        <Unicode>comme</Unicode>
                    </TextEquiv>
                    <TextStyle fontFamily="Times New Roman" fontSize="10.0"/>
                </Word>
                <Word id="w_w2aab1b9b2c15b3ac53" language="English" custom="readingOrder {index:4;}">
                    <Coords points="1893,3153 2060,3153 2060,3187 1893,3187"/>
                    <TextEquiv>
                        <Unicode>adresse</Unicode>
                    </TextEquiv>
                    <TextStyle fontFamily="Times New Roman" fontSize="10.0"/>
                </Word>
                <TextEquiv>
                    <Unicode>des lettres donnant comme adresse</Unicode>
                </TextEquiv>
                <TextStyle fontFamily="Times New Roman" fontSize="10.0"/>
            </TextLine>
            <TextLine id="tl_96" primaryLanguage="English" custom="readingOrder {index:2;}">
                <Coords points="1214,3195 1947,3195 1947,3242 1214,3242"/>
                <Baseline points="1214,3232 1462,3230 1533,3231 1594,3231 1731,3230 1947,3236"/>
                <Word id="w_w2aab1b9b2c15b5ab1" language="English" custom="readingOrder {index:0;}">
                    <Coords points="1214,3197 1462,3197 1462,3233 1214,3233"/>
                    <TextEquiv>
                        <Unicode>l’indication</Unicode>
                    </TextEquiv>
                    <TextStyle fontFamily="Times New Roman" fontSize="10.0"/>
                </Word>
                <Word id="w_w2aab1b9b2c15b5ac27" language="English" custom="readingOrder {index:1;}">
                    <Coords points="1484,3197 1533,3197 1533,3231 1484,3231"/>
                    <TextEquiv>
                        <Unicode>de</Unicode>
                    </TextEquiv>
                    <TextStyle fontFamily="Times New Roman" fontSize="10.0"/>
                </Word>
                <Word id="w_w2aab1b9b2c15b5ac33" language="English" custom="readingOrder {index:2;}">
                    <Coords points="1555,3197 1594,3197 1594,3232 1555,3232"/>
                    <TextEquiv>
                        <Unicode>la</Unicode>
                    </TextEquiv>
                    <TextStyle fontFamily="Times New Roman" fontSize="10.0"/>
                </Word>
                <Word id="w_w2aab1b9b2c15b5ac39" language="English" custom="readingOrder {index:3;}">
                    <Coords points="1617,3201 1731,3201 1731,3241 1617,3241"/>
                    <TextEquiv>
                        <Unicode>poste</Unicode>
                    </TextEquiv>
                    <TextStyle fontFamily="Times New Roman" fontSize="10.0"/>
                </Word>
                <Word id="w_w2aab1b9b2c15b5ac51" language="English" custom="readingOrder {index:4;}">
                    <Coords points="1752,3202 1947,3202 1947,3236 1752,3236"/>
                    <TextEquiv>
                        <Unicode>restante.</Unicode>
                    </TextEquiv>
                    <TextStyle fontFamily="Times New Roman" fontSize="10.0"/>
                </Word>
                <TextEquiv>
                    <Unicode>l’indication de la poste restante.</Unicode>
                </TextEquiv>
                <TextStyle fontFamily="Times New Roman" fontSize="10.0"/>
            </TextLine>
            <TextEquiv>
                <Unicode>X. — Il n’est tenu aucun compte
des lettres donnant comme adresse
l’indication de la poste restante.</Unicode>
            </TextEquiv>
        </TextRegion>
        <SeparatorRegion id="r_6" custom="readingOrder {index:18;}">
            <Coords points="3,0 84,0 84,1 3,1"/>
        </SeparatorRegion>
        <SeparatorRegion id="r_7" custom="readingOrder {index:19;}">
            <Coords points="480,0 621,0 621,1 480,1"/>
        </SeparatorRegion>
        <SeparatorRegion id="r_8" custom="readingOrder {index:20;}">
            <Coords points="1017,0 1159,0 1159,1 1017,1"/>
        </SeparatorRegion>
        <SeparatorRegion id="r_9" custom="readingOrder {index:21;}">
            <Coords points="1554,0 1696,0 1696,1 1554,1"/>
        </SeparatorRegion>
        <SeparatorRegion id="r_10" custom="readingOrder {index:22;}">
            <Coords points="2091,0 2233,0 2233,1 2091,1"/>
        </SeparatorRegion>
        <SeparatorRegion id="r_11" custom="readingOrder {index:23;}">
            <Coords points="2043,62 2202,62 2202,66 2043,66"/>
        </SeparatorRegion>
        <SeparatorRegion id="r_12" custom="readingOrder {index:24;}">
            <Coords points="979,519 1326,519 1326,527 979,527"/>
        </SeparatorRegion>
        <SeparatorRegion id="r_13" custom="readingOrder {index:25;}">
            <Coords points="82,3479 2312,3479 2312,3488 82,3488"/>
        </SeparatorRegion>
        <SeparatorRegion id="r_14" custom="readingOrder {index:26;}">
            <Coords points="74,97 79,97 79,298 74,298"/>
        </SeparatorRegion>
        <SeparatorRegion id="r_15" custom="readingOrder {index:27;}">
            <Coords points="81,836 84,836 84,952 81,952"/>
        </SeparatorRegion>
        <SeparatorRegion id="r_16" custom="readingOrder {index:28;}">
            <Coords points="88,1830 92,1830 92,1941 88,1941"/>
        </SeparatorRegion>
        <SeparatorRegion id="r_17" custom="readingOrder {index:29;}">
            <Coords points="1158,817 1177,817 1177,3234 1158,3234"/>
        </SeparatorRegion>
        <SeparatorRegion id="r_18" custom="readingOrder {index:30;}">
            <Coords points="2197,64 2214,64 2214,3377 2197,3377"/>
        </SeparatorRegion>
        <SeparatorRegion id="r_19" custom="readingOrder {index:31;}">
            <Coords points="2313,0 2315,0 2315,402 2313,402"/>
        </SeparatorRegion>
        <SeparatorRegion id="r_20" custom="readingOrder {index:32;}">
            <Coords points="104,3320 107,3320 107,3368 104,3368"/>
        </SeparatorRegion>
    </Page>
</PcGts>
