2472 3696
587 304 980 385 POUR
1077 302 1346 380 LES
1445 297 1950 377 DAMES

440 485 520 522 164.
556 501 600 507 —
634 481 905 529 Agriculteur,
920 517 926 522 .
941 478 986 516 26
1019 486 1109 522 ans,
1147 482 1240 514 con¬

387 534 579 571 naissant
615 531 707 569 bien
752 540 826 568 son
863 527 1018 574 métier,
1057 527 1245 564 actuelle¬

389 582 502 617 ment
531 580 667 616 blessé
693 579 745 615 de
774 585 934 623 guerre,
968 574 1075 617 mais
1104 573 1245 619 vigou¬

389 638 501 672 reux,
536 626 644 668 actif,
675 625 852 669 instruit,
883 624 1066 669 pouvant
1093 621 1246 666 diriger

388 676 534 713 affaire
561 673 749 721 agricole,
780 672 914 709 désire
938 671 1123 715 mariage
1147 677 1246 705 avec

388 723 508 769 jeune
538 722 619 760 fille
646 730 697 758 ou
725 721 844 766 jeune
874 728 1007 756 veuve
1038 718 1165 762 ayant
1192 715 1246 752 si¬

389 770 547 807 tuation
579 767 684 806 dans
715 767 1004 813 l’agriculture.

440 840 519 876 176.
541 863 587 869 —
607 838 744 884 Belge,
765 837 812 874 39
832 846 921 881 ans,
951 836 1036 873 très
1058 833 1238 876 instruit,

393 888 613 933 distingué,
660 886 782 929 doux,
831 885 1073 927 affectueux,
1123 882 1239 918 ruiné

393 947 469 984 par
490 940 550 975 les
573 934 743 977 Boches,
770 932 963 970 voudrait
984 929 1170 968 s’établir
1193 939 1244 967 en

393 984 550 1021 France
590 985 629 1020 et
661 983 836 1028 épouser
867 979 1101 1017 demoiselle
1135 978 1244 1014 fran¬

395 1032 504 1077 çaise
535 1041 584 1068 ou
620 1039 751 1067 veuve
784 1028 837 1066 de
871 1035 1020 1074 guerre
1054 1036 1158 1063 avec
1192 1035 1244 1062 ou

396 1088 496 1117 sans
521 1078 673 1116 enfant.

447 1157 526 1194 178.
550 1179 596 1184 —
622 1155 728 1192 Veuf
757 1164 856 1192 sans
886 1152 1051 1195 famille,
1082 1150 1127 1187 60
1153 1160 1241 1193 ans,

399 1205 492 1242 bien
521 1202 850 1249 physiquement,
884 1202 1018 1236 bonne
1039 1196 1242 1239 conduite,

397 1253 643 1295 affectueux,
673 1249 804 1287 80.000
832 1249 896 1292 fr.,
929 1246 1026 1293 gain
1049 1244 1157 1283 3.000
1179 1245 1242 1286 fr.,
1282 1258 1287 1279 i

399 1298 634 1344 épouserait
658 1296 893 1335 demoiselle
919 1303 973 1332 ou
998 1303 1130 1330 veuve
1154 1292 1200 1328 40
1222 1292 1247 1329 à

390 1346 435 1384 50
453 1355 542 1389 ans,
564 1346 657 1382 bien
679 1339 1006 1390 physiquement,
1031 1338 1249 1378 affectueu¬

402 1405 456 1435 se,
485 1392 671 1431 conduite
697 1396 735 1431 et
762 1389 978 1428 éducation
1006 1389 1177 1424 bonnes.

450 1464 530 1500 182.
565 1483 611 1489 —
647 1460 963 1497 Fonctionnaire
994 1459 1089 1495 Etat
1122 1457 1251 1504 ayant

397 1511 553 1556 avenir,
601 1509 646 1546 44
690 1519 781 1553 ans,
844 1507 950 1544 mais
1011 1505 1249 1552 paraissant

395 1562 604 1605 beaucoup
623 1557 771 1602 moins,
793 1555 901 1598 veuf,
921 1553 1145 1591 recherche
1163 1560 1250 1598 per¬

400 1617 528 1646 sonne
571 1604 752 1651 intellig.,
798 1605 846 1643 de
891 1604 971 1640 bon
1028 1600 1248 1641 caractère,

400 1656 528 1702 ayant
565 1654 693 1700 avoir,
728 1649 1028 1690 fonctionnaire
1066 1659 1118 1685 ou
1155 1656 1249 1683 non.

457 1727 536 1765 190.
578 1747 624 1753 —
658 1726 786 1761 Jeune
827 1722 992 1758 homme
1034 1721 1168 1765 blond,
1212 1717 1256 1755 26

404 1786 493 1821 ans,
542 1769 1012 1820 ajusteur-mécanicien,
1074 1765 1252 1811 sérieux,

405 1822 605 1870 physique
631 1820 835 1868 agréable,
864 1815 1003 1864 épous.
1032 1816 1153 1862 jeune
1177 1814 1258 1850 fille

407 1882 457 1910 ou
488 1880 631 1915 veuve,
672 1869 793 1916 goûts
855 1865 1036 1912 simples,
1100 1861 1259 1898 aimant

408 1928 637 1957 commerce
665 1917 704 1957 et
730 1915 858 1962 ayant
884 1913 983 1960 petit
1010 1911 1138 1948 avoir.

464 1989 543 2026 193.
569 2009 615 2015 —
638 1988 765 2024 Jeune
791 1982 956 2020 homme
981 1982 1030 2020 de
1053 1983 1140 2018 très
1167 1981 1263 2017 bon¬

410 2049 461 2076 ne
501 2036 665 2081 famille,
707 2032 1016 2075 fonctionnaire,
1060 2029 1177 2074 brun,
1220 2025 1264 2063 28

413 2097 502 2130 ans,
541 2083 782 2129 catholique,
817 2079 933 2117 avoir
966 2076 1072 2115 3.000
1105 2077 1169 2121 fr.,
1207 2085 1266 2112 es¬

415 2135 615 2181 pérances
640 2129 770 2167 15.000
797 2130 860 2173 fr.,
888 2123 1121 2171 épouserait
1147 2124 1267 2170 jeune

417 2183 498 2219 fille
532 2191 585 2218 ou
617 2188 751 2218 veuve
786 2177 834 2214 de
869 2175 914 2213 18
948 2175 972 2211 à
1006 2173 1051 2210 25
1085 2181 1175 2216 ans,
1215 2170 1269 2207 ai¬

416 2231 533 2267 mant
562 2233 801 2274 campagne,
833 2232 934 2260 avec
962 2227 1191 2259 commerce
1221 2227 1270 2254 ou

418 2279 540 2325 petite
562 2275 642 2314 dot.

469 2353 546 2392 198.
585 2353 633 2388 —
673 2346 930 2393 Célibataire,
972 2346 1016 2383 40
1057 2355 1146 2390 ans,
1189 2343 1273 2380 très

423 2403 530 2446 actif,
572 2402 707 2438 bonne
744 2396 1001 2441 instruction,
1044 2391 1277 2440 profession

425 2449 702 2493 horticulteur,
737 2445 891 2482 famille
921 2443 1005 2479 très
1038 2440 1275 2482 honorable,

427 2500 584 2536 aimant
627 2496 672 2532 le.
701 2501 941 2536 commerce,
990 2489 1106 2526 avoir
1150 2485 1281 2523 10.000

427 2546 491 2591 fr.,
530 2542 763 2591 épouserait
796 2541 915 2587 jeune
950 2537 1029 2575 fille
1063 2547 1115 2573 ou
1146 2543 1280 2572 veuve

427 2594 556 2641 ayant
585 2592 683 2638 petit
716 2597 945 2627 commerce
978 2588 1015 2623 et
1046 2583 1095 2621 de
1127 2581 1281 2620 famille

430 2640 668 2680 honorable.

482 2718 564 2755 216.
582 2734 630 2744 —
649 2715 755 2751 Veuf
776 2713 865 2759 âgé,
889 2721 988 2750 sans
1009 2709 1175 2752 famille,
1201 2707 1285 2745 très

438 2768 570 2804 bonne
592 2763 721 2807 santé,
747 2763 830 2799 très
851 2760 960 2805 actif,
985 2756 1202 2803 distingué,
1229 2764 1288 2790 re¬

438 2813 558 2850 traité
594 2810 916 2851 adminitration,
951 2815 1096 2844 encore
1133 2804 1290 2849 inspec¬

438 2862 541 2906 teur,
575 2859 798 2897 recherche
828 2864 928 2904 pour
957 2853 1141 2898 mariage
1169 2849 1290 2886 dame

441 2920 492 2947 ou
511 2907 747 2945 demoiselle
767 2904 947 2943 rentière
970 2913 1020 2940 ou
1043 2902 1180 2937 même
1203 2907 1291 2945 pro¬

442 2956 634 3004 priétaire
660 2955 686 2990 à
715 2956 754 2991 la
782 2958 1021 2998 campagne,
1054 2946 1289 2990 honorable,

442 3006 577 3041 bonne
599 3003 639 3040 et
659 3001 851 3045 dévouée,
875 2996 1050 3036 aiderait
1073 2995 1179 3032 dans
1205 3003 1295 3040 pro¬

444 3051 584 3099 priété.

497 3129 577 3165 217.
607 3146 656 3153 —
683 3123 801 3169 Veuf,
834 3122 880 3159 43
903 3130 992 3167 ans,
1024 3118 1193 3156 ouvrier
1216 3115 1298 3152 d’u¬

452 3178 552 3224 sine,
583 3175 686 3218 seul,
719 3171 865 3220 grand,
900 3170 991 3213 fort,
1019 3166 1199 3212 robuste,
1233 3164 1299 3202 dé¬

454 3226 533 3263 sire
580 3223 765 3269 mariage
820 3229 922 3257 avec
965 3215 1198 3254 demoiselle
1246 3223 1301 3249 ou

453 3284 584 3312 veuve
610 3272 712 3320 âgée
733 3271 785 3307 de
811 3269 857 3305 35
879 3270 905 3305 à
933 3266 980 3303 4-0
1006 3275 1095 3310 ans,
1127 3262 1296 3310 grande,

454 3323 572 3370 goûts
601 3321 781 3366 simples,
814 3311 1007 3353 situation
1039 3322 1090 3352 en
1117 3310 1297 3358 rapport.

1363 476 1444 512 225.
1477 476 1524 510 —
1555 473 1779 517 Monsieur,
1814 473 1860 509 34
1891 483 1982 516 ans,
2020 472 2167 519 linoty¬

1312 522 1429 571 piste,
1452 522 1646 560 situation
1663 521 1773 559 3.700
1791 522 1838 569 fr.
1864 530 1938 568 par
1957 530 2022 564 an,
2046 519 2165 566 épou¬

1319 572 1446 609 serait
1484 572 1604 617 jeune
1645 570 1726 606 fille
1766 579 1818 607 ou
1856 569 1978 616 jeune
2017 577 2162 611 veuve,

1319 620 1447 665 ayant
1474 619 1594 666 goûts
1625 618 1792 664 simples
1824 617 1862 653 et
1890 616 2012 664 petite
2043 615 2169 653 situa¬

1318 667 1413 705 tion.

1366 738 1447 774 228.
1477 738 1525 773 —
1555 735 1810 780 Célibataire,
1843 735 1889 771 42
1918 745 2007 779 ans,
2042 731 2167 771 mobi¬

1322 787 1406 832 lisé,
1432 795 1508 828 sur
1532 785 1566 822 le
1592 785 1704 831 point
1729 785 1858 821 d’être
1884 783 2021 827 libéré,
2051 781 2171 820 avoir

1321 833 1452 871 60.000
1477 834 1526 869 fr.
1553 833 1592 870 et
1616 832 1876 879 espérances,
1906 831 2170 876 avant-guer¬

1321 893 1364 920 re
1386 890 1482 929 gros
1505 880 1784 925 commerçant
1803 889 1853 916 en
1874 878 2165 925 quincaillerie,

1322 931 1507 968 désirant
1545 929 1703 967 donner
1754 927 1974 966 extension
2029 926 2053 963 à
2094 935 2170 963 son

1323 987 1550 1015 commerce
1585 976 1691 1014 situé
1726 975 1868 1022 région
1902 973 2165 1015 Normandie,

1322 1026 1555 1073 épouserait
1577 1033 1783 1072 personne
1805 1023 1933 1069 ayant
1956 1021 2024 1059 dot
2044 1032 2095 1058 ou
2119 1020 2173 1058 si¬

1323 1073 1480 1111 tuation
1516 1083 1565 1110 en
1602 1073 1781 1119 rapport.

1373 1145 1452 1181 229.
1484 1144 1532 1180 —
1562 1142 1786 1189 Adjudant,
1818 1140 1864 1178 38
1897 1149 1986 1185 ans,
2023 1149 2072 1178 en
2104 1149 2175 1186 pa¬

1324 1193 1509 1230 raissant
1535 1191 1590 1236 30,
1621 1191 1757 1228 blessé
1781 1191 1832 1227 de
1857 1197 2015 1236 guerre,
2045 1187 2175 1224 droits

1325 1241 1467 1288 acquis
1488 1241 1513 1277 à
1536 1239 1714 1283 retraite,
1740 1237 1943 1285 physique
1965 1235 2170 1283 agréable,

1326 1287 1559 1335 épouserait
1592 1288 1713 1335 jeune
1746 1287 1827 1323 fille
1859 1285 1946 1322 très
1981 1283 2171 1326 honnête,

1327 1338 1566 1383 catholique,
1605 1335 1697 1372 bien
1731 1332 2061 1382 physiquement.
2098 1331 2178 1367 Dot

1328 1396 1379 1430 qu
1410 1385 1657 1431 espérances
1685 1392 1761 1428 pas
1791 1381 1972 1429 exigées.

1375 1456 1456 1493 230.
1479 1455 1526 1490 —
1549 1455 1677 1490 Jeune
1701 1452 1880 1495 homme,
1905 1450 1952 1488 28
1975 1460 2064 1495 ans,
2091 1450 2177 1486 très

1330 1504 1504 1549 sérieux,
1549 1500 1717 1545 aimant,
1763 1499 2003 1545 catholique,
2050 1498 2179 1543 ayant

1330 1550 1458 1592 avoir,
1489 1549 1708 1587 désirerait
1733 1547 1966 1586 contracter
1991 1545 2181 1591 mariage

1331 1609 1432 1638 avec
1468 1600 1587 1643 jeune
1624 1598 1705 1635 fille
1736 1606 1787 1633 ou
1820 1605 1954 1633 veuve
1990 1603 2091 1631 avec
2127 1603 2176 1628 ou

1332 1658 1433 1686 sans
1467 1646 1620 1692 enfant,
1656 1644 1846 1682 habitant
1877 1643 1918 1679 la
1947 1648 2182 1688 campagne

1334 1698 1372 1733 et
1413 1696 1540 1739 ayant
1579 1694 1676 1740 goût
1717 1701 1818 1738 pour
1858 1691 1894 1727 le
1935 1697 2177 1731 commerce,

1333 1745 1410 1791 âge
1436 1742 1479 1779 18
1505 1743 1529 1779 à
1553 1741 1598 1779 30
1623 1751 1712 1779 ans.

1382 1815 1462 1852 231.
1489 1813 1535 1848 —
1561 1811 1776 1848 Seine-Inf.
1802 1808 2044 1854 Négociant,
2071 1806 2180 1849 veuf,

1336 1863 1381 1900 50
1415 1870 1503 1906 ans,
1542 1871 1595 1896 un
1627 1859 1783 1904 enfant,
1820 1855 2046 1901 exploitant
2078 1864 2187 1891 com¬

1337 1920 1474 1948 merce
1505 1910 1589 1946 très
1613 1907 1829 1954 prospère,
1859 1903 1905 1942 20
1933 1913 2011 1941 ans
2040 1901 2185 1940 d’exis¬

1339 1960 1467 2005 tence,
1508 1957 1642 1994 beaux
1677 1952 1893 1996 bénéfices,
1933 1951 2068 1988 désire
2103 1958 2191 1986 ma¬

1339 2006 1454 2053 riage
1479 2014 1579 2042 avec
1603 2013 1736 2041 veuve
1760 2011 1811 2040 ou
1836 1999 2072 2038 demoiselle
2095 1997 2140 2034 40
2164 1998 2189 2033 à

1342 2054 1387 2091 45
1418 2063 1506 2099 ans,
1543 2052 1668 2098 ayant
1701 2048 1896 2087 situation
1921 2056 1973 2085 en
2005 2045 2186 2092 rapport,

1344 2101 1591 2139 c’est-à-dire
1615 2099 1683 2135 100
1705 2100 1729 2135 à
1753 2095 1907 2134 150.000
1931 2096 1977 2131 fr.

1392 2173 1472 2209 233.
1502 2189 1549 2194 —
1580 2164 1881 2214 Commerçant,
1912 2164 1957 2202 29
1987 2174 2077 2209 ans,
2113 2163 2194 2200 éta-
2216 2156 2221 2163 '

1346 2221 1411 2264 bli,
1439 2221 1519 2257 bon
1545 2227 1773 2256 commerce
1793 2215 2001 2262 prospère,
2028 2213 2195 2257 épouse¬

1348 2269 1428 2306 rait
1464 2269 1584 2314 jeune
1621 2266 1702 2303 fille
1738 2274 1790 2302 ou
1826 2273 1959 2300 veuve
2012 2259 2198 2298 sérieuse

1350 2320 1477 2363 ayant
1508 2314 1626 2362 goûts
1660 2311 1841 2358 simples,
1877 2311 2027 2348 femme
2059 2306 2198 2344 d’inté¬

1349 2364 1462 2401 rieur
1491 2364 1530 2401 et
1559 2363 1718 2401 aimant
1746 2362 2053 2398 le-commerce.

1401 2435 1480 2472 234.
1504 2433 1549 2468 —
1575 2432 1694 2474 Veuf,
1725 2440 1824 2467 sans
1853 2428 2006 2471 enfant,
2035 2425 2081 2463 35
2108 2434 2197 2469 ans,

1357 2481 1635 2527 commerçant
1657 2478 1794 2521 établi,
1825 2478 1907 2514 bon
1931 2475 2087 2518 métier,
2117 2473 2203 2509 très

1355 2528 1692 2578 prochainement
1713 2526 1851 2569 libéré,
1875 2523 2009 2561 désire
2031 2522 2206 2567 épouser

1359 2580 1478 2626 jeune
1505 2578 1584 2615 fille
1611 2587 1661 2613 ou
1687 2583 1818 2612 veuve
1846 2573 1894 2609 de
1921 2571 1965 2608 25
1991 2571 2015 2606 à
2041 2568 2085 2605 35
2112 2576 2202 2612 ans,

1359 2628 1486 2674 ayant
1509 2624 1630 2673 petite
1655 2622 1734 2660 dot.

1409 2704 1490 2742 235.
1523 2703 1568 2737 —
1599 2698 1772 2737 Divorcé
1802 2708 1854 2735 en
1890 2707 1938 2733 sa
1970 2695 2127 2737 faveur,
2165 2691 2210 2728 39

1362 2763 1452 2797 ans,
1474 2761 1530 2788 un
1552 2747 1704 2792 enfant,
1730 2744 1944 2791 disposant
1962 2743 2012 2779 de
2029 2740 2137 2778 9.000
2156 2740 2207 2775 fr.

1364 2801 1462 2838 dont
1498 2797 1604 2835 4.000
1642 2796 1690 2832 fr.
1732 2794 1912 2841 espèces,
1949 2791 2208 2836 espérances,

1366 2846 1597 2896 épouserait
1637 2842 1871 2880 demoiselle
1910 2849 1961 2876 ou
1997 2847 2130 2875 veuve
2167 2834 2214 2871 30

1367 2906 1457 2940 ans,
1498 2893 1637 2936 douce,
1677 2889 1942 2933 affectueuse,
1984 2883 2113 2932 ayant
2149 2891 2216 2927 pe¬

1369 2945 1439 2983 tite
1466 2943 1533 2980 dot
1560 2942 1598 2979 et
1625 2938 1782 2977 aimant
1807 2938 1844 2974 le
1868 2941 2109 2973 commerce.
2139 2930 2216 2967 Fa¬

1370 2991 1477 3029 mille
1498 2986 1735 3026 honorable.

1418 3069 1499 3105 236.
1538 3064 1584 3100 —
1639 3058 1898 3106 Célibataire,
1936 3057 1981 3094 42
2019 3064 2108 3098 ans,
2150 3063 2220 3099 ap¬

1374 3113 1647 3164 pointements
1682 3110 1789 3147 4.000
1825 3110 1888 3153 fr.,
1922 3103 2040 3143 avoir
2072 3101 2216 3145 35.000,

1374 3161 1605 3211 épouserait
1626 3157 1863 3196 demoiselle
1885 3165 1939 3191 ou
1963 3162 2094 3190 veuve
2119 3158 2219 3187 sans

1377 3211 1518 3250 enfant
1554 3210 1604 3247 de
1642 3207 1686 3244 26
1730 3207 1754 3242 à
1790 3204 1836 3240 36
1873 3213 1962 3245 ans,
2019 3197 2221 3246 physique

1376 3258 1579 3307 agréable,
1625 3257 1709 3293 très
1750 3254 1885 3290 bonne
1925 3246 2126 3292 moralité,
2172 3243 2222 3281 si¬

1375 3307 1531 3347 tuation
1555 3305 1674 3348 aisée,
1702 3303 1820 3349 goûts
1845 3297 2026 3344 simples.
