2472 3696
584 469 976 548 POUR

1408 464 1712 543 DAM
1734 463 1914 540 ES

413 696 604 737 NOTA.
630 719 680 726 —
701 698 790 737 Les
825 705 1073 737 annonces
1105 703 1283 746 parues
1305 691 1389 734 sur
1409 688 1850 732 L'Intermédiaire
1871 686 1935 729 du
1959 687 2138 741 Foycr\

355 764 546 815 portant
574 764 618 804 la
640 762 748 803 date
771 762 835 803 du
868 761 884 800 1
892 769 924 788 er
945 760 1215 813 septembre
1249 757 1352 799 1919
1375 757 1440 811 (n°
1463 757 1545 809 11),
1569 758 1748 799 restent
1771 754 1990 796 valables
2011 764 2139 805 poul¬

356 831 398 871 ie
420 830 544 870 mois
575 829 828 876 d'octobre,
867 828 895 869 à
918 827 1202 879 l’exception
1236 826 1293 867 de
1327 824 1474 867 celles
1505 823 1701 876 portant
1736 823 1806 864 les
1834 832 1863 861 n
1868 829 1900 847 os
1920 820 2014 869 210,
2037 819 2114 860 379
2121 852 2137 866 r

356 894 450 944 492,
500 896 593 944 498,
642 895 734 944 511,
776 894 868 943 550,
911 893 991 933 654
1035 897 1079 935 et
1116 891 1208 938 670,
1252 903 1342 944 que
1379 902 1502 932 nous
1541 890 1708 943 prions
1748 888 2012 930 Messieurs
2044 897 2135 928 nos

357 962 574 1004 abonnés
604 963 660 1003 de
690 962 879 1003 vouloir
900 960 1008 1001 bien
1038 960 1311 1012 supprimer
1338 969 1422 999 sur
1445 959 1546 999 leur
1567 956 1874 1008 exemplaire.

401 1091 475 1121 216.
508 1108 548 1113 —
583 1088 774 1125 Monsieur,
808 1088 884 1128 âge,
917 1088 1004 1126 .seul,
1044 1100 1125 1122 sans
1160 1087 1208 1119 fa¬

359 1132 466 1170 mille,
519 1131 677 1171 retraité,
735 1128 935 1169 éducation,
982 1128 1208 1167 instruction,

359 1174 550 1213 distingué,
580 1173 651 1208 très
681 1173 780 1211 actif,
808 1172 923 1206 bonne
948 1172 1062 1210 santé,
1093 1170 1210 1210 paraît

360 1217 541 1254 beaucoup
563 1216 642 1255 plus
663 1214 767 1253 jeune
789 1225 856 1254 que
878 1213 981 1252 l'âge,
1004 1216 1129 1246 tenant
1153 1223 1209 1244 en¬

359 1269 438 1291 core
467 1257 596 1296 emploi
628 1256 698 1289 très
726 1255 928 1290 honorable,
958 1255 1071 1288 désire
1103 1253 1212 1288 union

359 1310 444 1332 avec
477 1298 628 1332 rentière
665 1309 710 1331 ou
741 1297 974 1337 propriétaire
1005 1296 1209 1335 honorable,

359 1342 515 1374 aimante
536 1352 624 1379 pour
644 1340 815 1372 terminer
833 1338 1011 1372 existence
1033 1341 1114 1378 trop
1135 1349 1209 1371 seu¬

359 1384 404 1422 le,
434 1393 514 1415 sans
547 1382 722 1415 affection.

404 1430 479 1460 492.
504 1446 544 1452 —
571 1429 830 1467 Entrepreneur
852 1430 1045 1467 transport.
1074 1426 1115 1459 27
1136 1437 1211 1466 ans,

359 1471 532 1505 situation
564 1471 836 1510 indépendante,
870 1470 970 1503 avoir
1001 1468 1120 1502 50.000
1151 1469 1211 1508 fr.,

359 1513 511 1551 sérieux,
546 1512 649 1551 goûts
683 1513 837 1551 simples,
871 1511 986 1546 bonne
1012 1512 1124 1550 santé,
1162 1511 1211 1543 fa¬

362 1554 456 1588 mille
491 1554 562 1587 très
613 1548 816 1588 honorable,
858 1554 1060 1592 épouserait
1107 1553 1212 1592 jeune

361 1597 435 1629 fille
455 1597 498 1630 de
520 1595 562 1628 20
582 1596 601 1628 à
628 1595 671 1628 27
691 1607 767 1633 ans,
790 1599 950 1634 pouvant
976 1596 1008 1628 le
1032 1595 1212 1633 seconder,

374 1638 576 1676 catholique
614 1649 684 1671 non
723 1638 964 1677 pratiquante,
1000 1637 1103 1676 goûts
1136 1636 1215 1669 sim¬

362 1681 449 1718 ples,
482 1680 644 1715 sérieuse,
678 1679 747 1712 bon
774 1678 963 1717 caractère,
991 1679 1106 1712 bonne
1138 1690 1214 1711 san¬

361 1722 409 1755 té.
440 1715 568 1756 femme
595 1720 816 1761 d’intérieur,
845 1721 980 1754 famille
1007 1721 1080 1755 très
1108 1720 1213 1753 hono¬

362 1763 470 1797 rable.

407 1810 482 1842 511.
505 1810 545 1841 —
572 1809 762 1845 Monsieur,
787 1809 828 1841 31
853 1820 927 1847 ans,
955 1809 1058 1843 sobre
1086 1812 1120 1842 et
1145 1811 1213 1841 tra¬

363 1851 525 1890 vailleur,
557 1852 657 1886 avoir
691 1852 810 1884 10.000
837 1852 967 1890 francs,
1003 1851 1116 1884 désire
1144 1860 1215 1882 ma¬

364 1895 461 1933 riage
485 1906 570 1926 avec
600 1893 800 1927 demoiselle
827 1905 871 1927 ou
896 1904 1022 1932 veuve,
1050 1892 1161 1926 brune
1186 1892 1216 1924 si

363 1935 529 1976 possible,
560 1936 603 1969 de
630 1935 672 1968 20
703 1935 723 1967 à
751 1935 792 1967 29
826 1947 900 1973 ans,
931 1934 1059 1967 femme
1088 1933 1214 1971 d’inté¬

364 1978 459 2011 rieur
492 1982 526 2011 et
561 1977 694 2011 aimant
734 1977 766 2009 la
806 1985 1010 2015 campagne.

412 2031 486 2063 654.
507 2049 548 2054 —
573 2030 795 2068 Célibataire,
818 2030 858 2063 38
884 2041 958 2069 ans,
985 2030 1150 2063 conduite
1173 2029 1215 2061 ir¬

368 2072 598 2111 réprochable
628 2076 662 2105 et
691 2073 804 2108 sobre,
837 2071 938 2107 avoir
967 2071 1069 2103 6.000
1099 2072 1218 2104 francs

369 2119 505 2153 argent,
533 2115 749 2154 espérances,
781 2113 1045 2147 automobiliste
1072 2124 1139 2147 aux
1165 2124 1217 2145 ar¬

368 2156 473 2194 mées,
497 2157 744 2190 actuellement
766 2155 927 2196 employé
944 2155 1063 2195 jardin
1083 2154 1216 2195 public,

370 2198 483 2232 désire
524 2200 631 2232 timon
673 2209 757 2231 avec
791 2191 992 2231 demoiselle
1025 2209 1071 2230 ou
1104 2207 1218 2229 veuve

368 2252 451 2275 sans
477 2240 612 2280 enfant,
641 2239 805 2280 sérieuse,
834 2241 875 2273 de
898 2239 939 2270 28
964 2239 984 2271 à
1006 2239 1049 2271 40
1071 2250 1145 2278 ans,
1174 2238 1217 2271 si¬

369 2282 508 2316 tuation
538 2281 845 2322 correspondante,
877 2292 913 2314 se
941 2280 1156 2320 déplacerait
1188 2280 1218 2313 si

369 2325 498 2364 épouse
528 2325 641 2357 tenait
668 2333 869 2357 commerce.

416 2378 486 2409 676.
516 2395 558 2400 —
588 2377 833 2415 Propriétaire,
858 2376 1033 2410 situation
1057 2376 1218 2416 superbe,

370 2419 482 2452 classe
498 2419 550 2454 89,
573 2418 788 2456 démobilisé,
808 2419 865 2451 bel
884 2418 1034 2457 homme,
1059 2418 1076 2450 1
1097 2428 1142 2450 m.
1165 2417 1218 2456 72,

371 2461 564 2494 assurerait
583 2472 646 2500 par
667 2460 821 2500 mariage
840 2459 1000 2493 bonheur
1017 2461 1062 2493 de
1079 2470 1220 2500 person¬

371 2512 416 2536 ne
437 2503 592 2542 gentille,
618 2502 849 2542 intelligente,
873 2501 1036 2541 sérieuse,
1065 2513 1131 2541 que
1155 2501 1219 2534 cel¬

372 2546 423 2578 les
449 2555 516 2583 que
540 2546 613 2577 cela
639 2544 809 2578 intéresse
835 2543 885 2577 lui
909 2542 1068 2576 écrivent
1089 2555 1132 2576 en
1156 2542 1221 2583 joi¬

373 2590 484 2625 gnant
504 2586 780 2626 photographies
803 2584 953 2620 aussitôt
975 2586 1135 2619 rendues.

418 2640 492 2671 699.
514 2639 554 2671 —
577 2639 824 2676 Sous-officier,
848 2638 985 2677 mutilé,
1009 2637 1051 2670 34
1072 2648 1146 2675 ans,
1170 2649 1221 2671 as-
1237 2649 1242 2653 '

372 2691 430 2713 sez
475 2681 589 2713 bonne
636 2679 819 2720 situation,
849 2680 919 2713 bon
967 2690 1074 2720 cœur,
1120 2679 1222 2712 affec¬

374 2727 496 2760 tueux,
524 2723 637 2756 désire
681 2723 837 2762 mariage
881 2733 967 2755 avec
1009 2721 1221 2760 demoiselle,

373 2776 487 2797 veuve
506 2776 549 2798 ou
570 2764 742 2800 divorcée,
763 2762 919 2799 dévouée
939 2767 975 2797 et
995 2763 1221 2801 affectueuse,

371 2806 415 2838 33
437 2806 458 2838 à
478 2806 521 2838 40
541 2818 615 2842 ans.
644 2810 751 2845 ayant
778 2806 928 2846 quelque
949 2806 1058 2838 avoir.

422 2860 494 2890 701.
515 2877 557 2882 —
578 2859 769 2897 Monsieur,
796 2858 837 2891 26
861 2869 935 2898 ans,
963 2857 1096 2892 famille
1118 2856 1223 2897 aisée,

376 2904 521 2940 parents
552 2900 797 2941 agriculteurs,
827 2911 1020 2940 campagne
1047 2900 1127 2941 près
1156 2903 1224 2933 sta¬

376 2944 451 2977 tion
472 2943 650 2977 balnéaire
668 2954 710 2976 en
730 2943 921 2981 Provence,
945 2942 1130 2976 désirerait
1149 2952 1224 2974 ren¬

371 2987 516 3018 contrer
545 2995 737 3024 compagne
770 2985 942 3024 élégante,
979 2984 1095 3024 jeune,
1126 2983 1224 3024 jolie,

376 3026 563 3060 chevelure
598 3026 741 3060 châtain
774 3027 894 3065 blond,
930 3026 1110 3065 instruite,
1140 3036 1225 3058 avec

375 3081 420 3104 ou
441 3080 519 3102 sans
541 3072 678 3109 apport.

424 3117 497 3147 702.
524 3135 566 3139 —
599 3116 822 3154 Célibataire,
854 3116 895 3149 35
922 3127 997 3155 ans,
1028 3115 1083 3149 fils
1111 3115 1225 3148 d’offi¬

376 3157 459 3193 cier.
493 3158 665 3196 orphelin,
698 3157 812 3192 bonne
838 3156 984 3197 famille,
1012 3157 1224 3192 affectueux,

373 3199 450 3232 très
473 3198 621 3240 sérieux,
647 3199 801 3239 éprouvé
823 3209 888 3233 par
910 3210 1046 3239 guerre,
1066 3200 1226 3235 pouvant

371 3244 497 3274 entrer
522 3241 660 3275 chemin
685 3242 727 3275 de
752 3242 805 3274 fer
830 3253 874 3275 ou
903 3243 1014 3274 rester
1039 3241 1224 3280 régiment,

378 3283 578 3323 épouserait
612 3283 719 3324 jeune
753 3283 826 3317 fille
855 3295 899 3317 ou
929 3294 1054 3322 veuve,
1086 3282 1151 3322 âge
1185 3294 1227 3314 en

378 3329 537 3362 rapport,
570 3329 678 3359 avant
703 3336 895 3359 commerce
922 3336 967 3359 ou
997 3325 1069 3358 dot.

426 3373 499 3405 705.
525 3391 565 3397 —
591 3374 675 3407 Sans
701 3383 868 3406 annonce.

1330 1087 1404 1118 706.
1429 1103 1472 1108 —
1502 1083 1725 1119 Lieutenant,
1751 1081 1942 1116 infanterie
1966 1080 2138 1115 coloniale

1294 1127 1493 1168 (carrière),
1528 1127 1571 1158 50
1610 1137 1685 1164 ans,
1727 1125 1809 1158 bien
1848 1124 2135 1164 physiquement,

1289 1170 1389 1204 santé
1411 1169 1565 1208 robuste,
1586 1168 1689 1207 loyal,
1707 1167 1858 1205 sérieux,
1881 1168 1989 1198 avant
2007 1165 2136 1204 petites

1290 1212 1496 1249 économies,
1523 1209 1721 1251 épouserait
1747 1209 1852 1249 jeune
1881 1207 1953 1239 fille
1977 1208 2020 1240 de
2050 1206 2091 1239 22
2116 1205 2135 1237 à

1289 1255 1329 1286 30
1355 1266 1429 1292 ans,
1463 1255 1506 1286 de
1532 1253 1646 1285 bonne
1675 1251 1874 1285 éducation,
1909 1249 2134 1282 musicienne,

1291 1297 1515 1335 affectueuse,
1543 1297 1651 1335 ayant
1673 1294 1733 1327 dot
1755 1293 1797 1325 30
1820 1292 1838 1325 à
1861 1291 1982 1323 50.000
2004 1291 2133 1327 francs,

1290 1344 1324 1372 et
1349 1341 1476 1372 autant
1496 1337 1700 1377 espérances
1740 1336 1799 1374 qui
1821 1336 1852 1367 le
1876 1333 2025 1367 suivrait
2049 1332 2138 1365 dans

1291 1394 1343 1415 ses
1364 1379 1500 1419 séjours
1523 1390 1592 1412 aux
1612 1377 1774 1411 colonies.

1334 1427 1407 1461 707.
1420 1425 1483 1458 '—
1513 1428 1625 1458 Jeune
1664 1422 1813 1462 homme,
1846 1422 1951 1461 brun,
1988 1421 2029 1453 28
2060 1432 2142 1457 ans,,

1292 1471 1407 1503 bonne
1430 1468 1575 1506 famille,
1597 1467 1757 1506 emlpové
1782 1466 1824 1499 de
1847 1463 1986 1497 chemin
2009 1464 2051 1496 de
2071 1462 2136 1500 fer,

1292 1512 1382 1552 petit
1403 1512 1511 1544 avoir,
1531 1510 1643 1545 désire
1662 1508 1818 1545 mariage
1833 1518 1918 1540 avec
1938 1504 2138 1539 demoiselle

1292 1567 1336 1588 ou
1355 1564 1469 1587 veuve
1488 1553 1530 1585 de
1552 1552 1592 1584 20
1612 1551 1633 1583 à
1655 1550 1696 1583 26
1718 1562 1792 1588 ans,
1813 1550 1925 1589 ayant
1943 1546 2140 1581 économies

1293 1610 1335 1631 ou
1363 1597 1454 1634 petit
1482 1594 1591 1628 avoir.

1337 1644 1411 1676 709.
1429 1661 1471 1666 —
1489 1641 1631 1681 Engagé
1650 1637 1856 1675 volontaire,
1875 1636 1982 1670 durée
2001 1647 2137 1676 guerre.

1294 1685 1334 1718 56
1360 1696 1435 1724 ans,
1462 1694 1611 1723 presque
1638 1682 1732 1715 aussi
1762 1681 1959 1720 vigoureux
1986 1678 2068 1717 qu’à
2099 1676 2141 1708 30

1295 1738 1367 1763 ans,
1396 1725 1620 1759 connaissant
1645 1723 1664 1755 4
1694 1723 1851 1762 langues,
1879 1721 1985 1753 chant
2022 1720 2140 1758 (barv-

1295 1770 1389 1807 ton),
1414 1767 1597 1806 industrie,
1622 1773 1826 1802 commerce,
1852 1760 1967 1797 désire
1985 1759 2147 1800 mariage

1295 1820 1378 1844 avec
1407 1820 1577 1849 personne
1600 1807 1642 1839 45
1670 1819 1732 1841 ans
1761 1805 1966 1838 maximum.

1339 1865 1413 1896 710.
1437 1881 1479 1886 —
1503 1862 1699 1903 Adjudant,
1723 1858 1891 1893 candidat
1910 1857 2044 1890 officier
2068 1865 2145 1890 car¬

1296 1906 1397 1943 rière,
1426 1905 1467 1936 41
1503 1916 1576 1943 ans,
1608 1903 1691 1936 veuf
1722 1913 1805 1935 avec
1834 1899 1977 1935 enfants
2010 1898 2139 1935 placés,

1302 1946 1507 1982 économies,
1531 1943 1736 1978 traitement
1763 1941 1860 1975 6.000
1888 1941 2017 1979 francs,
2047 1940 2142 1973 hom¬

1295 2001 1348 2022 me
1382 1988 1600 2026 d’intérieur,
1631 1985 1828 2025 épouserait
1861 1982 2062 2017 demoiselle
2096 1992 2141 2014 ou

1296 2043 1408 2065 veuve
1425 2031 1466 2062 25
1482 2030 1502 2063 à
1518 2030 1560 2062 35
1577 2041 1651 2066 ans,
1672 2028 1845 2067 physique
1860 2024 2038 2065 agréable,
2058 2022 2141 2056 bon¬

1296 2086 1338 2107 ne
1365 2073 1552 2105 éducation
1582 2075 1618 2103 et
1648 2069 1830 2103 situation.

1340 2122 1414 2154 712.
1440 2120 1482 2152 —
1507 2117 1730 2154 Célibataire,
1758 2116 1800 2149 43
1828 2127 1904 2152 ans,
1930 2114 2002 2147 très
2027 2111 2140 2149 sobre,

1305 2161 1741 2202 sérieux,appointements
1764 2157 1863 2191 6.000
1889 2157 2016 2194 francs,
2047 2152 2146 2187 avoir

1296 2204 1417 2239 35.000
1443 2204 1569 2242 francs,
1597 2200 1795 2241 épouserait
1821 2197 2021 2232 demoiselle
2051 2194 2092 2229 28
2122 2194 2142 2227 à

1296 2247 1336 2280 36
1360 2258 1435 2285 ans,
1460 2245 1665 2285 présentant
1687 2243 1781 2280 bien,
1804 2237 1971 2278 aimante,
1994 2237 2066 2272 très
2092 2237 2141 2270 sé¬

1309 2290 1430 2326 rieuse,
1460 2291 1572 2327 ayant;
1597 2294 1790 2318 commerce
1816 2281 1995 2322 prospère,
2034 2280 2149 2313 bonne

1297 2330 1442 2368 famille,
1468 2330 1608 2362 fortune
1635 2339 1674 2359 en
1701 2327 1857 2366 rapport.

1341 2385 1415 2416 713.
1443 2383 1485 2413 —
1511 2379 1689 2417 Vendéen,
1717 2379 1757 2411 28
1783 2389 1857 2417 ans,
1890 2376 2004 2410 bonne
2030 2373 2142 2412 santé,

1298 2425 1450 2460 sérieuse
1474 2423 1671 2460 éducation,
1696 2433 1759 2460 pas
1779 2418 1962 2458 religieux,
1986 2417 2043 2450 bel
2066 2427 2144 2449 ave¬

1302 2469 1355 2501 nir
1378 2466 1565 2499 industriel
1591 2467 1627 2498 et
1650 2461 1871 2496 commercial
1896 2461 1983 2493 dans
2011 2458 2147 2492 maison

1299 2507 1504 2550 paternelle,
1523 2507 1635 2540 désire
1652 2505 1799 2544 épouser
1813 2503 1918 2543 jeune
1935 2501 2007 2534 fille
2024 2500 2065 2532 24
2084 2510 2147 2532 ans

1300 2551 1458 2589 environ,
1487 2549 1610 2585 brune,
1638 2546 1767 2579 femme
1797 2543 2018 2582 d’intérieur,
2051 2552 2146 2575 reve¬

1301 2605 1364 2627 nus
1390 2605 1433 2625 ou
1457 2591 1669 2630 espérances.

1344 2640 1417 2672 714.
1447 2638 1488 2669 —
1520 2635 1742 2673 Célibataire,
1774 2634 1814 2666 47
1840 2645 1914 2669 ans,
1943 2631 2051 2665 établi
2079 2630 2145 2663 for¬

1302 2693 1420 2721 geron,
1450 2680 1562 2713 désire
1590 2678 1746 2715 mariage
1769 2688 1852 2710 avec
1879 2673 2078 2708 demoiselle
2107 2671 2148 2704 28

1301 2725 1319 2757 à
1354 2722 1397 2755 35
1429 2733 1503 2761 ans,
1540 2718 1742 2755 honorable,
1774 2718 1890 2752 bonne
1919 2715 2031 2755 santé,
2068 2726 2146 2748 con¬

1303 2765 1461 2798 naissant
1483 2772 1673 2796 commerce
1694 2764 1727 2794 et
1750 2759 1932 2797 intérieur,
1955 2759 2065 2798 ayant
2089 2767 2147 2794 ap¬

1303 2811 1394 2847 port.
1426 2805 1634 2838 Préférence
1659 2804 1701 2837 de
1732 2804 1760 2836 la
1788 2801 1945 2835 Gironde
1970 2811 2014 2833 ou
2043 2809 2148 2839 appa-

1304 2848 1381 2883 rité.

1347 2896 1418 2929 717.
1442 2895 1485 2926 —
1508 2892 1698 2928 Monsieur,
1728 2892 1768 2924 37
1794 2902 1868 2929 ans,
1896 2889 2034 2929 peintre
2058 2886 2147 2920 bâti¬

1304 2941 1428 2976 ments,
1448 2937 1564 2971 bonne
1582 2935 1726 2973 famille,
1750 2930 2014 2970 très'économe,
2037 2929 2148 2968 petite

1304 2980 1486 3019 situation,
1516 2979 1628 3012 désire
1656 2976 1811 3014 mariage
1838 2986 1922 3008 avec
1950 2971 2151 3006 demoiselle

1304 3036 1348 3057 ou
1382 3033 1507 3061 veuve,
1542 3021 1584 3052 30
1617 3020 1638 3052 à
1669 3018 1712 3051 40
1745 3029 1819 3056 ans,
1854 3015 1959 3055 goûts
1992 3012 2148 3053 simples,

1305 3065 1420 3100 bonne
1439 3064 1622 3101 situation,
1644 3061 1756 3094 même
1779 3069 1862 3093 avec
1882 3069 1930 3091 un
1953 3055 2086 3091 enfant.
2110 3081 2120 3090 .

1348 3114 1422 3145 718.
1441 3129 1484 3135 —-
1506 3108 1729 3147 Célibataire,
1751 3107 1792 3139 50
1814 3118 1888 3141 ans,
1910 3103 2008 3136 3.000
2034 3103 2150 3136 francs

1306 3154 1511 3193 économies,
1546 3151 1698 3190 ouvrier,
1735 3149 1820 3183 bons
1854 3147 2150 3186 appointements,

1306 3197 1376 3231 très
1407 3195 1556 3234 sérieux,
1588 3193 1700 3226 désire
1729 3191 1884 3228 mariage
1909 3199 1993 3221 avec
2022 3185 2150 3219 demoi¬

1313 3240 1396 3272 selle
1424 3251 1468 3271 ou
1490 3247 1602 3269 veuve
1626 3246 1707 3268 sans
1733 3232 1868 3269 enfant,
1898 3231 1939 3262 35
1966 3229 1983 3262 à
2011 3229 2053 3261 45
2076 3237 2150 3267 ans,

1309 3284 1415 3321 ayant
1440 3279 1528 3319 petit
1554 3277 1651 3311 avoir
1675 3288 1721 3309 ou
1748 3274 1929 3309 situation.

1309 3329 1382 3360 721.
1407 3344 1446 3350 --
1479 3325 1700 3363 Célibataire,
1731 3321 1854 3363 grand,
1886 3321 1988 3353 brun,
2014 3318 2154 3357 présen¬

1320 3373 1399 3403 tant
1427 3367 1468 3400 35
1497 3379 1571 3406 ans,
1599 3365 1676 3399 chef
1708 3365 1749 3398 de
1774 3362 1908 3398 service
1934 3361 2156 3395 administra-
