2472 3696
532 147 640 209 Lfr,
724 160 734 170 -

966 436 1033 462 L-E
1079 431 1333 466 NUMÉRO
1367 440 1373 466 :
1403 440 1523 468 0.75

570 503 587 541 1
596 511 627 529 er
656 502 774 544 Août
807 504 911 545 1920
1443 511 1466 550 3
1470 520 1484 538 e
1516 512 1671 555 Année
1699 538 1749 542 —
1779 514 1836 555 N°
1867 514 1915 553 22

324 751 2169 1003 L’INTERMÉDIAIRE

797 1134 1030 1238 DU
1105 1136 1664 1246 FOYER

661 1442 1108 1534 RECUEIL
1170 1447 1832 1541 P’ANHONCES

829 1611 1097 1663 Paraissant
1125 1611 1162 1664 le
1191 1631 1214 1664 I
1223 1621 1250 1637 er
1275 1612 1327 1666 de
1351 1613 1515 1683 chaque
1540 1616 1655 1667 mois

466 1879 695 1948 235,
760 1883 948 1937 Elue
1012 1884 1448 1940 Vendôme

1690 1889 2019 1949 LYON

322 2825 429 3040 4

910 2224 1044 2260 Très
1077 2224 1283 2273 grande
1316 2223 1572 2263 diffusion

669 2307 928 2357 Rayonne
958 2311 1101 2347 dans
1135 2315 1260 2348 tous
1288 2315 1368 2350 les
1401 2315 1815 2363 départements

756 2397 1013 2436 Abonnés
1042 2400 1183 2436 dans
1209 2401 1262 2437 la
1293 2403 1497 2442 France
1531 2406 1735 2443 entière

526 2622 594 2665 Ce
614 2622 851 2679 journal
889 2627 971 2665 est
998 2625 1197 2680 envoyé
1232 2623 1426 2680 franco
1466 2641 1592 2671 sous
1623 2631 1704 2686 pli
1731 2632 1952 2678 cacheté
1986 2636 2022 2679 à

466 2702 608 2742 toute
640 2709 915 2757 personne
952 2701 1044 2756 qui
1081 2713 1144 2742 en
1184 2701 1286 2756 fait
1334 2701 1389 2744 la
1433 2702 1695 2750 demande
1735 2721 2022 2768 accompa¬

461 2776 596 2832 gnée
622 2776 685 2819 de
714 2789 815 2818 son
845 2779 1097 2819 montant
1122 2775 1293 2835 (0.75)
1313 2779 1440 2836 plus
1472 2780 1600 2826 0.25
1625 2797 1772 2840 pour
1803 2787 1847 2829 le
1873 2793 2018 2844 port.

362 3044 515 3249 L

526 3031 558 3064 A
586 3030 602 3065 «
623 3030 922 3066 L’Intermédiaire
951 3043 967 3065 »
1001 3032 1032 3066 le
1054 3039 1131 3066 mot
1158 3045 1176 3064 «
1200 3032 1390 3068 discrétion
1418 3048 1434 3066 »
1457 3045 1507 3070 est
1528 3048 1729 3085 synonyme
1749 3041 1792 3077 de
1816 3044 1961 3080 réussite
