2472 3696
534 412 929 492 POUR
1026 410 1297 488 LES
1396 402 1903 483 DAMES

383 692 464 729 102.
489 713 537 719 —
567 688 869 735 Commerçant,
894 688 942 725 30
968 697 1058 731 ans,
1093 687 1188 725 bien
1221 689 1226 724 !

336 750 436 779 sous
472 743 564 779 tous
599 742 659 778 les
694 739 898 786 rapports,
934 736 1068 774 désire
1102 731 1186 772 ma-
1222 731 1224 748 !

337 790 451 836 riage
476 799 577 826 avec
604 789 726 833 jeune
750 788 829 824 fille
859 796 910 824 ou
935 793 1070 823 veuve
1100 785 1186 831 pré¬

337 841 505 877 sentant
527 838 620 875 bien
641 838 679 876 et
703 836 861 874 aimant
881 835 917 871 le
940 842 1181 871 commerce.

385 967 466 1004 103.
516 987 564 993 —
614 966 742 1002 Jeune
765 963 944 1007 homme,
998 962 1116 1007 brun,
1143 961 1188 998 29

337 1027 426 1061 ans,
463 1015 705 1061 catholique,
734 1015 870 1050 bonne
900 1011 1068 1055 famille,
1098 1020 1188 1057 pro¬

337 1064 467 1111 priété
496 1064 642 1101 valeur
679 1062 810 1100 10.000
845 1062 911 1105 fr.,
952 1059 1190 1105 épouserait

337 1115 460 1160 jeune
488 1113 569 1150 fille
594 1121 647 1149 ou
669 1120 802 1148 veuve
829 1111 879 1148 de
901 1109 949 1147 20
972 1111 1000 1146 à
1026 1107 1071 1145 25
1094 1118 1184 1152 ans,

337 1162 459 1209 goûts
501 1160 682 1208 simples,
720 1159 825 1198 dans
864 1167 1097 1197 commerce
1137 1167 1188 1194 ou

339 1210 551 1256 industrie,
580 1219 683 1248 avec
708 1208 806 1255 petit
827 1208 956 1246 avoir.

386 1351 467 1389 104.
490 1373 539 1379 —
556 1349 764 1392 Réformé,
791 1356 890 1385 sans
913 1346 1101 1383 blessure
1122 1353 1191 1389 ap¬

338 1401 523 1450 parente,
563 1397 800 1446 pensionné,
852 1395 896 1432 26
930 1404 1019 1438 ans,
1068 1392 1187 1435 Brun,

340 1446 797 1494 chemisier-chapelier,
843 1444 1032 1481 désirant
1075 1441 1193 1480 s’éta¬

340 1500 432 1543 blir,
459 1497 692 1544 épouserait
714 1495 836 1541 jeune
862 1493 944 1530 fille
969 1501 1022 1529 ou
1044 1499 1189 1533 veuve,

342 1550 478 1586 même
498 1555 600 1584 avec
621 1544 777 1588 enfant,
798 1540 986 1588 élégante
1008 1539 1047 1578 et
1066 1540 1196 1585 ayant,

343 1597 470 1635 avoir.

393 1732 475 1768 108.
507 1730 555 1765 —
587 1727 760 1773 Réfugié
789 1726 844 1761 du
869 1721 996 1767 Nord,
1024 1720 1071 1758 32
1104 1728 1194 1764 ans,

344 1778 550 1824 minotier,
572 1778 657 1814 très
682 1774 907 1813 honorable
929 1770 1095 1813 famille,
1120 1771 1199 1806 for¬

347 1832 446 1868 tune
477 1827 608 1865 60.000
637 1827 684 1862 fr.
719 1825 758 1860 et
788 1823 1046 1869 espérances,
1080 1819 1199 1865 épou¬

349 1878 479 1916 serait
506 1877 629 1923 jeune
653 1874 735 1910 fille
759 1882 813 1909 ou
835 1879 970 1907 veuve
1001 1877 1103 1906 sans
1134 1875 1200 1902 en¬

349 1926 476 1970 fants,
503 1925 641 1969 douce,
667 1919 863 1960 aimante,
888 1920 942 1957 de
962 1915 1202 1963 préférence

352 1972 658 2018 commerçante
677 1970 805 2017 ayant
826 1965 1022 2006 situation
1043 1973 1093 2002 en
1113 1972 1203 2008 rap¬

350 2024 456 2069 port.

401 2147 481 2183 111.
510 2145 558 2180 —
587 2141 855 2182 Mécanicien,
886 2133 1201 2180 métallurgiste.

355 2197 400 2233 34
436 2205 525 2239 ans,
561 2190 729 2229 divorcé
761 2198 811 2226 en
847 2198 893 2225 sa
921 2187 1081 2227 faveur,
1119 2182 1207 2218 très

355 2246 477 2287 doux,
514 2241 759 2283 affectueux,
789 2234 989 2274 situation
1017 2230 1125 2268 5.000
1153 2229 1202 2265 fr.

357 2303 432 2340 par
453 2301 518 2335 an,
541 2286 778 2337 épouserait
798 2285 919 2331 jeune
939 2283 1092 2319 femme
1110 2278 1206 2314 d'in¬

356 2341 522 2385 térieur,
552 2337 672 2385 goûts
697 2334 876 2379 simples.

409 2465 489 2503 115.
516 2464 563 2498 —
584 2463 712 2498 Jeune
734 2459 873 2501 Serbe,
898 2452 1129 2502 négociant,
1156 2451 1209 2497 jo¬

360 2515 411 2552 lie
434 2512 628 2552 situation
649 2519 720 2547 sur
740 2509 776 2544 le
796 2505 959 2547 littoral,
984 2502 1107 2539 d’une
1127 2500 1210 2537 très

362 2561 586 2599 honorable
622 2556 787 2600 famille,
822 2549 1056 2599 épouserait
1090 2549 1211 2594 jeune

364 2611 446 2648 fille
469 2609 664 2652 sérieuse,
690 2603 880 2646 honnête,
907 2600 1068 2638 aimant
1092 2599 1214 2633 beau¬

365 2669 471 2704 coup
493 2663 723 2694 commerce
747 2653 789 2692 et
812 2649 940 2698 ayant
966 2647 1046 2684 dot.

415 2787 634 2824 Beaucoup
652 2780 702 2814 de
719 2785 961 2824 personnes,
986 2782 1037 2807 en
1055 2769 1217 2807 vieillis¬

369 2835 479 2874 sant,
500 2828 759 2864 maudissent
785 2826 820 2860 le
840 2825 939 2864 sort,
965 2819 1133 2866 qu’elles
1156 2826 1219 2851 ac¬

371 2884 516 2917 cusent
558 2874 826 2918 injustement
871 2869 919 2904 de
964 2867 1022 2902 les
1064 2863 1219 2899 oublier

371 2929 478 2968 dans
496 2926 533 2961 le
553 2922 699 2959 célibat
720 2929 728 2963 ;
749 2918 856 2954 mais
876 2918 899 2952 à
919 2915 989 2960 qui
1011 2916 1049 2949 la
1067 2914 1180 2948 faute
1199 2909 1220 2944 ?

373 2972 522 3010 Quand
573 2979 626 3003 on
666 2974 795 3009 songe
832 2972 910 3009 que
954 2973 972 2993 «
996 2956 1222 2995 l’Intermé¬

374 3022 502 3057 diaire
533 3033 550 3054 »
583 3020 666 3052 met
700 3016 722 3049 à
754 3016 869 3049 votre
896 3006 1138 3053 disposition
1166 3012 1221 3038 un

371 3078 522 3114 moyen
544 3068 628 3108 sûr,
649 3060 850 3108 pratique,
875 3053 1220 3093 sérieux,discret,

377 3122 412 3154 et
441 3126 495 3151 un
522 3113 639 3150 choix
666 3108 863 3146 suffisant
886 3105 936 3140 de
961 3100 1091 3148 partis
1121 3107 1223 3143 pour

375 3175 421 3200 se
442 3160 608 3201 marier,
633 3166 711 3202 que
755 3153 842 3188 cela
886 3161 938 3185 ne
983 3149 1100 3183 coûte
1147 3152 1224 3187 que

375 3213 420 3247 12
439 3212 593 3250 francs,
616 3210 655 3241 et
671 3204 795 3250 qu’on
817 3199 946 3236 hésite
968 3197 1036 3232 !!...
1062 3192 1225 3229 Décidé¬

377 3260 505 3299 ment,
527 3255 562 3292 si
597 3263 699 3290 vous
735 3252 868 3284 restez
904 3241 1153 3282 célibataire,
1176 3247 1226 3272 ne

319 3661 335 3674 w
344 3664 368 3674 mi
381 3666 386 3673 i
390 3659 400 3673 ■
402 3659 415 3673 ^
415 3663 420 3673 ■
451 3664 458 3673 .
458 3664 469 3672 .
470 3663 485 3673 .
488 3663 491 3672 .
510 3663 522 3672 P
524 3662 529 3671 .
580 3663 587 3670 -
605 3661 649 3669 ,—
675 3661 752 3669 .—-
756 3663 766 3667 -
774 3659 790 3667 —

1267 695 1370 720 vous
1397 693 1449 719 en
1487 692 1634 727 prenez
1674 681 1770 726 qu’à
1792 681 2051 716 vous-même
2077 681 2116 713 et

1270 733 1497 768 dites-vous
1536 728 1629 764 bien
1674 737 1751 774 que
1795 728 1896 764 c’est
1936 736 2053 769 vous,
2080 730 2118 763 et

1269 790 1371 816 vous
1397 780 1485 816 seul
1515 778 1582 823 qui
1610 778 1646 813 le
1676 776 1832 812 voulez.

1316 903 1394 938 123.
1432 911 1479 928 —
1502 901 1508 935 *
1523 894 2030 939 Chauffeur-mécanicien,
2071 893 2115 930 28

1267 961 1355 995 ans,
1396 948 1574 986 réformé
1605 955 1765 994 guerre,
1797 944 2023 982 honorable
2058 943 2116 980 fa¬

1268 997 1387 1041 mille,
1422 995 1568 1043 petites
1601 993 1850 1038 économies,
1887 989 2122 1038 épouserait

1266 1048 1387 1093 jeune
1417 1046 1498 1083 fille
1532 1043 1578 1081 25
1612 1053 1701 1088 ans,
1737 1043 1880 1084 douce,
1917 1039 2113 1082 aimante,

1265 1095 1395 1142 ayant
1422 1093 1520 1141 petit
1549 1091 1667 1130 avoir
1696 1090 1732 1128 si
1757 1089 1948 1137 possible.

1311 1214 1389 1249 124.
1410 1234 1456 1239 —
1474 1214 1603 1250 Jeune
1622 1208 1801 1253 homme,
1823 1208 1864 1246 31
1887 1206 2121 1252 ans,blond,

1267 1263 1383 1301 avoir
1414 1260 1544 1298 15.000
1581 1261 1644 1302 fr.,
1685 1256 1974 1295 actuellement
2012 1255 2123 1291 fonc¬

1269 1309 1483 1354 tionnaire,
1516 1304 1756 1355 épouserait
1790 1304 1915 1350 jeune
1944 1302 2026 1338 fille
2061 1302 2126 1339 sé¬

1269 1358 1416 1402 rieuse,
1456 1355 1586 1402 ayant
1616 1352 1737 1401 goûts
1775 1351 1958 1397 simples,
2000 1349 2124 1388 situa¬

1270 1405 1352 1443 tion
1385 1414 1440 1442 en
1472 1402 1652 1449 rapport.

1321 1531 1400 1567 128.
1438 1529 1485 1564 —
1517 1525 1752 1571 Boulanger
1785 1522 1923 1568 établi,
1955 1520 2001 1557 24
2030 1529 2119 1563 ans,

1274 1578 1451 1616 réformé
1482 1584 1642 1624 guerre,
1676 1573 1879 1622 physique
1914 1568 2120 1620 agréable,

1273 1626 1508 1675 épouserait
1532 1626 1654 1671 jeune
1684 1624 1764 1660 fille
1794 1622 1843 1658 de
1870 1619 2024 1657 famille
2055 1617 2124 1653 ho¬

1273 1677 1457 1720 norable,
1501 1672 1547 1711 20
1586 1676 1611 1711 à
1641 1671 1688 1708 25
1721 1681 1812 1715 ans,
1855 1667 2120 1708 affectueuse,

1273 1726 1435 1763 aimant
1453 1730 1686 1760 commerce
1710 1721 1751 1757 et
1771 1717 1900 1764 ayant
1920 1715 1989 1752 dot
2008 1715 2057 1751 de
2081 1714 2127 1750 15

1276 1777 1300 1812 à
1324 1772 1456 1811 20.000
1486 1772 1533 1808 fr.

1329 1897 1407 1933 131.
1431 1918 1478 1923 —
1499 1894 1650 1931 Artiste
1674 1889 1844 1937 peintre,
1869 1888 1915 1924 37
1933 1897 2022 1929 ans,
2046 1886 2131 1922 très

1281 1944 1584 1994 sympathique,
1622 1937 1857 1987 épouserait
1893 1937 2014 1983 jeune
2049 1934 2130 1970 fille

1281 1993 1410 2043 ayant
1428 1992 1527 2040 petit
1549 1989 1675 2028 avoir.

1332 2126 1410 2162 132.
1434 2146 1480 2151 —
1501 2120 1617 2164 Veuf,
1646 2120 1692 2156 42
1713 2129 1806 2163 ans,
1837 2114 2129 2158 commerçant,

1283 2167 1528 2222 présentant
1559 2169 1663 2211 bien,
1706 2165 1943 2214 épouserait
1983 2161 2135 2199 demoi¬

1286 2222 1384 2260 selle
1403 2230 1455 2258 ou
1472 2228 1616 2263 veuve,
1639 2217 1685 2254 30
1703 2227 1781 2253 ans
1800 2213 1984 2259 environ,
2007 2209 2138 2256 ayant

1286 2272 1364 2308 dot.

1336 2389 1415 2426 135.
1443 2384 1705 2429 —Employé
1730 2380 1892 2418 chemin
1920 2380 1968 2414 de
1994 2378 2067 2419 fer,
2092 2375 2141 2411 30

1287 2448 1378 2482 ans,
1420 2434 1606 2472 mobilisé
1640 2441 1713 2471 sur
1750 2431 1875 2477 place,
1919 2425 2137 2472 physiono¬

1290 2487 1369 2524 mie
1430 2481 1731 2532 sympathique,
1774 2477 1910 2515 désire
1951 2473 2142 2519 mariage

1290 2546 1392 2573 avec
1420 2535 1539 2580 jeune
1563 2530 1643 2566 fille
1666 2526 1794 2575 ayant
1821 2524 1967 2572 petites
1997 2522 2137 2559 écono¬

1292 2583 1406 2620 mies.

1344 2714 1374 2747 Il
1394 2723 1421 2757 y
1441 2721 1464 2746 a
1487 2719 1542 2745 un
1563 2707 1764 2753 proverbe
1784 2703 1851 2749 qui
1872 2702 1930 2738 dit
1956 2713 1963 2737 :
1986 2714 2003 2734 «
2026 2700 2146 2735 Aide-

1297 2761 1364 2802 toi,
1396 2760 1433 2796 le
1464 2757 1544 2792 Ciel
1570 2756 1741 2791 t’aidera
1769 2768 1800 2787 ».
1831 2751 1998 2785 Comme
2023 2748 2049 2782 il
2081 2748 2144 2782 est

1298 2807 1386 2844 vrai
1420 2806 1427 2840 !
1455 2805 1728 2848 Croyez-vous
1755 2807 1832 2843 que
1856 2798 1957 2832 c’est
1986 2805 2035 2830 en
2060 2801 2146 2829 res-
2208 2818 2221 2826 .

1297 2860 1385 2891 tant
1414 2853 1582 2894 indécis,
1611 2848 1798 2889 irrésolu,
1833 2845 2043 2887 comptant
2071 2849 2145 2877 sur

1297 2903 1334 2937 le
1351 2900 1518 2942 hasard,
1543 2902 1582 2934 et
1599 2895 1827 2935 attendant,
1846 2899 2007 2928 comme
2025 2888 2146 2923 Sœur

1299 2951 1429 2989 Anne,
1451 2947 1489 2981 la
1515 2954 1646 2982 venue
1672 2944 1719 2979 de
1742 2940 1914 2975 l’oiseau
1936 2944 2042 2979 rare,
2067 2943 2146 2979 que

1299 3007 1400 3032 vous
1439 2993 1642 3028 arriverez
1678 2998 1730 3023 au
1769 2985 1926 3022 résulat
1944 2993 2021 3029 que
2041 2990 2146 3015 vous

1300 3044 1457 3080 désirez
1476 3042 1498 3076 ?
1518 3041 1656 3076 Certes
1678 3045 1759 3070 non
1781 3035 1789 3069 !
1810 3030 2016 3075 Pourquoi
2039 3029 2148 3063 n’es¬

1300 3098 1545 3134 sayez-vous
1593 3093 1668 3127 pas
1707 3091 1763 3115 un
1806 3077 2084 3114 abonnement
2122 3070 2148 3104 à

1302 3153 1321 3172 «
1351 3128 1689 3173 l’Intermédiaire
1720 3145 1738 3164 »
1777 3128 1798 3162 ?
1841 3127 1901 3161 En
1941 3120 2149 3158 devenant

1301 3189 1416 3222 notre
1464 3181 1675 3216 adhérent,
1698 3176 1783 3212 cela
1829 3182 1931 3209 vous
1971 3167 2103 3211 oblige
2122 3163 2148 3198 à

1303 3244 1382 3268 une
1426 3229 1608 3265 modeste
1655 3224 1846 3268 dépense,
1867 3220 1894 3254 il
1940 3220 2001 3252 est
2043 3211 2152 3255 vrai.
