2472 3696
1143 342 1191 347 —
1221 315 1244 355 3
1280 338 1326 343 —

449 427 519 466 Les
556 439 710 467 niciues
749 428 981 476 difficultés,
1028 428 1121 464 bien
1162 424 1254 476 qu'à
1293 437 1349 464 un
1390 426 1578 464 moindre
1620 427 1754 474 degre,
1794 438 1834 475 ^
1874 426 2108 475 présentent

346 493 451 530 pour
482 484 514 520 le
540 494 629 520 sexe
665 483 759 522 fort.
791 482 840 520 Le
871 483 999 530 jeune
1026 481 1209 529 homme,
1241 480 1427 518 désireux
1459 480 1507 518 de
1534 494 1573 520 se
1605 480 1825 519 soustraire
1858 492 1936 518 aux
1967 480 2108 517 incon¬

348 537 532 575 vénients
566 536 620 574 du
655 536 815 582 célibat,
855 536 923 585 qui
957 540 1015 573 est
1046 536 1103 573 las
1139 536 1188 574 de
1221 535 1333 572 vivre
1363 548 1412 574 au
1448 539 1678 572 restaurant
1707 536 1760 573 où
1790 533 1873 573 l'on
1911 533 2000 582 paie
2031 534 2110 571 fort

342 586 443 623 cher
486 597 567 623 une
616 586 835 622 mauvaise
888 585 1150 629 nourriture,
1190 585 1240 620 de
1296 594 1445 630 passer
1490 594 1557 620 ses
1605 582 1765 620 soirées
1811 594 1864 620 au
1908 583 2011 627 café,
2067 593 2116 618 en

344 640 500 676 faisant
548 640 586 677 la
637 639 956 675 traditionnelle
1008 638 1181 675 manille
1233 647 1334 673 avec
1381 637 1454 672 des
1506 637 1769 681 camarades,
1827 648 1878 673 au
1932 637 2013 672 lieu
2067 636 2118 672 de

348 698 495 746 goûter
521 697 557 735 la
590 697 719 735 douce
752 695 991 734 familiarité
1024 696 1079 733 du
1112 695 1240 744 foyer,
1275 692 1358 743 qui,
1395 706 1445 732 en
1473 707 1539 732 cas
1571 693 1919 742 d’indisposition,
1955 693 2115 742 préfère

350 752 405 789 les
434 752 544 790 soins
581 750 810 788 affectueux
840 748 963 788 d'une
1000 749 1156 787 femme
1181 749 1365 787 dévouée
1400 750 1419 786 à
1452 761 1552 786 ceux
1588 747 1711 786 d’une
1740 748 1967 797 étrangère,
2010 748 2111 788 celui

348 806 419 854 qui
455 804 668 844 considère
701 815 866 841 comme
902 815 983 841 une
1018 803 1250 852 obligation
1288 803 1420 840 sacrée
1453 803 1488 840 la
1527 802 1743 840 fondation
1778 800 1900 840 d’une
1940 801 2111 848 famille,

351 859 426 897 but
455 858 647 908 suprême
683 859 731 896 de
759 857 1004 903 l’existence,
1045 870 1094 894 en
1126 869 1182 895 un
1221 862 1308 894 mot
1336 856 1536 894 l’homme
1572 855 1621 893 de
1651 868 1766 894 cœur
1801 857 1872 905 qui
1904 860 1999 893 veut
2035 856 2118 897 être

353 913 452 951 utile
483 915 504 951 à
537 913 574 950 la
608 912 768 954 société,
805 917 913 960 peut,
953 923 1046 948 sans
1080 917 1171 960 trop
1207 911 1254 948 de
1284 910 1519 958 difficultés,
1558 910 1758 948 chercher
1787 910 2004 948 lui-même
2037 922 2118 949 une

353 977 600 1016 compagne,
631 970 669 1003 et
701 966 728 1003 il
756 965 814 1003 lui
846 971 905 1004 est
932 966 1092 1003 loisible
1127 966 1176 1003 de
1204 965 1426 1003 demander
1459 966 1479 1002 à
1508 977 1567 1003 ses
1598 964 1704 1001 amis
1732 969 1772 1002 et
1803 964 2118 1003 connaissances

351 1022 401 1059 de
428 1021 486 1058 lui
516 1026 682 1059 trouver
712 1032 768 1057 un
800 1018 905 1068 parti
937 1019 1202 1066 convenable,
1234 1020 1338 1057 mais
1367 1023 1491 1056 est-ce
1516 1017 1711 1056 suffisant
1734 1019 1749 1056 ?
1782 1019 1833 1056 La
1862 1018 2031 1067 plupart
2063 1018 2116 1055 du

354 1080 499 1123 temps,
527 1075 562 1112 le
590 1073 743 1121 champ
768 1074 834 1111 des
864 1072 1104 1111 recherches
1131 1078 1188 1111 est
1221 1073 1302 1110 fort
1332 1072 1532 1119 restreint,
1568 1072 1623 1109 les
1649 1074 1751 1110 amis
1782 1073 1874 1121 plus
1897 1084 1952 1109 ou
1982 1071 2119 1109 moins

355 1129 611 1166 indifférents
638 1128 827 1166 oublient
858 1128 905 1165 de
937 1125 1148 1175 s’occuper
1180 1127 1227 1164 de
1258 1127 1294 1164 la
1325 1127 1495 1164 mission
1529 1126 1702 1164 délicate
1728 1126 1830 1165 dont
1860 1126 1908 1164 ils
1937 1138 1953 1162 s
1970 1125 2116 1163 étaient

355 1182 526 1232 chargés
563 1187 736 1220 souvent
764 1182 786 1218 à
822 1185 1113 1226 contre-cœur,
1146 1186 1184 1219 et
1218 1181 1245 1217 il
1275 1193 1324 1219 en
1357 1181 1506 1219 résulte
1540 1192 1620 1229 que
1648 1178 1883 1227 l’intéressé,
1925 1192 1975 1216 ne
2009 1184 2119 1217 trou¬

356 1242 452 1275 vant
486 1248 555 1285 pas
590 1247 634 1273 ce
667 1235 767 1285 qu’il
802 1234 943 1282 désire,
981 1235 1142 1283 préfère
1174 1232 1400 1281 s’abstenir,
1437 1238 1489 1281 et,
1526 1235 1641 1283 après
1677 1235 1872 1283 quelques
1903 1233 2120 1271 tentatives

356 1291 506 1337 vaines,
533 1300 574 1327 se
598 1289 762 1338 résigne
783 1293 874 1327 tout
900 1288 1149 1327 doucement
1171 1291 1192 1326 à
1221 1293 1344 1326 rester
1367 1288 1486 1326 vieux
1513 1300 1682 1338 garçon.

465 1344 528 1381 Ah
548 1344 561 1381 !
585 1355 660 1392 que
688 1344 736 1381 de
763 1343 966 1391 mariages
992 1343 1194 1392 manqués
1218 1343 1331 1391 faute
1359 1340 1458 1381 d'un
1487 1343 1792 1380 intermédiaire
1816 1342 1975 1381 sérieux
1977 1343 1986 1389 ,
2020 1343 2105 1380 hon

357 1400 445 1436 nète
471 1400 507 1436 et
536 1396 699 1443 discret,
728 1402 905 1446 prenant
931 1398 953 1434 à
977 1409 1092 1434 cœur
1119 1397 1156 1434 la
1180 1395 1348 1435 réussite
1376 1397 1444 1435 des
1470 1396 1672 1445 mariages
1702 1397 1898 1446 auxquels
1930 1396 1956 1433 il
1986 1395 2118 1434 s’inté¬

360 1463 464 1490 resse
488 1451 495 1489 I
528 1451 729 1489 Combien
757 1450 806 1489 de
839 1451 997 1499 projets
1025 1450 1364 1498 matrimoniaux,
1403 1451 1663 1490 commencés
1694 1462 1785 1490 sous
1819 1451 1867 1489 de
1896 1450 2000 1488 bons
2033 1462 2104 1487 ans

358 1506 478 1554 pices,
509 1509 585 1544 ont
619 1505 775 1543 échoué
807 1507 826 1543 à
863 1506 900 1543 la
932 1506 1036 1543 suite
1069 1503 1414 1547 d’indiscrétions,
1455 1504 1673 1542 commises
1706 1505 1841 1545 même
1875 1504 2122 1542 involontai¬

359 1564 516 1598 rement
541 1559 547 1597 I
596 1558 713 1597 Seule
750 1571 831 1597 une
865 1558 1144 1596 intervention
1183 1560 1287 1605 sûre,
1338 1559 1630 1596 bienveillante
1669 1564 1706 1597 et
1745 1559 1972 1602 raisonnée,
2026 1563 2119 1607 peut

360 1618 505 1651 mettre
532 1626 581 1652 en
612 1618 784 1662 rapport
809 1613 845 1650 la
876 1613 988 1651 foule
1015 1611 1175 1651 d’isolés
1205 1612 1275 1663 qui
1300 1613 1489 1662 végètent
1516 1614 1617 1651 dans
1647 1613 1684 1651 la
1714 1612 1900 1660 solitude,
1934 1612 2047 1650 faute
2076 1612 2123 1651 de

357 1680 396 1705 se
420 1667 646 1713 connaître,
679 1671 718 1704 et
742 1672 833 1705 sont
862 1667 966 1705 ainsi
991 1666 1127 1716 privés
1156 1668 1223 1706 des
1249 1667 1355 1715 joies
1381 1667 1428 1704 de
1453 1668 1488 1705 la
1522 1667 1693 1705 famille.

465 1721 569 1760 C’est
591 1733 698 1769 pour
720 1721 923 1759 remédier
942 1722 963 1758 à
987 1725 1049 1759 cet
1069 1722 1151 1759 état
1175 1721 1225 1760 de
1243 1721 1383 1759 choses
1406 1720 1510 1759 aussi
1538 1719 1839 1770 préjudiciable
1863 1722 1883 1759 à
1904 1717 1928 1758 f
1936 1719 2123 1761 individu

359 1774 451 1824 qu’à
484 1776 519 1813 la
549 1774 805 1821 collectivité,
843 1773 1110 1813 dont-l’essor
1133 1781 1194 1814 est
1224 1776 1547 1824 complètement
1576 1776 1741 1813 entravé
1772 1775 1907 1824 parla
1944 1774 2123 1812 diminu¬

365 1830 450 1867 tion
499 1829 548 1866 de
591 1828 684 1876 plus
731 1840 781 1865 en
832 1829 925 1876 plus
968 1828 1128 1877 grande
1170 1830 1238 1868 des
1286 1829 1488 1878 mariages
1552 1841 1632 1878 que
1679 1841 1783 1866 nous
1829 1841 1956 1867 avons
2005 1828 2128 1866 fondé

367 1903 386 1925 «
408 1886 859 1927 L’INTERMEDIAIRE
880 1883 958 1925 DU
990 1884 1155 1925 FOYER
1186 1899 1223 1925 ».

467 1944 637 1997 Jusqu’à
665 1959 711 1984 ce
737 1949 836 1996 jour
861 1944 1048 1994 quantité
1073 1942 1287 1992 d’agences
1317 1947 1391 1982 ont
1416 1943 1477 1980 été
1507 1942 1652 1981 créées.
1682 1941 1884 1980 Combien
1915 1942 1962 1978 de
1994 1941 2127 1978 réelle¬

366 2005 479 2040 ment
508 2001 626 2040 utiles
655 2003 691 2038 et
725 2001 905 2049 efficaces
927 2000 997 2037 ?...
1029 1998 1077 2036 Et
1110 1998 1194 2035 cela
1227 2008 1266 2034 se
1299 1996 1540 2044 comprend,
1573 1997 1712 2045 quand
1745 2009 1799 2033 on
1833 1994 2020 2033 réfléchit
2052 2006 2129 2043 que

363 2058 449 2095 seul
484 2055 659 2094 l'intérêt
688 2055 845 2103 guidait
881 2063 944 2092 ces
978 2052 1139 2102 gens-là
1141 2083 1148 2097 ,
1186 2055 1226 2090 et
1256 2062 1346 2099 que,
1385 2050 1485 2088 dans
1514 2062 1570 2089 un
1605 2049 1792 2097 mariage
1824 2049 1900 2087 fait
1934 2061 2009 2097 par
2035 2061 2126 2094 eux,

363 2111 410 2148 ils
437 2109 784 2157 n’envisageaient
809 2106 963 2155 qu’une
984 2106 1106 2144 chose
1130 2101 1137 2143 :
1152 2101 1195 2143 Id
1209 2109 1383 2144 SOfïime
1397 2100 1425 2143 Ù
1440 2101 1635 2143 tOUCtlBP
1647 2100 1675 2142 à
1693 2101 1805 2143 titTB
1822 2100 1875 2142 ÜB
1891 2100 2132 2149 COUCtdgB.

467 2160 696 2200 Combien
720 2157 988 2199 différente
1006 2166 1080 2196 est
1103 2159 1242 2196 notre
1263 2165 1431 2195 œuvre
1449 2156 1461 2194 !
1483 2161 1595 2197 Nous
1617 2169 1669 2196 ne
1692 2159 1955 2195 demandons
1976 2163 2133 2193 aucun

360 2217 611 2264 courtage,
648 2224 834 2254 aucune
862 2212 1173 2253 commission
1204 2211 1216 2249 !
1250 2215 1302 2250 Le
1330 2214 1418 2250 seul
1449 2213 1632 2251 débours
1658 2213 1844 2249 consiste
1872 2213 1895 2248 à
1922 2222 2055 2257 payer
2079 2222 2133 2248 un

360 2273 562 2320 TnÔdique
579 2273 868 2309 abonnement
890 2269 1055 2307 destiné
1077 2271 1099 2306 à
1122 2267 1294 2306 couvrir
1316 2268 1376 2304 les
1398 2268 1500 2304 frais
1522 2267 1820 2313 d’impression
1845 2268 1882 2303 et
1907 2265 1956 2302 de
1977 2276 2138 2304 corres¬

361 2329 599 2374 pondance,
640 2329 681 2363 et
719 2326 846 2373 grâce
887 2324 1040 2370 auquel
1076 2324 1136 2359 les
1167 2321 1438 2359 célibataires
1477 2322 1551 2358 ries
1583 2320 1690 2357 deux
1726 2331 1848 2357 sexes
1881 2322 1955 2357 ont
1986 2321 2009 2355 à
2047 2321 2139 2356 leur

363 2381 620 2427 disposition
644 2390 701 2417 un
729 2379 852 2417 choix
872 2379 920 2416 de
947 2377 1093 2424 partis,
1118 2376 1379 2423 permettant
1399 2376 1449 2411 de
1471 2376 1633 2412 donner
1654 2374 1919 2411 satisfaction
1946 2374 1967 2409 à
1999 2375 2138 2410 toutes

363 2436 421 2472 les
445 2435 680 2482 exigences.

469 2489 581 2526 Nous
605 2489 757 2524 tenons
780 2486 860 2523 aie
888 2484 1060 2532 répéter
1089 2499 1097 2520 :
1127 2475 1601 2521 «L’INTERMÉDIAIRE
1634 2483 1697 2520 DU
1730 2483 1890 2520 LOYER
1907 2494 1924 2516 »
1956 2481 2020 2518 n’a
2048 2481 2140 2518 rien

363 2543 414 2580 de
442 2553 644 2580 commun
671 2550 773 2578 avec
801 2541 860 2576 les
890 2549 1075 2583 agences
1106 2537 1445 2575 matrimoniales
1482 2546 1489 2581 ;
1520 2536 1625 2576 c’est
1651 2546 1744 2574 une
1771 2545 1934 2575 œuvre
1961 2535 2072 2581 (font
2101 2536 2142 2575 le

364 2596 443 2635 but
471 2598 648 2644 unique
676 2595 743 2633 est
772 2595 823 2632 de
849 2595 1010 2633 servir
1036 2593 1088 2631 de
1119 2591 1450 2631 trait-d'union
1477 2593 1598 2629 entre
1633 2591 1774 2627 toutes
1806 2592 1867 2627 les
1900 2600 2141 2637 personnes

364 2650 607 2688 désireuses
636 2649 685 2686 de
715 2648 892 2691 remplir
915 2647 1007 2687 leur
1034 2647 1182 2683 devoir
1210 2645 1339 2682 social
1368 2656 1419 2682 en
1449 2646 1720 2682 contractant
1744 2644 1945 2688 mariage,
1978 2640 2140 2688 quelle

365 2716 459 2756 que
494 2707 590 2746 soit
616 2705 729 2744 leur
760 2703 995 2743 situation
1032 2703 1088 2742 de
1109 2703 1321 2749 fortune,
1346 2702 1402 2740 de
1423 2702 1470 2740 la
1488 2702 1604 2750 plus
1637 2701 1860 2740 modeste
1893 2699 1919 2739 à
1952 2700 1999 2739 la
2030 2700 2141 2745 plus

364 2760 543 2806 élevée,
576 2765 618 2801 et
646 2772 754 2800 nous
776 2761 1059 2807 remplissons
1082 2762 1192 2797 cette
1221 2759 1400 2796 mission
1430 2770 1532 2796 avec
1566 2758 1749 2796 l'ENTRE
1757 2760 1820 2796 ME
1857 2751 2141 2796 DISCRÉTION

366 2830 454 2871 que
485 2817 590 2859 doit
625 2817 903 2870 comporter
939 2827 1002 2856 un
1037 2817 1143 2855 acte
1182 2815 1317 2855 aussi
1351 2815 1638 2859 important,
1680 2816 1820 2853 aussi
1859 2814 2002 2854 sacré
2049 2823 2144 2862 que

367 2882 412 2919 le
452 2879 693 2929 mariage.

1638 2961 1702 2998 LA
1735 2959 2023 2998 DIRECTION.
