2472 3696
1069 307 1118 352 -
1150 306 1197 352 17
1225 331 1276 340 -

341 428 423 465 383.
461 447 506 453 —
544 426 673 462 Jeune
704 422 784 461 fille
814 424 862 460 30
897 433 989 466 ans,
1025 422 1144 459 affec¬

298 477 453 521 tueuse,
494 474 588 511 bien
621 473 773 517 élevée,
815 473 965 509 femme
1004 469 1143 504 d’inté¬

298 525 419 568 rieur,
461 523 671 569 employée
707 520 756 556 de
796 519 970 564 banque,
1010 515 1146 554 désire

299 573 484 618 mariage
510 580 610 606 avec
635 567 847 605 monsieur
870 565 919 603 30
937 566 962 601 à
987 564 1034 600 40
1054 572 1145 606 ans,

299 618 598 658 fonctionnaire
631 627 680 654 ou
722 616 849 653 autre.

349 747 430 784 384.
462 747 510 781 —
540 742 796 787 Demoiselle,
830 742 875 779 28
905 752 994 787 ans,
1034 738 1152 777 cuisi¬

302 796 416 834 nière
443 804 519 842 par
548 794 655 832 suite
681 789 1005 833 d’événements,
1033 788 1152 825 affec¬

305 846 460 889 tueuse,
496 841 682 880 conduite
705 838 1022 885 irréprochable,
1057 836 1155 871 fem¬

309 903 373 929 me
406 890 657 933 d’intérieur,
695 886 844 934 capital
875 884 984 921 6.000
1013 884 1156 919 francs

308 942 347 977 et
373 933 873 986 espérances,épouserait
899 934 1018 979 jeune
1045 931 1158 967 hom¬

311 996 375 1024 me
401 987 449 1023 de
472 986 516 1024 28
537 987 564 1022 à
587 985 632 1021 35
656 994 746 1026 ans,
779 976 1160 1026 catholique'prati¬

311 1036 451 1082 quant,
489 1044 589 1071 sans
615 1033 706 1069 tare
738 1027 997 1073 héréditaire,
1033 1024 1161 1072 ayant

314 1083 461 1130 emploi
489 1080 664 1118 lucratif.

361 1199 442 1235 385.
471 1199 517 1233 —
544 1194 802 1239 Demoiselle,
827 1194 872 1230 27
897 1202 986 1235 ans,
1011 1193 1165 1229 femme

317 1249 367 1285 de
391 1247 587 1283 chambre
611 1254 686 1291 par
709 1243 815 1280 suite
838 1239 1163 1282 d’événements,

319 1295 580 1338 affectueuse,
623 1291 811 1330 conduite
848 1286 1165 1335 irréprochable,

319 1344 471 1380 femme
500 1340 751 1383 d’intérieur,
794 1337 943 1384 capital
970 1334 1080 1371 6.000
1116 1334 1165 1369 fr.

322 1391 360 1427 et
425 1390 683 1437 espérances,
753 1383 987 1435 épouserait
1050 1382 1169 1428 jeune

323 1441 488 1476 homme
524 1438 572 1475 de
609 1436 654 1472 28
684 1438 708 1472 à
736 1435 782 1472 35
817 1443 905 1477 ans,
941 1428 1171 1475 catholique

322 1485 574 1532 pratiquant,
615 1493 716 1520 sans
764 1483 853 1518 tare
912 1476 1170 1517 héréditaire,

325 1536 452 1582 ayant
484 1532 632 1579 emploi
663 1529 836 1568 lucratif.

1015 1584 1026 1604 /

373 1655 602 1700 Lorsqu’un
630 1652 791 1688 abonné
824 1648 950 1695 reçoit
981 1647 1077 1682 d’un
1108 1655 1178 1681 au¬

328 1709 391 1742 tre
417 1703 675 1746 abonné,une
701 1702 818 1737 lettre
845 1699 942 1734 dont
964 1697 1178 1733 l’annonce

330 1757 369 1790 et
398 1756 433 1790 le
459 1752 632 1786 numéro
658 1760 710 1785 ne
737 1748 914 1792 figurent
938 1753 1013 1790 pas
1041 1753 1112 1780 sur
1143 1741 1179 1776 le

331 1800 506 1847 journal,
545 1798 572 1832 il
606 1799 673 1832 n’a
701 1805 778 1840 pas
814 1794 839 1830 à
876 1794 962 1828 s’en
990 1790 1182 1836 préoccu¬

332 1859 403 1893 per
446 1858 454 1882 :
495 1847 530 1882 le
573 1841 898 1887 correspondant
938 1840 1051 1875 étant
1084 1846 1183 1872 nou¬

334 1905 452 1938 veau,
485 1902 560 1929 son
590 1900 776 1927 annonce
809 1898 860 1923 ne
892 1895 986 1922 sera
1021 1883 1183 1920 insérée

335 1954 413 1989 que
434 1943 471 1979 le
496 1941 602 1977 mois
630 1938 811 1976 suivant.

386 1991 589 2035 Quelques
637 1986 821 2024 abonnés
860 1982 1090 2019 s’étonnent
1135 1978 1184 2013 de

338 2049 389 2075 ne
417 2039 508 2084 plus
536 2036 624 2072 voir
653 2034 751 2070 d’un
780 2031 885 2067 mois
909 2030 934 2065 à
959 2028 1103 2064 l’autre
1127 2026 1186 2061 les

339 2089 498 2123 mêmes
528 2091 751 2123 annonces,
790 2080 829 2114 la
860 2077 1001 2113 raison
1039 2084 1090 2111 en
1128 2076 1189 2108 est

341 2145 418 2180 que
451 2134 511 2169 les
552 2139 761 2167 annonces
798 2130 891 2162 sont
931 2121 1189 2168 supprimées

341 2193 396 2218 au
418 2184 485 2218 fur
511 2183 550 2216 et
573 2181 598 2217 à
626 2187 792 2213 mesure
820 2171 1090 2217 d’expiration
1118 2168 1191 2204 des

344 2229 657 2269 abonnements,
696 2234 748 2260 ou
778 2232 851 2265 par
890 2220 994 2255 suite
1029 2217 1077 2252 de
1107 2224 1192 2250 ma¬

344 2278 471 2323 riage.

394 2394 475 2430 388.
497 2393 543 2427 —
570 2386 827 2430 Demoiselle,
857 2386 902 2422 33
930 2394 1018 2428 ans,
1048 2381 1197 2420 sérieu¬

350 2453 405 2486 se,
439 2439 717 2482 travailleuse,
750 2428 1194 2475 dévouée,économies,

350 2491 441 2537 plus
482 2487 575 2535 jolie
608 2485 731 2533 petite
771 2479 987 2529 propriété,
1033 2478 1200 2523 épouse¬

351 2538 430 2575 rait
455 2533 670 2574 monsieur
698 2535 747 2570 de
780 2530 825 2567 35
849 2533 876 2567 à
908 2528 952 2564 45
985 2535 1073 2568 ans,
1105 2522 1203 2561 veuf

354 2594 454 2622 sans
479 2583 623 2621 enfant
651 2591 702 2618 ou
728 2578 869 2616 mutile
892 2584 992 2613 avec
1014 2570 1198 2620 pension,

322 2663 326 2667 .
355 2634 476 2671 sobre
502 2632 540 2669 et
568 2629 744 2668 sérieux.

404 2747 484 2783 389.
511 2746 559 2780 —
585 2744 685 2780 Fille
710 2735 874 2785 unique,
909 2734 954 2775 2’5
987 2746 1075 2777 ans,
1113 2735 1206 2770 bru¬

358 2807 420 2835 ne.
443 2794 546 2836 .bien
574 2788 902 2838 physiquement,
936 2782 1204 2822 musicienne,

360 2843 468 2881 taille
500 2841 515 2877 l
522 2846 548 2862 ra
551 2839 606 2884 53,
652 2840 732 2875 très
763 2838 898 2872 bonne
933 2830 1100 2874 famille,
1141 2828 1209 2864 dot

333 2923 336 2926 .
361 2892 399 2930 et
429 2888 688 2936 espérances,
729 2880 963 2930 épouserait
996 2875 1211 2916 monsieur

362 2940 464 2976 belle
493 2933 688 2971 situation
711 2943 763 2968 ou
792 2928 969 2967 fortuné.

412 3054 492 3091 390.
515 3052 562 3086 —
587 3051 717 3086 Dame
745 3044 888 3089 veuve,
919 3044 963 3080 49
991 3053 1079 3085 ans,
1114 3050 1213 3078 sans

369 3105 556 3148 charges,
597 3095 745 3134 établie
787 3101 1033 3136 commerce,
1073 3088 1213 3125 indus¬

368 3151 442 3188 trie
467 3148 562 3185 ville
588 3145 719 3188 d’eau,
746 3139 980 3189 épouserait
1002 3135 1217 3174 monsieur

369 3201 504 3236 môme
528 3196 618 3241 âge,
646 3192 760 3234 libre,
795 3191 928 3226 bonne
958 3183 1089 3228 santé,
1125 3192 1219 3229 pou¬

372 3248 471 3283 vant
504 3244 712 3286 s’occuper
743 3239 879 3273 même
905 3234 1062 3274 affaire,
1092 3228 1221 3276 ayant

372 3293 517 3340 apport
552 3299 600 3327 ou
630 3284 809 3324 retraité.
850 3279 1084 3319 Recherche
1116 3285 1222 3314 com¬

374 3340 522 3388 pagnie
551 3335 813 3374 affectueuse.

1265 419 1346 455 391.
1379 438 1425 444 —
1449 418 1576 453 Jeune
1605 414 1698 459 fille,
1725 415 1770 452 23
1795 425 1884 459 ans,
1919 415 2061 457 brune,

1221 467 1442 503 excellente
1478 464 1746 507 musicienne,
1781 463 1945 510 gentille
1984 462 2063 504 dot,

1221 514 1391 560 parents
1440 512 1753 558 commerçants,
1794 511 1929 547 désire
1984 519 2068 546 ma¬

1222 562 1336 608 riage
1376 571 1477 598 avec
1529 559 1740 598 monsieur
1777 559 1887 605 loyal
1923 558 1963 594 et
2006 557 2070 594 sé¬

1225 610 1352 654 rieux,
1381 609 1428 646 de
1454 608 1499 645 27
1523 609 1547 644 à
1575 607 1619 643 32
1650 616 1738 650 ans,
1768 616 1842 652 pas
1874 614 2070 642 commer¬

1225 659 1332 703 çant,
1370 655 1564 694 situation
1597 665 1647 692 en
1674 654 1853 701 rapport.

1276 798 1357 834 392.
1384 819 1431 825 —
1455 796 1711 841 Demoiselle,
1737 797 1786 832 30
1809 807 1898 840 ans,
1925 796 2076 833 sérieu¬

1234 856 1289 889 se,
1339 846 1626 883 actuellement
1669 845 1880 890 employée
1917 843 1966 879 de
2005 844 2075 878 bu¬

1232 903 1344 939 reau,
1371 893 1504 930 désiré
1534 891 1828 939 correspondre
1851 901 1900 928 en
1923 901 2001 927 vue
2031 891 2079 927 de

1233 940 1419 987 mariage
1452 950 1554 977 avec
1579 940 1791 976 monsieur
1822 939 1871 976 de
1903 939 1951 976 40
1980 939 2005 974 à
2037 937 2083 974 50

1236 998 1325 1033 ans,
1362 987 1525 1026 sérieux
1562 989 1599 1025 et
1631 987 1758 1034 ayant
1793 988 1926 1023 bonne
1959 986 2082 1022 situa¬

1236 1038 1332 1075 tion.

1288 1180 1369 1216 395.
1398 1199 1444 1204 —
1466 1176 1722 1220 Demoiselle,
1753 1177 1798 1213 26
1826 1187 1915 1219 ans,
1949 1174 2088 1211 distin¬

1242 1226 1354 1274 guée,
1396 1225 1597 1273 physique
1626 1225 1832 1270 agréable,
1874 1222 2089 1259 honorabi¬

1244 1277 1310 1312 lité
1338 1274 1653 1321 irréprochable,
1682 1280 1846 1310 aucune
1873 1271 1973 1313 tare,
1993 1272 2090 1307 fem¬

1244 1334 1310 1360 me
1341 1322 1586 1365 d’intérieur,
1618 1329 1719 1357 avec
1742 1320 1822 1363 dot,
1845 1319 2092 1364 espérances

1246 1371 1378 1408 20.000
1398 1371 1461 1413 fr.,
1492 1370 1572 1406 bon
1600 1366 1748 1414 emploi
1776 1369 1943 1409 bureau,
1976 1374 2093 1410 capa¬

1248 1420 1313 1456 ble
1340 1418 1492 1466 diriger
1516 1418 1646 1464 grand
1678 1413 2094 1459 commerce,parents

1249 1467 1438 1509 rentiers,
1470 1465 1603 1502 désire
1638 1462 1822 1508 mariage
1857 1471 1955 1498 avec
1981 1468 2096 1495 mon¬

1251 1514 1362 1552 sieur
1387 1512 1665 1557 commerçant
1687 1521 1738 1548 ou
1760 1509 1934 1547 fortuné.

1302 1660 1382 1698 396.
1416 1680 1464 1685 —
1496 1655 1751 1699 Demoiselle,
1789 1655 1833 1692 45
1868 1665 1957 1700 ans,
1995 1653 2103 1690 4.000

1256 1710 1397 1745 francs
1433 1709 1481 1744 de
1525 1706 1674 1748 rentes,
1715 1702 1948 1751 épouserait
1989 1709 2103 1736 mon¬

1258 1757 1368 1793 sieur
1390 1756 1465 1802 âge
1493 1755 1531 1793 et
1557 1752 1752 1791 situation
1776 1761 1826 1788 en
1851 1749 2030 1795 rapport,
2055 1747 2104 1784 de

1260 1805 1495 1852 préférence
1521 1804 1547 1838 à
1573 1801 1615 1837 la
1648 1806 1885 1845 campagne.

1310 1945 1391 1981 397.
1426 1965 1473 1977 —.
1504 1940 1762 1984 Demoiselle,
1796 1939 1842 1976 36
1876 1949 1966 1983 ans,
1997 1936 2110 1973 insti¬

1264 1992 1420 2036 tutrice,
1481 1989 1711 2028 économies
1761 1988 1800 2024 et
1847 1987 2107 2032 espérances,

1266 2043 1350 2078 très
1384 2040 1645 2082 affectueuse,
1682 2035 1834 2073 famille
1874 2033 2109 2075 honorable,

1268 2088 1499 2135 épouserait
1555 2083 1855 2122 fonctionnaire
1897 2092 1952 2117 ou
2008 2089 2113 2116 com¬

1269 2137 1466 2180 merçant,
1508 2135 1641 2171 bonne
1676 2131 1903 2173 éducation,
1935 2130 2046 2165 doux
2078 2127 2116 2163 et

1269 2183 1474 2231 agréable.

1320 2327 1401 2362 399.
1426 2345 1474 2350 —
1503 2323 1633 2358 Jeune
1663 2319 1755 2364 fille,
1785 2318 1830 2355 22
1853 2327 1946 2360 ans,
1983 2324 2120 2351 carac¬

1279 2375 1364 2410 tère
1400 2371 1479 2415 gai,
1529 2367 1719 2411 honnête,
1757 2363 1997 2411 épouserait
2032 2362 2115 2398 bon

1276 2420 1452 2462 ouvrier,
1481 2417 1656 2461 sérieux,
1685 2414 1864 2453 honnête
1886 2413 1924 2449 et
1950 2411 1999 2447 de
2027 2410 2123 2446 bon¬

1275 2479 1327 2506 ne
1358 2467 1523 2504 famille.

1328 2609 1408 2645 401.
1450 2629 1497 2634 —
1537 2603 1677 2647 Dame,
1717 2600 1915 2644 divorcée,
1953 2598 1999 2636 35
2035 2606 2124 2641 ans,

1285 2654 1524 2700 couturière,
1572 2654 1715 2696 brune,
1755 2650 1864 2686 taille
1910 2654 2124 2692 moyenne,

1282 2707 1387 2748 bien,
1445 2702 1640 2744 sérieuse,
1687 2697 1952 2738 affectueuse,
2007 2692 2129 2738 goûts

1284 2754 1464 2799 simples,
1501 2746 1732 2796 épouserait
1762 2741 1973 2780 monsieur
2003 2739 2051 2777 de
2086 2737 2132 2774 40

1285 2804 1310 2839 à
1351 2801 1396 2838 55
1452 2808 1541 2841 ans,
1580 2795 1822 2835 affectueux,
1861 2788 2029 2825 retraité
2076 2795 2133 2822 ou

1285 2851 1419 2886 bonne
1445 2843 1652 2888 situation,
1681 2841 1815 2877 même
1841 2836 1974 2883 grand
1996 2833 2132 2872 blessé

1286 2897 1334 2934 de
1369 2902 1527 2941 guerre.

1336 3031 1416 3067 402.
1445 3050 1492 3054 —
1513 3027 1655 3066 Dame,
1680 3032 1824 3067 veuve,
1852 3020 1897 3057 39
1918 3028 2007 3062 ans,
2032 3026 2135 3054 sans

1292 3077 1445 3119 enfant,
1498 3073 1705 3112 caractère
1759 3069 1879 3112 doux,
1936 3065 2137 3112 physique

1294 3124 1498 3173 agréable,
1555 3120 1712 3158 aimant
1768 3115 1831 3154 vie
1886 3111 2136 3153 d’intérieur,

1295 3173 1414 3221 goûts
1441 3170 1622 3216 simples,
1652 3174 1829 3203 revenus
1850 3162 1959 3200 5.000
1984 3161 2138 3200 francs,

1297 3222 1383 3258 tout
1425 3228 1471 3257 en
1526 3216 1704 3257 valeurs,
1743 3208 1975 3258 épouserait
2029 3213 2142 3242 mon¬

1299 3269 1409 3310 sieur
1431 3267 1479 3305 de
1499 3264 1545 3301 40
1566 3264 1590 3300 à
1612 3263 1656 3299 45
1671 3269 1763 3304 ans,
1789 3258 1908 3300 doux,
1935 3252 2139 3301 agréable,

1298 3311 1595 3353 fonctionnaire
1627 3319 1680 3346 ou
1722 3306 1886 3344 rentier.
