2472 3696
1170 234 1220 275 —
1248 234 1301 275 20

385 337 498 370 même
532 337 697 380 colonie-s,
734 339 868 372 aimant
897 340 1079 383 intérieur,
1115 342 1145 374 si
1179 353 1243 384 pas

382 379 524 414 sérieux
549 380 752 416 s’abstenir.

427 478 503 509 995.
524 496 568 502 —
594 477 814 515 Demoiselle,
841 478 883 512 36
910 492 984 514 ans.
1012 480 1137 522 brune,
1161 480 1241 514 bien

382 519 515 561 élevée,
547 520 713 554 conduite
744 520 1017 563 irréprochable,
1052 523 1242 556 affectueu¬

379 572 431 603 se,
457 562 686 605 musicienne,
715 563 843 596 femme
869 564 1091 605 d’intérieur,
1119 565 1240 607 dacty¬

382 604 778 648 lographe-comptable,
803 607 993 649 possédant
1016 609 1059 641 20
1077 608 1097 641 à
1119 609 1240 643 25.000

380 646 510 687 francs,
567 647 734 690 quelques
768 648 987 692 espérances,
1040 651 1240 693 épouserait

379 688 558 723 monsieur
606 690 649 723 36
677 690 698 724 à
732 690 774 723 45
808 702 885 734 ans,
943 692 1092 735 sérieux,
1130 696 1240 736 ayant

1310 343 1425 377 bonne
1449 344 1619 378 situation
1648 345 1935 388 (fonctionnaire,
1959 345 2163 391 industriel)

1312 385 1472 419 aimerait
1501 397 1703 420 commerce.

1346 440 1422 472 997.
1441 441 1485 472 —
1505 441 1724 480 Demoiselle,
1747 444 1784 474 31
1809 454 1886 484 ans,
1908 443 2051 486 blonde,
2067 445 2166 478 taille

1313 493 1496 524 moyenne,
1538 483 1637 517 5.000
1676 483 1795 519 francs
1827 484 2036 528 économies,
2071 486 2165 529 espé¬

1309 536 1444 566 rances,
1495 525 1660 566 honnête,
1713 527 1911 569 ménagère,
1967 527 2164 571 épouserait

1308 568 1498 607 monsieur,
1527 567 1730 610 préférence
1758 569 1864 611 brun,
1889 570 2051 621 employé
2077 571 2164 604 Etat

1306 622 1352 643 ou
1377 610 1545 643 P.-L.-M.
1573 622 1618 645 ou
1644 615 1891 654 commerçant,
1918 609 1991 647 très
2010 613 2162 652 sérieux,

1307 653 1470 686 banlieue
1494 653 1674 695 lyonnaise
1702 665 1747 688 ou
1776 654 1976 697 Dauphiné,
2005 657 2048 690 32
2074 655 2095 688 à
2122 656 2163 688 38

1308 706 1379 728 an».

1142 1109 1382 1116 --

428 1198 551 1243 Nous
579 1200 744 1252 prions
772 1209 856 1244 nos
882 1203 1092 1246 abonnés
1120 1203 1233 1246 dont
1256 1204 1598 1248 l’abonnement
1629 1206 1788 1257 expire
1817 1207 1932 1250 dans
1968 1207 2009 1251 le
2039 1216 2151 1252 cou¬

374 1278 487 1321 rant
529 1278 591 1322 du
619 1278 754 1329 mois,
782 1280 834 1322 et
867 1281 954 1332 qui
994 1280 1211 1325 désirent
1257 1283 1504 1327 continuer
1542 1282 1572 1326 à
1605 1284 1795 1328 utiliser
1825 1285 1896 1328 les
1941 1287 2152 1330 services

375 1357 430 1399 de
467 1349 933 1402 L'INTERMÉDIAIRE
966 1359 1040 1403 DU
1074 1358 1247 1404 FOYER
1290 1363 1345 1404 de
1389 1361 1571 1405 vouloir
1605 1363 1716 1407 bien
1744 1371 1866 1407 nous
1893 1363 2014 1408 faire
2039 1367 2153 1415 part

374 1434 431 1477 de
480 1437 587 1478 leur
636 1436 843 1481 décision
903 1438 1048 1482 avant
1093 1440 1135 1481 le
1182 1438 1249 1483 25
1282 1448 1414 1483 mais
1451 1448 1573 1492 pour
1618 1449 1738 1485 nous
1781 1444 2041 1492 permettre
2090 1445 2145 1487 de

371 1511 624 1557 maintenir
649 1514 752 1558 leur
776 1523 983 1559 annonce
1013 1518 1130 1560 dans
1159 1517 1294 1560 notre
1322 1520 1514 1562 numéro
1543 1518 1712 1563 d'avril
1762 1519 1904 1563 1920.

1465 1741 1595 1786 V.-J.
1634 1742 1966 1787 PELISSIER

558 1833 1001 1872 Conseils
1056 1834 1370 1874 Utiles

1065 1945 1319 1984 pour
1368 1938 1398 1975 1
1410 1947 1460 1976 e
1513 1939 1949 1985 IVÆariage

633 2043 662 2087 à
690 2044 877 2095 l’usage
908 2047 990 2091 des
1011 2046 1185 2098 jeunes
1216 2048 1353 2092 Filles
1379 2050 1429 2091 et
1460 2054 1541 2092 des
1558 2048 1735 2101 jeunes
1761 2050 1880 2093 Gens

1193 2376 1303 2405 DTT

375 2460 1087 2598 BONHEUR
1219 2466 1391 2595 EN
1531 2440 2135 2605 MÉNAGE

757 2727 1193 2794 FORMALITÉS
1239 2742 1322 2795 ET
1361 2742 1733 2799 CONTRATS

430 2963 496 3004 En
536 2971 668 3007 vente
706 2966 729 3007 à
771 2966 796 3006 Y
800 2966 1149 3009 Intermédiaire
1180 2969 1238 3010 du
1271 2969 1443 3023 Foyer.
1488 2972 1536 3010 —
1572 2972 1743 3013 PRIX
1779 2983 1787 3010 :
1828 2974 1873 3015 2
1914 2973 2059 3016 francs

660 3044 903 3087 FRANCO
927 3052 1051 3100 poste
1079 3048 1517 3089 recommandé.
1582 3049 1627 3091 2
1651 3050 1704 3091 fr.
1728 3050 1824 3093 50

348 3252 491 3281 Anciens
508 3252 770 3283 Etablissements
789 3254 1030 3290 LEGENDRE,
1058 3265 1102 3291 14,
1126 3264 1180 3284 rue
1200 3257 1442 3292 Bellecordière,
1464 3259 1564 3294 Lyon.
1627 3261 1661 3287 Le
1677 3261 1959 3289 Uireeteur-Uirant
1976 3271 1982 3289 :
1998 3262 2064 3289 LAL
2068 3261 2088 3290 0
2092 3262 2113 3289 Y
