2472 3696
1271 284 1294 311 0

568 437 1226 513 OBSERVATIONS
1280 413 1986 510 RECOMMANDÉES

434 686 454 720 Il
476 686 526 718 est
552 684 757 718 absolument
785 681 1024 722 indispensable
1047 686 1107 721 que
1127 679 1252 719 chaque
1279 675 1406 712 abonné
1433 676 1490 711 lise
1517 676 1766 711 attentivement
1798 674 1839 708 —
1869 674 1889 708 il
1919 682 1936 708 a
1965 675 2005 708 du
2034 674 2124 708 reste

567 751 636 784 tout
656 747 776 782 intérêt
802 746 819 781 à
842 748 870 780 le
892 747 977 780 faire
1004 746 1049 778 —
1077 746 1123 778 les
1150 745 1242 778 notes
1264 744 1447 778 ci-dessous
1470 750 1553 783 pour
1573 743 1710 782 pouvoir
1729 741 1780 782 s’y
1803 740 1991 775 conformer

429 886 459 922 I.
490 905 536 911 —
566 884 670 919 Tout
700 883 852 918 lecteur
881 883 929 918 de
954 879 1239 917 l’INTERME-

390 934 572 970 DIAIRE
590 934 662 969 DU
683 931 860 967 FOYER
879 930 1066 965 désirant
1083 937 1239 965 corres¬

392 981 548 1027 pondre
576 990 677 1016 avec
704 990 762 1014 un
794 989 846 1015 ou
873 978 1079 1023 plusieurs
1115 977 1237 1011 abon¬

396 1030 470 1067 nés
507 1029 577 1063 NE
620 1028 759 1063 PEUT
794 1027 858 1062 LE
897 1025 1055 1061 FAIRE
1102 1024 1233 1059 SANS

388 1079 524 1115 ETRE
544 1075 807 1112 LUI-MEME
828 1074 1062 1110 ABONNE,
1083 1075 1121 1108 et
1138 1082 1238 1110 sans

391 1126 506 1162 avoir
535 1125 609 1160 fait
637 1123 846 1167 parvenir,
871 1132 925 1158 au
953 1120 1175 1165 préalable,
1205 1123 1238 1154 le

390 1176 579 1210 montant
597 1173 646 1207 de
666 1181 742 1208 son
762 1170 1040 1206 abonnement
1058 1178 1110 1205 au
1131 1168 1236 1212 jour¬

390 1223 471 1258 nal.

428 1333 477 1368 II.
505 1353 551 1358 —
580 1331 683 1367 Tout
715 1329 916 1366 adhérent
946 1329 971 1364 à
1003 1331 1119 1364 notre
1152 1336 1237 1362 œu¬

381 1392 452 1417 vre
487 1380 570 1417 doit
605 1379 708 1414 faire
743 1377 938 1423 parvenir
974 1377 998 1412 à
1032 1375 1238 1413 INTER¬

390 1428 650 1464 MEDIAIRE
682 1428 755 1463 DU
787 1425 977 1469 FOYER,
1018 1435 1071 1461 en
1102 1425 1238 1459 même

390 1482 524 1522 temps
560 1486 638 1521 que
672 1484 749 1509 son
776 1474 1068 1518 abonnement,
1105 1472 1142 1507 le
1172 1472 1237 1507 LI¬

395 1526 560 1561 BELLE
605 1524 673 1559 DE
711 1523 814 1559 SON
859 1520 1128 1562 ANNONCE,
1176 1520 1229 1556 la¬

389 1573 520 1618 quelle
535 1572 618 1606 doit
632 1573 718 1607 être
734 1570 987 1607 convenable
1006 1573 1045 1604 et
1061 1570 1109 1604 de
1128 1570 1238 1603 toute

389 1619 591 1657 moralité.

431 1668 487 1703 La
511 1666 717 1702 Direction
741 1676 785 1702 se
807 1665 975 1700 réserve
998 1664 1033 1699 le
1058 1662 1163 1698 droit
1185 1662 1234 1697 de

384 1716 571 1751 modifier
598 1717 707 1751 toute
733 1722 920 1751 annonce
944 1711 1186 1756 équivoque.

426 1809 495 1846 III.
517 1830 562 1834 —
588 1809 664 1844 Les
689 1815 914 1849 annonces,
940 1815 1044 1850 pour
1068 1805 1153 1841 être
1178 1804 1236 1839 in¬

380 1859 520 1897 sérées
556 1857 593 1893 le
629 1857 648 1892 1
652 1862 681 1879 er
717 1856 765 1891 de
802 1855 959 1899 chaque
996 1854 1115 1897 mois,
1154 1852 1237 1887 doi¬

378 1912 474 1944 vent
499 1915 605 1941 nous
632 1903 827 1949 parvenir
856 1913 909 1940 au
934 1903 1066 1938 PLUS
1093 1901 1234 1936 TARD

387 1956 451 1991 LE
473 1955 518 1990 26
541 1954 596 1988 du
621 1953 727 1987 mois
754 1950 986 1997 précédent.
1015 1951 1143 1985 Toute
1165 1959 1234 1984 an¬

378 2010 522 2043 nonce,
564 2010 685 2044 reçue
726 1998 848 2044 après
890 2001 993 2033 cette
1033 1997 1141 2041 date,
1183 2006 1235 2031 ne

379 2058 530 2094 pourra
557 2050 739 2093 paraître
764 2057 841 2091 que
863 2047 899 2083 le
925 2046 1029 2081 mois
1052 2044 1233 2081 suivant.

379 2099 493 2133 Dans
527 2108 572 2133 ce
604 2106 688 2140 cas,
723 2096 751 2132 il
782 2095 887 2130 n’est
920 2103 996 2137 pas
1029 2092 1236 2136 indispen¬

379 2146 493 2182 sable
516 2153 593 2188 que
613 2144 828 2180 l’annonce
851 2141 929 2178 soit
949 2142 1110 2177 insérée
1133 2149 1236 2185 pour

379 2204 457 2238 que
485 2192 716 2229 l’intéressé
751 2189 891 2237 puisse
938 2187 1236 2233 correspondre

379 2252 479 2279 avec
501 2241 560 2276 les
584 2240 767 2275 abonnés
791 2238 845 2274 du
866 2239 1042 2283 journal.
1067 2236 1099 2272 Il
1121 2236 1236 2272 suffit

379 2290 473 2334 qu’il
500 2289 555 2324 ait
581 2297 677 2332 reçu
702 2286 955 2323 l’indication
982 2285 1035 2320 du
1060 2283 1235 2320 numéro

378 2336 635 2381 remplaçant
673 2345 749 2370 son
784 2343 881 2369 nom
915 2343 1016 2377 pour
1055 2330 1148 2377 qu’il
1179 2331 1236 2366 ait

379 2389 489 2421 toute
523 2383 672 2419 facilité
705 2383 754 2418 de
788 2380 1101 2425 communiquer
1134 2389 1235 2415 avec

379 2433 438 2469 les
471 2431 694 2470 adhérents
725 2432 775 2466 de
805 2430 990 2466 l’œuvre.

427 2532 495 2568 IV.
531 2551 578 2557 —
612 2530 688 2565 Les
720 2537 947 2574 personnes
986 2527 1054 2572 qui
1086 2526 1237 2562 désire¬

379 2580 512 2616 raient
547 2576 845 2621 correspondre
880 2585 981 2613 avec
1015 2576 1075 2611 1rs
1110 2574 1236 2610 abon¬

378 2628 452 2664 nés
473 2628 525 2662 du
546 2626 710 2671 journal
730 2634 830 2661 sans
851 2625 936 2660 être
956 2627 1101 2664 tenues
1121 2622 1236 2660 elles-

379 2677 536 2711 mêmes
563 2675 612 2709 de
633 2673 737 2708 faire
763 2672 922 2708 insérer
942 2681 1022 2707 une
1049 2679 1235 2706 annonce

378 2722 653 2767 personnelle,
686 2721 861 2756 devront
893 2727 1021 2763 payer
1052 2728 1109 2754 un
1142 2727 1236 2762 sup¬

380 2771 560 2814 plément
612 2770 661 2805 de
714 2769 859 2805 DEUX
907 2766 1112 2803 FRANCS
1160 2775 1235 2810 par

387 2819 509 2857 mois.

423 2914 472 2949 V.
494 2933 539 2938 —
560 2912 640 2948 Dès
660 2911 787 2957 qu’un
809 2910 971 2945 abonné
990 2913 1052 2945 est
1073 2920 1123 2947 en
1145 2907 1234 2945 voie
1273 2916 1275 2945 !

377 2961 426 2996 de
459 2961 658 3005 mariage,
692 2959 720 2994 il
753 2958 836 2994 doit
867 2968 919 2993 en
951 2958 1151 2992 informer
1185 2957 1235 2991 de

376 3009 482 3045 suite
517 3009 556 3044 la
607 3008 813 3043 Direction
848 3006 897 3042 de
945 3006 958 3041 1
977 3004 1235 3040 INTERME¬

385 3057 566 3093 DIAIRE
598 3057 670 3092 DU
699 3054 889 3097 FOYER,
918 3055 1001 3089 afin
1030 3063 1108 3099 que
1138 3053 1234 3087 l’an¬

384 3114 515 3140 nonce
531 3104 601 3148 qui
620 3104 676 3139 lui
692 3107 756 3139 est
771 3102 1045 3147 personnelle,
1064 3102 1234 3145 n’ayant

385 3153 476 3196 plus
515 3162 563 3188 sa
598 3150 739 3187 raison
769 3150 907 3195 d’être,
947 3149 1024 3185 soit
1057 3148 1234 3185 aussitôt

384 3198 633 3244 supprimée,
660 3202 698 3235 et
721 3199 808 3234 cela
828 3197 933 3236 dans
957 3198 994 3233 le
1016 3196 1090 3232 but
1109 3196 1158 3231 de
1177 3195 1233 3231 lui

383 3246 513 3284 éviter
533 3249 644 3282 toute
670 3245 1025 3288 correspondance
1048 3245 1232 3281 devenue

383 3295 526 3330 inutile

1360 878 1468 912 Pour
1496 877 1535 912 la
1558 878 1693 912 même
1720 875 1873 917 raison,
1901 876 1927 911 il
1954 879 2017 912 est
2039 875 2162 911 indis¬

1313 925 1508 971 pensable
1537 935 1615 970 que
1642 924 1831 960 l’abonné
1858 924 2023 969 indique
2047 923 2163 959 aussi

1315 977 1350 1010 le
1391 974 1565 1009 numéro
1606 973 1659 1008 du
1694 971 2021 1016 correspondant
2064 981 2163 1007 avec

1316 1022 1384 1067 qui
1413 1022 1448 1057 le
1477 1021 1662 1066 mariage
1690 1020 1772 1055 doit
1802 1030 1845 1055 se
1872 1019 1988 1055 faire.

1355 1127 1423 1162 VI.
1444 1148 1490 1152 —
1509 1127 1541 1162 Il
1562 1130 1623 1164 est
1644 1125 1949 1169 indispensable
1971 1134 2048 1170 que
2069 1125 2162 1161 cha¬

1309 1186 1385 1220 que
1422 1175 1745 1219 correspondant
1774 1183 1927 1218 appose
1963 1182 2012 1209 en
2047 1173 2162 1218 guise

1309 1226 1356 1261 do
1388 1223 1600 1268 signature
1631 1231 1706 1259 son
1737 1221 1911 1256 numéro
1941 1220 2162 1266 personnel

1310 1281 1390 1307 aux
1421 1273 1560 1308 lettres
1592 1271 1686 1315 qu’il
1717 1270 1817 1305 écrit
1847 1279 1929 1305 aux
1961 1269 2160 1304 abonnés.

1353 1381 1442 1417 VII.
1475 1399 1521 1404 —
1551 1382 1583 1417 Il
1613 1391 1666 1416 va
1695 1380 1744 1415 de
1775 1380 1837 1416 soi
1863 1390 1941 1425 que
1970 1378 2159 1416 l’abonné

1305 1431 1373 1475 qui
1398 1441 1421 1465 a
1445 1429 1650 1474 plusieurs
1674 1429 1814 1465 lettres
1839 1429 1863 1464 à
1887 1428 1991 1465 faire
2015 1437 2159 1473 parve¬

1305 1479 1369 1515 nir
1402 1488 1483 1513 aux
1515 1477 1737 1513 adhérents
1770 1477 1819 1513 de
1849 1476 2034 1520 l’œuvre,
2062 1479 2159 1521 peut

1305 1527 1365 1563 les
1397 1526 1603 1561 enfermer
1632 1528 1766 1562 toutes
1798 1525 1903 1560 dans
1933 1533 2016 1560 une
2047 1524 2159 1559 seule

1306 1579 1344 1611 et
1370 1573 1520 1618 unique
1546 1575 1768 1617 enveloppe
1794 1571 1988 1608 adressée
2013 1571 2038 1606 à
2062 1571 2160 1606 IN¬

1319 1622 1681 1659 TERMEDIAIRE
1717 1622 1789 1657 DU
1831 1621 2022 1662 FOYER,
2065 1621 2089 1655 à
2124 1621 2162 1655 la

1317 1670 1522 1707 condition
1553 1679 1630 1715 que
1656 1669 2078 1706 l’affranchissement
2109 1668 2162 1703 du

1319 1722 1405 1754 tout
1430 1716 1704 1763 corresponde
1731 1727 1784 1751 au
1817 1717 1932 1761 poids
1966 1715 2113 1761 postal.

1362 1766 1423 1802 Ne
1449 1775 1524 1810 pas
1548 1769 1721 1801 omettre
1743 1764 1970 1809 d’indiquer
1996 1763 2081 1798 très
2109 1762 2161 1798 lé¬

1317 1814 1528 1859 gèrement
1557 1813 1629 1849 AU
1655 1812 1870 1849 CRAYON
1899 1822 1973 1848 sur
2003 1811 2162 1855 chaque

1317 1862 1434 1898 lettre
1456 1863 1573 1898 —les
1599 1860 1796 1896 numéros
1823 1860 1871 1896 de
1894 1859 2159 1904 l'expéditeur

1311 1915 1350 1946 et
1376 1909 1429 1945 du
1452 1908 1733 1948 destinataire,
1776 1908 1824 1943 et
1870 1907 1928 1942 de
1966 1905 2162 1950 joindre

1311 1958 1362 1992 la
1384 1965 1563 1993 somme
1584 1952 1869 1992 nécessaire
1892 1955 1923 1990 à
1942 1953 2163 1990 l’affran¬

1312 2004 1624 2041 chissement.

1354 2103 1463 2139 VIII.
1503 2123 1550 2127 —
1592 2101 1808 2148 Répondez
1847 2103 2033 2148 toujours
2077 2111 2159 2137 aux

1310 2155 1451 2192 lettres
1473 2153 1541 2198 qui
1561 2163 1663 2188 vous
1682 2156 1776 2188 sont
1796 2151 2028 2187 adressées.
2047 2151 2161 2192 Vous

1310 2201 1438 2239 seriez
1493 2202 1790 2236 certainement
1838 2201 2072 2235 mécontent
2125 2198 2161 2235 si

1309 2250 1578 2292 vous-même,
1599 2247 1785 2284 écrivant
1803 2257 1883 2283 une
1902 2248 2035 2292 lettre,
2056 2257 2159 2283 vous

1308 2297 1534 2334 n’obteniez
1568 2306 1643 2341 pas
1676 2296 1725 2332 de
1762 2296 1951 2340 réponse.
1986 2295 2018 2332 Il
2055 2304 2159 2331 vous

1309 2351 1371 2383 est
1413 2345 1544 2390 facile,
1588 2346 1623 2380 si
1657 2348 1772 2380 votre
1814 2344 2014 2379 intention
2056 2345 2159 2378 n’est

1312 2404 1387 2438 pas
1431 2393 1480 2429 de
1523 2393 1736 2428 continuer
1780 2392 1804 2427 à
1846 2391 2157 2435 correspondre,

1310 2441 1554 2485 d’exprimer
1584 2449 1657 2477 vos
1692 2443 1852 2484 regrets
1884 2449 1935 2476 en
1964 2439 2160 2485 quelques

1310 2491 1431 2525 mots.

1357 2590 1426 2625 IX.
1462 2611 1508 2616 —
1543 2589 1636 2624 Afin
1671 2588 1842 2624 d’éviter
1878 2591 1988 2623 toute
2023 2587 2162 2623 confu¬

1309 2639 1399 2674 sion
1434 2638 1654 2683 (plusieurs
1693 2636 1915 2674 adhérents
1959 2639 2087 2680 ayant
2122 2636 2159 2671 le

1308 2688 1441 2722 même
1472 2687 1584 2728 nom)
1609 2689 1695 2722 tout
1727 2685 1888 2720 abonné
1921 2683 2104 2720 Vrivant
2135 2684 2158 2718 à

1312 2733 1763 2770 l’INTERMEDIAIRE
1781 2733 1853 2768 DU
1872 2733 2048 2768 FOYER
2067 2732 2163 2767 EST

1316 2783 1436 2817 PRIE
1470 2782 1536 2817 DE
1568 2781 1726 2817 FAIRE
1760 2781 1954 2817 SUIVRE
1995 2780 2057 2815 SA
2098 2780 2160 2815 SI¬

1321 2828 1571 2865 GNATURE
1631 2829 1697 2864 DE
1767 2828 1870 2863 SON
1931 2827 2158 2863 NUMERO

1315 2877 1551 2913 D’ORDRE.

1355 2936 1482 2971 Toute
1526 2935 1643 2969 lettre
1680 2933 1932 2970 demandant
1976 2942 2056 2968 une
2098 2932 2160 2967 ré¬

1317 2993 1445 3028 ponse
1503 2983 1527 3018 à
1586 2980 2036 3017 INTERMEDIAIRE
2089 2981 2161 3015 DU

1317 3031 1492 3068 FOYER
1521 3031 1603 3066 doit
1627 3032 1712 3066 être
1736 3028 2012 3074 accompagné
2037 3028 2163 3063 D’UN

1318 3078 1703 3114 TIMBRE-POSTE
1735 3079 1759 3114 à
1795 3077 1878 3113 0.15

1351 3195 1388 3229 X
1430 3215 1477 3219 —
1508 3194 1540 3229 Il
1572 3193 1675 3229 n’est
1702 3195 1800 3227 tenu
1833 3202 1969 3228 aucun
1996 3193 2156 3235 compte

1304 3242 1377 3280 des
1405 3242 1545 3280 lettres
1579 3242 1762 3276 donnant
1796 3251 1956 3277 comme
1985 3241 2154 3275 adresse

1302 3289 1551 3325 l’indication
1574 3290 1623 3324 de
1645 3290 1683 3325 la
1706 3292 1822 3334 poste
1841 3291 2040 3325 restante.
