2472 3696
431 302 956 371 ABONNEMENTS

310 393 344 428 A
387 384 624 424 différentes
669 375 862 425 reprises,
911 370 1115 420 plusieurs

265 440 443 476 lecteurs
480 441 587 469 nous
624 429 696 466 ont
726 421 947 461 manifesté
986 421 1021 457 le
1053 415 1117 452 dé¬

263 489 325 525 sir
347 486 400 523 de
421 478 656 521 contracter
680 484 737 512 un
763 467 1042 511 abonnement
1062 464 1118 500 in¬

268 534 421 572 férieur
458 530 484 566 à
516 527 617 565 trois
653 522 774 559 mois.
818 518 918 555 Bien
956 524 1035 561 que
1075 521 1120 548 ce

269 584 358 630 laps
386 580 436 617 de
462 580 596 622 temps
621 573 704 609 soit
729 571 755 606 à
781 567 898 615 peine
926 560 1123 601 suffisant

269 639 373 679 pour
399 627 588 664 élaborer
612 623 671 658 les
695 613 997 665 préliminaires
1021 608 1122 644 d’un

271 674 470 722 mariage,
504 673 528 709 à
558 670 652 707 titre
682 662 833 702 d’essai
869 663 910 698 et
942 661 1049 696 dans
1086 656 1123 691 le

271 728 343 764 but
392 724 441 761 de
492 716 702 758 satisfaire
749 721 833 749 aux
882 704 1120 745 demandes,

271 769 535 816 L’INTERMEEIA'RE
568 767 606 806 DU
628 763 726 804 FOYER
756 758 922 804 accepte
954 753 1126 790 doréna-

272 823 371 860 vent
407 824 466 858 les
503 810 804 854 abonnements
840 803 1030 843 suivants
1071 809 1079 835 :

274 873 568 912 DB3UX
607 863 864 902 MOIS
927 860 991 891 9
1057 865 1073 885 »

273 909 590 947 TJKOIS
609 903 868 935 MOIS
897 895 996 927 12
1063 900 1080 920 »

323 964 490 1008 Chaque
516 951 794 995 abonnement
819 948 954 985 donne
977 941 1086 981 droit
1120 950 1128 975 :

323 1012 362 1047 1°
393 1012 427 1047 A
452 1003 678 1046 l’insertion
703 1001 826 1036 d’une
851 1000 1038 1033 annonce
1060 987 1128 1036 qui

277 1059 415 1109 paraît
455 1055 638 1102 pendant
679 1048 788 1086 toute
830 1046 872 1080 la
911 1041 1038 1077 durée
1080 1036 1129 1072 de

276 1102 586 1146 l’abonnement
619 1109 629 1142 ;

327 1155 367 1191 2°
395 1156 428 1191 A
448 1147 603 1188 l’envoi
627 1142 782 1192 gratuit
805 1142 898 1178 tous
922 1138 982 1174 les
1010 1132 1128 1174 mois,

278 1206 333 1242 du
360 1203 535 1250 journal,
563 1196 681 1235 aussi
706 1191 940 1236 longtemps
963 1192 1040 1231 que
1062 1181 1132 1217 du¬

286 1264 331 1291 re
367 1244 683 1287 l’abonnement.

324 1299 367 1336 3°
406 1299 439 1333 A
474 1297 513 1332 la
540 1287 877 1336 corespondance
912 1290 1013 1318 avec
1040 1278 1131 1315 tous

281 1349 341 1388 les
367 1341 553 1384 abonnés
572 1338 757 1387 pendant
780 1335 821 1371 la
843 1330 971 1369 durée
994 1327 1042 1364 de
1067 1326 1133 1362 l’a¬

282 1390 543 1433 bonnement.

329 1444 361 1479 Il
392 1440 506 1478 suffit
533 1445 636 1483 pour
668 1431 886 1468 s’abonner
915 1425 1135 1467 d’envoyer

284 1502 339 1529 au
364 1490 539 1537 journal,
569 1493 620 1522 en
646 1480 757 1518 BON
780 1477 849 1513 DE
870 1471 1036 1510 POSTE
1065 1469 1137 1506 OU

284 1529 708 1577 MANDAT-POSTE,
735 1531 773 1567 la
800 1530 959 1559 somme
983 1526 1138 1556 corres¬

286 1585 494 1633 pondante
522 1581 548 1617 à
577 1574 887 1615 l’abonnement
915 1565 1059 1611 choisi,
1089 1573 1139 1600 en

288 1634 474 1671 donnant
509 1628 594 1665 très
623 1621 872 1661 lisiblement
911 1630 919 1655 :

335 1681 373 1723 a)
413 1679 495 1715 Son
527 1681 636 1712 nom.

289 0 328 1776 b)
368 1728 449 1765 Son
488 1723 671 1766 adresse,
703 1716 877 1764 laquelle
915 1709 1032 1749 notée
1064 1707 1143 1744 dis¬

290 1773 517 1812 crètement
545 1770 607 1807 est
634 1764 864 1812 remplacée
888 1757 1144 1797 immédiate¬

292 1824 406 1860 ment
436 1830 516 1868 par
545 1827 601 1854 un
629 1814 804 1851 numéro
840 1807 1001 1846 d’ordre
1038 1812 1143 1841 com¬

292 1869 490 1915 muniqué
516 1863 695 1904 aussitôt
723 1862 749 1898 à
775 1855 975 1896 l’abonné.

343 1920 376 1963 c)
416 1919 470 1955 Le
512 1913 644 1951 libellé
687 1909 737 1946 de
772 1909 987 1946 l’annonce
1029 1902 1055 1939 à
1089 1899 1147 1935 in¬

297 1968 413 2005 sérer
435 1974 515 2012 que
541 1962 702 1999 chacun
731 1955 870 2001 rédige
898 1953 925 1989 à
954 1960 1003 1987 sa
1033 1952 1149 1994 guise

297 2019 323 2054 à
357 2017 397 2052 la
429 2009 638 2050 condition
671 2003 816 2052 qu’elle
848 2010 900 2038 ne
935 1997 1150 2034 contienne

297 2063 388 2101 rien
410 2060 459 2097 de
482 2054 685 2096 contraire
710 2056 737 2091 à
763 2053 803 2089 la
825 2046 996 2085 morale.
1025 2041 1152 2089 (L’In¬

300 2106 560 2149 termédiaire
576 2113 629 2141 ne
646 2099 773 2149 prend
794 2108 868 2144 pas
889 2096 914 2132 à
933 2104 982 2132 sa
1000 2091 1152 2136 charge

300 2161 341 2198 la
359 2154 575 2194 rédaction
593 2152 667 2188 des
690 2142 927 2189 annonces).
954 2140 1153 2177 L'annon¬

301 2218 347 2247 ce
378 2203 466 2242 doit
494 2199 684 2246 indiquer
709 2195 817 2241 l’âge
853 2192 892 2228 et
917 2190 967 2226 -la
1000 2185 1154 2234 profes¬

299 2253 394 2291 sion
418 2251 467 2288 de
488 2245 680 2287 l’abonné
701 2245 742 2281 et
765 2238 953 2288 spécifier
976 2236 1069 2272 tous
1093 2233 1154 2270 les

303 2300 532 2344 avantages
560 2294 654 2342 qu’il
681 2293 745 2329 est
768 2291 795 2326 à
820 2288 957 2324 même
976 2282 1027 2320 de
1051 2280 1155 2317 faire

304 2349 446 2392 valoir,
488 2346 564 2382 tels
599 2351 680 2389 que
721 2349 728 2375 :
765 2337 844 2379 dot,
876 2332 1008 2372 avoir,
1039 2328 1156 2375 espé¬

303 2405 466 2440 rances,
505 2388 712 2432 situation,
751 2384 839 2428 etc.,
874 2380 950 2419 etc.
991 2377 1156 2421 Chaque

305 2451 495 2481 annonce
511 2449 564 2476 ne
582 2436 666 2474 doit
686 2443 763 2481 pas
785 2428 970 2469 contenir
992 2425 1084 2472 plus
1106 2423 1157 2460 de

305 2494 440 2529 trente
463 2490 573 2525 mots
597 2492 698 2522 sans
728 2476 1023 2518 abréviations.
1054 2472 1159 2508 Tout

304 2542 391 2576 mot
420 2529 769 2581 supplémentaire
796 2529 860 2564 est
888 2523 983 2561 taxé
1011 2519 1096 2558 0.15
1121 2520 1159 2555 le

305 2590 406 2625 mot.
433 2583 533 2621 MM.
562 2585 622 2622 les
641 2575 830 2615 abonnés
852 2574 948 2611 sont
972 2568 1083 2616 priés
1109 2565 1160 2602 de

306 2633 466 2683 joindre
486 2642 540 2668 au
561 2625 694 2666 libellé
719 2625 769 2661 de
794 2624 884 2659 leur
910 2625 1097 2654 annonce
1121 2614 1160 2649 le

306 2684 497 2721 montant
530 2677 604 2714 des
641 2676 751 2711 mots
787 2662 1160 2714 supplémentaires

307 2729 427 2777 qu’ils
456 2729 528 2765 ont
559 2720 782 2768 employés.

354 2776 458 2814 Tout
498 2768 777 2812 abonnement
816 2772 898 2801 non
938 2755 1159 2797 renouvelé

307 2826 454 2874 quinze
496 2821 612 2868 jours
643 2816 775 2854 avant
811 2820 886 2850 son
930 2804 1161 2854 expiration

309 2873 497 2912 entraîne
524 2869 578 2906 de
605 2864 715 2904 droit
744 2864 784 2900 la
811 2854 1085 2906 suppression
1112 2850 1162 2888 de

307 2922 521 2959 l’annonce
548 2916 598 2953 de
631 2908 870 2950 l’intéressé.

363 3001 588 3068 MANIÈRE
624 3005 686 3061 DE
718 2990 1128 3058 CORRESPONDRE

362 3086 545 3133 Lorsque
574 3089 675 3118 vous
699 3087 793 3115 avez
820 3067 1038 3118 remarqué
1061 3065 1164 3103 dans

311 3144 347 3181 le
389 3135 563 3188 journal
611 3140 689 3171 une
739 3135 928 3167 annonce
979 3120 1162 3170 pouvant

308 3207 413 3235 vous
440 3190 668 3235 intéresser,
699 3193 802 3222 vous
824 3177 1021 3230 procédez
1049 3175 1097 3211 de
1125 3172 1163 3210 la

307 3251 435 3299 façon
457 3244 645 3285 suivante
667 3251 680 3278 :

362 3304 603 3350 Supposons
631 3304 707 3344 que
736 3293 769 3330 le
792 3284 829 3328 N
858 3283 898 3325 '«
923 3279 984 3324 /8
1013 3290 1037 3319 »
1063 3291 1164 3318 vous

307 3360 365 3397 ait
392 3355 455 3395 été
479 3349 669 3396 attribué,
701 3349 740 3385 et
765 3354 842 3394 que
864 3350 967 3379 vous
995 3334 1161 3376 désiriez

1187 288 1484 338 correspondre
1504 295 1598 323 avec
1623 284 1657 321 le
1683 275 1734 319 N°
1754 275 1777 317 «
1800 273 1858 317 !5
1877 276 1916 323 »,
1942 275 2043 312 dont

1190 349 1408 384 l’annonce
1436 344 1493 380 est
1519 340 1567 377 de
1593 339 1739 374 nature
1769 334 1792 371 à
1816 342 1917 370 vous
1943 340 2038 368 con¬

1191 400 1309 438 venir
1329 411 1339 436 :
1363 395 1470 435 Vous
1493 393 1647 432 écrivez
1670 392 1784 427 votre
1808 388 1924 424 lettre
1929 395 1938 433 ,
1963 393 2044 432 que

1196 467 1299 493 vous
1319 453 1457 500 signez
1477 450 1523 486 de
1546 448 1659 485 votre
1683 442 1858 481 numéro
1879 437 2041 476 d'ordre

1195 505 1389 548 «f8»la
1417 504 1562 542 mettez
1586 503 1688 538 dans
1715 507 1793 534 une
1821 493 2051 540 enveloppe

1201 575 1251 601 en
1278 563 1415 606 blanc,
1449 568 1524 606 que
1555 566 1656 593 vous
1683 547 1976 601 affranchissez
2006 545 2044 580 et

1202 627 1273 654 sur
1329 612 1500 663 laquelle
1561 618 1661 646 vous
1725 601 1922 643 inscrivez
1925 630 1935 647 ,
1993 611 2046 636 au

1202 668 1369 719 crayon,
1399 668 1452 704 les
1476 663 1672 702 numéros
1718 656 1743 698 «
1771 654 1832 697 18
1860 650 1890 695 Ù
1927 650 1948 693 /
1959 649 1988 692 5
2008 661 2053 688 ».

1255 723 1366 771 (Ceci
1401 723 1457 759 est
1490 718 1568 756 très
1598 714 1827 763 important
1844 721 1860 755 ;
1896 720 1946 747 ne
1975 717 2049 754 pas

1203 780 1308 828 faire
1329 787 1467 815 erreur
1487 785 1536 811 en
1559 771 1733 809 mettant
1754 764 1942 805 l'inverse
1947 772 1956 810 ,
1982 771 2051 798 car

1209 831 1477 880 l'expéditeur
1517 824 1712 863 recevrait
1754 820 1967 859 lui-mcme
2008 825 2053 852 sa

1208 896 1359 935 propre
1382 881 1532 927 lettre.)

1254 950 1291 983 En
1313 948 1407 982 outre
1435 951 1514 979 nous
1541 940 1811 976 recommandons
1839 937 1879 970 de
1902 934 1984 969 faire
2011 933 2062 966 les

1205 995 1416 1037 Inscriptions
1444 1001 1484 1027 au
1511 997 1636 1031 crayon
1665 986 1736 1022 très
1766 983 1969 1028 légèrement
1998 979 2059 1014 afin

1206 1045 1284 1087 qu’il
1311 1043 1375 1078 soit
1408 1042 1505 1076 facile
1531 1039 1603 1073 d’en
1633 1036 1718 1071 faire
1745 1032 1948 1074 disparaiire
1976 1029 2067 1063 toute

1206 1093 1367 1129 trace.-En
1386 1089 1534 1132 principe
1556 1085 1640 1120 faire
1659 1083 1746 1119 cette
1776 1080 1966 1121 inscription
1987 1076 2005 1111 à
2031 1077 2063 1111 la

1206 1145 1299 1184 place
1320 1147 1380 1181 que
1408 1138 1477 1173 doit
1495 1141 1639 1175 occuper
1657 1134 1686 1166 le
1703 1130 1821 1166 timbre
1842 1130 1875 1164 et
1902 1135 1940 1162 ne
1960 1125 2066 1161 collez

1208 1189 1336 1226 celui-ci
1351 1194 1412 1229 que
1432 1193 1494 1226 par
1506 1181 1677 1218 l'extrême
1698 1179 1792 1214 bord.

1266 1250 1362 1289 Cela
1386 1247 1476 1297 fait,
1510 1255 1612 1282 vous
1643 1240 1787 1291 glissez
1815 1239 1839 1276 à
1868 1245 2057 1275 nouveau

1216 1308 1253 1344 la
1296 1301 1498 1352 première
1542 1297 1769 1343 enveloppe
1773 1302 1782 1340 ,
1833 1289 2060 1328 contenant

1210 1361 1321 1398 votre
1339 1359 1466 1401 lettre,
1492 1354 1592 1391 dans
1611 1362 1688 1390 une
1706 1345 1919 1387 deuxième
1941 1352 2058 1381 enve¬

1211 1422 1451 1467 loppeque
1469 1424 1571 1451 vous
1593 1408 1791 1455 cachetez,
1817 1400 2059 1455 affranchis¬

1213 1491 1274 1518 sez
1299 1481 1335 1516 et
1363 1476 1543 1513 adressez
1566 1472 1588 1509 ù
1605 1479 1625 1504 «
1640 1462 1994 1504 l’Intermédiaire
2009 1461 2066 1496 du

1215 1538 1353 1583 Foyer
1368 1546 1389 1571 »
1400 1534 1483 1583 qui,
1494 1534 1531 1571 la
1558 1529 1758 1574 recevant,
1769 1526 1807 1563 la
1827 1521 2044 1562 décachète
2047 1549 2059 1567 ,

1220 1602 1255 1637 et
1295 1602 1435 1636 trouve
1478 1593 1501 1632 à
1539 1588 1768 1629 l'intérieur
1804 1582 2061 1630 l'enveloppe

1222 1651 1481 1700 renfermant
1519 1648 1634 1684 votre
1676 1641 1804 1687 lettre,
1851 1634 1953 1687 qu'il
1985 1635 2064 1684 fait

1222 1706 1417 1755 parvenir
1441 1700 1610 1739 aussitôt
1642 1697 1666 1735 à
1695 1694 1888 1733 l'abonné
1922 1690 2066 1729 inscrit

1222 1766 1320 1794 sous
1344 1755 1379 1790 le
1421 1751 1471 1795 8°
1503 1750 1526 1791 «
1562 1747 1621 1791 15
1652 1760 1692 1786 ».

1277 1814 1338 1853 En
1376 1808 1600 1860 procédant
1634 1803 1739 1843 ainsi
1769 1812 1877 1851 pour
1909 1798 2070 1846 chaque

1228 1869 1354 1913 lettre,
1411 1874 1513 1902 vous
1565 1869 1721 1909 pouvez
1773 1851 2072 1902 correspondre

1228 1932 1324 1960 avec
1368 1918 1573 1966 plusieurs
1616 1911 1799 1952 abonnés
1803 1920 1811 1957 ,
1858 1920 1912 1946 en
1946 1906 2071 1955 ayant

1227 1977 1318 2016 soin
1338 1971 1596 2021 d'acquitter,
1622 1968 1779 2014 chaque
1799 1961 1895 2012 fois,
1922 1963 1961 1999 la
1984 1963 2072 1998 taxe

1228 2029 1399 2080 postale.

1287 2084 1339 2122 La
1371 2078 1593 2120 discrétion
1630 2077 1669 2115 la
1701 2074 1795 2123 plus
1830 2068 1998 2108 absolue
2034 2077 2075 2103 se

1231 2144 1374 2178 trouve
1408 2135 1508 2173 ainsi
1544 2131 1718 2177 assurée,
1754 2119 2075 2165 L'INTERESSE

1233 2190 1403 2232 AYANT
1446 2186 1575 2227 SEUL
1621 2184 1685 2223 LA
1730 2176 1963 2219 FACULTE
2006 2173 2077 2212 DE

1235 2244 1386 2285 FAIRE
1423 2236 1714 2281 CONNAITRE
1755 2234 1787 2272 A
1824 2230 1910 2271 SES
1955 2228 2074 2268 COR¬

1234 2292 1599 2339 RESPONDANTS
1630 2290 1726 2330 SON
1752 2286 1861 2326 NOM
1893 2284 1956 2324 ET
1981 2281 2077 2323 SON

1238 2349 1475 2396 ADRESSE,
1519 2352 1555 2385 et
1594 2345 1816 2384 vice-versa
1838 2340 1847 2385 ;
1888 2339 1935 2377 de
1972 2337 2079 2376 sorte

1238 2418 1314 2456 que
1343 2405 1390 2450 si,
1429 2401 1548 2450 après
1583 2412 1640 2437 un
1674 2397 1859 2444 échange
1889 2404 1943 2432 ou
1974 2391 2082 2429 deux

1236 2463 1285 2501 de
1311 2462 1458 2502 lettres,
1491 2456 1546 2493 les
1576 2454 1682 2491 deux
1708 2450 1836 2499 partis
1865 2443 2080 2495 s'aperçoi¬

1238 2517 1334 2554 vent
1363 2509 1484 2562 qu'ils
1513 2520 1562 2546 ne
1592 2508 1770 2555 peuvent
1799 2514 1838 2541 se
1866 2498 2066 2538 convenir
2068 2527 2078 2542 ,

1240 2571 1268 2608 il
1302 2569 1391 2606 leur
1429 2568 1486 2602 est
1526 2560 1684 2601 loisible
1725 2559 1771 2597 de
1805 2566 1938 2594 cesser
1975 2552 2083 2591 leurs

1240 2619 1625 2668 correspondances,
1654 2617 1744 2652 tout
1770 2623 1821 2649 en
1844 2611 2002 2647 restant
2021 2606 2082 2644 in¬

1241 2687 1401 2716 connus
1431 2669 1516 2711 l'un
1555 2670 1603 2709 de
1639 2665 1797 2706 l’autre.
1837 2664 1894 2701 De
1931 2660 2065 2699 même
2069 2687 2079 2704 ,

1241 2731 1343 2770 dans
1371 2729 1407 2766 le
1431 2738 1497 2765 cas
1525 2722 1745 2766 contraire,
1774 2717 1859 2758 s'ils
1888 2716 2080 2757 désirent,

1241 2783 1358 2832 après
1378 2783 1540 2819 entente
1562 2777 1803 2824 réciproque
1807 2784 1816 2819 ,
1840 2782 1882 2810 se
1905 2767 2087 2808 dévoiler

1244 2836 1560 2878 mutuellement
1589 2832 1677 2869 leur
1708 2838 1808 2866 nom
1840 2827 1878 2863 et
1910 2823 2083 2865 adresse,

1245 2892 1294 2930 ils
1334 2889 1513 2940 peuvent
1550 2880 1878 2930 communiquer
1916 2876 2086 2915 directe¬

1245 2950 1361 2985 ment
1380 2948 1495 2982 entre
1511 2951 1603 2988 eux,
1627 2948 1722 2976 sans
1742 2944 1884 2986 passer
1903 2943 1982 2981 par
1998 2929 2087 2967 l’in¬

1248 2996 1504 3039 termédiaire
1528 2995 1586 3033 du
1607 2990 1793 3042 journal.

1292 3048 1405 3086 Cette
1437 3043 1725 3084 combinaison
1771 3037 1874 3075 offre
1904 3033 2010 3072 ainsi
2055 3031 2092 3068 le

1244 3096 1474 3134 maximum
1493 3092 1541 3129 de
1557 3088 1747 3133 sécurité,
1782 3086 1824 3121 et
1864 3096 1880 3116 «
1902 3073 2064 3123 LTNTERWÉ
2078 3098 2094 3104 -

1241 3144 1343 3185 FIIAIRE
1359 3142 1400 3182 DU
1417 3139 1511 3181 FOYER
1536 3148 1567 3182 »,
1598 3136 1825 3174 observant
1854 3129 2096 3175 Vimpartia¬

1244 3193 1312 3231 lité
1332 3194 1371 3229 et
1393 3191 1431 3226 la
1452 3185 1672 3225 discrétion
1691 3183 1750 3219 les
1768 3180 1860 3226 plus
1883 3176 2078 3214 absolues
2080 3201 2088 3214 ,

1244 3241 1401 3285 dégage
1421 3245 1468 3273 sa
1492 3228 1823 3278 responsabilité,
1845 3235 1897 3262 en
1917 3223 2092 3261 laissant

1245 3289 1268 3324 à
1296 3287 1453 3331 chaque
1481 3279 1642 3320 abonné
1667 3277 1705 3313 le
1733 3273 1822 3314 soin
1844 3273 1895 3309 de
1916 3268 2099 3308 dévoiler

1238 3335 1447 3372 lui-même
1485 3337 1559 3367 son
1592 3325 1776 3363 adresse.
