2472 3696
651 490 865 596 LE
939 466 1713 588 MARIAGE

851 651 1133 710 FACILITÉ
1162 660 1198 701 A
1228 655 1387 699 TOUS
1419 651 1537 694 PAR

319 819 342 842 «
382 764 970 842 L’INTERMÉ
985 780 1088 824 DI
1093 773 1356 820 AIRE
1425 768 1571 811 DU
1639 759 2014 806 FOYER
2067 770 2087 794 »

438 1012 460 1035 «
480 982 932 1034 L’INTERMEDIAIRE
968 980 1031 1022 DU
1063 976 1220 1020 FOYER
1254 986 1272 1014 »
1304 974 1428 1014 n’est
1453 979 1544 1020 pas
1572 976 1665 1007 une
1692 970 1876 1016 agence
1922 958 2095 999 matri¬

322 1059 566 1105 moniale;
589 1054 707 1094 c'est
734 1059 828 1089 une
846 1052 1017 1086 œuvre
1037 1038 1179 1081 créée
1200 1045 1334 1086 pour
1354 1029 1605 1072 favoriser
1623 1027 1672 1065 et
1688 1022 1910 1064 faciliter
1927 1020 1976 1058 le
1995 1027 2096 1057 ma¬

328 1122 472 1172 riage
490 1124 606 1159 entre
626 1122 848 1165 personnes
874 1102 1136 1148 honorables,
1168 1101 1190 1138 à
1218 1098 1288 1148 qui
1318 1097 1354 1134 le
1378 1103 1562 1141 manque
1588 1090 1640 1128 de
1670 1080 1863 1125 relations
1888 1079 2078 1128 hnpose
2083 1116 2092 1135 t

325 1180 449 1224 neuf
464 1177 561 1217 fois
578 1182 670 1214 sur
686 1169 789 1217 dix,
820 1167 867 1205 le
887 1161 1084 1204 célibat.

439 1253 499 1292 En
532 1249 639 1294 effet,
679 1255 759 1287 que
793 1241 870 1279 fait
901 1239 939 1276 la
974 1244 1178 1285 personne
1207 1229 1278 1279 qui
1314 1227 1444 1263 désire
1480 1234 1522 1261 8»
1551 1220 1701 1258 marier
1725 1217 1741 1256 ?
1773 1215 1874 1255 Sauf
1903 1213 1952 1252 de
1986 1224 2098 1250 rares

331 1311 582 1361 exceptions,
614 1306 692 1344 elle
716 1298 938 1342 recherche
964 1296 1068 1334 dans
1088 1303 1164 1330 son
1193 1292 1422 1333 entourage
1443 1281 1549 1320 celui
1574 1292 1627 1317 ou
1653 1278 1754 1316 celle
1780 1276 1852 1325 qui
1879 1271 1972 1312 doit
1995 1269 2098 1308 faire

332 1385 406 1412 son
435 1368 638 1414 bonheur,
666 1368 707 1401 et
733 1363 908 1401 souvent
933 1355 1009 1394 elle
1035 1348 1252 1400 s’aperçoit
1280 1342 1487 1395 qu’aucun
1514 1338 1621 1389 parti
1647 1347 1702 1375 ne
1726 1331 1885 1382 répond
1909 1331 1931 1369 à
1959 1327 2097 1366 l’Idéal

332 1428 482 1481 qu’elle
515 1425 608 1464 s’est
641 1420 788 1466 formé,
833 1421 872 1456 et
900 1425 995 1465 que,
1041 1412 1143 1450 dans
1178 1419 1238 1445 ses
1279 1403 1486 1446 relations,
1524 1397 1599 1437 elle
1635 1392 1700 1433 n’a
1744 1402 1906 1431 aucune
1943 1387 2102 1427 chance

331 1485 553 1529 d’aboutir.

442 1562 665 1602 Comment
691 1556 815 1595 sortir
844 1553 896 1591 de
920 1554 1026 1589 cette
1059 1547 1237 1595 impasse
1261 1541 1277 1580 P
1307 1541 1339 1579 A
1371 1540 1442 1588 qui
1469 1538 1660 1575 raconter
1687 1542 1748 1570 ses
1778 1527 1917 1579 peines
1942 1523 1959 1563 P
1993 1522 2105 1571 Trop

337 1626 523 1664 souvent,
551 1619 664 1658 hélas
687 1616 697 1654 I
720 1616 760 1654 la
784 1620 1002 1662 personne,
1030 1618 1083 1644 ne
1106 1603 1278 1644 sachant
1301 1601 1324 1639 à
1345 1596 1419 1648 qui
1440 1608 1481 1634 se
1501 1593 1668 1638 confier,
1698 1591 1830 1628 remet
1848 1587 1870 1624 à
1896 1583 1990 1634 plus
2011 1580 2104 1619 tard

333 1679 657 1723 lanécessitéde
672 1675 857 1725 prendre
869 1680 954 1709 une
965 1660 1371 1710 décision,espérant
1382 1658 1578 1703 toujours
1593 1651 1724 1699 qu’un
1741 1649 1937 1685 heureux
1952 1641 2107 1680 hasard

339 1743 378 1782 la
398 1739 620 1780 favorisera
649 1740 689 1774 et
717 1733 778 1772 lui
811 1732 1035 1779 permettra
1065 1724 1114 1762 de
1145 1722 1387 1760 rencontrer
1416 1716 1453 1753 le
1484 1712 1589 1764 parti
1620 1707 1844 1751 rêvé.Mais,
1858 1700 2044 1752 pendant
2061 1710 2107 1737 ce

340 1807 488 1849 temps,
528 1798 585 1835 les
614 1796 746 1844 jours,
781 1791 837 1828 les
872 1786 1087 1831 semaines,
1120 1783 1178 1819 les
1210 1779 1317 1817 mois
1347 1778 1513 1826 passent
1547 1774 1587 1809 et
1615 1769 1645 1807 il
1677 1766 1810 1805 arrive
1845 1757 2106 1813 quelquefois

339 1871 423 1912 que
467 1855 673 1908 plusieurs
717 1850 870 1890 années
916 1842 1140 1884 s’écoulent
1186 1841 1312 1878 avant
1355 1844 1439 1884 que
1477 1828 1695 1870 l’occasion
1740 1829 1829 1864 tant
1870 1819 2025 1860 désirée
2066 1827 2108 1853 se

341 1919 542 1969 présente.

446 1993 720 2032 Nombreuses
747 1987 841 2025 sont
865 1985 922 2021 les
943 1977 1126 2029 familles
1155 1976 1227 2026 qui
1251 1975 1325 2012 ont
1352 1972 1415 2010 été
1442 1967 1601 2018 privées
1629 1965 1677 2003 de
1708 1963 1746 2000 la
1773 1960 1858 2010 joie
1884 1959 1932 1996 de
1959 1954 2111 1995 marier

345 2057 453 2093 leurs
481 2049 647 2100 enfants
651 2048 660 2097 ,
688 2048 795 2085 leurs
827 2042 1017 2081 relations
1042 2050 1081 2076 se
1108 2035 1287 2075 bornant
1315 2032 1339 2070 à
1366 2042 1424 2069 un
1450 2027 1661 2073 voisinage
1692 2018 1897 2059 restreint.

450 2131 500 2168 Et
529 2125 722 2166 combien
748 2122 794 2160 de
824 2129 972 2158 veuves
975 2117 983 2165 ,
1012 2116 1161 2164 jeunes
1184 2119 1330 2149 encore
1334 2119 1342 2154 ,
1375 2117 1416 2144 se
1447 2103 1641 2142 trouvant
1669 2100 1771 2137 dans
1802 2097 1836 2134 le
1866 2093 2001 2133 même
2028 2100 2095 2128 cas
2098 2118 2107 2134 ,

347 2188 463 2226 n’ont
483 2200 540 2235 pu
563 2196 604 2223 se
624 2180 823 2221 remarier
840 2180 853 2216 !
875 2174 1116 2225 Cependant
1137 2171 1232 2210 elles
1257 2167 1443 2206 auraient
1468 2176 1523 2212 pu
1547 2160 1659 2198 créer
1681 2170 1740 2195 un
1767 2164 1956 2193 nouveau
1979 2150 2109 2198 foyer,

349 2247 453 2287 faire
478 2247 516 2284 le
545 2242 738 2282 bonheur
764 2237 864 2277 d’un
897 2233 1048 2274 nouvel
1074 2233 1222 2280 époux,
1258 2231 1299 2265 et
1329 2225 1414 2263 être
1442 2222 1661 2259 heureuses
1691 2212 1981 2258 elles-mêmes,
2016 2209 2048 2246 si
2078 2208 2116 2246 le

348 2306 482 2346 destin
521 2304 610 2342 leur
641 2300 748 2339 avait
785 2295 939 2346 permis
968 2293 1021 2331 de
1053 2292 1294 2328 rencontrer
1331 2282 1434 2321 celui
1475 2278 1559 2328 qui,
1599 2288 1640 2314 se
1677 2275 1876 2313 trouvant
1913 2265 2116 2318 peut-être

348 2369 441 2404 tout
476 2363 567 2412 près
599 2357 748 2404 d’elles,
788 2351 1003 2394 cherchait
1031 2347 1262 2390 lui-même,
1296 2344 1345 2381 de
1381 2351 1455 2379 son
1493 2337 1596 2382 côté,
1634 2332 1756 2372 l’âme
1792 2340 1917 2368 soeur.
1957 2326 2006 2364 Et
2038 2335 2117 2374 que

352 2422 536 2462 fallait-il
569 2431 675 2469 pour
709 2427 788 2466 que
817 2415 854 2451 la
889 2412 1013 2450 chose
1040 2406 1197 2446 arrivât
1219 2403 1237 2443 ?
1275 2403 1339 2442 Un
1376 2400 1463 2438 rien
1467 2410 1476 2443 ,
1516 2407 1594 2435 une
1633 2394 1754 2432 tierce
1790 2396 1995 2439 personne
2029 2383 2100 2433 qui
2103 2412 2112 2428 ,

352 2479 677 2528 correspondant
700 2485 797 2513 avec
820 2476 909 2511 tous
934 2471 989 2508 les
1009 2468 1116 2506 deux
1119 2478 1128 2512 ,
1154 2462 1287 2503 aurait
1310 2472 1367 2510 pu
1392 2460 1447 2497 les
1473 2457 1615 2494 mettre
1644 2464 1694 2490 en
1720 2448 1905 2498 rapport.

459 2557 509 2596 Et
531 2556 588 2594 les
610 2555 757 2603 jeunes
786 2548 889 2587 filles
914 2547 930 2585 P
956 2546 998 2584 Si
1025 2543 1110 2582 l’on
1137 2539 1332 2588 envisage
1358 2537 1399 2574 la
1427 2532 1624 2572 situation
1654 2526 1779 2568 d’une
1806 2519 2043 2563 demoiselle
2067 2530 2119 2558 en

355 2619 431 2667 âge
456 2617 506 2655 de
536 2626 578 2652 se
602 2613 767 2651 marier,
776 2610 852 2646 elle
875 2611 936 2644 est
960 2616 1044 2642 non
1066 2601 1201 2640 moins
1215 2592 1402 2640 délicate;
1415 2591 1463 2630 la
1475 2589 1679 2628 retenue
1692 2581 1912 2632 imposée
1925 2586 2023 2628 par
2033 2584 2121 2615 son

349 2684 469 2716 sexe
488 2672 562 2711 lui
580 2667 790 2709 interdit
809 2665 942 2704 toute
966 2656 1229 2699 démarche
1245 2648 1577 2703 personnelle,
1608 2652 1648 2686 et
1681 2646 1757 2684 elle
1790 2647 1850 2682 est
1880 2639 2123 2680 fatalement

361 2734 624 2775 condamnée
650 2744 699 2769 au
734 2727 894 2769 célibat,
911 2726 941 2762 si
971 2723 1046 2761 elle
1073 2717 1137 2758 n’a
1157 2730 1227 2768 pas
1254 2717 1291 2753 la
1313 2712 1462 2761 grande
1480 2710 1635 2749 chance
1653 2706 1884 2745 de*trouver
1914 2698 2017 2737 dans
2048 2706 2123 2733 son

357 2801 586 2841 entourage
615 2786 832 2829 immédiat
865 2795 925 2822 un
955 2780 1063 2831 parti
1097 2777 1316 2817 conforme
1349 2774 1370 2810 à
1407 2782 1481 2809 son
1514 2769 1600 2817 âge,
1639 2766 1661 2803 à
1695 2774 1770 2802 son
1806 2772 1913 2808 rang
1939 2760 1979 2796 et
2012 2756 2035 2794 à
2064 2765 2125 2791 ses

354 2852 618 2903 aspirations.

474 2929 514 2967 Si
540 2931 644 2965 cette
665 2925 804 2962 bonne
831 2920 997 2958 fortune
1021 2915 1080 2954 lui
1105 2917 1166 2953 est
1187 2910 1359 2956 refusée,
1390 2907 1468 2946 elle
1492 2907 1590 2954 peut
1615 2901 1720 2940 faire
1743 2895 1879 2946 appel,
1908 2891 2045 2943 parmi
2067 2900 2128 2927 ses

358 2986 690 3030 connaissances,
719 2982 741 3020 à
773 2992 854 3019 une
883 2985 1089 3027 personne
1116 2972 1166 3011 de
1191 2970 1332 3009 bonne
1358 2965 1526 3005 volonté
1561 2981 1610 2987 —
1645 2960 1676 3000 si
1711 2958 1787 2997 elle
1817 2967 1870 2992 en
1900 2958 2047 2992 trouve
2074 2963 2130 2971 —

361 3050 486 3097 ayant
522 3045 590 3084 des
627 3040 823 3080 relations
859 3047 966 3075 assez
997 3032 1192 3072 étendues
1231 3040 1338 3078 pour
1372 3025 1432 3063 lui
1471 3021 1573 3060 faire
1608 3019 1842 3057 contracter
1877 3023 1961 3050 une
1996 3006 2129 3049 union

361 3102 617 3143 convenable
638 3113 648 3147 ;
685 3098 788 3137 mais
822 3100 925 3135 cette
957 3092 1238 3131 intervention
1273 3086 1373 3125 d’un
1413 3083 1510 3122 tiers
1543 3075 1740 3118 bénévole
1780 3072 1884 3111 n’est
1924 3079 1996 3118 pas
2037 3075 2132 3102 sans

363 3166 575 3213 présenter
602 3159 651 3198 de
681 3169 826 3208 graves
855 3151 1186 3194 inconvénients,
1213 3148 1320 3185 dont
1346 3143 1385 3181 le
1416 3138 1606 3179 moindre
1633 3134 1819 3175 consiste
1844 3130 1867 3167 à
1899 3123 2134 3175 apprendre

362 3222 523 3260 bientôt
561 3230 643 3269 que
673 3214 938 3263 l’obligeante
979 3219 1182 3259 personne
1217 3203 1354 3253 répète
1388 3214 1409 3238 «
1428 3198 1522 3237 urbi
1556 3201 1595 3235 et
1627 3193 1720 3233 orbi
1741 3205 1760 3228 »
1788 3199 1887 3236 que,
1941 3196 2034 3222 sans
2072 3191 2134 3218 ses

361 3273 605 3313 démarches
631 3270 832 3314 réitérées,
862 3267 899 3304 la
922 3267 1051 3314 jeune
1076 3261 1171 3306 fille,
1202 3259 1306 3297 dont
1329 3255 1405 3293 elle
1429 3266 1451 3291 a
1477 3253 1503 3289 b
1521 3262 1572 3288 en
1597 3247 1724 3285 voulu
1747 3238 1979 3283 s’occuper,
2001 3235 2138 3275 aurait

364 3334 485 3372 coiffé
514 3327 908 3370 Sainte-Catherine.
