2472 3696
530 308 549 331 /

1165 282 1216 321 —
1245 282 1269 321 3

475 395 546 431 Les
581 396 736 432 mêmes
774 394 995 443 difficultés
998 397 1007 442 ,
1054 396 1148 434 bien
1188 394 1283 445 qu'à
1321 407 1378 434 un
1418 397 1608 437 moindre
1648 400 1783 447 degre,
1823 417 1863 440 ac
1901 400 2138 447 présentent

370 464 475 500 pour
506 455 539 491 le
565 464 654 491 sexe
685 455 785 502 fort.
814 453 867 491 Le
897 455 1025 502 jeune
1050 454 1234 503 homme,
1268 454 1456 493 désireux
1486 455 1535 493 de
1561 470 1602 495 se
1633 457 1854 496 soustraire
1885 470 1964 495 aux
1994 458 2137 497 incon¬

368 513 570 550 vénients'
587 512 642 550 du
676 512 838 559 célibat,
877 513 948 561 qui
979 518 1038 551 est
1069 513 1128 551 las
1162 515 1212 551 de
1244 515 1358 551 vivre
1387 528 1437 554 au
1469 519 1707 558 restaurant
1731 518 1785 554 où
1814 515 1898 554 l'on
1936 517 2027 566 paie
2056 518 2138 557 fort

363 567 467 603 cher
505 577 587 603 une
636 568 881 604 mauvaise.
907 568 1171 612 nourriture,
1212 569 1264 604 de
1320 577 1473 614 passer,
1515 579 1582 605 ses
1628 569 1788 608 soirées
1834 581 1887 608 au
1933 572 2034 617 café,
2092 583 2140 609 en

365 621 523 657 faisant
571 621 610 657 la
659 620 980 657 traditionnelle
1030 621 1206 658 manille
1258 632 1360 658 avec
1405 623 1478 658 des
1532 624 1794 669 camarades,
1854 636 1904 661 au
1956 626 2039 662 lieu
2092 626 2141 662 de

366 678 515 726 goûter
541 678 578 715 la
608 679 740 716 douce
773 678 1014 716 familiarité
1042 679 1101 717 du
1134 678 1263 728 foyer,
1297 677 1381 727 qui,
1418 690 1468 716 en
1497 691 1562 717 cas
1595 680 1944 731 d’indisposition,
1977 684 2139 731 préfère

367 737 423 774 les
454 738 563 775 soins
600 737 830 775 affectueux
859 734 983 776 d’une
1019 737 1177 775 femme
1202 738 1385 775 dévouée
1422 739 1441 775 à
1474 750 1574 776 ceux
1610 739 1733 777 d’une
1762 741 1990 790 étrangère,
2030 742 2134 782 celui

364 796 435 844 qui
472 795 686 834 considère
719 807 885 834 comme
919 808 1002 834 une
1037 795 1270 844 obligation
1308 798 1441 834 sacrée
1472 797 1509 835 la
1547 798 1765 836 fondation
1798 797 1923 838 d’une
1960 800 2132 848 famille,

366 855 441 893 but
469 855 662 903 suprême
699 856 746 893 de
776 853 1021 901 l'existence,
1060 867 1113 892 en
1141 867 1200 892 un
1237 861 1327 895 mot
1356 855 1555 894 l’homme
1591 857 1640 895 de
1669 870 1785 896 cœur
1819 860 1891 908 qui
1924 865 2020 898 veut
2054 861 2137 899 être

365 913 468 951 utile
498 915 520 952 à
553 913 590 950 la
624 913 784 960 société,
821 918 931 962 peut,
970 925 1062 951 sans
1095 919 1188 962 trop
1224 913 1272 951 de
1302 913 1538 961 difficultés,
1576 915 1777 955 chercher
1805 918 2023 956 lui-même
2056 932 2137 960 une

367 983 616 1021 compagne,
646 977 686 1011 et
717 973 744 1009 il
772 973 830 1010 lui
863 978 922 1012 est
948 973 1110 1011 loisible
1143 973 1194 1010 de
1220 973 1446 1011 demander
1477 975 1498 1011 à
1527 986 1586 1012 ses
1617 975 1722 1013 amis
1752 981 1791 1014 et
1823 978 2137 1018 connaissances

361 1032 414 1071 de
442 1032 501 1070 lui
529 1036 697 1069 trouver
724 1044 784 1073 un
812 1031 921 1079 parti
951 1031 1217 1078 convenable,
1250 1033 1355 1070 mais
1383 1036 1509 1075 est-ce
1533 1033 1728 1072 suffisant
1750 1034 1768 1072 ?
1798 1035 1851 1073 La
1879 1036 2050 1085 plupart
2079 1038 2135 1075 du

362 1095 512 1138 temps,
540 1090 576 1127 le
602 1090 757 1137 champ
782 1091 849 1128 des
878 1089 1120 1128 recherches
1145 1095 1204 1127 est
1234 1090 1319 1127 fort
1349 1090 1549 1138 restreint,
1585 1092 1639 1129 les
1666 1095 1769 1130 amis
1798 1094 1890 1142 plus
1914 1108 1970 1132 ou
1999 1096 2136 1133 moins

365 1149 624 1186 indifférents
649 1148 840 1187 oublient
869 1148 919 1186 de
950 1147 1162 1197 s’occuper
1193 1148 1241 1186 de
1272 1149 1309 1186 la
1339 1149 1512 1187 mission
1544 1150 1717 1189 délicate
1743 1152 1846 1191 dont
1875 1152 1924 1192 ils
1952 1152 2134 1195 s’étaient

356 1207 537 1257 -chargés
573 1212 747 1245 souvent
776 1208 798 1244 à
833 1212 1126 1253 contre-cœur,
1157 1211 1197 1245 et
1230 1207 1259 1244 il
1288 1213 1338 1245 èn
1371 1208 1521 1246 résulte
1553 1220 1634 1257 que
1662 1207 1897 1259 l’intéressé,
1939 1225 1989 1250 ne
2024 1219 2132 1253 trou¬

364 1272 463 1305 vant
495 1278 565 1315 pas
601 1278 645 1304 ce
677 1265 779 1315 qu’il
813 1265 955 1313 désire,
991 1265 1154 1315 préfère
1187 1263 1414 1313 s’abstenir,
1451 1270 1504 1313 et,
1539 1268 1655 1315 après
1690 1269 1885 1319 quelques
1918 1273 2135 1312 tentatives

364 1325 516 1373 vaines,
543 1335 584 1362 se
607 1325 773 1373 résigne
794 1329 885 1363 tout
910 1325 1161 1363 doucement
1182 1327 1204 1363 à
1232 1329 1358 1363 rester
1380 1325 1501 1363 vieux
1526 1337 1696 1374 garçon.

474 1395 571 1433 Ah!
595 1408 671 1445 que
697 1396 746 1434 de
773 1395 976 1444 mariages
1002 1395 1205 1444 manqués
1229 1396 1344 1444 faute
1372 1393 1471 1434 d'un
1499 1397 1805 1434 intermédiaire
1829 1397 2000 1444 sérieux,
2033 1398 2130 1437 hon¬

364 1456 454 1492 nête
480 1457 517 1492 et
546 1453 709 1500 discret,
736 1459 916 1502 prenant
940 1456 964 1491 à
987 1466 1104 1491 cœur
1130 1455 1168 1492 la
1191 1454 1361 1492 réussite
1386 1454 1457 1493 des
1481 1454 1685 1503 mariages
1712 1455 1912 1504 auxquels
1942 1455 1969 1491 il
1999 1453 2132 1492 s’inté¬

366 1525 473 1551 resse
495 1512 503 1551 1
537 1512 738 1550 Combien
765 1512 815 1550 de
848 1514 1007 1561 projets
1035 1513 1376 1560 matrimoniaux,
1415 1513 1675 1552 commencés
1705 1524 1797 1551 sous
1831 1512 1880 1549 de
1909 1512 2013 1548 bons
2046 1522 2131 1547 aus¬

364 1569 485 1618 pices,
517 1574 592 1608 ont
627 1570 783 1608 échoué
815 1572 836 1608 à
871 1571 909 1609 la
936 1572 1045 1609 suite
1076 1569 1425 1615 d’indiscrétions,
1465 1571 1684 1608 commises
1715 1571 1853 1610 même
1885 1569 2115 1607 involontai

364 1633 524 1667 rement
547 1628 555 1666 !
603 1628 720 1667 Seule
756 1642 839 1667 une
872 1629 1151 1667 intervention
1192 1630 1296 1676 sûre,
1349 1629 1640 1667 bienveillante
1679 1633 1717 1667 et
1756 1627 1982 1669 raisonnée,
2037 1628 2134 1673 peut

363 1693 512 1726 mettre
539 1700 589 1726 en
620 1693 792 1737 rapport
815 1688 854 1726 la
883 1688 996 1726 foule
1023 1687 1184 1727 d’isolés
1214 1688 1286 1738 qui
1310 1688 1500 1737 végètent
1527 1689 1628 1727 dans
1656 1688 1696 1725 la
1724 1685 1912 1732 solitude,
1943 1684 2058 1722 faute
2087 1683 2134 1721 de

360 1759 402 1784 se
425 1746 651 1793 connaître,
684 1751 724 1784 et
743 1751 840 1784 sont
868 1746 972 1786 ainsi
997 1746 1134 1796 privés
1162 1748 1230 1788 des
1257 1748 1363 1796 joies
1389 1747 1437 1784 de
1461 1748 1497 1784 la
1531 1746 1702 1784 famille.

468 1815 573 1855 C’est
594 1829 703 1866 pour
724 1816 929 1855 remédier
947 1819 968 1855 à
990 1823 1055 1856 cet
1074 1819 1157 1856 état
1181 1818 1231 1856 de
1248 1818 1390 1856 choses
1414 1816 1520 1855 aussi
1545 1816 1848 1866 préjudiciable
1871 1816 1891 1852 à
1913 1811 2131 1853 l’individu

360 1874 455 1924 qu’à
486 1875 523 1913 la
552 1876 810 1923 collectivité,
848 1876 951 1915 dont
975 1874 1116 1915 l’essor
1137 1883 1200 1916 est
1230 1877 1554 1925 complètement
1584 1876 1750 1913 entravé
1779 1886 1854 1923 par
1878 1873 1916 1911 la
1951 1872 2131 1910 diminu¬

365 1935 452 1972 tion
501 1933 550 1971 de
594 1934 686 1983 plus
732 1946 785 1972 en
835 1935 928 1984 plus
970 1935 1130 1985 grande
1172 1937 1241 1974 des
1291 1934 1493 1985 mariages
1554 1947 1634 1984 que
1682 1945 1784 1971 nous
1830 1944 1957 1971 avons
2006 1930 2131 1968 fondé

363 2013 386 2036 «
408 1996 860 2037 L’INTERMEDIAIRE
880 1996 960 2038 DU
990 1997 1157 2038 FOYER
1187 1980 1225 2037 »!

465 2074 636 2126 Jusqu’à
664 2089 710 2114 ce
735 2079 835 2126 jour
859 2074 1049 2124 quantité
1072 2072 1288 2122 d’agences
1317 2076 1392 2110 ont
1419 2072 1479 2109 été
1509 2070 1654 2110 créées.
1684 2068 1886 2108 Combien
1917 2069 1964 2105 de
1996 2066 2128 2104 réelle-
2158 2072 2171 2086 *

360 2139 477 2172 ment
505 2134 625 2173 utiles
652 2138 689 2172 et
722 2135 904 2183 efficaces
925 2135 995 2172 ?...
1027 2133 1076 2170 Et
1107 2132 1194 2170 cela
1226 2142 1267 2167 se
1298 2129 1541 2178 comprend,
1574 2129 1713 2178 quand
1747 2140 1801 2166 on
1835 2125 2022 2165 réfléchit
2053 2136 2132 2175 que

359 2195 448 2232 seul
482 2193 657 2231 l'intérêt
685 2194 845 2242 guidait
879 2203 943 2231 ces
977 2192 1137 2241 gens-là
1139 2221 1147 2237 ,
1185 2194 1224 2228 et
1255 2201 1347 2238 que,
1384 2189 1485 2226 dans
1513 2200 1572 2226 un
1605 2187 1792 2236 mariage
1825 2186 1902 2224 fait
1935 2196 2011 2235 par
2036 2196 2127 2229 eux,

359 2253 408 2290 ils
434 2250 786 2301 n’envisageaient
806 2249 961 2299 qu’une
982 2251 1105 2288 chose
1128 2245 1136 2287 :
1150 2245 1194 2288 lü
1208 2253 1384 2288 SOIÏIITIB
1398 2243 1637 2286 ÙtOUCtlBr
1647 2242 1676 2285 à
1694 2244 1806 2284 tltTB
1821 2242 1876 2283 ÜB
1890 2242 2134 2291 COUrtttgB.

464 2320 692 2360 Combien
716 2319 984 2358 différente
1003 2326 1077 2358 est
1100 2320 1240 2357 notre
1262 2316 1431 2355 œuvre
1449 2316 1461 2354 !
1484 2321 1596 2356 Nous
1618 2329 1670 2355 ne
1692 2308 1966 2354 demandons"
1977 2321 2134 2351 aucun

346 2376 608 2424 courtage,
643 2383 831 2413 aucune
858 2371 1170 2411 commission
1200 2371 1212 2410 !
1248 2375 1301 2410 Le
1328 2374 1418 2410 seul
1448 2373 1630 2409 débours
1657 2371 1844 2408 consiste
1872 2371 1895 2406 à
1922 2380 2054 2415 payer
2079 2379 2132 2404 un

357 2432 557 2478 modique
573 2431 862 2467 abonnement
884 2429 1050 2466 destiné
1071 2430 1095 2465 à
1117 2427 1292 2465 couvrir
1313 2427 1374 2462 les
1395 2427 1498 2462 frais
1520 2425 1819 2470 d’impression
1843 2423 1880 2459 et
1905 2422 1954 2459 de
1975 2427 2136 2458 corres¬

355 2487 595 2532 pondance,
635 2487 675 2521 et
713 2484 841 2530 grâce
881 2483 1035 2529 auquel
1071 2483 1131 2518 les
1152 2480 1435 2517 'célibataires
1475 2480 1548 2515 des
1581 2479 1688 2514 deux
1723 2487 1846 2512 sexes
1879 2478 1953 2511 ont
1984 2476 2008 2511 à
2044 2476 2138 2511 leur

371 2539 629 2585 disposition
652 2548 709 2574 un
736 2537 860 2574 choix
879 2536 929 2573 de
953 2536 1100 2582 partis,
1125 2533 1387 2580 permettant
1407 2532 1457 2568 de
1479 2532 1640 2568 donner
1661 2528 1926 2566 satisfaction
1947 2530 1969 2564 à
1997 2529 2139 2565 toutes

355 2574 415 2630 ^es
437 2593 673 2640 exigences.

463 2659 574 2694 Nous
598 2659 750 2693 tenons
774 2655 798 2691 à
817 2655 854 2690 le
882 2653 1062 2700 répéter.
1085 2667 1092 2688 :
1123 2640 1598 2692 «L’INTERMÉDIAIRE
1631 2648 1694 2686 DU
1727 2648 1920 2684 FOYER»
1952 2646 2016 2682 n’a
2045 2646 2137 2682 rien

354 2711 407 2747 de
435 2720 638 2747 commun
664 2718 767 2746 avec
795 2707 855 2743 les
883 2715 1068 2752 agences
1100 2703 1441 2741 matrimoniales
1478 2711 1485 2745 ;
1517 2701 1623 2739 c'est
1647 2704 1747 2738 une'
1768 2709 1931 2738 œuvre
1958 2699 2069 2737 dont
2099 2701 2138 2737 le

355 2764 435 2801 but
462 2765 641 2809 unique
668 2761 736 2800 est
765 2761 816 2797 de
843 2760 1004 2797 servir
1030 2760 1082 2796 de
1113 2757 1447 2796 trait-d'union
1475 2757 1594 2792 entre
1628 2755 1770 2791 toutes
1800 2754 1862 2790 les
1894 2763 2136 2800 personnes

354 2822 600 2858 désireuses
629 2820 679 2857 de
708 2818 886 2863 remplir
908 2818 1002 2854 leur
1029 2817 1176 2853 devoir
1205 2816 1336 2852 social
1365 2825 1416 2850 en
1446 2815 1718 2850 contractant
1741 2813 1944 2859 mariage,
1975 2808 2140 2856 quelle

356 2885 451 2926 que
486 2876 583 2915 soit
609 2876 723 2914 leur
754 2872 989 2912 situation
1026 2872 1083 2911 de
1104 2872 1319 2918 fortune,
1343 2871 1399 2908 de
1421 2870 1468 2908 la
1486 2869 1602 2917 plus
1636 2868 1859 2907 modeste
1891 2868 1919 2907 à
1950 2868 1998 2906 la
2031 2868 2141 2907 rlus

355 2930 537 2976 élevée,
569 2934 613 2969 et
640 2941 749 2968 nous
772 2929 1055 2975 remplissons
1079 2930 1190 2965 cette
1218 2927 1398 2964 mission
1432 2936 1534 2963 avec
1568 2925 1822 2962 l'EXTREME
1854 2918 2140 2962 DISCRÉTION

355 2999 445 3043 que
478 2987 583 3030 doit
619 2985 896 3038 comporter
933 2994 995 3024 un
1034 2985 1140 3024 acte
1180 2983 1316 3023 aussi
1352 2983 1625 3026 important
1631 2991 1639 3026 ,
1681 2981 1819 3019 aussi
1857 2981 2000 3019 sacré
2046 2988 2143 3028 que

357 3051 405 3090 le
445 3048 687 3099 mariage.

1641 3150 1707 3187 LA
1737 3146 2031 3186 DIRECTION.
