2472 3696
523 449 1173 535 OBSERVATIONS
1223 433 1929 520 RECOMMANDEES

398 711 419 745 Il
439 710 490 744 est
514 704 719 742 absolument
745 697 986 741 indispensable
1010 702 1070 736 que
1090 694 1215 733 chaque
1240 686 1369 725 abonné
1396 686 1454 721 lise
1481 681 1728 720 attentivement
1759 678 1801 711 —
1829 677 1850 711 il
1876 684 1893 711 a
1920 677 1961 710 du
1989 674 2077 709 reste

530 774 599 807 tout
618 768 738 805 intérêt
763 766 782 802 à
803 768 832 800 le
852 765 938 800 faire
966 762 1009 794 —
1037 762 1083 795 les
1111 760 1203 793 notes
1225 756 1409 790 ci-dessous
1430 759 1515 793 pour
1532 755 1671 790 pouvoir
1689 747 1741 787 s’y
1761 743 1950 778 conformer

397 912 428 947 I.
459 930 506 936 —
534 908 639 943 Tout
668 904 821 940 lecteur
848 901 898 937 de
922 892 1206 934 l’INTERME-

353 957 532 996 DIAIRE
564 954 747 991 désirant
778 944 1075 990 correspondre
1106 950 1207 978 avec

354 1019 408 1044 un
439 1016 490 1042 ou
519 1002 724 1051 plusieurs
755 997 940 1034 abonnés
969 994 1039 1029 NE
1068 988 1208 1026 PEUT

354 1058 418 1092 LE
443 1053 601 1090 FAIRE
628 1050 758 1087 SANS
786 1045 920 1082 ETRE
946 1036 1208 1078 LUI-MEME

357 1101 588 1144 ABONNE,
621 1105 660 1138 et
690 1103 791 1134 sans
817 1090 932 1129 avoir
961 1088 1035 1126 fait
1065 1093 1210 1132 parve¬

357 1153 434 1195 nir,
461 1160 514 1186 au
538 1145 760 1192 préalable,
787 1143 822 1178 le
847 1140 1036 1175 montant
1061 1135 1110 1170 de
1135 1140 1210 1169 son

358 1200 636 1236 abonnement
673 1203 728 1229 au
764 1188 941 1237 journal.

408 1312 457 1348 II.
485 1332 531 1338 —
560 1309 663 1344 Tout
695 1303 896 1341 adhérent
925 1299 951 1334 à
981 1300 1098 1332 notre
1131 1302 1216 1330 œu¬

363 1372 434 1398 vre
469 1358 552 1396 doit
585 1355 689 1391 faire
723 1349 919 1398 parvenir
954 1347 978 1382 à
1013 1341 1217 1383 l’INTER-

363 1404 636 1446 MEDIAIRE,
687 1411 738 1438 en
788 1399 923 1434 même
973 1398 1107 1435 temps
1140 1398 1217 1435 que

365 1468 441 1494 son
483 1451 774 1493 abonnement,
819 1447 857 1482 le
891 1439 1109 1480 LIBELLE
1152 1437 1217 1472 DE

366 1505 468 1543 SON
500 1497 766 1541 ANNONCE,
801 1491 974 1538 laquelle
1020 1488 1103 1524 doit
1134 1486 1219 1521 être

366 1549 618 1590 convenable
646 1551 684 1583 et
710 1546 758 1582 de
786 1545 897 1580 toute
922 1535 1124 1575 moralité.

418 1599 475 1635 La
498 1595 704 1634 Direction
727 1602 772 1628 se
793 1591 962 1627 réserve
984 1586 1020 1620 le
1044 1581 1150 1618 droit
1171 1579 1221 1614 de

373 1648 560 1684 modifier
585 1645 695 1680 toute
721 1647 908 1678 annonce
932 1632 1173 1679 équivoque.

418 1760 488 1797 III.
509 1780 554 1785 —
579 1758 657 1793 Les
680 1759 905 1793 annonces,
931 1756 1035 1792 pour
1059 1745 1144 1780 être
1168 1742 1226 1777 in¬

373 1810 513 1848 sérées
550 1807 585 1842 le
621 1805 642 1841 1
645 1808 673 1826 er
708 1802 757 1837 de
794 1799 952 1843 chaque
987 1793 1128 1837 mois,,
1146 1788 1228 1826 doi¬

373 1862 469 1895 vent
493 1865 599 1890 nous
626 1848 821 1896 parvenir
849 1856 902 1882 au
927 1842 1060 1880 PLUS
1085 1838 1228 1876 TARD

375 1906 438 1942 LE
466 1905 511 1940 28
537 1903 591 1937 du
614 1899 720 1936 mois
746 1893 979 1942 précédent.
1003 1890 1132 1925 Toute
1158 1895 1229 1921 an¬

375 1962 519 1994 nonce,
561 1957 682 1993 reçue
722 1942 844 1989 après
885 1942 989 1977 cette
1028 1937 1137 1980 date,
1178 1942 1230 1968 ne

378 2009 528 2047 pourra
554 1996 735 2043 paraître
759 2001 837 2036 que
859 1991 896 2026 le
921 1986 1026 2022 mois
1047 1982 1229 2020 suivant.

378 2051 492 2086 Dans
526 2058 571 2083 ce
603 2054 687 2087 cas,
720 2041 749 2077 il
779 2040 885 2074 n’est
916 2043 993 2080 pas
1026 2030 1234 2075 indispen¬

379 2097 492 2135 sable
515 2103 591 2140 que
612 2093 826 2128 l’annonce
849 2083 927 2122 soit
947 2080 1108 2119 insérée
1130 2085 1233 2123 pour

380 2156 457 2191 que
486 2138 718 2180 l’intéressé
750 2134 891 2183 puisse
938 2124 1234 2171 correspondre

381 2204 481 2232 avec
503 2192 562 2227 les
585 2187 768 2225 abonnés
792 2184 845 2219 du
867 2179 1043 2227 journal.
1066 2175 1099 2209 Il
1121 2172 1236 2209 suffit

383 2241 477 2288 qu’il
502 2239 559 2275 ait
583 2244 680 2281 reçu
705 2229 957 2270 l’indication
983 2226 1037 2261 du
1062 2229 1236 2258 numéro

383 2287 640 2333 remplaçant
676 2292 752 2317 son
787 2287 885 2314 nom
918 2283 1019 2320 pour
1057 2268 1151 2316 qu’il
1181 2266 1238 2302 ait

385 2340 494 2374 toute
527 2331 677 2370 facilité
710 2329 759 2365 de
793 2321 1105 2366 communiquer
1138 2325 1238 2353 avec

385 2386 444 2422 les
477 2382 700 2419 adhérents
731 2378 781 2412 de
811 2375 995 2411 l’œuvre.

435 2496 503 2532 IV.
540 2514 586 2520 —
620 2490 697 2526 Les
728 2492 955 2532 personnes
993 2479 1061 2525 qui
1092 2476 1243 2513 désire¬

389 2545 522 2581 raient
557 2533 853 2581 correspondre
890 2540 989 2568 avec
1022 2527 1083 2563 1rs
1119 2524 1244 2560 abon¬

386 2593 464 2630 nés
484 2591 537 2626 du
557 2584 720 2633 journal
740 2591 840 2619 sans
860 2581 946 2616 être
965 2581 1111 2614 tenues
1131 2571 1245 2612 elles-

391 2641 548 2676 mêmes
575 2636 624 2671 de
646 2632 748 2668 faire
773 2627 932 2665 insérer
953 2633 1033 2659 une
1060 2628 1245 2658 annonce

392 2683 666 2733 personnelle,
699 2679 874 2714 devront
905 2680 1033 2718 payer
1064 2678 1121 2704 un
1154 2675 1247 2710 sup¬

395 2735 575 2781 plément
626 2730 675 2765 de
727 2724 873 2762 DEUX
919 2715 1126 2757 FRANCS
1172 2722 1249 2758 par

397 2781 515 2826 mois,
543 2778 623 2816 soit
648 2777 668 2811 8
689 2775 740 2810 fr.
767 2780 870 2816 pour
896 2777 952 2803 un
977 2765 1096 2806 mois,
1126 2762 1169 2798 13
1195 2761 1246 2797 fr.

399 2839 501 2877 pour
526 2827 632 2863 deux
657 2821 762 2859 mois
788 2822 827 2856 et
857 2817 902 2853 18
930 2816 982 2852 fr.
1013 2821 1118 2858 pour
1148 2808 1249 2845 trois

398 2877 516 2913 mois.

445 2991 495 3027 V.
515 3010 561 3015 —
581 2986 663 3023 Dès
681 2982 809 3029 qu’un
829 2975 991 3014 abonné
1009 2977 1071 3009 est
1092 2983 1143 3009 en
1164 2969 1254 3006 voie

401 3040 450 3076 de
482 3037 680 3079 mariage,
715 3031 743 3067 il
775 3028 858 3064 doit
889 3035 941 3061 en
973 3022 1172 3058 informer
1205 3018 1255 3052 de

402 3087 507 3124 suite
542 3086 581 3121 la
631 3078 837 3118 Direction
871 3074 920 3109 de
969 3065 1256 3106 l’INTERME-

403 3132 596 3176 DIAIRE,
632 3129 716 3165 afin
743 3135 822 3171 que
855 3122 1069 3159 l’annonce
1099 3112 1169 3159 qui
1201 3111 1257 3147 lui

404 3187 466 3220 est
493 3175 761 3226 personnelle,
791 3170 961 3215 n’ayant
986 3165 1078 3211 plus
1106 3173 1154 3199 sa
1179 3159 1257 3195 rai¬

406 3241 480 3269 son
513 3229 656 3271 d’être,
690 3223 768 3260 soit
800 3217 976 3256 aussitôt
1007 3207 1257 3256 supprimée,

406 3282 444 3316 et
466 3277 553 3313 cela
574 3274 679 3310 dans
701 3272 739 3306 le
756 3269 830 3305 but
852 3267 901 3302 de
919 3262 976 3300 lui
997 3260 1126 3296 éviter
1149 3260 1260 3293 toute

415 3322 769 3368 correspondance
810 3316 994 3351 devenue
1037 3306 1191 3342 inutile.

1328 888 1436 923 Pour
1463 887 1502 921 la
1526 885 1661 921 même
1686 881 1841 922 raison,
1867 878 1895 914 il
1920 880 1984 914 est
2004 874 2129 911 indis¬

1282 935 1478 983 pensable
1506 943 1584 978 que
1611 929 1800 967 l’abonné
1826 926 1991 971 indique
2013 922 2130 959 aussi

1283 989 1320 1022 le
1361 983 1533 1019 numéro
1574 980 1629 1015 du
1662 973 1989 1019 correspondant
2031 979 2131 1007 avec

1287 1034 1354 1079 qui
1383 1033 1418 1068 le
1448 1029 1632 1073 mariage
1659 1025 1742 1061 doit
1771 1034 1814 1060 se
1841 1021 1958 1057 faire.

1329 1153 1398 1189 VI.
1419 1172 1466 1177 —
1483 1151 1516 1186 Il
1535 1152 1598 1186 est
1617 1142 1923 1189 indispensable
1943 1150 2021 1186 que
2041 1140 2135 1176 cha¬

1284 1213 1360 1248 que
1397 1196 1719 1242 correspondant
1747 1201 1901 1237 appose
1935 1198 1987 1225 en
2018 1187 2135 1233 guise

1285 1253 1332 1289 de
1365 1250 1576 1294 signature
1608 1252 1682 1281 son
1713 1240 1886 1276 numéro
1915 1234 2137 1283 personnel

1287 1308 1367 1335 aux
1399 1299 1538 1335 lettres
1569 1293 1663 1338 qu’il
1693 1290 1794 1326 écrit
1822 1297 1905 1324 aux
1937 1284 2135 1321 abonnés.

1336 1419 1425 1455 VII.
1458 1435 1504 1440 —
1533 1416 1565 1452 Il
1596 1425 1649 1450 va
1676 1412 1726 1448 de
1757 1410 1819 1447 soi
1844 1419 1922 1454 que
1951 1405 2140 1444 l’abonné

1291 1469 1358 1514 qui
1383 1479 1406 1504 a
1429 1464 1634 1512 plusieurs
1657 1463 1798 1498 lettres
1822 1458 1847 1494 à
1869 1457 1974 1494 faire
1996 1463 2142 1500 parve¬

1291 1518 1355 1554 nir
1388 1525 1469 1552 aux
1501 1511 1722 1548 adhérents
1754 1509 1803 1544 de
1834 1506 2018 1548 l’œuvre,
2046 1504 2143 1547 peut

1292 1566 1351 1602 les
1384 1564 1589 1600 enfermer
1619 1561 1751 1594 toutes
1783 1555 1887 1591 dans
1919 1561 2000 1588 une
2031 1549 2143 1586 seule

1293 1617 1330 1650 et
1357 1611 1507 1655 unique
1533 1609 1754 1650 enveloppe
1780 1600 1973 1638 adressée
1998 1598 2023 1634 à
2047 1597 2144 1633 l’IN-

1294 1655 1671 1697 TERMEDIAIRE,
1706 1653 1730 1689 à
1757 1652 1797 1687 la
1830 1647 2035 1685 condition
2068 1654 2145 1689 que

1296 1704 1713 1745 l’affranchissement
1769 1698 1823 1734 du
1865 1699 1953 1732 tout
1992 1702 2147 1730 corres¬

1297 1756 1428 1802 ponde
1455 1763 1507 1790 au
1533 1749 1649 1796 poids
1672 1746 1819 1793 postal.

1344 1805 1405 1840 Ne
1442 1812 1518 1847 pas
1570 1800 1744 1834 omettre
1796 1792 2024 1837 d’indiquer
2077 1787 2149 1823 AU

1301 1849 1514 1889 CRAYON
1548 1857 1621 1883 sur
1653 1844 1811 1887 chaque
1854 1840 1971 1876 lettre
2002 1858 2050 1863 —
2083 1833 2152 1880 qui

1300 1901 1383 1936 doit
1407 1900 1493 1935 être
1518 1894 1748 1941 également
1772 1886 2000 1925 affranchie
2024 1905 2071 1911 —
2092 1883 2151 1918 les

1302 1948 1497 1984 numéros
1529 1944 1578 1979 de
1609 1939 1877 1984 l’expéditeur
1908 1938 1948 1971 et
1979 1933 2034 1969 du
2064 1931 2154 1966 des¬

1303 1994 1507 2032 tinataire.

1353 2124 1462 2160 VIII.
1503 2139 1549 2145 —
1590 2115 1805 2163 Répondez
1845 2112 2031 2158 toujours
2072 2116 2155 2143 aux

1309 2178 1450 2213 lettres
1471 2171 1539 2217 qui
1559 2178 1661 2206 vous
1680 2169 1773 2202 sont
1794 2162 2024 2199 adressées.
2042 2157 2156 2197 Vous

1309 2223 1438 2261 seriez
1492 2216 1789 2256 certainement
1836 2211 2070 2246 mécontent
2123 2205 2158 2240 si

1311 2270 1579 2309 vous-même,
1601 2262 1786 2300 écrivant
1804 2268 1883 2296 une
1902 2258 2035 2301 lettre,
2056 2263 2159 2290 vous

1311 2317 1536 2356 n’obteniez
1569 2322 1646 2359 pas
1677 2311 1725 2346 de
1764 2309 1952 2352 réponse.
1986 2303 2019 2339 Il
2055 2309 2159 2338 vous

1313 2372 1376 2405 est
1415 2364 1548 2409 facile,
1592 2362 1627 2396 si
1660 2362 1776 2395 votre
1816 2353 2016 2390 intention
2056 2351 2161 2385 n’est

1314 2425 1391 2461 pas
1433 2414 1483 2449 de
1526 2409 1738 2447 continuer
1782 2405 1806 2440 à
1849 2397 2159 2444 correspondre,

1314 2461 1558 2506 d’exprimer
1587 2465 1661 2493 vos
1696 2454 1856 2498 regrets
1887 2459 1938 2486 en
1966 2446 2163 2493 quelques

1315 2513 1436 2547 mots.

1365 2640 1435 2676 IX.
1471 2659 1517 2664 —
1551 2634 1645 2670 Afin
1678 2628 1850 2667 d’éviter
1885 2627 1994 2661 toute
2029 2621 2168 2658 confu¬

1321 2690 1411 2725 sion
1446 2684 1665 2732 (plusieurs
1704 2676 1926 2714 adhérents
1969 2672 2098 2716 ayant
2132 2668 2168 2703 le

1322 2739 1455 2774 même
1485 2731 1597 2775 nom)
1622 2731 1708 2766 tout
1738 2723 1900 2760 abonné
1930 2720 2116 2756 écrivant
2145 2715 2170 2751 à

1321 2775 1773 2823 l’INTERMEDIAIRE
1810 2770 1908 2807 EST
1943 2767 2065 2805 PRIE
2103 2764 2170 2801 DE

1323 2830 1480 2870 FAIRE
1525 2824 1718 2863 SUIVRE
1761 2820 1822 2857 SA
1870 2811 2171 2854 SIGNATURE

1324 2882 1390 2918 DE
1418 2877 1520 2916 SON
1545 2870 1772 2911 NUMERO
1802 2864 2047 2903 D’ORDRE.

1372 2928 1498 2964 Toute
1543 2924 1659 2958 lettre
1696 2914 1948 2954 demandant
1990 2920 2070 2947 une
2114 2907 2174 2944 ré¬

1329 2984 1459 3022 ponse
1512 2972 1537 3007 à
1598 2959 2046 3005 l’INTERMEDIAlRE
2095 2956 2176 2992 doit

1330 3027 1415 3062 être
1452 3014 1753 3062 accompagnée
1801 3010 1922 3047 D’UN
1958 3003 2176 3043 TIMBRE-

1332 3069 1497 3108 POSTE
1524 3068 1548 3102 à
1568 3063 1664 3100 0.15.

1379 3201 1427 3237 X.
1456 3219 1502 3225 —
1533 3195 1565 3231 Il
1597 3194 1702 3228 n’est
1727 3193 1825 3226 tenu
1858 3193 1991 3223 aucun
2020 3181 2179 3224 compte

1333 3251 1406 3286 des
1433 3248 1572 3282 lettres
1607 3241 1791 3277 donnant
1822 3242 1982 3271 comme
2011 3230 2179 3266 adresse

1332 3293 1581 3333 l’indication
1604 3290 1652 3325 de
1674 3289 1714 3324 la
1735 3287 1852 3332 poste
1870 3281 2067 3318 restante.
