2472 3696
583 425 1235 501 OBSERVATIONS
1289 429 1999 505 RECOMMANDEES

454 0 482 743 I.
488 730 533 733 —
552 708 655 744 Tout
672 709 825 745 lecteur
845 708 892 745 de
913 708 1255 745 l'Intermédiaire

404 766 590 803 désirant
632 767 928 813 correspondre
967 777 1069 805 avec
1110 778 1165 803 un
1203 778 1254 805 ou

404 826 611 872 plusieurs
635 827 824 864 abonnés
862 837 913 862 ne
952 830 1047 870 peut
1090 826 1126 860 le
1150 826 1253 862 faire

405 894 506 921 sans
534 886 620 921 être
647 885 855 921 lui-même
882 885 1057 929 abonné,
1087 887 1124 923 et
1153 896 1252 923 sans

402 944 523 980 avoir
549 944 623 981 fait
647 944 856 990 parvenir,
885 954 939 980 au
965 944 1186 990 préalable,
1217 945 1253 981 le

404 1002 594 1039 montant
646 1002 696 1040 de
745 1013 820 1039 son
872 1004 1151 1042 abonnement
1201 1013 1254 1039 au

401 1062 578 1107 journal.

453 1181 500 1217 II.
523 1201 572 1205 —
590 1181 693 1217 Tout
712 1181 911 1217 adhérent
932 1182 952 1217 à
972 1181 1092 1217 notre
1112 1189 1255 1217 œuvre

406 1240 489 1276 doit
509 1239 611 1277 faire
630 1239 829 1286 parvenir
850 1240 874 1276 à
897 1239 1252 1283 l'Intermédiaire,

403 1309 455 1336 en
485 1301 620 1335 même
660 1299 796 1345 temps
842 1308 917 1345 que
959 1308 1034 1336 son
1078 1298 1255 1335 abonne¬

408 1358 531 1403 ment,
562 1359 598 1395 le
626 1358 759 1394 libellé
792 1357 841 1394 de
868 1367 944 1395 son
970 1366 1171 1400 annonce,
1200 1357 1256 1393 la¬

406 1418 536 1463 quelle
578 1417 665 1454 doit
706 1416 792 1453 être
837 1416 1093 1452 convenable
1133 1417 1170 1452 et
1206 1414 1255 1451 de

405 1476 516 1513 toute
541 1475 739 1513 moralité.

454 1596 521 1630 III.
549 1616 597 1621 —
617 1595 696 1631 Les
723 1603 944 1637 annonces,
970 1603 1071 1640 pour
1093 1593 1178 1629 être
1200 1592 1256 1627 in¬

408 1656 547 1692 sérées
571 1655 608 1690 le
628 1654 645 1689 1
652 1660 681 1676 er
701 1656 749 1692 de
767 1654 927 1700 chaque
950 1651 1068 1695 mois,
1090 1651 1258 1696 doivent

408 1723 513 1750 nous
539 1712 734 1758 parvenir
760 1723 808 1758 au
836 1712 927 1758 plus
959 1713 1050 1748 tard
1075 1712 1109 1747 le
1135 1711 1179 1748 30
1203 1711 1257 1746 du

408 1773 513 1810 mois
547 1772 782 1818 précédent.
806 1771 932 1809 Toute
974 1780 1172 1814 annonce,
1197 1779 1257 1806 re¬

406 1843 479 1869 çue
507 1833 631 1879 après
657 1832 762 1868 cette
787 1831 892 1875 date,
925 1841 976 1866 ne
1003 1839 1161 1875 pourra
1188 1839 1256 1875 pa¬

408 1892 535 1929 raître
558 1901 635 1938 que
662 1892 697 1927 le
725 1890 829 1927 mois
859 1888 1037 1927 suivant.
1070 1889 1183 1926 Dans
1214 1899 1257 1926 ce

406 1961 490 1995 cas,
530 1952 556 1987 il
592 1951 700 1988 n’est
727 1960 805 1996 pas
833 1949 1143 1996 indispensable
1180 1957 1256 1993 que

406 2012 624 2048 l’annonce
653 2010 731 2046 soit
757 2008 915 2046 insérée
943 2017 1045 2054 pour
1072 2016 1148 2053 que
1170 2007 1257 2043 l’in¬

406 2071 564 2108 téressé
587 2069 727 2116 puisse
752 2068 1048 2114 correspondre
1072 2077 1176 2104 avec
1197 2067 1257 2103 les

406 2129 593 2166 abonnés
617 2128 670 2164 du
692 2128 865 2173 journal.
894 2128 922 2163 Il
945 2126 1059 2164 suffit
1084 2126 1181 2172 qu’il
1201 2124 1259 2163 aît

407 2188 504 2233 reçu
526 2188 551 2223 T
558 2187 779 2224 indication
805 2188 860 2222 du
887 2187 1060 2221 numéro
1085 2186 1259 2231 rempla¬

406 2249 504 2290 çant
539 2256 610 2283 son
650 2256 747 2281 nom
784 2255 885 2291 pour
918 2245 1019 2291 qu’il
1050 2245 1109 2280 ait
1147 2244 1259 2280 toute

410 2305 560 2342 facilité
606 2303 655 2341 de
696 2303 1010 2350 communiquer
1043 2313 1146 2340 avec
1192 2304 1252 2340 les

409 2365 630 2402 adhérents
662 2364 710 2400 de
744 2364 930 2400 l’œuvre.

458 2483 524 2517 IV.
549 2503 596 2507 —
616 2482 693 2519 Les
731 2490 960 2527 personnes
1001 2480 1070 2527 qui
1110 2479 1260 2518 désire¬

409 2540 544 2576 raient
572 2540 866 2585 correspondre
909 2549 1009 2576 avec
1051 2541 1110 2576 les
1133 2541 1260 2576 abon¬

409 2600 486 2635 née
501 2598 557 2635 du
576 2599 738 2645 journal
758 2608 857 2636 sans
878 2599 965 2634 être
985 2599 1129 2635 tenues
1147 2599 1260 2638 elles-

412 2659 570 2694 mêmes
592 2658 640 2694 de
661 2657 762 2694 faire
788 2656 947 2694 insérer
971 2666 1049 2693 une
1074 2665 1260 2692 annonce

410 2717 682 2762 personnelle,
703 2715 878 2753 devront
915 2726 1042 2763 payer
1076 2725 1131 2752 un
1170 2724 1261 2761 sup¬

412 2776 594 2821 plément
619 2775 668 2811 de
694 2774 757 2810 six
782 2775 924 2816 francs
941 2774 984 2820 .(6
1015 2775 1155 2811 francs
1184 2784 1262 2820 par

412 2835 546 2880 mois),
582 2834 659 2872 soit
690 2834 732 2870 18
764 2835 903 2870 francs
935 2845 987 2870 au
1018 2834 1097 2869 lieu
1128 2834 1176 2869 de
1202 2834 1258 2877 12,

411 2903 516 2938 pour
538 2903 593 2930 un
614 2894 894 2930 abonnement
921 2890 1167 2929 trimestriel.

1385 717 1431 753 V.
1449 739 1495 743 —
1516 718 1597 756 Dès
1620 720 1748 765 qu’un
1762 722 1926 758 abonné
1944 724 2008 760 est
2024 733 2076 762 en
2094 724 2186 761 voie

1336 775 1384 812 de
1405 777 1602 824 mariage*
1634 778 1657 814 il
1702 780 1784 817 doit
1825 791 1874 816 en
1912 780 2110 818 informer
2136 782 2185 818 de

1337 835 1442 874 suite
1464 837 1504 873 la
1527 837 1732 874 Direction
1752 840 1804 876 de
1825 840 1834 875 1
1857 840 2182 885 Intermédiaire,

1335 894 1421 931 afin
1437 906 1516 941 que
1536 897 1752 934 l’annonce
1773 897 1840 944 qui
1858 899 1915 935 lui
1932 900 1996 936 est
2017 910 2186 946 person¬

1335 955 1451 999 nelle,
1484 954 1657 1002 n’ayant
1680 957 1771 1002 plus
1800 968 1846 994 sa
1870 958 2011 994 raison
2038 958 2180 1003 d’être,

1337 1013 1415 1049 soit
1439 1014 1616 1052 aussitôt
1641 1015 1886 1061 supprimée,
1911 1017 1952 1053 et
1972 1018 2058 1054 cela
2079 1017 2184 1055 dans

1335 1073 1370 1109 le
1397 1073 1469 1109 but
1490 1073 1542 1112 de
1571 1073 1628 1110 lui
1653 1074 1781 1111 éviter
1806 1075 1916 1112 toute
1939 1085 2187 1122 correspon¬

1334 1131 1463 1169 dance
1485 1132 1667 1169 devenue
1688 1133 1839 1171 inutile.

1382 1293 1448 1330 VI.
1468 1317 1514 1321 —
1536 1295 1564 1329 Il
1583 1296 1648 1332 est
1664 1293 1973 1341 indispensable
1991 1304 2067 1341 que
2091 1295 2184 1332 cha¬

1334 1362 1411 1398 que
1440 1352 1763 1399 correspondant
1784 1363 1939 1399 appose
1975 1363 2028 1391 en
2065 1354 2183 1400 guise

1335 1413 1382 1449 de
1416 1410 1625 1459 signature
1658 1423 1730 1450 son
1757 1414 1932 1450 numéro
1960 1414 2183 1459 personnel

1334 1481 1418 1508 aux
1440 1472 1580 1508 lettres
1606 1472 1703 1516 qu’il
1728 1471 1826 1507 écrit
1849 1483 1930 1509 aux
1959 1473 2156 1509 abonnés.

1376 1624 1461 1661 VII.
1489 1646 1534 1649 —
1564 1626 1592 1661 Il
1620 1636 1674 1662 va
1698 1625 1747 1662 de
1789 1626 1849 1662 soi
1886 1637 1966 1673 que
1995 1627 2184 1664 l’abonné

1336 1682 1404 1728 qui
1426 1694 1450 1720 a
1474 1682 1680 1730 plusieurs
1702 1685 1843 1722 lettres
1866 1686 1891 1721 à
1913 1685 2015 1723 faire
2040 1696 2186 1732 parve¬

1336 1742 1401 1777 nir
1433 1751 1514 1779 aux
1543 1743 1764 1781 adhérents
1793 1744 1840 1780 de
1870 1744 2057 1789 l’œuvre,
2086 1745 2185 1791 peut

1336 1802 1394 1838 les
1417 1802 1622 1839 enfermer
1656 1803 1789 1840 toutes
1825 1803 1931 1839 dans
1971 1814 2051 1840 une
2073 1805 2184 1842 seule

1336 1862 1374 1898 et
1398 1859 1549 1907 unique
1574 1862 1795 1908 enveloppe
1821 1862 2019 1903 adressée
2044 1865 2067 1900 à
2090 1863 2185 1898 l’In¬

1336 1921 1609 1965 termédiaire,
1633 1922 1658 1957 à
1695 1923 1736 1958 la
1767 1921 1978 1958 condition
1998 1931 2074 1968 que
2096 1923 2185 1959 l'af¬

1335 1980 1683 2016 franchissement
1706 1982 1760 2018 du
1791 1981 1876 2017 tout
1909 1981 2184 2027 corresponde

1333 2050 1387 2075 au
1409 2038 1526 2084 poids
1555 2038 1696 2084 postal.

1383 2098 1442 2134 Ne
1493 2107 1567 2143 pris
1620 2097 1796 2134 omettre
1850 2098 1887 2132 d"
1895 2096 2082 2144 indiquer
2132 2108 2185 2133 au

1337 2165 1491 2201 crayon
1515 2166 1586 2193 sur
1609 2156 1770 2203 chaque
1794 2157 1912 2193 lettre
1935 2178 1982 2182 —
2009 2156 2078 2202 qui
2103 2156 2187 2193 doit

1339 2216 1426 2252 être
1453 2217 1685 2262 également
1711 2216 1939 2254 affranchie
1963 2239 2010 2243 —
2032 2217 2091 2253 les
2117 2226 2189 2251 nu¬

1338 2276 1474 2312 méros
1497 2275 1546 2312 de
1573 2275 1840 2321 l’expéditeur
1865 2278 1901 2312 et
1924 2276 1979 2312 du
2007 2275 2186 2312 destina¬

1339 2333 1450 2370 taire.

1384 2494 1490 2530 VIII.
1511 2516 1558 2519 —
1578 2494 1605 2528 Il
1628 2494 1736 2531 n’est
1753 2493 1850 2529 tenu
1865 2503 2004 2530 aucun
2024 2494 2186 2540 compte

1338 2555 1410 2591 des
1431 2554 1570 2589 lettres
1595 2552 1781 2588 donnant
1821 2560 1979 2590 comme
2015 2552 2186 2592 adresse

1338 2611 1589 2648 l'indication
1606 2612 1656 2648 de
1678 2612 1718 2648 la
1735 2622 1811 2657 pas
1819 2614 1853 2649 te
1876 2611 2069 2648 restante.

1386 2773 1451 2808 IX.
1479 2795 1524 2798 —
1546 2772 1672 2809 Toute
1691 2773 1811 2810 lettre
1832 2771 2086 2809 demandant
2104 2781 2187 2808 une

1338 2832 1514 2876 réponse
1543 2829 1624 2867 doit
1653 2832 1722 2868 ère
1755 2829 2059 2876 accompagnée
2088 2829 2187 2864 d’un

1340 2889 1620 2934 timbre-poste
1648 2891 1671 2925 à
1703 2890 1800 2926 0.15.
