3536 5552
404 410 518 439 Veuve
533 408 571 438 48
587 415 659 439 ans,
676 405 787 436 60.000
800 403 840 434 fr.
865 405 898 434 et
913 401 1107 441 propriétés
1125 399 1165 429 de
1181 406 1264 436 rap¬

364 456 454 488 port,
470 448 594 483 bonne,
620 446 840 483 affectueuse,
869 442 1066 482 épouserait
1093 440 1266 470 fonction¬

366 490 462 519 naire
478 496 521 519 ou
537 486 765 526 propriétaire
781 484 863 520 aisé,
880 484 1071 522 protestant
1087 482 1127 510 de
1150 479 1268 518 préfé¬

367 537 482 560 rence.
499 545 518 550 -
533 530 562 559 N
567 537 572 543 -
590 528 682 557 6052.

409 605 584 636 Monsieur
599 604 669 633 très
684 601 774 632 bien,
793 603 893 638 ayant
914 599 956 628 de
985 597 1092 628 belles
1122 595 1268 632 qualités

369 646 528 680 morales,
553 646 702 675 sérieux,
732 640 882 676 instruit,
914 639 1095 675 distingué,
1128 636 1167 665 36
1196 643 1268 670 ans,

368 686 598 725 propriétaire
613 682 809 714 viticulteur
833 684 867 710 et
895 679 1088 719 publici-t",
1118 683 1269 706 revenus

371 726 481 757 10.000
505 725 559 760 fr.,
580 724 732 755 «divorcé,
763 719 960 760 épouserait
988 717 1194 748 institutrice
1225 722 1268 744 ou

371 766 570 798 demoiselle
587 766 688 802 ayant
703 761 875 792 situation.
894 778 906 782 -
924 760 952 790 N
958 768 964 775 -
981 759 1071 789 6053.

409 845 519 873 Jeune
535 842 671 872 homme
686 839 721 869 31
741 846 813 872 ans,
831 837 981 867 sérieux,
1000 833 1090 869 actif,
1115 833 1165 862 fils
1193 831 1274 861 uni¬

373 892 448 921 que,
477 882 659 917 ingénieur
689 880 747 908 des
787 877 909 912 mines,
952 875 1047 905 avoir
1087 871 1274 912 personnel

371 923 504 954 200.000
517 922 573 958 fr.,
590 918 788 959 épouserait
802 924 974 957 personne
990 915 1146 946 sérieuse
1173 914 1275 949 ayant

373 973 440 995 une
458 964 524 993 dot.
541 979 560 985 -
576 961 600 990 N
607 971 612 976 -
630 960 722 990 6054.

411 1047 522 1076 Jeune
536 1044 674 1074 homme
688 1041 727 1070 33
743 1048 816 1072 ans,
833 1039 934 1075 ayant
944 1035 1118 1070 situation,
1128 1032 1275 1072 pension

376 1086 416 1116 de
432 1092 558 1123 guerre
573 1082 632 1112 720
647 1082 688 1112 fr.
705 1089 767 1119 par
783 1087 825 1109 an
851 1085 939 1117 pour
966 1076 1072 1116 petite
1101 1073 1274 1108 infirmité,

376 1128 476 1164 ayant
491 1125 663 1162 logement
679 1124 712 1152 et
723 1120 837 1159 jardin
853 1121 887 1149 et
904 1117 981 1148 1500
996 1116 1036 1146 fr.
1066 1113 1274 1148 économies,

375 1165 572 1203 épouserait
580 1161 778 1193 demoiselle
787 1168 832 1191 ou
840 1166 951 1190 veuve
960 1158 1001 1187 de
1012 1155 1112 1195 goûts
1123 1153 1275 1192 simples.

376 1208 415 1237 N-
431 1205 523 1236 6049.

415 1278 618 1312 Célibataire
646 1280 685 1308 43
714 1285 786 1311 ans,
816 1275 868 1305 fils
897 1273 1037 1311 unique,
1067 1272 1205 1301 homme
1235 1271 1278 1299 du

377 1322 512 1356 monde,
544 1321 680 1351 fortune
713 1316 846 1347 500.000
872 1316 912 1344 fr.
941 1322 1002 1344 sur
1027 1310 1229 1342 immeubles
1260 1311 1279 1339 à

377 1361 473 1393 Paris
489 1364 523 1391 et
537 1360 730 1399 propriétés
747 1365 789 1387 en
805 1355 978 1396 province,
1006 1352 1158 1382 habitant
1182 1350 1280 1379 hiver

377 1402 486 1436 Paris,
503 1403 558 1431 été
572 1400 604 1429 la
619 1398 795 1438 province,
812 1394 1011 1434 épouserait
1026 1390 1226 1422 demoiselle
1235 1398 1280 1420 ou

378 1450 485 1474 veuve
500 1443 540 1471 de
555 1440 668 1471 bonne
682 1438 808 1469 famille
818 1438 920 1474 ayant
934 1443 976 1465 au
991 1433 1099 1464 moins
1107 1431 1240 1462 300.000
1250 1430 1280 1460 fr

378 1485 417 1514 N-
434 1482 527 1513 6055.

417 1550 500 1580 Très
512 1547 596 1586 jolie
612 1545 746 1581 blonde,
756 1551 876 1578 veuve,
893 1542 932 1573 40
942 1549 1013 1576 ans,
1031 1548 1074 1570 ne
1087 1540 1136 1569 les
1152 1538 1281 1577 parais¬

379 1592 455 1620 sant
467 1597 539 1628 pas,
558 1591 658 1624 ayant
666 1586 754 1617 belle
764 1584 927 1615 situation
937 1582 977 1611 de
989 1582 1137 1615 fortune,
1149 1578 1281 1608 maison

379 1633 527 1665 montée,
570 1628 700 1665 bijoux,
739 1623 946 1663 argenterie,
985 1619 1209 1653 musicienne,
1240 1618 1282 1647 de

378 1671 490 1701 bonne
498 1668 678 1700 éducation
688 1665 800 1696 désire
812 1663 916 1694 union
923 1662 1009 1692 libre
1016 1668 1098 1691 avec
1106 1658 1282 1690 monsieur

380 1712 481 1749 ayant
493 1709 576 1748 jolie
593 1707 755 1737 situation
770 1713 814 1736 ou
831 1703 978 1738 fortune,
997 1702 1177 1739 n’imporie
1203 1697 1281 1736 quel

379 1752 454 1790 âge.
470 1767 488 1772 -
504 1751 533 1780 N
538 1759 543 1764 -
560 1748 653 1778 6056.

418 1820 526 1848 Jeune
541 1816 677 1846 homme
694 1812 996 1852 étranger,27ans,
1014 1809 1083 1838 très
1098 1806 1280 1843 distingué,

379 1857 491 1888 20.000
525 1857 567 1886 fr.
598 1856 640 1885 de
670 1856 798 1888 rentes,
830 1851 941 1882 désire
971 1847 1148 1879 connaître
1177 1848 1281 1883 jeune

380 1899 448 1929 fille
464 1905 509 1927 ou
522 1904 631 1926 veuve
648 1896 684 1925 18
699 1895 718 1924 à
733 1894 771 1923 25
787 1901 858 1928 ans,
873 1892 986 1921 bonne
1002 1887 1195 1921 éducation,
1213 1894 1282 1916 mu¬

381 1939 545 1972 sicienne,
561 1936 673 1966 même
683 1943 760 1965 sans
769 1934 917 1966 fortune,
929 1931 1109 1968 acceptant
1117 1934 1282 1965 voyages;

379 1978 515 2018 plaisirs
531 1976 579 2008 lui
595 1977 713 2006 seront
728 1974 857 2005 offerts.
874 1989 892 1994 -
907 1972 936 2002 N
942 1980 947 1985 -
964 1970 1056 2000 6057.

420 2050 522 2077 Dame
552 2044 710 2074 divorcée
739 2043 757 2071 à
785 2048 846 2071 son
875 2037 986 2078 profit,
1014 2036 1052 2065 42
1067 2043 1139 2070 ans,
1171 2041 1215 2063 ne
1231 2033 1281 2063 les

380 2087 573 2126 paraissant
596 2092 669 2122 pas,
699 2080 850 2119 gentille,
869 2078 1093 2111 affectueuse,
1118 2073 1281 2104 situation

381 2128 514 2158 variant
528 2126 570 2155 de
583 2124 677 2154 6.000
698 2123 740 2151 fr.
757 2123 776 2151 à
790 2120 883 2150 7.000
898 2119 939 2148 fr.
957 2125 1020 2156 par
1036 2124 1089 2151 an,
1108 2123 1167 2149 pas
1186 2114 1283 2144 d’en¬

382 2168 464 2202 fant,
482 2166 594 2197 désire
611 2163 762 2200 mariage
779 2169 821 2192 en
837 2161 993 2198 rapport.
1010 2173 1028 2179 -
1044 2156 1084 2187 N-
1103 2154 1206 2185 6.059.

420 2240 530 2268 Jeune
547 2236 682 2270 femme,
699 2232 739 2261 28
754 2238 826 2262 ans,
844 2229 900 2259 dot
914 2226 1028 2257 50.000
1043 2225 1098 2260 fr.,
1114 2225 1283 2263 espéran¬

384 2286 440 2308 ces
459 2275 588 2306 150.000
603 2274 658 2310 fr.,
675 2271 802 2303 famille
817 2267 1016 2303 honorable,
1029 2273 1108 2295 sans
1124 2264 1282 2297 relation,

384 2319 543 2348 divorcée
585 2316 604 2345 à
631 2321 692 2344 son
729 2310 832 2350 profit
858 2316 939 2339 avec
967 2305 1112 2346 pension
1140 2303 1199 2334 600
1227 2303 1282 2338 fr.,

385 2357 525 2398 grande,
545 2356 667 2390 brune,
696 2351 919 2385 musicienne,
933 2348 1058 2377 femme
1074 2343 1285 2380 d’intérieur,

385 2399 552 2432 sérieuse,
583 2392 779 2434 épouserait
808 2390 984 2421 monsieur
1013 2388 1053 2417 de
1067 2386 1107 2414 35
1123 2388 1140 2415 à
1155 2384 1194 2414 48
1211 2391 1283 2418 ans,

385 2438 504 2478 grand,
534 2435 624 2467 belle
641 2432 800 2464 situation
832 2433 865 2460 et
893 2429 1042 2462 fortune,
1073 2427 1205 2455 France
1241 2432 1284 2454 ou

384 2478 552 2510 Colonies.
569 2492 588 2498 -
605 2476 635 2505 N
641 2484 646 2489 -
663 2473 753 2504 6060.

425 2544 630 2578 Demoiselle
644 2543 682 2573 46
710 2549 782 2576 ans,
813 2538 945 2578 pieuse,
977 2536 1144 2568 sérieuse,
1162 2533 1284 2568 brune,

385 2587 513 2619 famille
552 2582 752 2617 honorable,
795 2580 921 2610 femme
959 2576 1171 2610 d’intérieur,
1230 2573 1287 2603 dot

386 2628 498 2660 40.000
514 2627 554 2657 fr.
572 2628 606 2656 et
621 2624 728 2654 belles
745 2621 964 2660 espérances,
986 2616 1183 2656 épouserait
1212 2621 1287 2643 em¬

386 2670 485 2708 ployé
515 2662 829 2698 d’administration,
869 2659 1030 2692 douanes,
1072 2654 1285 2694 professeur,

387 2707 686 2747 enregistrement,
698 2704 780 2741 juré
796 2708 840 2732 ou
854 2697 1096 2739 propriétaire.
1104 2712 1122 2718 -
1137 2696 1177 2725 N-
1195 2694 1286 2723 6061.

426 2773 630 2805 Lieutenant
644 2769 862 2800 intendance,
879 2766 919 2795 40
935 2772 1008 2797 ans,
1025 2771 1068 2792 ne
1083 2763 1133 2792 les
1150 2761 1288 2797 parais¬

388 2817 464 2853 sant
470 2822 543 2853 pas,
552 2808 745 2842 économies
754 2806 862 2837 30.000
870 2806 929 2841 frs,
940 2802 1101 2834 situation
1110 2800 1221 2831 15.000
1230 2799 1287 2837 frs,

389 2854 501 2886 désire
517 2856 635 2882 entrer
651 2858 694 2880 en
719 2847 883 2878 relations
908 2852 996 2884 pour
1023 2842 1174 2880 mariage
1205 2848 1287 2870 avec

384 2898 490 2934 jeune
506 2893 574 2923 fille
590 2899 634 2921 ou
646 2892 754 2929 jeune
769 2893 877 2917 veuve
892 2892 970 2915 sans
988 2883 1116 2915 enfant,
1139 2882 1180 2911 de
1205 2881 1244 2909 27
1269 2882 1287 2910 à

386 2936 426 2966 30
441 2943 512 2968 ans,
528 2933 642 2963 mince
657 2931 697 2960 de
713 2927 929 2967 préférence,
960 2924 1087 2954 aimant
1102 2921 1283 2956 intérieur,

388 2975 551 3006 situation
568 2980 610 3003 en
626 2972 767 3009 rapport
781 2984 800 2990 -
815 2968 855 2998 N’
872 2966 961 2995 6062.

427 3041 516 3072 Veuf
526 3041 565 3069 58
581 3046 653 3072 ans,
670 3036 748 3066 bien
765 3042 845 3064 sous
861 3035 937 3063 tous
953 3032 1123 3069 rapports,
1149 3028 1286 3059 fortune

387 3082 519 3113 500.000
528 3081 586 3110 frs.
600 3079 699 3115 ayant
708 3082 829 3114 grosse
839 3072 956 3103 affaire
967 3079 1010 3101 en
1020 3071 1128 3100 mains
1139 3070 1289 3106 pouvant

388 3124 570 3162 rapporter
584 3117 755 3157 plusieurs
772 3114 932 3148 millions,
950 3109 1147 3150 épouserait
1160 3108 1288 3138 demoi¬

388 3164 472 3194 selle
489 3169 531 3192 ou
548 3166 655 3191 veuve
672 3158 771 3195 ayant
787 3156 934 3185 fortune.
951 3168 969 3174 -
985 3153 1014 3182 N
1020 3160 1026 3167 -
1043 3150 1133 3180 6063.

427 3234 534 3262 Jeune
551 3229 687 3259 homme
703 3225 853 3257 sérieux,
871 3221 1023 3256 instruit,
1054 3218 1145 3251 actif,
1166 3217 1286 3255 appelé

389 3273 407 3303 à
423 3270 531 3311 grand
547 3268 664 3299 avenir
681 3263 862 3296 industriel
879 3265 912 3292 et
942 3259 1175 3292 commercial,
1206 3257 1286 3287 bien

388 3310 660 3352 physiquement,
676 3305 881 3338 affectueux,
913 3301 1027 3332 désire
1061 3299 1168 3329 union
1205 3305 1288 3327 avec

385 3356 492 3391 jeune
501 3350 579 3384 fille,
586 3348 681 3385 jolie,
691 3346 768 3376 bien
778 3342 1051 3384 physiquement,
1061 3338 1287 3375 musicienne,

389 3393 556 3426 sérieuse,
573 3396 652 3419 sans
668 3390 754 3421 tare,
770 3386 871 3423 ayant
886 3384 1033 3413 fortune.
1050 3395 1069 3403 -
1084 3380 1124 3409 N-
1142 3378 1232 3409 6064.

427 3463 440 3490 J
448 3467 535 3490 eune
544 3454 770 3489 sous-officier
779 3449 986 3487 d’artillerie,
996 3450 1034 3479 25
1043 3457 1113 3485 ans,
1126 3446 1287 3477 situation

387 3500 480 3532 7.000
496 3500 535 3529 fr.
555 3497 667 3529 désire
684 3492 935 3531 correspondre
944 3498 1033 3529 pour
1043 3488 1194 3526 mariage
1205 3495 1288 3516 avec

389 3539 588 3572 demoiselle
604 3538 646 3567 de
659 3537 697 3566 18
711 3536 732 3564 à
745 3534 785 3564 20
800 3541 873 3569 ans,
882 3531 980 3570 jolie,
990 3530 1113 3564 brune,
1126 3527 1289 3558 situation

389 3590 432 3612 en
450 3581 600 3619 rapport.
618 3593 636 3599 -
651 3578 691 3607 N’
709 3575 799 3605 6065.

429 3646 612 3686 Employée
629 3645 668 3673 de
684 3642 828 3678 banque,
846 3640 884 3668 24
900 3645 972 3674 ans,
983 3637 1184 3674 présentant
1196 3633 1287 3668 bien,

389 3689 502 3719 désire
518 3685 696 3716 connaître
712 3680 887 3711 monsieur
903 3678 944 3708 de
957 3677 997 3707 25
1014 3678 1032 3707 à
1043 3676 1081 3706 40
1091 3684 1163 3707 ans,
1175 3674 1289 3704 bonne

388 3728 579 3762 éducation,
597 3726 697 3763 ayant
712 3719 874 3751 situation
896 3718 1017 3752 stable,
1044 3715 1249 3753 catholique.
1269 3729 1285 3736 -

388 3771 428 3800 N-
446 3768 536 3799 6066.

428 3831 633 3865 Demoiselle
648 3831 686 3860 34
702 3836 774 3862 ans,
792 3825 970 3863 employée
982 3819 1288 3853 d’administration

389 3876 429 3905 de
445 3874 553 3908 l’Etat,
570 3870 738 3903 mobilier,
756 3866 963 3899 économies,
992 3862 1105 3893 désire
1135 3860 1288 3897 mariage

389 3923 472 3946 avec
479 3911 654 3944 monsieur
660 3911 722 3949 âge
730 3911 764 3939 et
771 3907 932 3938 situation
941 3912 982 3934 en
991 3904 1140 3942 rapport.
1147 3904 1186 3931 N-
1193 3900 1289 3930 -6067

427 3984 536 4011 Jeune
574 3979 709 4008 homme
738 3976 776 4005 25
806 3982 877 4006 ans,
908 3971 1003 4002 avoir
1030 3969 1141 4000 30.000
1172 3967 1213 3997 fr.
1244 3975 1288 3997 en

388 4024 510 4060 argent
523 4023 559 4049 et
572 4018 662 4049 belle
676 4016 852 4055 propriété
861 4011 1032 4051 vignoble,
1045 4010 1172 4040 famille
1182 4008 1288 4038 hono¬

388 4063 494 4097 rable,
512 4059 624 4089 désire
641 4055 791 4093 mariage
808 4061 889 4084 avec
902 4055 1009 4091 jeune
1024 4050 1094 4080 fille
1124 4049 1288 4079 situation

388 4110 430 4133 en
448 4102 599 4139 rapport.
617 4114 635 4120 -
649 4098 678 4127 N
685 4106 690 4112 -
707 4096 797 4125 6068.

426 4171 535 4199 Jeune
564 4162 744 4196 industriel
772 4161 812 4191 24
841 4167 914 4194 ans,
945 4156 1058 4187 désire
1098 4157 1217 4185 entrer
1246 4162 1288 4183 en

388 4208 551 4241 relations
568 4213 649 4236 avec
661 4206 768 4242 jeune
784 4200 853 4231 fille
870 4200 910 4229 de
925 4197 964 4228 20
980 4199 999 4227 à
1014 4197 1052 4226 25
1070 4203 1142 4225 ans.
1160 4194 1288 4225 N'6069

428 4273 632 4306 Demoiselle
647 4271 686 4301 36
701 4277 773 4303 ans,
790 4267 867 4297 bien
890 4263 1165 4304 physiquement,
1195 4260 1290 4290 fonc¬

388 4315 558 4347 tionnaire
575 4312 692 4344 d’Etat,
707 4308 801 4338 6.000
826 4306 879 4342 fr.,
912 4306 1031 4339 douce,
1063 4301 1286 4335 affectueuse,

387 4355 560 4390 instruite,
574 4351 798 4384 musicienne,
813 4347 926 4377 désire
937 4343 1188 4378 correspondre
1200 4347 1289 4378 pour

388 4396 539 4432 mariage
556 4401 638 4424 avec
654 4389 829 4421 monsieur
853 4387 893 4417 de
921 4385 960 4415 35
989 4385 1010 4414 à
1036 4383 1076 4413 45
1106 4390 1178 4417 ans,
1208 4380 1287 4410 bien

388 4436 496 4469 élevé,
513 4433 662 4466 instruit,
680 4429 815 4464 cultivé,
834 4425 997 4457 situation
1021 4424 1127 4457 aisée,
1152 4421 1289 4460 profes¬

388 4483 481 4511 seur,
499 4475 629 4507 artiste,
646 4468 829 4501 industriel
846 4475 889 4497 ou
905 4465 1149 4500 commerçant,
1164 4461 1289 4492 céliba¬

388 4517 485 4550 taire,
510 4513 587 4544 veuf
603 4520 646 4542 ou
677 4510 813 4540 divorcé
845 4515 927 4537 avec
956 4505 1084 4540 enfant,
1110 4502 1190 4532 irait
1221 4509 1289 4532 aux

389 4554 552 4587 colonies.
569 4569 581 4575 -
596 4554 625 4582 N
631 4561 636 4567 -
654 4550 743 4581 6070.

427 4618 632 4653 Demoiselle
646 4619 686 4647 42
700 4625 773 4651 ans,
790 4614 875 4654 petit
890 4612 997 4645 avoir,
1015 4609 1226 4644 couturière,
1250 4616 1288 4638 se

388 4660 589 4693 dévouerait
618 4659 635 4687 à
664 4658 776 4687 blessé
807 4655 847 4685 de
880 4659 1007 4692 guerre
1022 4658 1066 4681 ou
1096 4650 1178 4680 veuf
1204 4656 1287 4678 avec

388 4703 516 4733 enfant.
533 4717 545 4722 -
561 4700 588 4730 N
594 4707 599 4713 -
618 4698 706 4727 6072.

427 4772 529 4800 Dame
559 4765 716 4796 divorcée
747 4770 789 4792 en
819 4769 856 4790 sa
884 4760 1015 4793 faveur,
1046 4764 1125 4786 sans
1156 4754 1286 4790 enfant,

386 4811 425 4840 37
434 4817 507 4843 ans,
517 4807 595 4837 bien
606 4812 686 4835 sous
696 4805 772 4833 tous
784 4803 952 4840 rapports,
967 4795 1080 4828 bonne
1091 4794 1284 4830 éducation,

387 4852 445 4881 dot
460 4848 571 4879 12.000
589 4846 645 4880 fr.,
675 4842 788 4873 désire
817 4840 968 4878 mariage
998 4845 1079 4867 avec
1109 4835 1287 4865 monsieur

388 4892 537 4924 sérieux,
556 4888 656 4925 ayant
670 4884 781 4913 bonne
799 4879 971 4910 situation.
989 4895 1001 4900 -
1016 4879 1044 4908 N
1050 4886 1055 4892 -
1073 4876 1163 4906 6073.

427 4955 602 4987 Monsieur
617 4952 655 4982 45
675 4957 748 4982 ans,
775 4946 941 4986 physique
970 4944 1143 4983 agréable,
1173 4941 1287 4972 bonne

387 4996 524 5030 famille,
569 4993 718 5025 sérieux,
757 4986 1005 5025 sympaihique,
1040 4984 1285 5018 commerçant,

385 5034 582 5076 épouserait
598 5028 797 5063 demoiselle
813 5026 989 5058 ordonnée
1006 5024 1047 5055 de
1062 5023 1101 5053 28
1117 5025 1134 5053 à
1149 5022 1189 5052 36
1213 5029 1285 5051 ans.

385 5093 403 5099 -
418 5077 447 5106 N
454 5085 459 5092 -
476 5075 566 5104 6074.

1361 386 1564 419 Demoiselle
1607 384 1741 420 blonde,
1771 385 1808 413 19
1845 391 1918 418 ans,
1959 385 2061 420 ayant
2089 382 2220 417 brevet,

1321 427 1520 468 épouserait
1528 425 1706 456 monsieur
1714 424 1920 461 catholique,
1934 426 2034 460 ayant
2046 422 2221 457 situation,

1322 478 1383 507 pas
1400 468 1538 498 sérieux
1554 466 1746 496 s’abstenir.
1763 481 1781 486 -
1794 465 1834 494 N'
1852 463 1942 494 6076.

1363 528 1472 557 Jeune
1487 526 1624 556 homme
1639 524 1674 553 21
1693 532 1765 559 ans,
1796 522 1871 552 bien
1905 523 1944 552 de
1975 529 2011 552 sa
2038 527 2222 560 personne,

1324 564 1782 606 propriétaire-viticulteur,
1809 563 1870 593 500
1883 563 1943 592 000
1972 562 2013 591 fr.
2043 563 2084 591 de
2113 560 2224 596 biens,

1325 615 1463 643 grosses
1480 608 1698 643 espérance*,
1716 605 1880 634 demande
1893 605 1999 640 jeune
2014 601 2081 632 fille
2099 601 2140 631 de
2157 602 2193 630 18
2208 602 2226 630 à

1324 648 1364 677 20
1380 655 1449 683 ans,
1466 645 1561 676 avoir
1576 653 1619 675 en
1636 647 1789 683 rapport.
1807 660 1820 665 -
1836 645 1874 674 N‘
1894 643 1984 673 6077.

1368 707 1392 735 D
1406 713 1462 734 mx
1479 703 1709 736 demoiselles,
1727 702 1764 732 20
1780 705 1813 731 et
1828 703 1863 731 21
1883 709 1955 735 ans,
1974 700 2169 739 employées
2186 699 2227 729 de

1327 746 1474 783 banque,
1505 743 1619 774 bonne
1648 742 1838 779 éducation,
1856 749 1934 772 sans
1952 739 2057 776 avoir,
2076 739 2229 770 désirent

1329 785 1481 822 mariage
1491 792 1574 814 avec
1583 784 1760 814 monsieur
1768 782 1857 812 belle
1867 781 2042 816 situation,
2055 789 2100 810 au
2113 781 2229 810 Maroc

1330 827 1371 856 de
1387 826 1602 864 préférence.
1619 840 1638 846 -
1652 825 1682 853 N
1687 831 1693 837 -
1711 823 1800 853 6075.

1371 884 1485 913 Mutilé
1502 883 1542 912 de
1558 889 1697 920 guerre,
1714 882 1752 911 35
1777 889 1849 916 ans,
1880 880 2024 919 pension
2054 878 2146 908 1.440
2174 878 2228 912 fr.,

1330 924 1528 964 épouserait
1543 922 1742 953 demoiselle
1756 929 1799 953 ou
1814 929 1921 951 veuve
1933 921 2034 958 ayant
2043 918 2228 958 propriété.

1330 982 1348 988 -
1363 966 1403 995 N-
1421 964 1508 994 6078.

1373 1023 1492 1053 Mutilé
1507 1022 1549 1052 de
1564 1029 1702 1060 guerre,
1718 1021 1758 1050 30
1772 1028 1846 1055 ans,
1872 1019 1968 1049 avoir
1995 1018 2107 1048 10.000
2126 1017 2166 1046 fr.
2199 1019 2235 1048 et

1332 1063 1506 1102 propriété
1517 1066 1617 1100 après
1629 1065 1777 1098 parents,
1789 1059 1987 1098 épouserait
1995 1060 2101 1096 jeune
2113 1057 2181 1088 fille
2193 1058 2233 1088 de

1331 1105 1371 1135 20
1386 1105 1404 1134 à
1420 1104 1459 1133 30
1474 1111 1545 1137 ans,
1563 1104 1634 1132 très
1651 1101 1817 1131 sérieuse.
1834 1116 1853 1122 -
1869 1101 1898 1131 N
1903 1109 1909 1115 -
1926 1099 2016 1129 6079.

1372 1160 1587 1195 Célibataire,
1605 1161 1759 1195 docteur,
1777 1159 1861 1188 dans
1876 1159 2007 1197 grande
2021 1156 2114 1193 ville,
2124 1157 2234 1187 40ans

1333 1205 1464 1242 passés,
1481 1202 1569 1231 belle
1595 1200 1769 1234 situation,
1799 1198 1918 1237 grand,
1937 1200 2007 1228 très
2020 1198 2107 1235 bien,
2125 1197 2234 1228 allure

1331 1246 1448 1280 jeune,
1467 1242 1580 1272 désire
1597 1242 1748 1278 mariage
1765 1248 1846 1269 avec
1864 1246 2036 1277 personne
2065 1238 2232 1274 sérieuse,

1333 1284 1435 1318 belle,
1453 1283 1552 1316 forte,
1570 1282 1680 1311 même
1696 1289 1774 1310 sans
1791 1280 1858 1309 dot.
1875 1295 1892 1301 -
1908 1280 1938 1308 N
1943 1288 1948 1293 -
1966 1278 2056 1308 6080.

1374 1344 1488 1372 Veuve
1502 1340 1541 1371 35
1558 1348 1629 1372 an»,
1646 1347 1725 1368 sans
1742 1337 1869 1373 enfant,
1888 1336 2048 1367 situation
2072 1336 2164 1367 7.000
2180 1337 2234 1373 fr.,

1335 1382 1533 1413 économies
1549 1380 1661 1410 10.000
1676 1379 1730 1412 fr.,
1745 1378 1915 1408 intérieur
1942 1377 2115 1415 agréable,
2132 1379 2236 1415 épou¬

1336 1422 1442 1453 serait
1459 1421 1634 1452 monsieur
1650 1421 1752 1457 ayant
1767 1418 1940 1448 situation.
1958 1434 1977 1439 -
1992 1418 2032 1448 N-
2050 1417 2138 1447 6081.

1376 1479 1554 1510 Monsieur
1565 1479 1604 1508 38
1621 1486 1693 1513 ans,
1708 1485 1750 1507 en
1761 1475 1918 1507 instance
1929 1476 1969 1506 de
1980 1474 2128 1510 divorce,
2138 1475 2236 1512 brun,

1336 1520 1503 1559 physique
1520 1518 1691 1556 agréable,
1710 1519 1810 1555 ayant
1826 1515 1983 1546 mobilier
1997 1517 2032 1546 et
2052 1515 2234 1551 intérieur,

1336 1563 1486 1599 gagnant
1494 1559 1586 1592 7,000
1595 1558 1635 1588 fr.
1644 1566 1706 1596 par
1714 1566 1767 1592 an,
1781 1557 1876 1587 avoir
1886 1556 1979 1586 6.000
1988 1556 2027 1587 fr,
2040 1556 2237 1594 épouserait

1338 1600 1546 1636 demoiselle,
1560 1606 1669 1628 veuve
1684 1605 1728 1627 ou
1745 1597 1914 1631 divorcée,
1933 1596 1974 1626 de
1989 1596 2027 1625 25
2047 1597 2066 1626 à
2094 1596 2133 1626 30
2162 1603 2234 1630 ans,

1337 1643 1408 1671 très
1425 1640 1646 1674 affectueuse,
1664 1638 1926 1676 physiquement
1939 1636 2030 1671 bien,
2054 1637 2096 1666 de
2123 1636 2237 1666 bonne

1337 1685 1453 1716 tenue,
1498 1680 1563 1710 soit
1606 1678 1749 1715 dactylo,
1792 1677 1995 1716 comptable,
2027 1676 2235 1712 couturière,

1336 1722 1481 1760 lingère,
1500 1719 1611 1750 même
1638 1727 1717 1748 sans
1747 1717 1812 1754 dot,
1840 1717 2009 1756 passerait
2038 1725 2098 1747 sur
2125 1716 2235 1752 tache,

1338 1760 1546 1798 accepterait
1561 1760 1666 1790 union
1681 1758 1769 1789 libre
1785 1765 1828 1787 en
1842 1757 2019 1788 attendant
2041 1756 2202 1794 mariage.
2220 1773 2232 1779 -

1337 1804 1378 1833 N-
1395 1802 1485 1832 6082.

1377 1863 1464 1895 Veuf
1477 1864 1517 1893 45
1531 1870 1604 1898 ans,
1622 1863 1743 1892 contre
1765 1861 1887 1890 maître
1903 1859 2054 1898 agricole
2074 1868 2118 1890 en
2132 1860 2239 1890 Tuni¬

1342 1906 1403 1941 sie,
1418 1912 1496 1934 sans
1513 1902 1641 1938 enfant,
1658 1901 1752 1931 avoir
1770 1900 1943 1936 15.000fr.,
1958 1901 2071 1931 désire
2087 1900 2239 1939 mariage

1338 1954 1380 1976 en
1394 1945 1536 1983 rapport
1552 1951 1633 1973 avec
1649 1950 1759 1973 veuve
1772 1941 1811 1970 35
1826 1944 1844 1971 à
1860 1941 1899 1970 40
1913 1949 1985 1970 ans.
2001 1957 2037 1963 —
2048 1941 2089 1970 N-
2106 1940 2195 1970 6083.

1377 2001 1582 2035 Demoiselle
1610 2001 1649 2030 22
1678 2008 1751 2036 ans,
1788 2000 2029 2038 sténographe,
2066 1999 2238 2033 instruite,

1333 2045 1430 2083 jolie,
1467 2042 1603 2075 blonde,
1642 2041 1809 2075 sérieuse,
1848 2038 2071 2073 affectueuse,
2114 2039 2239 2070 femme

1337 2083 1517 2117 intérieur,
1536 2081 1648 2111 désire
1665 2082 1816 2118 mariage
1833 2080 1872 2109 de
1887 2079 1975 2109 suite
1988 2087 2070 2109 avec
2081 2080 2238 2119 employé

1338 2133 1383 2156 ou
1400 2122 1640 2156 sous-officier,
1657 2121 1697 2150 de
1712 2121 1751 2150 23
1766 2121 1784 2150 à
1800 2120 1839 2150 30
1854 2127 1926 2150 ans.
1945 2137 1980 2141 —
1996 2120 2037 2150 N-
2055 2120 2144 2150 6084.

1378 2180 1582 2213 Demoiselle
1611 2178 1792 2216 française,
1809 2179 1917 2213 seule,
1936 2186 2015 2208 sans
2031 2178 2238 2216 profession,

1339 2223 1551 2260 algérienne,
1568 2220 1664 2250 avoir
1679 2219 1790 2249 10.000
1805 2218 1860 2256 fr.,
1886 2222 1989 2256 ayant
2010 2218 2118 2257 petite
2140 2218 2241 2248 infir¬

1340 2264 1421 2293 mité
1437 2271 1479 2292 ne
1495 2259 1723 2298 l’empêchant
1753 2267 1811 2297 pas
1828 2259 1869 2289 de
1883 2267 2013 2296 vaquer
2029 2260 2044 2287 à
2063 2267 2118 2289 ses
2135 2266 2240 2289 occu¬

1339 2303 1485 2343 pations,
1516 2300 1714 2340 épouserait
1743 2299 1919 2329 monsieur
1949 2300 1990 2328 de
2019 2299 2057 2328 38
2074 2301 2091 2329 à
2107 2299 2145 2329 45
2171 2307 2239 2337 ans,

1339 2346 1443 2382 ayant
1457 2341 1632 2377 situation,
1648 2339 1785 2378 emploi.
1803 2357 1842 2360 —
1856 2340 1896 2370 N-
1914 2339 2002 2370 6085.

1381 2400 1584 2432 Demoiselle
1612 2399 1652 2429 de
1680 2398 1806 2428 famille
1822 2398 2020 2435 honorable,
2037 2398 2240 2436 distinguée,

1340 2443 1420 2473 bien
1437 2449 1516 2471 sous
1533 2443 1610 2470 tous
1627 2442 1797 2477 rapports,
1823 2438 1909 2476 jolie
1933 2438 2095 2469 situation
2113 2438 2153 2468 de
2169 2438 2241 2469 for¬

1341 2486 1436 2514 tune,
1453 2480 1565 2511 60.000
1581 2480 1621 2510 fr.
1640 2480 1680 2509 de
1696 2479 1764 2511 dot,
1782 2479 1980 2517 épouserait
2008 2480 2185 2510 monsieur
2201 2480 2242 2510 de

1340 2524 1379 2553 45
1395 2524 1413 2553 à
1427 2523 1465 2552 58
1479 2529 1551 2556 ans,
1569 2528 1612 2550 en
1629 2521 1779 2558 rapport.
1797 2536 1835 2539 —
1850 2520 1878 2550 N
1883 2527 1889 2534 -
1906 2519 1997 2550 6086.

1381 2579 1611 2612 Sous-officier
1626 2579 1667 2608 de
1683 2576 1847 2611 carrière,
1875 2578 1916 2607 32
1944 2586 2015 2614 ans,
2043 2577 2242 2609 retraitable

1345 2622 1427 2651 dans
1443 2622 1463 2651 3
1478 2628 1550 2654 ans,
1568 2618 1730 2649 situation
1758 2618 1850 2648 6.000
1865 2617 1926 2651 fr.,
1956 2617 2050 2648 avoir
2070 2618 2163 2649 2.000
2186 2619 2240 2656 fr.,

1342 2663 1550 2700 espérances
1567 2658 1660 2689 8.000
1674 2657 1729 2694 fr.,
1759 2658 1956 2695 épouserait
1983 2658 2182 2689 demoiselle
2198 2666 2242 2689 ou

1340 2709 1449 2732 veuve
1485 2708 1565 2730 sans
1601 2699 1730 2732 enfant,
1760 2698 1947 2737 possédant
1973 2705 2168 2729 commerce
2198 2706 2242 2729 ou

1342 2741 1528 2781 propriété.
1546 2757 1582 2760 —
1599 2741 1638 2769 N-
1656 2739 1743 2768 6087.

1382 2802 1586 2834 Demoiselle
1607 2802 1646 2831 32
1663 2808 1734 2834 ans,
1759 2799 1837 2830 bien
1862 2807 1941 2830 sous
1968 2802 2044 2830 tous
2069 2803 2241 2839 rapports,

1342 2845 1402 2875 500
1418 2844 1456 2873 fr.
1476 2851 1538 2881 par
1554 2841 1651 2876 mois,
1683 2840 1794 2871 10.000
1822 2840 1863 2870 fr.
1895 2840 2101 2877 économies,
2129 2840 2243 2872 désire

1344 2884 1495 2922 mariage
1518 2890 1601 2913 avec
1630 2881 1807 2911 monsieur
1834 2881 1874 2910 de
1889 2880 1928 2909 35
1943 2881 1962 2910 à
1978 2880 2016 2911 40
2032 2888 2105 2916 ans,
2121 2882 2240 2919 grand,

1345 2925 1546 2963 présentant
1560 2922 1652 2958 bien,
1669 2921 1805 2951 voulant
1821 2920 2071 2959 entreprendre
2088 2922 2131 2951 du
2148 2928 2243 2951 com¬

1343 2972 1458 2995 merce
1490 2966 1524 2994 et
1554 2964 1653 2992 avant
1669 2962 1753 3000 petit
1768 2961 1873 2991 avoir.
1889 2977 1926 2981 —
1942 2962 1982 2991 N'
1997 2961 2085 2990 6088.

1381 3030 1585 3062 Demoiselle
1601 3030 1639 3059 29
1654 3036 1727 3064 ans,
1758 3027 1925 3059 sérieuse,
1948 3029 2127 3058 caractère
2144 3028 2243 3066 doux,

1344 3072 1414 3103 fille
1429 3072 1471 3101 de
1499 3068 1764 3105 fonctionnaire,
1795 3067 2004 3103 couturière,
2035 3068 2148 3098 désire
2177 3077 2244 3099 ma¬

1342 3113 1437 3150 riage
1466 3118 1549 3141 avec
1575 3109 1752 3140 monsieur
1767 3116 1868 3146 ayarn
1891 3107 2052 3138 situation
2083 3108 2174 3139 sûre.
2204 3127 2243 3130 —

1340 3154 1381 3184 N-
1399 3152 1488 3183 6089.

1381 3224 1583 3256 Parisienne
1598 3223 1641 3252 22
1656 3229 1729 3254 ans,
1741 3219 1899 3250 divorcée
1912 3221 1929 3249 à
1943 3227 2005 3250 son
2017 3219 2129 3258 profit,
2141 3224 2243 3258 ayant

1342 3274 1388 3296 un
1405 3264 1521 3295 enfant
1535 3263 1554 3292 4
1569 3271 1642 3297 ans,
1660 3261 1773 3290 désire
1790 3261 1940 3297 mariage
1968 3268 2050 3290 avec
2067 3262 2243 3291 monsieur

1342 3307 1444 3344 ayant
1458 3304 1633 3339 situation,
1651 3301 1714 3339 âge
1725 3299 1933 3330 indifférent.
1952 3317 1990 3321 —
2003 3301 2043 3331 N-
2057 3300 2148 3331 6090.

1382 3377 1496 3406 Veuve
1507 3374 1547 3404 34
1563 3382 1635 3407 ans,
1653 3372 1741 3402 4.000
1756 3372 1796 3402 fr.
1815 3371 1855 3401 de
1872 3374 1982 3407 rente,
2003 3371 2093 3401 deux
2109 3372 2242 3403 enfants

1342 3424 1403 3452 pas
1420 3416 1439 3445 à
1453 3423 1490 3444 sa
1506 3414 1646 3452 charge,
1663 3413 1804 3450 grande,
1821 3413 1992 3450 élégante,
2019 3410 2242 3449 affectueuse,

1344 3456 1457 3486 désire
1488 3454 1638 3491 mariage
1655 3461 1738 3483 avec
1754 3453 1931 3482 monsieur
1961 3451 2107 3487 sérieur,
2138 3451 2244 3483 affec¬

1344 3499 1461 3530 tueux,
1478 3495 1591 3526 bonne
1621 3493 1794 3528 situation,
1825 3500 1867 3522 en
1898 3494 2039 3531 rapport
2067 3492 2175 3531 d’âge.
2206 3510 2244 3515 —

1343 3538 1383 3567 N'
1401 3536 1492 3567 6091.

1382 3607 1492 3636 Jeune
1508 3604 1645 3635 homme
1659 3602 1698 3631 26
1715 3609 1786 3637 ans,
1810 3601 1924 3631 blessé
1940 3601 1982 3631 de
1997 3610 2135 3640 guerre,
2153 3603 2245 3633 3.400

1344 3646 1386 3675 fr.
1417 3645 1458 3675 de
1486 3643 1631 3682 pension
1658 3642 1830 3676 annuelle,
1861 3641 2012 3678 sérieux,
2041 3642 2144 3677 doux,
2178 3643 2244 3672 bon

1345 3693 1451 3720 cœur,
1462 3685 1528 3715 bon
1542 3683 1730 3717 caractère,
1742 3681 1939 3721 épouserait
1950 3681 2151 3713 demoiselle
2163 3691 2244 3713 avec

1345 3726 1412 3762 dot,
1431 3725 1472 3755 de
1485 3726 1524 3754 22
1539 3725 1558 3753 à
1572 3723 1612 3753 30
1628 3729 1699 3753 ans.
1718 3740 1756 3744 —
1770 3723 1799 3753 N
1805 3730 1810 3736 -
1828 3722 1918 3752 6092.

1383 3793 1480 3826 Veuf,
1496 3793 1580 3832 père
1597 3793 1637 3822 de
1653 3793 1671 3822 4
1687 3792 1832 3826 enfants,
1850 3792 1950 3829 ayant
1965 3790 2063 3829 place
2080 3791 2187 3821 stable
2204 3792 2244 3822 de

1344 3833 1449 3871 garde
1467 3833 1507 3863 de
1524 3832 1690 3865 chantier,
1719 3831 1866 3862 secondé
1891 3838 1954 3869 par
1984 3838 2044 3861 son
2074 3831 2126 3861 fils
2155 3832 2243 3868 aîné,

1345 3875 1381 3904 15
1397 3881 1457 3904 ans
1475 3872 1644 3912 (apprenti
1667 3872 1885 3910 charpentier
1908 3873 2056 3909 gagnant
2070 3872 2110 3901 20
2125 3871 2165 3901 fr.
2183 3880 2246 3910 par

1344 3913 1437 3952 jour)
1460 3916 1494 3943 et
1508 3921 1571 3952 par
1586 3921 1623 3943 sa
1639 3912 1708 3943 fille
1725 3912 1809 3950 âgée
1826 3912 1866 3941 de
1884 3911 1922 3941 13
1938 3919 1997 3940 ans
2014 3911 2070 3948 qui
2087 3910 2245 3950 s’occupe

1344 3955 1388 3985 du
1400 3955 1544 3991 ménage
1560 3953 1610 3982 les
1626 3953 1716 3983 deux
1733 3951 1887 3982 derniers
1904 3950 2037 3980 enfants
2053 3952 2072 3980 5
2088 3954 2121 3982 et
2135 3953 2154 3981 3
2172 3960 2243 3988 ans,

1344 3995 1455 4025 désire
1486 3993 1638 4031 mariage
1668 4000 1749 4023 avec
1779 3992 1875 4022 dame
1893 3991 1933 4021 de
1948 3992 1989 4021 40
2003 3999 2063 4021 ans
2087 3992 2243 4030 environ,

1344 4043 1423 4065 sans
1453 4035 1580 4069 enfant,
1608 4032 1664 4072 qui
1679 4033 1728 4063 lui
1743 4031 1886 4062 aiderait
1902 4033 1921 4061 à
1939 4032 2055 4062 élever
2070 4032 2119 4063 les
2140 4032 2242 4063 siens.

1343 4092 1382 4096 —
1398 4076 1438 4105 N-
1455 4075 1545 4104 6093.

1388 4141 1592 4172 Célibataire
1616 4141 1655 4171 40
1676 4149 1748 4177 ans,
1772 4139 1852 4170 bien
1873 4139 2146 4179 physiquement,
2171 4149 2246 4180 pro¬

1343 4181 1748 4220 priétaire-agriculteur,
1766 4181 1849 4215 aisé,
1866 4180 2152 4211 honorablement
2167 4190 2243 4212 con¬

1344 4230 1401 4258 nu,
1432 4221 1631 4260 épouserait
1654 4220 1864 4252 demoiselle,
1886 4228 1994 4251 veuve
2015 4228 2059 4251 ou
2076 4221 2244 4260 divorcée,

1344 4262 1440 4291 seule
1456 4269 1500 4291 ou
1516 4260 1706 4299 orpheline.
1723 4277 1762 4282 —
1775 4261 1806 4291 N
1811 4269 1816 4275 -
1833 4259 1924 4290 6095.

1384 4330 1587 4361 Demoiselle
1616 4331 1655 4359 37
1684 4338 1755 4366 ans,
1787 4329 1911 4360 femme
1940 4330 2152 4366 d’intérieur,
2174 4334 2243 4363 très

1343 4371 1512 4406 sérieuse,
1529 4369 1643 4400 désire
1666 4369 1843 4400 connaître
1865 4371 2024 4409 employé
2047 4371 2245 4402 d’adminis¬

1344 4411 1468 4441 tration
1486 4418 1529 4440 ou
1547 4413 1648 4447 ayant
1664 4410 1796 4445 métier,
1815 4411 1856 4439 de
1876 4411 1916 4441 38
1935 4412 1954 4441 à
1975 4413 2013 4441 48
2035 4419 2109 4447 ans,
2132 4412 2244 4443 bonne

1344 4452 1452 4486 santé,
1472 4450 1673 4488 catholique.
1688 4467 1727 4471 —
1741 4452 1770 4481 N
1776 4459 1782 4465 -
1800 4451 1890 4480 6096.

1383 4519 1593 4550 Cultivateur
1609 4518 1759 4555 sérieux,
1775 4519 1936 4555 honnête,
1955 4521 2048 4551 3.000
2064 4521 2104 4550 fr.
2122 4522 2245 4552 écono¬

1344 4561 1441 4595 mies,
1485 4559 1683 4597 épouserait
1723 4559 1922 4589 demoiselle
1954 4569 1998 4591 ou
2028 4568 2134 4592 veuve
2165 4570 2243 4592 sans

1342 4600 1472 4636 enfant,
1489 4600 1530 4629 de
1543 4598 1748 4637 préférence
1763 4599 1918 4629 habitant
1932 4600 1965 4630 la
1982 4609 2181 4640 campagne.

1384 4667 1501 4698 Mutilé
1539 4667 1579 4696 de
1615 4674 1754 4704 guerre,
1796 4667 2059 4701 fonctionnaire,
2096 4670 2135 4699 37
2171 4679 2243 4706 ans,

1341 4708 1435 4738 5.000
1462 4707 1501 4737 fr.
1531 4706 1572 4736 de
1601 4709 1732 4743 rentes,
1761 4709 1959 4745 épouserait
1990 4709 2171 4747 orpheline
2199 4719 2244 4741 ou

1343 4756 1450 4778 veuve
1465 4755 1545 4777 sans
1562 4748 1689 4781 enfant,
1707 4748 1747 4777 de
1762 4748 1801 4777 25
1816 4749 1835 4777 à
1850 4749 1888 4778 35
1904 4756 1977 4782 ans,
1992 4748 2243 4786 sentimentale,

1343 4790 1445 4826 ayant
1487 4789 1615 4822 rentes,
1661 4786 1830 4824 française
1873 4795 1917 4818 ou
1957 4790 2156 4824 étrangère,
2208 4808 2244 4812 —

1341 4829 1382 4858 N-
1411 4828 1501 4858 6098.

1382 4897 1450 4928 Fils
1480 4897 1619 4934 unique,
1650 4896 1864 4934 cultivateur,
1894 4898 1929 4927 31
1949 4905 2021 4934 ans,
2040 4899 2184 4936 pension
2202 4901 2242 4930 de

1341 4946 1469 4976 guerre
1485 4937 1577 4968 2.400
1592 4936 1647 4973 fr,,
1666 4940 1871 4975 espérances
1902 4937 2033 4968 150.000
2048 4938 2102 4976 fr.,
2133 4941 2242 4978 épou¬

1343 4977 1448 5008 serait
1463 4977 1661 5008 demoiselle
1678 4984 1722 5007 ou
1739 4984 1845 5007 veuve
1871 4977 1913 5007 de
1931 4978 1971 5006 22
1988 4980 2004 5008 à
2020 4979 2056 5008 31
2075 4988 2146 5017 ans,
2160 4981 2243 5018 pré¬

1342 5021 1479 5048 sentant
1494 5018 1585 5052 bien,
1603 5016 1745 5047 voulant
1768 5016 1903 5046 habiter
1925 5017 2013 5048 belle
2042 5027 2240 5059 campagne,

1341 5066 1401 5096 pas
1425 5058 1564 5087 sérieux
1586 5056 1778 5087 s’abstenir.
1795 5072 1832 5077 —
1848 5057 1876 5086 N
1882 5066 1888 5073 -
1906 5057 1996 5088 6099.

2418 381 2567 437 Avis
2608 393 2724 435 aux
2758 374 3033 432 Abonnés

2318 506 2416 533 Nous
2444 504 2648 533 conseillons
2675 507 2750 531 aux
2774 502 2967 534 personnes
2981 494 3137 529 pouvant
3151 495 3180 523 le

2278 544 2382 579 faire,
2410 544 2450 571 de
2476 545 2652 573 souscrire
2679 544 2719 571 de
2731 540 2937 575 préférence
2954 543 3001 565 un
3025 535 3177 564 abonne¬

2279 585 2376 613 ment
2391 581 2431 612 dé
2445 585 2467 612 6
2482 585 2580 612 mois.
2605 585 2693 612 Elles
2716 581 2846 610 auront
2870 577 3068 611 l'avantage
3084 575 3123 603 de
3139 580 3182 602 ne

2278 630 2344 659 pas
2357 624 2484 657 perdre
2499 625 2539 652 de
2553 631 2618 653 vue
2632 631 2682 653 un
2693 623 2765 652 seul
2781 619 2917 650 abonné
2931 617 2963 646 et
2979 618 3018 645 de
3033 615 3182 645 réaliser

2281 671 2351 693 une
2366 664 2543 692 économie
2557 665 2598 693 de
2612 666 2658 694 20
2672 665 2722 700 %.

2323 768 2427 798 AVIS.
2461 783 2495 788 —
2525 768 2586 797 Les
2617 768 2773 798 Abonnés
2799 765 2840 795 de
2869 763 2901 792 la
2918 761 3057 792 REVUE
3073 760 3184 789 MEN¬

2286 809 2453 842 SUELLE,
2480 807 2631 837 désirant
2660 806 2818 838 recevoir
2841 804 2872 833 la
2899 814 2916 830 «
2930 803 3047 832 Revue
3063 810 3079 828 »
3103 806 3183 829 sous

2285 848 2492 886 enveloppes
2523 848 2669 878 fermées
2700 849 2777 877 sont
2811 844 2902 883 priés
2931 842 3122 872 d’adresser
3152 839 3182 869 la

2286 896 2416 919 somme
2433 889 2474 917 de
2489 888 2508 916 2
2523 887 2562 916 fr.
2580 895 2621 917 en
2637 889 2714 926 plus
2731 894 2818 925 pour
2843 885 2892 914 les
2923 882 3005 912 frais
3036 881 3076 910 de
3103 880 3183 909 tim¬

2287 929 2366 959 bres
2383 936 2390 964 ;
2422 928 2472 957 les
2498 927 2650 957 abonnés
2678 930 2755 958 sont
2784 924 2978 964 également
3006 921 3097 960 priés
3143 919 3184 949 de

2288 968 2432 998 timbrer
2461 970 2552 998 leurs
2584 969 2702 998 lettres
2733 969 2751 997 à
2779 968 2818 996 25
2834 966 2921 995 cent,
2949 969 3035 1001 pour
3051 967 3184 991 corres¬

2287 1009 2419 1048 pondre
2429 1010 2528 1037 entre
2543 1007 2705 1038 abonnés.

2328 1093 2453 1120 Jeunes
2472 1096 2555 1125 gens
2559 1091 2566 1124 ,
2586 1090 2713 1124 jeunes
2739 1089 2825 1124 filles
2852 1087 2885 1116 et
2912 1091 2997 1115 vous
3025 1084 3101 1113 tous
3129 1082 3188 1118 qui

2288 1131 2419 1160 désirez
2458 1136 2543 1159 vous
2580 1131 2718 1160 marier
2721 1131 2728 1163 ,
2768 1128 2959 1158 demandez
2997 1126 3025 1153 le
3055 1123 3189 1153 GUIDE

2290 1171 2516 1202 PRATIQUE
2549 1170 2613 1200 DU
2644 1169 2856 1200 BONHEUR
2890 1168 2953 1196 EN
2987 1156 3188 1195 MÉNAGE,

2290 1211 2480 1240 contenant
2494 1211 2551 1238 des
2565 1212 2709 1240 conseils
2722 1211 2790 1239 1res
2804 1209 2904 1238 utiles
2914 1212 3006 1242 pour
3015 1206 3044 1233 le
3053 1203 3190 1233 maria¬

2289 1258 2342 1287 ge,
2359 1252 2387 1279 le
2402 1252 2539 1280 volume
2551 1257 2622 1284 par
2636 1252 2665 1279 J.
2686 1242 2914 1279 PÉLISSIER
2936 1238 3095 1281 pouvànt
3116 1240 3189 1272 être

2291 1294 2327 1321 lu
2339 1298 2415 1326 par*
2425 1291 2498 1320 tout
2514 1291 2543 1319 le
2555 1292 2690 1320 monde.

2331 1332 2500 1361 Adressez
2516 1331 2549 1359 la
2563 1337 2696 1360 somme
2709 1331 2747 1360 de
2758 1332 2779 1359 3
2791 1330 2838 1365 fr.
2857 1330 2902 1358 50
2917 1327 2938 1357 à
2953 1327 2986 1355 la
3002 1323 3191 1355 Directrice

2290 1373 2330 1401 de
2345 1374 2380 1401 la
2395 1372 2544 1401 REVUE
2558 1371 2838 1403 MENSUELLE,
2855 1370 2914 1404 qui
2934 1372 3018 1397 vous
3047 1363 3191 1394 (adres¬

2290 1418 2372 1441 sera
2386 1412 2514 1446 franco
2529 1412 2568 1439 de
2579 1411 2672 1445 port.

2332 1505 2396 1531 Les
2423 1506 2602 1530 annonces
2628 1501 2717 1529 dans
2744 1501 2779 1529 la
2794 1501 2812 1529 «
2827 1500 2941 1529 Revue
2956 1503 2973 1525 »
2999 1496 3079 1525 sont
3109 1496 3150 1524 de
3168 1495 3192 1524 4

2293 1543 2404 1578 lignes
2419 1548 2467 1570 au
2481 1542 2681 1570 maximun.
2696 1541 2954 1574 Lespersonnes
2970 1537 3028 1572 qui
3042 1534 3193 1565 désirent

2292 1584 2369 1612 leur
2395 1587 2555 1610 annonce
2579 1581 2658 1614 plus
2674 1582 2798 1616 longue
2810 1577 2975 1614 paieront
2987 1583 3037 1606 un
3051 1575 3190 1610 supplé¬

2292 1622 2390 1652 ment
2401 1623 2442 1650 de
2456 1623 2478 1650 3
2493 1620 2542 1655 fr.
2559 1622 2595 1650 la
2610 1621 2711 1656 ligne.

2333 1725 2383 1754 La
2398 1725 2415 1753 «
2427 1725 2541 1753 Revue
2556 1724 2740 1752 Mensuelle
2748 1732 2765 1749 »
2782 1722 2918 1755 accepte
2934 1720 3042 1750 toutes
3058 1724 3192 1748 annon¬

2293 1771 2347 1794 ces
2375 1764 2636 1793 commerciales
2662 1770 2707 1792 ou
2722 1763 2853 1796 autres,
2870 1761 2935 1791 soit
2945 1761 3073 1794 ventes,
3091 1758 3193 1793 fonds

2293 1806 2333 1834 de
2346 1810 2539 1834 commerce
2554 1810 2599 1833 ou
2613 1804 2795 1833 industrie.

2321 1961 2732 2020 ANNONCES
2789 1958 3168 2016 DIVERSES

2557 2085 2688 2116 maison
2709 2083 2927 2115 d’habitation
2958 2083 2976 2112 à
3003 2082 3036 2112 la
3066 2088 3197 2119 campa¬

2557 2133 2635 2164 gne,
2654 2125 2694 2155 de
2706 2125 2724 2155 6
2739 2126 2758 2154 à
2773 2126 2792 2154 8
2809 2124 2923 2163 pièces
2951 2122 3100 2161 garnies,
3129 2122 3198 2158 jar¬

2295 2167 2363 2203 din,
2379 2167 2537 2197 banlieue
2553 2166 2652 2196 d’une
2674 2165 2778 2203 petite
2799 2164 2891 2200 ville,
2905 2171 2985 2202 pays
3011 2163 3052 2192 de
3077 2161 3198 2191 chasse

2295 2211 2330 2238 et
2346 2208 2386 2237 de
2401 2207 2521 2246 pêche.
2541 2222 2559 2228 -
2575 2207 2604 2237 N
2609 2215 2614 2221 -
2635 2206 2683 2235 10.

2560 2273 2800 2312 appartement
2834 2271 2853 2300 4
2884 2270 2999 2309 pièces
3043 2267 3194 2306 garnies.

2558 2314 2577 2343 2
2593 2313 2786 2347 chambres,
2804 2311 2889 2341 salle
2905 2314 2923 2340 à
2939 2308 3197 2347 manger,^cui¬

2297 2355 2383 2390 sine,
2402 2353 2579 2390 vestibule,
2589 2352 2834 2387 water-closet,
2846 2350 2982 2381 cabinet
2997 2351 3038 2379 de
3053 2348 3197 2379 toilette.

2296 2412 2314 2418 -
2331 2397 2370 2426 N-
2390 2395 2437 2424 11.

2298 2095 2321 2149 A
2358 2093 2511 2150 LOUER

2298 2282 2321 2336 A
2358 2280 2513 2337 LOUER

2299 2468 2323 2524 A
2362 2468 2386 2509 y
2396 2468 2453 2496 CM
2465 2467 2522 2509 DR
2533 2467 2555 2502 C
2601 2459 2731 2498 grande
2764 2457 2941 2497 propriété
2975 2456 3201 2494 comprenant

2368 2491 2382 2522 V
2397 2497 2419 2523 L
2430 2491 2453 2523 IN
2467 2490 2489 2523 L)
2500 2495 2522 2522 n
2534 2496 2556 2523 L
2603 2500 2753 2529 maisons
2769 2499 2809 2529 de
2820 2498 2941 2528 maître
2952 2499 2985 2527 et
2996 2497 3036 2526 de
3046 2495 3197 2526 fermier.

2297 2542 2377 2572 Prix
2393 2543 2412 2571 à
2429 2541 2595 2572 débattre.
2611 2556 2630 2562 -
2645 2540 2674 2569 N
2680 2548 2685 2554 -
2705 2539 2753 2569 12.

2302 2617 2325 2671 A
2365 2614 2558 2671 VENDRE

2298 2689 2451 2720 fermier.
2469 2687 2550 2719 Prix

2603 2606 2710 2645 petite
2738 2605 2848 2635 ferme
2880 2604 3105 2642 comprenant
3134 2605 3202 2632 ter¬

2604 2646 2696 2676 rains
2714 2649 2747 2676 et
2763 2647 2896 2675 maison
2922 2642 3142 2674 d’habitation
3160 2642 3200 2672 de

2591 2686 2705 2716 20.000
2718 2686 2758 2715 fr.
2776 2702 2796 2707 -
2810 2687 2851 2715 N-
2871 2685 2920 2714 13.

2606 2753 2737 2782 maison
2747 2751 2966 2781 d’habitation
2976 2750 3058 2778 dans
3065 2749 3201 2785 village,

2606 2800 2689 2822 avec
2704 2792 2723 2821 4
2736 2792 2755 2820 à
2769 2792 2788 2821 5
2804 2791 2964 2822 hectares
2981 2790 3022 2819 de
3038 2789 3198 2819 terrains.

2298 2835 2380 2865 Prix
2395 2836 2413 2864 à
2430 2833 2594 2864 débattre.
2611 2848 2631 2854 -
2645 2833 2686 2861 N-
2706 2832 2753 2861 14.

2301 2763 2324 2816 A
2367 2761 2559 2816 VENDRE

2301 2907 2495 2965 GRANDS
2525 2905 2632 2962 VINS
2667 2903 2931 2962 MOUSSEUX
2977 2902 3200 2932 marques

2299 2989 2382 3012 avec
2406 2981 2456 3011 les
2482 2981 2557 3019 plus
2587 2979 2712 3017 grands

2299 3022 2467 3053 modérés.
2485 3036 2504 3042 -
2518 3021 2559 3049 N-
2579 3020 2627 3050 15.

2976 2934 3122 2965 rivalis
3133 2936 3203 2965 ant

2742 2978 2986 3016 champagnes.
3018 2976 3099 3006 Prix
3129 2976 3201 3005 très

2604 3085 2753 3116 terrains
2774 3092 2862 3123 pour
2890 3084 2921 3113 la
2951 3081 3198 3114 construction.

2604 3125 2833 3163 Paris-Plage,
2874 3123 2938 3154 site
2968 3123 3149 3153 ravissant.
3182 3137 3202 3144 -

2607 3232 2824 3263 lotissement
2840 3230 2881 3260 de
2896 3229 3044 3260 terrains
3069 3230 3087 3259 à
3102 3231 3203 3259 Arca-

2608 3273 2706 3303 chon.
2724 3288 2761 3293 —
2777 3270 2973 3301 S’adresser
2989 3271 3007 3299 à
3029 3271 3117 3299 Mme
3135 3270 3202 3299 Vve

2302 3096 2325 3150 A
2366 3094 2558 3151 VENDRE

2298 3171 2339 3200 N-
2358 3169 2406 3199 16.

2302 3243 2324 3298 A
2369 3240 2562 3298 VENDRE

2298 3315 2502 3346 GHABAUD.

2302 3391 2326 3446 A
2366 3380 2559 3424 \/CMnDP
2602 3379 2693 3409 belle
2723 3377 2877 3408 carrière
2913 3378 2953 3407 de
2989 3376 3123 3415 pierres
3162 3377 3202 3406 de

2370 3411 2386 3445 V
2400 3419 2423 3445 L
2433 3411 2439 3443 1
2445 3423 2458 3443 1
2470 3410 2494 3444 U
2503 3417 2527 3443 11
2537 3420 2561 3443 L.
2602 3419 2696 3449 taille
2712 3418 2754 3448 de
2762 3418 2852 3448 belle
2862 3417 2999 3455 qualité.
3008 3416 3204 3446 S’adresser

2300 3466 2319 3495 à
2348 3462 2537 3494 Directrice
2565 3463 2679 3491 Revue

2299 3502 2462 3543 (Drôme).

2713 3460 2907 3492 Mensuelle,
2939 3459 2958 3488 à
2986 3456 3204 3487 Montélimar

2302 3573 2639 3633 VOULEZ-VOUS

2684 3568 2827 3595 trouver
2854 3571 2900 3593 un
2928 3564 3105 3601 logement
3131 3564 3150 3593 à
3172 3563 3204 3593 la

2685 3612 2873 3643 campagne
2916 3611 2960 3634 ou
3002 3611 3044 3633 en
3083 3603 3161 3633 ville
3184 3602 3204 3633 ?

2300 3651 2572 3680 Adressez-vous
2595 3647 2614 3677 à
2640 3645 2727 3675 Mme
2756 3647 2826 3674 Vve
2848 3644 3054 3680 CHABAUD,
3084 3643 3202 3673 Direc¬

2300 3691 2386 3721 trice
2416 3690 2457 3719 de
2484 3688 2515 3718 la
2544 3690 2562 3718 «
2585 3689 2700 3718 Revue
2712 3686 2898 3716 Mensuelle
2921 3695 2938 3711 »
2982 3684 3038 3721 qui
3077 3691 3205 3722 pourra

2301 3730 2479 3768 s’occuper
2495 3728 2701 3765 moyennant
2717 3724 2935 3760 rétribution,
2953 3723 2994 3753 de
3009 3731 3094 3754 vous
3104 3726 3204 3754 trou¬

2299 3779 2362 3801 ver
2375 3778 2422 3800 un
2437 3769 2623 3807 logement.

2303 3832 2817 3906 APPARTEMENT
2849 3831 3057 3899 GARNI
3105 3825 3147 3897 1
3185 3826 3205 3895 ?

2300 3914 2426 3952 pièces,
2442 3919 2526 3942 avec
2537 3908 2663 3948 jardin,
2678 3908 2743 3938 site
2756 3906 2927 3945 agréable,
2939 3906 2993 3936 vie
3009 3908 3027 3936 à
3041 3907 3101 3936 bas
3117 3906 3204 3945 prix,

2301 3954 2384 3984 dans
2401 3952 2537 3983 localité
2554 3948 2732 3979 desservie
2757 3955 2821 3985 par
2837 3946 2925 3977 deux
2942 3947 3050 3983 lignes
3069 3946 3109 3976 de
3126 3946 3205 3976 che¬

2300 3995 2369 4024 min
2387 3993 2427 4023 de
2444 3993 2507 4022 fer.
2524 4007 2543 4012 -
2568 3989 2763 4020 S’adresser
2786 3989 2803 4017 à
2820 3988 2910 4017 Mme
2926 3987 2957 4016 la
2973 3986 3203 4025 propriétaire

2300 4035 2344 4065 du
2360 4034 2434 4063 Clos
2450 4031 2617 4066 Ghabaud,
2633 4030 2652 4059 à
2667 4027 2939 4066 Pont-St-Esprit
2958 4027 3088 4066 (Gard).

2301 4119 2440 4190 UNE
2473 4115 2700 4187 BONNE

2744 4109 2796 4137 est
2810 4107 2998 4138 demandée
3023 4114 3111 4146 pour
3126 4114 3203 4137 ser¬

2743 4147 2818 4178 vice
2854 4147 2894 4177 de
2932 4148 3022 4177 deux
3056 4154 3203 4186 person¬

2299 4202 2374 4224 nes.
2391 4209 2401 4214 -
2417 4191 2612 4222 S’adresser
2627 4190 2646 4217 à
2660 4190 2749 4217 Mme
2765 4187 2798 4217 la
2822 4187 3051 4226 progriétaire
3069 4188 3110 4217 du
3127 4187 3202 4217 Clos

2298 4233 2466 4269 Ghabaud,
2481 4233 2499 4262 à
2515 4227 2787 4267 Pont-St-Esprit
2802 4227 2928 4266 (Gard).

2300 4321 2387 4388 U
2422 4317 2528 4356 HTD
2542 4313 2710 4355 üf"TD
2724 4313 2782 4354 TP
2793 4308 2828 4353 17
2878 4308 2918 4338 de
2947 4309 2978 4338 la
3014 4306 3202 4339 “Revue”

2424 4339 2623 4385 UmllLi
2640 4339 2657 4381 I
2674 4338 2831 4381 nlLiEj
2877 4350 2978 4385 ayant
3019 4348 3097 4378 loué
3134 4355 3202 4377 une

2300 4396 2379 4425 villa
2395 4395 2414 4423 à
2429 4394 2461 4422 la
2484 4397 2671 4428 campagne
2686 4396 2769 4418 avec
2784 4389 2894 4426 grand
2905 4387 3033 4426 jardin,
3051 4389 3115 4418 site
3132 4388 3202 4416 très

2300 4433 2474 4474 agréable,
2503 4438 2586 4469 pays
2617 4428 2659 4458 de
2686 4429 2808 4459 chasse
2834 4430 2869 4459 et
2898 4432 2938 4458 de
2966 4428 3082 4466 pêche.
3097 4428 3203 4456 Sous-

2299 4474 2448 4506 louerait
2463 4472 2702 4510 appartement
2716 4469 2815 4508 garni
2832 4478 2840 4506 ;
2857 4467 3064 4499 détaillerait
3087 4467 3203 4505 pièces

2466 4593 2629 4628 A.vis
2677 4592 3043 4638 Important

2342 4677 2504 4708 Madame
2526 4675 2590 4703 Vve
2608 4674 2820 4704 CHABAUD
2836 4672 2885 4702 est
2902 4671 2992 4700 seule
3008 4667 3204 4704 directriçe-

2297 4714 2705 4753 propriétaire-gêrante
2718 4715 2759 4743 de
2773 4715 2809 4743 la
2816 4713 2959 4742 «Revue
2974 4707 3157 4738 Mensuelle
3172 4715 3201 4733 ».

2300 4760 2372 4788 Elle
2387 4754 2446 4785 n'a
2456 4761 2522 4790 pas
2537 4755 2577 4783 de
2591 4755 2802 4787 succursale,
2818 4752 2851 4781 et
2865 4751 2958 4780 toute
2973 4747 3150 4777 imitation
3164 4746 3205 4774 de

2300 4797 2385 4827 cette
2426 4797 2541 4825 Revue
2587 4801 2668 4824 sera
2702 4792 2906 4829 poursuivie
2934 4795 3009 4819 aux
3036 4787 3148 4822 règles
3171 4785 3206 4814 et

2298 4838 2467 4873 rigueurs
2480 4836 2521 4864 de
2536 4836 2571 4864 la
2587 4835 2644 4864 loi.

2787 4873 2853 4901 Vve
2871 4868 3093 4899 CHABAUD.

2339 4967 2386 4996 La
2400 4964 2760 4995 Directrice-Gérante
2776 4968 2784 4990 :
2821 4960 2936 4989 Veuve
2960 4953 3162 4985 GHABAUD.

2497 5063 2570 5097 lmp.
2594 5058 2785 5090 BAFFERT,
2807 5052 3007 5084 Moiîîélimar.
