3592 5552
2639 417 2708 457 20
2737 419 3016 469 Septembre
3045 426 3167 464 1920

758 551 1470 798 REVUE
1611 556 2918 813 MENSUELLE

708 815 868 872 Liste
905 817 1277 877 (TAnnonces
1307 822 1786 881 Matrimoniales
1824 828 2176 897 paraissant
2219 829 2272 885 le
2309 831 2394 889 W
2435 832 2504 888 de
2541 833 2763 907 chaque
2807 840 2981 895 mois.

554 925 847 967 VAbonnement
881 936 933 968 est
970 930 1014 970 de
1049 934 1224 971 TRENTE
1245 935 1425 973 FRANCS
1443 948 1545 987 pour
1565 943 1700 988 quatre
1724 939 1824 977 mois
1843 945 1875 978 et
1898 941 2147 985 QUARANTE
2170 943 2349 981 FRANCS
2362 956 2468 995 pour
2485 946 2547 984 six
2567 947 2662 986 mois
2681 947 2858 990 donnant
2878 950 2979 990 droit
2999 953 3022 990 à
3042 964 3116 993 une

934 1013 1167 1064 inscription
1186 1015 1360 1066 gratuite
1378 1027 1449 1056 sur
1468 1029 1533 1055 ma
1555 1017 1654 1058 liste.
1684 1022 1740 1058 —
1761 1022 1824 1058 Les
1843 1031 2035 1060 annonces
2049 1028 2134 1061 sont
2153 1022 2197 1062 de
2229 1028 2370 1074 quatre
2393 1024 2512 1078 lignes
2530 1029 2761 1070 maximum.

569 1088 859 1120 Abonnements
874 1099 975 1129 pour
998 1094 1217 1132 l’Etranger
1235 1104 1242 1124 :
1265 1096 1566 1130 TRENTE-CINQ
1586 1098 1718 1130 francs
1749 1108 1848 1138 pour
1869 1103 2010 1138 quatre
2033 1104 2133 1133 mois
2156 1106 2193 1134 et
2216 1104 2582 1141 QUARANTE-CINQ
2602 1109 2731 1142 francs
2753 1121 2854 1150 pour
2876 1115 2935 1145 six
2958 1117 3071 1147 mois.

792 1157 999 1200 Adresser
1020 1160 1180 1202 Lettres
1201 1166 1241 1202 et
1263 1162 1457 1204 Mandats
1479 1166 1501 1203 à
1523 1164 1634 1206 Mme
1651 1178 1783 1207 veuve
1800 1166 2064 1219 CHABAUD,
2099 1170 2326 1211 Directrice
2347 1172 2397 1212 de
2421 1172 2457 1213 la
2480 1177 2528 1215 La
2550 1179 2666 1217 Revue
2687 1181 2886 1221 Mensuelle

1279 1231 1341 1281 18,
1366 1231 1454 1272 Rue
1477 1231 1548 1273 Ste
1567 1233 1704 1283 Croix,
1730 1234 2078 1278 MONTELIMAR
2109 1237 2294 1286 (Drôme)

456 1357 554 1385 Notre
569 1365 674 1386 œuvre
689 1367 709 1386 a
719 1367 806 1395 pour
817 1360 869 1387 but
884 1360 920 1388 de
935 1363 1024 1389 venir
1049 1370 1086 1391 en
1101 1364 1171 1392 aide,
1187 1373 1254 1392 aux
1270 1365 1319 1396 fa¬

420 1392 524 1421 milles
533 1394 587 1429 qui
601 1393 738 1422 désirent
751 1397 873 1423 marier
887 1396 975 1425 leurs
984 1397 1119 1434 enfants,
1132 1407 1199 1428 aux
1209 1409 1321 1429 veuves

422 1430 475 1464 qui
495 1429 685 1458 voudraient
707 1438 738 1459 se
765 1433 922 1460 remarier
926 1441 931 1464 ,
955 1441 1022 1462 aux
1036 1435 1197 1470 orphelins
1211 1439 1238 1464 et
1253 1445 1320 1465 aux

419 1464 586 1492 messieurs
600 1467 655 1501 qui
669 1467 775 1495 rêvent
790 1467 826 1495 de
841 1476 871 1495 se
878 1467 1001 1504 fonder
1016 1478 1062 1497 un
1068 1470 1177 1507 foyer,
1193 1480 1255 1500 une
1261 1473 1317 1509 fa¬

419 1500 514 1528 mille.

453 1553 549 1582 Notre
561 1563 665 1584 œuvre
676 1563 749 1584 sera
758 1559 937 1593 approuvée
943 1567 1010 1594 par
1025 1561 1095 1588 tous
1106 1569 1162 1588 nos
1172 1562 1316 1596 abonnés,

416 1589 574 1626 lorsqu'ils
594 1594 727 1619 sauront
749 1593 844 1628 qu’ils
863 1597 998 1629 peuvent
1017 1596 1156 1631 trouver,
1182 1598 1274 1632 grâce
1296 1600 1315 1626 à

416 1627 505 1653 notre
519 1633 679 1660 concours,
696 1627 722 1655 le
738 1636 848 1664 moyen
867 1629 902 1658 dé
925 1637 957 1658 se
981 1632 1101 1659 marier
1124 1632 1209 1661 selon
1231 1633 1316 1662 leurs

414 1662 513 1696 goûts,
526 1661 614 1690 leurs
626 1670 703 1690 vues
716 1665 745 1691 et
757 1664 844 1692 selon
858 1665 945 1693 leurs
957 1667 1141 1696 conditions.

450 1715 539 1742 Nous
549 1716 663 1751 prions
677 1716 720 1744 les
734 1717 853 1746 Dames
867 1720 894 1745 et
916 1720 959 1747 les
982 1719 1148 1749 Messieurs
1171 1723 1207 1751 de
1236 1732 1315 1752 nous

414 1758 547 1786 envoyer
566 1751 594 1779 le
605 1752 682 1787 plus
699 1752 870 1782 d’abonnés
882 1755 1026 1790 possible,
1044 1757 1112 1788 afin
1139 1766 1195 1793 que.
1225 1763 1314 1788 notre

413 1793 519 1814 œuvre
533 1787 747 1822 s’agrandisse
762 1791 790 1816 et
801 1791 907 1825 puisse
922 1799 984 1826 par
998 1800 1029 1820 ce
1045 1801 1154 1828 moyen
1168 1794 1314 1830 faciliter

412 1822 541 1849 nombre
556 1823 592 1849 de
607 1824 767 1859 mariages
782 1826 809 1852 et
817 1824 908 1861 faire
923 1828 950 1854 le
963 1828 1038 1863 plus
1057 1828 1234 1858 d’heureux
1242 1839 1313 1867 pos¬

412 1857 497 1891 sible,
513 1865 569 1886 car
583 1858 657 1886 c’est
671 1867 731 1887 une
756 1860 853 1888 bonne
872 1864 974 1889 action
1002 1872 1060 1899 que
1084 1873 1162 1892 vous
1169 1866 1261 1902 ferez
1275 1876 1313 1894 en

407 1895 610 1928 propageant
619 1896 705 1921 notre
720 1904 835 1929 œuvre,
852 1905 928 1925 vous
943 1906 1022 1926 nous
1039 1895 1176 1928 aiderez'
1184 1903 1267 1930 ainsi
1293 1904 1312 1930 à

411 1926 591 1957 contribuer
600 1938 644 1957 au
653 1930 793 1958 bonheur
804 1932 858 1959 des
860 1932 1007 1968 familles
1016 1936 1071 1971 qui
1081 1936 1218 1965 désirent
1227 1939 1312 1966 trou¬

411 1971 466 1992 ver
481 1972 526 1991 un
541 1965 644 2000 époux
658 1973 698 1993 ou
713 1975 774 1994 une
785 1967 897 2003 épouse
906 1977 991 2004 pour
1002 1971 1089 1999 leurs
1097 1971 1234 2007 enfants,
1245 1981 1312 2001 aux

411 2007 523 2028 veuves
533 2009 578 2028 un
588 2002 719 2036 soutien,
733 2011 752 2030 a
767 2002 933 2038 l’orphelin
944 2013 988 2033 un
992 2005 1089 2041 foyer
1100 2009 1127 2035 et
1141 2015 1185 2036 au
1200 2008 1311 2037 relève¬

410 2037 497 2063 ment
509 2036 546 2064 de
561 2036 594 2063 la
608 2036 732 2065 France
754 2039 809 2074 qui
822 2039 933 2074 donne,
945 2049 1009 2076 par
1025 2042 1068 2070 les
1087 2044 1246 2080 mariages
1260 2045 1310 2081 fé¬

411 2071 578 2104 conds,des
592 2072 710 2100 soldats
733 2073 752 2101 à
768 2074 801 2101 la
818 2075 923 2103 Patrie
945 2078 972 2103 et
997 2079 1052 2113 qui
1060 2077 1136 2114 font
1158 2079 1211 2107 des
1227 2080 1310 2115 fem¬

410 2114 475 2135 mes
502 2107 539 2135 de
555 2106 669 2136 bonnes
683 2109 784 2138 mères
798 2109 834 2138 de
850 2110 982 2143 famille.

447 2161 528 2190 C’est
543 2162 624 2190 dans
637 2170 669 2190 ce
678 2162 731 2191 but
741 2171 798 2199 que
810 2172 889 2192 nous
900 2174 997 2194 avons
1001 2167 1105 2202 fondé
1115 2168 1148 2197 la
1158 2169 1311 2199 REVUE

410 2205 687 2236 MENSUELLE.

444 2260 533 2289 Nous
547 2269 583 2288 ne
598 2262 705 2289 tenons
715 2270 778 2298 pas
793 2271 853 2291 une
876 2264 994 2300 Agence
1018 2266 1253 2296 matrimoniale
1282 2272 1309 2298 et

408 2303 489 2325 nous
502 2304 540 2325 ne
545 2305 688 2332 prenons
693 2306 817 2327 aucune
824 2302 1022 2330 commission
1032 2310 1090 2330 sur
1101 2304 1133 2331 la
1143 2304 1204 2332 dot.
1225 2305 1309 2334 Voici

407 2334 560 2361 comment
574 2341 654 2361 nous
664 2334 841 2369 procédons
852 2344 858 2364 :

448 2385 530 2415 Vous
544 2394 624 2414 nous
634 2387 778 2424 indiquez
788 2388 922 2417 d’abord
931 2392 1016 2419 votre
1027 2392 1094 2426 âge,
1105 2395 1192 2422 votre
1205 2395 1305 2423 sitiui-

406 2421 472 2450 tion
486 2421 521 2449 de
530 2421 676 2458 fortune,
688 2425 772 2451 votre
783 2425 1069 2460 profession,-votre
1080 2428 1141 2462 dot,
1158 2437 1212 2458 vos
1225 2432 1305 2467 espé¬

407 2464 519 2485 rances
533 2458 560 2485 et
574 2465 606 2485 ce
621 2466 679 2494 que
689 2466 766 2486 vous
776 2459 904 2495 désirez,
917 2463 944 2488 et
952 2469 1032 2490 nous
1042 2470 1120 2492 vous
1125 2465 1306 2494 inscrivons

406 2501 464 2522 sur
478 2494 566 2521 notre
582 2493 660 2528 liste,
676 2502 758 2529 pour
773 2496 851 2523 trois
871 2498 958 2530 mois,
984 2506 1050 2533 par
1076 2507 1137 2527 une
1166 2509 1304 2530 annonce

406 2535 465 2564 que
482 2530 517 2564 je
539 2529 612 2565 fais
637 2530 810 2559 moi-même
826 2533 853 2558 et
880 2539 960 2560 nous
987 2542 1064 2561 vous
1091 2535 1233 2564 donnons
1259 2546 1305 2566 un

404 2564 538 2592 numéro
563 2564 692 2600 faisant
709 2567 790 2593 suite
820 2567 842 2594 à
872 2570 946 2595 cette
960 2576 1109 2598 annonce.
1137 2570 1220 2600 C’est
1239 2581 1304 2608 par

404 2600 432 2627 le
443 2608 553 2635 moyen
563 2601 600 2628 de
611 2608 641 2628 ce
653 2602 784 2629 numéro
796 2610 853 2637 que
864 2611 940 2630 vous
947 2612 1067 2638 pouvez
1076 2608 1303 2643 correspondre

405 2643 479 2663 avec
493 2637 562 2663 tous
577 2636 620 2664 les
634 2636 770 2664 abonnés
784 2639 819 2665 de
835 2640 923 2667 notre
938 2639 1015 2667 liste.

439 2685 579 2721 Lorsque
593 2692 672 2713 vous
685 2685 803 2714 désirez
817 2690 1044 2723 correspondre
1059 2698 1132 2718 avec
1145 2699 1191 2720 un
1210 2693 1302 2722 abon¬

402 2720 442 2748 né
456 2722 484 2748 et
498 2728 555 2754 que
570 2729 647 2749 vous
662 2729 735 2749 avez
749 2721 846 2750 choisi
856 2723 936 2751 dans
947 2724 979 2753 la
994 2725 1132 2754 Revue
1145 2727 1302 2757 Mensu¬

403 2756 484 2784 elle
499 2756 526 2783 le
537 2758 627 2791 parti
646 2757 701 2792 qui
713 2763 793 2789 vous
801 2758 888 2793 plaît
902 2759 929 2787 le
939 2756 1026 2795 plus,
1047 2763 1127 2790 voici
1150 2767 1302 2792 comment

402 2798 481 2818 vous
490 2791 642 2825 procédez
658 2800 668 2818 :

777 2844 928 2875 Exemple

445 2908 562 2940 Jeune
580 2908 740 2950 homme,
759 2910 801 2941 30
820 2918 898 2948 ans,
918 2909 991 2944 très
1012 2912 1106 2946 belle
1124 2915 1300 2949 situation

401 2952 494 2985 dans
511 2952 704 2991 industrie,
727 2957 878 2994 rapport
891 2954 931 2987 10
941 2954 961 2987 à
976 2958 1096 2990 12.000
1111 2959 1170 3002 fr.,
1181 2959 1298 2993 désire

400 2996 564 3038 mariage
585 3006 630 3030 en
646 3000 810 3038 rapport.
824 3015 868 3021 —-
885 2998 1008 3033 Ecrire
1028 3007 1069 3033 n°
1089 3004 1120 3035 2.

555 3068 601 3092 ou

445 3117 666 3150 Demoiselle
691 3118 734 3151 25
753 3127 830 3159 ans,
862 3120 1036 3153 situation
1069 3124 1114 3156 de
1151 3124 1298 3159 fortune

401 3161 525 3195 25.000
545 3162 681 3203 francs,
695 3166 809 3195 etc.—
830 3163 953 3197 Ecrire
966 3165 1008 3198 N°
1021 3167 1054 3199 4.

445 3224 543 3257 Vous
553 3226 606 3257 lui
618 3224 758 3258 écrivez
769 3226 995 3261 vous-même
1009 3238 1056 3261 ou
1067 3230 1174 3265 faites
1185 3230 1299 3266 écrire

400 3277 469 3310 par
484 3269 685 3309 quelqu’un
700 3270 745 3302 de
763 3273 867 3302 votre
886 3272 1040 3313 famille,
1076 3284 1122 3307 en
1150 3277 1299 3319 signant

400 3315 445 3346 de
459 3316 564 3347 votre
574 3312 740 3353 numéro,
751 3317 786 3347 et
801 3325 891 3348 vous
906 3319 1037 3350 mettez
1053 3328 1113 3351 sur
1128 3318 1299 3355 l’adresse

399 3357 572 3391 cachetée
583 3362 619 3391 et
629 3358 784 3391 timbrée
794 3360 826 3391 le
836 3359 989 3393 numéro
1000 3363 1044 3394 de
1057 3364 1091 3395 la
1103 3374 1295 3408 personne,

399 3401 590 3435 deuxième
607 3403 824 3446 enveloppe,
833 3413 923 3437 avec
939 3414 998 3438 ces
1013 3409 1189 3447 quelques
1202 3414 1297 3443 mots

400 3455 462 3479 sur
468 3456 541 3480 une
548 3451 647 3480 carte
656 3457 703 3479 ou
709 3454 761 3480 un
771 3448 860 3481 bout
867 3449 1047 3490 depapier
1053 3453 1148 3485 ainsi
1155 3454 1295 3488 libellé:

399 3490 610 3524 «Monsieur
619 3501 666 3524 ou
678 3491 852 3530 Madame,
872 3502 918 3525 ou
931 3493 1200 3531 Mademoiselle
1221 3500 1294 3533 X...

400 3537 517 3574 (votre
532 3545 619 3568 nom
636 3538 672 3568 et
689 3538 791 3568 votre
806 3535 973 3576 numéro)
992 3541 1067 3579 prie
1082 3540 1246 3576 Madame
1262 3545 1298 3576 la

398 3580 600 3612 Directrice
615 3582 658 3612 de
670 3580 705 3612 la
715 3580 844 3612 Revue
855 3582 897 3614 de
912 3582 1002 3615 faire
1015 3589 1189 3623 parvenir
1202 3591 1296 3621 cette

398 3625 505 3657 lettre
520 3623 542 3656 à
557 3625 605 3656 tel
626 3623 800 3657 numéro»
817 3628 852 3657 et
873 3635 962 3658 vous
978 3630 1147 3662 cachetez
1161 3635 1195 3663 et
1215 3634 1296 3664 tim¬

397 3669 482 3701 brez
502 3671 595 3701 cette
622 3667 813 3701 deuxième
847 3672 1050 3712 enveloppe
1083 3673 1105 3706 à
1138 3676 1296 3716 laquelle

397 3721 490 3745 vous
508 3715 640 3745 mettez
660 3722 748 3745 mon
766 3714 922 3755 adresse,
946 3719 981 3748 et
1000 3718 1154 3751 aussitôt
1173 3729 1293 3764 reçue,

395 3757 434 3797 je
453 3755 572 3790 défais
586 3758 623 3790 la
650 3756 831 3797 première
850 3760 1065 3802 enveloppe,
1088 3762 1229 3803 j’efface
1263 3767 1295 3798 le

397 3799 553 3833 numéro
573 3802 617 3834 de
635 3802 673 3833 la
692 3800 883 3835 deuxième
904 3807 938 3836 et
953 3807 1046 3837 mets
1062 3806 1232 3841 l’adresse
1251 3812 1296 3842 de

395 3846 435 3878 la
452 3854 634 3886 personne
650 3848 687 3878 et
699 3845 894 3889 réexpédie
911 3849 945 3880 la
960 3849 1077 3883 lettre.
1091 3851 1188 3884 Vous
1206 3863 1296 3893 pou-

396 3891 740 3931 vez'correspondre
751 3900 839 3923 avec
858 3895 937 3924 tous
952 3902 1017 3926 nos
1031 3895 1194 3929 abonnés
1211 3907 1296 3931 sans

395 3943 490 3966 vous
507 3934 602 3967 faire
621 3936 824 3969 connaître.
861 3936 908 3969 Ce
934 3938 1026 3971 n’est
1046 3949 1116 3980 que
1148 3941 1296 3982 lorsque

395 3987 489 4011 vous
508 3987 616 4011 aurez
629 3979 698 4011 fait
717 3983 820 4013 votre
837 3981 956 4024 choix,
989 3993 1059 4023 que
1087 3994 1180 4018 vous
1203 3996 1295 4019 vous

396 4023 540 4055 donnez
550 4024 832 4057 mutuellement
847 4029 951 4059 votre
961 4028 1139 4061 véritable
1150 4032 1295 4064 adresse

397 4068 433 4099 et
446 4076 516 4106 que
528 4077 620 4100 vous
632 4078 724 4101 vous
736 4067 912 4111 ménagez
925 4081 997 4105 une
1011 4074 1186 4107 entrevue
1200 4085 1294 4116 pour

396 4109 545 4144 décider
563 4113 608 4144 de
623 4115 725 4146 votre
745 4118 829 4146 sort.

430 4171 473 4198 Le
484 4173 564 4206 prix
577 4172 615 4200 de
629 4174 718 4201 notre
733 4173 935 4204 abonnement
950 4179 993 4205 est
1007 4178 1044 4205 de
1059 4179 1156 4208 trente
1178 4181 1296 4216 francs

389 4211 478 4241 pour
493 4209 604 4242 quatre
618 4209 698 4235 mois
712 4210 740 4235 et
754 4213 910 4244 quarante
916 4212 1036 4247 francs
1045 4222 1131 4250 pour
1144 4217 1195 4243 six
1215 4218 1295 4244 mois

394 4241 422 4267 et
433 4249 510 4269 vous
524 4250 600 4270 avez
615 4243 698 4271 droit
713 4244 732 4271 à
743 4245 806 4272 être
817 4246 900 4273 inscr
905 4248 927 4274 it
936 4250 1158 4283 gratuitement
1174 4259 1232 4278 sur
1242 4258 1294 4280 ma

393 4276 461 4304 liste

436 4321 517 4349 Vous
531 4329 624 4357 voyez
638 4322 765 4358 qu’avec
797 4325 871 4352 cette
899 4328 1044 4364 modique
1067 4337 1191 4366 somme,
1217 4340 1294 4360 vous

392 4363 513 4391 pouvez
527 4365 606 4385 vous
618 4359 750 4392 marier,
770 4367 845 4387 sans
860 4363 949 4389 avoir
971 4364 991 4391 à
1008 4373 1123 4399 passer
1147 4374 1212 4402 par
1241 4368 1295 4396 des

393 4400 522 4428 agences
530 4394 585 4428 qui
598 4400 629 4420 se
636 4393 714 4428 font
720 4402 827 4422 verser
841 4396 992 4426 d’avance
1007 4401 1044 4427 de
1054 4409 1176 4436 grosses
1189 4405 1292 4438 provi¬

392 4428 478 4455 sions
492 4429 519 4455 et
534 4429 587 4464 qui
603 4430 787 4464 escomptent
799 4430 834 4458 de
845 4439 966 4466 grosses
976 4438 1197 4472 commissions,
1205 4447 1292 4474 pour

393 4461 556 4490 n'arriver
570 4463 598 4490 le
616 4464 691 4498 plus
706 4467 835 4494 souvent
861 4465 880 4494 à
909 4475 1014 4496 aucun
1042 4471 1184 4500 résultat.
1204 4474 1295 4502 Nous

392 4497 525 4526 n’avons
540 4499 609 4526 rien
620 4499 656 4526 de
671 4507 817 4528 commun
832 4509 904 4528 arec
920 4503 962 4529 les
978 4511 1114 4540 agences,
1130 4515 1187 4535 car
1213 4517 1293 4537 nous

392 4541 430 4561 ne
458 4540 596 4568 prenons
623 4542 746 4562 aucune
773 4537 971 4565 commission
1002 4547 1060 4566 sur
1093 4542 1124 4568 la
1156 4544 1208 4571 dot
1245 4545 1294 4573 Un

391 4569 526 4596 modeste
541 4568 745 4597 abonnement
759 4579 840 4598 nous
853 4575 916 4600 sert
931 4573 967 4600 de
978 4575 1147 4609 paiement.

428 4612 610 4648 Lorsqu’un
629 4613 749 4641 abonné
763 4613 833 4643 s’est
848 4616 949 4650 fiancé
963 4620 991 4646 et
1023 4620 1102 4654 qu’il
1133 4621 1188 4649 n’a
1216 4624 1294 4658 plus

391 4647 496 4677 besoin
510 4648 547 4675 de
561 4650 649 4676 notre
664 4657 769 4683 revue,
782 4651 806 4678 il
819 4659 900 4680 nous
910 4653 937 4680 le
944 4652 1013 4689 fait
1027 4657 1134 4683 savoir
1148 4658 1216 4692 afin
1234 4667 1293 4695 que

390 4691 472 4712 nous
486 4691 604 4724 rayons
617 4692 674 4712 son
689 4693 827 4713 annonce
839 4695 925 4721 pour
939 4697 977 4717 ne
988 4698 1051 4726 pas
1059 4691 1149 4727 faire
1174 4701 1292 4723 corres¬

386 4718 511 4755 pondre
528 4719 723 4747 inutilement
736 4729 793 4749 nos
807 4721 950 4751 abonnés.

432 4763 510 4791 Tout
523 4762 643 4790 abonné
656 4763 722 4791 doit
736 4764 891 4801 répondre
907 4768 928 4795 à
941 4770 1041 4797 toutes
1055 4769 1098 4799 les
1112 4772 1217 4801 lettres
1238 4776 1292 4811 qui

391 4797 439 4827 lui
452 4798 521 4826 sont
537 4798 694 4826 adressées
700 4800 751 4832 ;la
762 4801 906 4836 politesse
918 4802 1037 4840 l’exige,
1048 4814 1084 4835 ne
1087 4806 1220 4842 fussent
1234 4818 1291 4846 que

389 4842 439 4862 ces
452 4833 532 4861 trois
546 4841 587 4861 ou
601 4835 712 4869 quatre
727 4837 822 4863 mots:
838 4837 848 4863 «
863 4837 988 4867 Inutile,
998 4841 1069 4868 tous
1082 4851 1146 4870 mes
1161 4848 1288 4876 regrets.

390 4885 426 4891 —
440 4869 562 4898 N°...°.

427 4939 489 4966 Pour
502 4936 604 4964 faciliter
618 4938 653 4964 les
667 4936 772 4964 abonnés
788 4940 817 4964 de
832 4940 854 4965 la
868 4941 949 4967 REVUE
964 4947 1022 4968 nous
1038 4943 1090 4970 leur
1100 4945 1237 4974 .donneront
1256 4950 1290 4976 les

389 4976 502 5002 adresses
517 4975 559 5000 des
575 4973 687 4999 numéros
701 4979 727 4999 se
743 4973 905 5005 rapprochant
916 4977 1006 5003 d&/eur
1016 4978 1126 5006 situation
1143 4982 1172 5008 de
1183 4983 1287 5010 fortune.

388 5013 419 5039 Ils
434 5010 547 5038 n’auront
561 5014 622 5040 pour
636 5009 687 5035 cela
700 5008 763 5040 gu’à
783 5014 840 5036 nous
861 5010 968 5042 indiquer
988 5013 1020 5038 les
1042 5015 1152 5042 numéros
1180 5018 1220 5048 qui
1238 5019 1290 5045 leur

390 5047 555 5075 conviennent.
565 5045 657 5077 Chaque
669 5045 784 5071 demande
797 5047 824 5071 de
840 5050 867 5071 ce
882 5050 956 5078 genre
968 5048 1040 5073 devra
1051 5048 1101 5075 être
1112 5054 1289 5085 accompagnée

390 5085 464 5112 d’une
480 5084 610 5113 enveloppe
625 5081 726 5108 timbrée
741 5086 802 5112 pour
817 5083 838 5107 la
854 5080 964 5113 réponse.

427 5122 467 5147 Les
481 5118 586 5146 abonnés
601 5117 707 5145 désirant
721 5117 811 5149 garder
825 5117 964 5150 l’incognito
981 5119 1097 5146 voudront
1115 5120 1168 5148 bien
1188 5127 1247 5149 nous
1266 5124 1288 5150 le

389 5156 450 5185 faire
465 5155 552 5191 savoir,
569 5153 614 5182 afin
630 5158 675 5187 que
691 5158 749 5181 nous
765 5158 793 5181 ne
808 5152 903 5180 livrions
918 5158 960 5186 pas
976 5154 1040 5180 leurs
1057 5156 1178 5183 adresses.

1417 1367 1519 1398 Pour
1544 1370 1671 1400 toutes
1694 1369 1749 1401 les
1782 1379 1976 1403 annonces
2006 1373 2179 1412 ci-après
2202 1374 2276 1404 s’a¬

1375 1417 1534 1448 dresser
1574 1418 1596 1449 à
1638 1420 1674 1449 la
1710 1420 1921 1452 Directrice
1955 1423 2002 1453 de
2040 1424 2076 1453 la
2098 1434 2111 1451 «
2147 1424 2275 1454 Revue

1374 1468 1623 1499 Mensuelle.»

1415 1524 1534 1557 Veuve
1552 1526 1591 1555 42
1607 1535 1683 1562 ans,
1700 1527 1840 1558 fortune
1867 1528 1999 1559 300.000
2015 1530 2076 1570 fr.,
2096 1531 2207 1561 12.000
2229 1531 2271 1562 fr.

1372 1574 1538 1605 revenus,
1567 1567 1661 1598 belle
1688 1568 1869 1608 propriété
1889 1570 2052 1610 agricole,
2068 1571 2275 1611 épouserait

1373 1607 1555 1638 monsieur
1571 1609 1609 1639 40
1629 1609 1648 1638 à
1663 1608 1703 1637 60
1717 1619 1797 1649 ans,
1814 1614 1922 1649 ayant
1934 1611 2021 1650 jolie
2038 1612 2206 1643 situation
2227 1621 2272 1643 ou

1371 1646 1525 1678 fortune.
1541 1666 1579 1670 —
1594 1647 1635 1679 N°
1650 1650 1740 1681 2630.

1412 1705 1504 1738 Veuf
1516 1708 1554 1738 55
1571 1716 1646 1748 ans,
1665 1716 1750 1738 sans
1771 1708 1904 1745 enfant,
1923 1711 2011 1750 seul,
2031 1710 2183 1749 sérieux,
2208 1711 2269 1742 ha¬

1369 1746 1485 1778 bitant
1510 1748 1665 1788 Algérie,
1702 1749 1868 1790 employé
1898 1751 2032 1789 mairie,
2056 1755 2165 1791 ayant
2179 1753 2272 1783 inté¬

1369 1788 1474 1826 rieur,
1495 1789 1669 1823 mobilier,
1698 1789 1814 1820 désiré
1835 1791 1943 1821 union
1972 1791 2180 1824 demoiselle
2195 1794 2232 1824 36
2250 1794 2269 1824 à

1369 1829 1408 1858 46
1425 1836 1489 1858 ans
1514 1833 1621 1868 ayant
1642 1831 1823 1861 situation.
1842 1849 1875 1853 —
1895 1832 1940 1863 N°
1953 1833 2043 1863 3599.

1402 1894 1499 1923 Jeune
1513 1896 1635 1924 homme
1651 1897 1682 1924 36
1710 1906 1776 1929 ans,
1794 1899 1863 1926 bien
1894 1900 2140 1934 physiquement,
2158 1901 2266 1935 blond,

1367 1931 1534 1966 distingué,
1550 1935 1712 1968 musicien,
1728 1934 1850 1963 100.000
1863 1934 1912 1970 fr.,
1924 1936 2090 1964 recherche
2101 1938 2266 1964 musicien¬

1367 1974 1405 1994 ne
1419 1967 1501 2001 jolie.
1523 1968 1549 1996 N
1556 1975 1562 1982 -
1582 1968 1651 1996 4534

1403 2022 1536 2050 Docteur
1545 2024 1712 2058 médecine,
1724 2024 1842 2053 famille
1851 2026 2029 2060 honorable,
2038 2025 2141 2054 désire
2152 2027 2265 2055 marier

1363 2057 1456 2092 jeune
1471 2059 1534 2087 fille
1555 2060 1590 2087 25
1614 2067 1680 2092 ans,
1696 2061 1840 2089 instruite
1869 2062 2066 2094 musicienne,
2082 2062 2195 2090 femme
2221 2063 2263 2091 du

1366 2096 1487 2126 monde,
1511 2102 1584 2122 avec
1608 2096 1754 2130 médecin,
1773 2098 1932 2132 ingénieur
1959 2106 1997 2126 ou
2028 2098 2261 2132 fonctionnaire,

1366 2129 1465 2156 40.000
1483 2130 1519 2157 fr.
1537 2146 1568 2150 -
1584 2132 1624 2159 N’
1643 2132 1724 2160 4542.

1400 2182 1586 2212 Célibataire
1613 2184 1644 2212 34
1676 2193 1744 2218 ans,
1783 2186 1882 2213 bonne
1920 2188 2094 2220 éducation,
2127 2189 2262 2216 mécani¬

1364 2220 1603 2253 cien-ajusteur,
1631 2222 1717 2249 avoir
1749 2221 1848 2249 40.000
1875 2222 1924 2253 fr.,
1952 2225 2128 2258 épouserait
2144 2226 2261 2252 demoi¬

1364 2256 1437 2283 selle
1474 2257 1628 2290 agréable,
1666 2258 1773 2291 douce,
1803 2259 1855 2286 dot
1901 2258 1933 2286 30
1971 2265 1988 2288 a
2027 2260 2124 2288 40.000
2151 2260 2189 2288 fr.
2226 2275 2258 2281 —

1364 2291 1402 2318 N-
1428 2290 1496 2318 4548

1451 2345 1648 2377 Célibataire,
1665 2346 1697 2374 36
1714 2355 1779 2380 ans,
1796 2348 1845 2375 fils
1859 2350 1980 2383 unique,
1996 2351 2099 2383 blond,
2112 2351 2259 2379 situation

1362 2380 1462 2408 40.000
1477 2381 1533 2415 fr.,
1548 2384 1619 2416 plus
1645 2383 1741 2410 15.000
1754 2383 1803 2418 fr.,
1820 2386 2007 2413 association
2032 2387 2151 2420 grande
2172 2389 2260 2415 usine

1362 2417 1398 2443 de
1413 2420 1539 2451 rapport
1554 2417 1642 2445 8.000
1656 2419 1705 2452 fr.,
1722 2421 1898 2453 épouserait
1914 2420 2026 2449 femme
2045 2424 2151 2455 brune,
2165 2424 2259 2451 situa¬

1360 2453 1424 2479 tion
1446 2460 1482 2480 en
1498 2456 1634 2488 rapport.
1653 2469 1685 2474 —
1704 2454 1730 2484 N
1737 2462 1743 2468 -
1764 2455 1846 2484 4557.

1395 2507 1544 2535 Divorcée
1554 2508 1572 2534 à
1585 2515 1640 2535 son
1652 2510 1752 2542 profit,
1765 2509 1798 2537 42
1809 2517 1876 2543 ans,
1887 2510 1949 2538 fille
1960 2513 1988 2538 et
1999 2519 2081 2540 sœur
2092 2513 2130 2539 de
2141 2513 2258 2540 notaire

1360 2532 1489 2570 revenus
1508 2543 1589 2571 7.000
1600 2543 1649 2578 fr.,
1666 2545 1822 2579 intérieur,
1839 2547 1930 2581 linge,
1948 2547 2062 2582 bijoux,
2079 2550 2256 2582 épouserait

1359 2580 1514 2606 monsieur
1529 2581 1621 2614 ayant
1635 2582 1766 2614 qualités
1785 2581 1822 2609 de
1836 2589 1928 2610 cœur.
1946 2598 1979 2603 —
1995 2584 2035 2611 N'
2053 2583 2136 2612 4574.

1394 2633 1556 2667 Ingénieur
1574 2635 1608 2660 27
1624 2642 1689 2665 ans,
1712 2636 1846 2668 diplômé
1865 2636 1957 2665 Ecole
1970 2639 2127 2665 nationale
2143 2639 2256 2673 d'agri¬

1357 2670 1477 2696 culture
1491 2671 1522 2696 et
1537 2671 1713 2705 industries,
1729 2672 1812 2698 croix
1838 2672 1877 2698 de
1900 2680 2020 2706 guerre,
2042 2675 2129 2701 avoir
2150 2674 2183 2701 45
2203 2675 2255 2702 000

1358 2705 1408 2737 fr.,
1437 2706 1612 2739 épouserait
1637 2707 1815 2734 demoiselle
1841 2708 1903 2736 fille
1930 2710 2119 2737 d'industriel
2149 2717 2187 2738 ou
2218 2712 2255 2738 de

1357 2742 1573 2774 commerçant.
1591 2755 1623 2761 —
1643 2742 1679 2769 N’
1697 2742 1765 2770 4585

1391 2793 1488 2820 Jeune
1504 2794 1625 2821 homme
1639 2795 1671 2821 33
1687 2801 1754 2827 ans,
1770 2796 1884 2823 famille
1904 2798 2087 2832 catholique,
2113 2796 2254 2833 employé

1357 2828 1477 2855 chemin
1490 2829 1528 2856 de
1539 2829 1585 2856 fer
1596 2829 1633 2856 de
1645 2829 1736 2858 l’Etat
1744 2832 1877 2866 Algérie,
1889 2833 2064 2866 épouserait
2075 2835 2253 2861 demoiselle

1356 2865 1500 2896 sérieuse,
1516 2864 1551 2892 25
1564 2866 1582 2891 à
1608 2865 1642 2892 32
1670 2873 1735 2901 ans,
1762 2867 1878 2895 famille
1903 2869 2081 2896 honorable.
2106 2870 2179 2897 Très
2205 2871 2250 2897 sé¬

1356 2900 1450 2928 rieux.
1468 2916 1500 2921 —
1517 2900 1553 2928 N’
1571 2901 1639 2929 4595
1790 2901 1801 2918 *

1388 2959 1486 2986 Jeune
1516 2960 1669 2993 capitaine
1702 2962 1804 2989 armée
1832 2960 1939 2996 active,
1967 2961 2127 2991 Chevalier
2156 2965 2193 2991 de
2221 2965 2251 2992 la

1355 2995 1470 3029 Légion
1488 2995 1668 3028 d'honneur,
1686 2997 1852 3033 distingué,
1867 3000 1953 3026 avoir
1972 2997 2076 3027 30.000
2093 3000 2141 3032 fr.,
2160 3001 2250 3033 espé¬

1355 3038 1464 3058 rances
1475 3031 1508 3057 50
1520 3030 1574 3058 000
1585 3031 1620 3062 fr,
1635 3033 1810 3066 épouserait
1814 3035 1906 3069 jeune
1916 3035 1987 3068 fille,
1995 3035 2048 3062 dot
2059 3035 2092 3062 50
2102 3036 2120 3062 à
2132 3035 2251 3063 100.000

1354 3066 1392 3094 fr.
1411 3082 1443 3087 —
1459 3067 1495 3095 N-
1512 3066 1581 3094 4620

1387 3130 1574 3158 Demoiselle
1601 3130 1636 3158 28
1663 3139 1730 3164 ans,
1762 3133 1825 3160 très
1841 3134 1989 3167 sérieuse,
2006 3135 2106 3161 bonne
2121 3134 2248 3170 famille,

1356 3166 1456 3193 bonne
1472 3166 1643 3200 éducation,
1660 3170 1745 3195 avoir
1761 3175 1799 3203 ap
1818 3170 1851 3196 ès
1869 3173 2001 3202 parents,
2020 3171 2120 3198 désire
2137 3172 2246 3198 maria¬

1354 3208 1394 3235 ge
1412 3209 1486 3230 avec
1503 3206 1722 3236 commerçant,
1751 3204 1961 3234 sous-officier
1986 3207 2026 3233 de
2051 3207 2187 3234 carrièie
2212 3215 2252 3235 ou

1355 3238 1617 3266 administration.
1638 3254 1670 3259 —
1689 3240 1713 3267 N
1720 3247 1726 3253 -
1748 3239 1828 3268 4635.

1389 3295 1513 3325 Officier
1529 3298 1669 3331 colonial,
1681 3298 1827 3327 situation
1844 3299 1951 3330 10.000
1964 3300 2000 3329 fr.
2018 3307 2075 3335 par
2094 3309 2145 3334 an,
2161 3302 2250 3335 espé¬

1355 3339 1463 3360 rances
1482 3335 1574 3366 après
1591 3336 1724 3368 parents,
1739 3337 1916 3367 épouserait
1931 3344 2084 3371 personne
2099 3340 2192 3372 ayant
2207 3339 2249 3365 si¬

1354 3369 1472 3396 tuation
1490 3376 1526 3396 en
1543 3372 1680 3404 rapport.
1698 3385 1730 3391 —
1746 3372 1772 3399 N
1777 3377 1783 3384 -
1801 3371 1879 3400 4665.

1388 3426 1574 3455 Demoiselle
1589 3428 1619 3455 31
1638 3437 1702 3459 ans,
1729 3430 1810 3457 7.000
1838 3430 1873 3457 fr.
1895 3432 2077 3465 économies,
2104 3432 2248 3460 intérieur

1355 3464 1468 3495 monté,
1488 3464 1589 3491 bonne
1611 3466 1767 3493 situation,
1794 3468 1947 3496 instruite,
1982 3468 2082 3495 désire
2111 3474 2249 3500 mariage

1353 3505 1426 3525 avec
1442 3501 1599 3528 monsieur
1611 3501 1685 3528 veuf
1695 3508 1734 3529 ou
1749 3501 1881 3529 divorcé,
1899 3504 1997 3531 même
2023 3505 2115 3537 ayant
2130 3504 2245 3536 fillette,

1353 3534 1500 3562 situation
1519 3543 1556 3563 en
1573 3538 1708 3571 rapport.
1730 3553 1762 3558 —
1784 3537 1806 3565 N
1812 3546 1817 3552 -
1836 3538 1914 3566 4671.

1387 3588 1470 3616 Veuf
1494 3588 1527 3617 85
1556 3597 1621 3622 ans,
1647 3591 1696 3617 fils
1730 3591 1744 3617 7
1761 3598 1817 3619 ans
1840 3593 1857 3619 à
1872 3594 1902 3619 la
1916 3593 2032 3626 charge
2045 3594 2100 3621 des
2115 3594 2246 3626 grands-

1352 3626 1487 3658 parents.
1505 3627 1717 3660 propriétaire,
1735 3629 1862 3661 rapport
1875 3628 1974 3656 10.000
1990 3630 2026 3655 fr.
2041 3637 2098 3663 par
2112 3637 2161 3663 an,
2178 3630 2247 3656 bien

1352 3667 1425 3687 sous
1441 3662 1510 3687 tous
1525 3664 1678 3693 rapports,
1695 3663 1870 3694 épouserait
1889 3665 2068 3693 demoiselle
2087 3673 2127 3692 ou
2152 3672 2248 3692 veuve

1352 3703 1425 3723 sans
1440 3696 1554 3730 enfant,
1572 3699 1629 3732 âge
1643 3699 1672 3725 et
1686 3699 1836 3726 s.tuation
1855 3706 1892 3726 en
1906 3702 2045 3735 rapport.
2066 3717 2100 3720 —
2113 3701 2138 3728 N
2144 3708 2149 3714 -
2166 3701 2244 3728 4677.

1386 3749 1469 3777 Veuf
1479 3749 1513 3777 48
1526 3758 1594 3781 ans,
1607 3752 1758 3786 employé,
1775 3755 1913 3786 gagnant
1939 3753 1988 3780 420
2013 3753 2040 3780 fr
2081 3761 2135 3788 par
2156 3755 2245 3787 mois,

1351 3786 1550 3813 connaissant
1569 3788 1599 3813 la
1615 3788 1743 3820 culture,
1772 3789 1948 3822 épouserait
1961 3796 2113 3824 personne
2129 3791 2166 3817 de
2179 3790 2213 3816 32
2228 3790 2246 3817 à

1352 3821 1384 3848 48
1402 3829 1468 3856 ans,
1486 3823 1602 3849 aimant
1618 3824 1646 3850 la
1660 3830 1842 3858 campagne,
1857 3827 1951 3860 ayant
1965 3826 2096 3852 avoir.—
2113 3826 2150 3853 N-
2165 3825 2245 3853 4692.

1386 3875 1480 3902 Jeune
1505 3875 1630 3903 hnmme
1657 3876 1690 3903 30
1719 3884 1784 3909 ans,
1814 3885 1888 3905 sans
1904 3878 2034 3910 fortune,
2051 3881 2244 3909 cultivateur,

1352 3913 1444 3943 ayant
1460 3913 1588 3944 pension
1608 3914 1638 3940 et
1662 3913 1844 3946 économies,
1859 3915 2053 3946 espérances,
2070 3917 2245 3949 épouserait

1350 3946 1530 3975 demoiselle
1553 3955 1591 3974 ou
1620 3955 1714 3975 veuve
1743 3956 1816 3976 sans
1842 3950 1957 3982 enfant,
1985 3952 2023 3978 de
2046 3951 2081 3978 20
2096 3952 2114 3978 à
2131 3952 2166 3978 30
2178 3958 2243 3983 ans,

1350 3984 1444 4015 ayant
1459 3984 1522 4010 dot.
1541 3998 1573 4003 —
1588 3984 1624 4011 N'
1643 3984 1725 4014 4704.

1385 4035 1543 4063 Monsieur
1557 4037 1592 4063 34
1613 4045 1679 4070 ans,
1702 4038 1867 4073 distingué,
1885 4040 2028 4067 habitant
2043 4047 2119 4073 pays
2134 4040 2175 4067 du
2194 4047 2243 4067 so¬

1350 4072 1410 4104 leil,
1426 4072 1520 4098 situât
1534 4080 1572 4099 on
1592 4073 1726 4100 d'avenir
1751 4074 1828 4101 dans
1847 4076 1893 4102 les
1921 4075 2053 4108 affaires,
2070 4076 2245 4109 épouserait

1351 4108 1527 4135 demoiselle
1551 4115 1590 4134 ou
1610 4116 1705 4137 veuve
1727 4109 1928 4144 intelligente,
1946 4111 2092 4138 situation
2108 4118 2146 4137 en
2174 4118 2244 4144 rap¬

1351 4145 1428 4176 port.
1446 4159 1471 4163 —
1493 4143 1530 4171 N'
1550 4144 1628 4172 4712.

1383 4206 1483 4233 Jeune
1510 4207 1632 4234 homme
1661 4206 1695 4234 30
1726 4214 1792 4239 ans,
1823 4209 1971 4237 situation
2008 4210 2243 4244 indépendante,

1349 4242 1525 4275 épouserait
1541 4244 1703 4277 ménagère
1719 4244 1756 4270 de
1772 4243 1804 4270 20
1825 4245 1843 4272 à
1857 4244 1891 4271 30
1907 4252 1973 4278 ans,
1996 4252 2035 4272 ou
2054 4252 2149 4272 veuve
2169 4252 2244 4272 avec

1350 4284 1387 4304 ou
1404 4284 1477 4305 sans
1495 4278 1609 4307 enfant.
1626 4294 1658 4298 —
1672 4278 1697 4305 N
1703 4286 1708 4293 -
1725 4278 1804 4307 4730.

1385 4340 1580 4372 Célibataire,
1598 4341 1763 4375 distingué.
1779 4342 1812 4369 56
1828 4350 1904 4378 ans,,
1919 4344 2130 4373 américanisé,
2146 4343 2243 4369 excel¬

1349 4377 1444 4404 lentes
1464 4377 1620 4409 aptitudes
1645 4379 1797 4411 agricoles
1829 4380 1858 4405 et
1891 4379 2116 4410 viti-vinicoles,
2145 4378 2244 4405 désire

1347 4413 1581 4440 collaboratrice
1597 4413 1779 4441 affectueuse
1798 4418 1892 4449 ayant
1912 4415 1999 4442 avoir
2020 4421 2059 4440 ou
2075 4414 2240 4448 propriété.

1349 4464 1377 4468 -
1396 4448 1431 4475 N'
1448 4447 1527 4476 4737.

1381 4505 1547 4535 Industriel
1563 4505 1597 4532 33
1613 4514 1677 4536 ans,
1693 4506 1878 4542 catholique,
1896 4506 2075 4540 honorable,
2099 4506 2242 4533 brillante

1347 4542 1492 4569 situation
1509 4541 1545 4568 de
1561 4541 1690 4574 fortune,
1708 4543 1795 4574 brun,
1814 4544 1884 4570 bien
1899 4550 1972 4570 sous
1992 4545 2062 4569 tous
2087 4545 2240 4575 rapports,

1347 4577 1522 4610 épouserait
1534 4577 1626 4612 jeune
1646 4576 1708 4606 1Dle
1730 4578 1764 4605 20
1780 4579 1797 4605 à
1811 4578 1843 4606 24
1860 4586 1925 4611 ans,
1944 4581 2038 4612 ayant
2052 4576 2185 4604 fortune.
2208 4591 2242 4596 —

1347 4613 1381 4640 N-
1401 4612 1479 4640 4746.

1383 4681 1566 4709 Demoiselle
1579 4681 1677 4709 bonté
1691 4680 1819 4712 famille,
1840 4681 1873 4708 32
1888 4688 1955 4715 ans,
1971 4680 2032 4708 très
2047 4678 2239 4712 affectueuse,

1347 4719 1422 4750 petit
1447 4716 1533 4743 avoir
1559 4720 1588 4743 et
1612 4718 1765 4743 intérieur,
1794 4719 1941 4744 situation
1975 4719 1983 4744 1
1999 4717 2110 4749 bêrqle,
2140 4716 2241 4743 désire

1345 4755 1477 4786 épouser
1491 4753 1648 4779 monsieur
1667 4752 1846 4781 affectueux,
1872 4751 1973 4778 bonne
1986 4752 2160 4781 éducation,
2174 4753 2239 4778 mê¬

1346 4796 1394 4815 me
1410 4788 1507 4822 grand
1529 4788 1634 4815 mutilé
1648 4789 1684 4815 de
1700 4794 1819 4823 guerre,
1836 4788 1869 4814 30
1884 4789 1901 4814 à
1917 4787 1951 4814 50
1964 4794 2029 4818 ans,
2046 4789 2141 4820 ayant
2157 4794 2240 4814 com¬

1347 4831 1447 4851 merce
1473 4830 1512 4850 ou
1542 4825 1641 4850 bonne
1660 4823 1804 4850 situation
1823 4823 1920 4850 même
1937 4823 1972 4850 de
1993 4823 2165 4855 l’étranger.
2184 4824 2241 4851 Pas

1345 4860 1465 4886 sérieux
1481 4858 1653 4886 s'abstenir.
1668 4873 1700 4879 —
1716 4858 1742 4885 N
1749 4866 1755 4872 -
1773 4858 1851 4886 4761.

1380 4920 1566 4948 Célibataire
1585 4920 1616 4948 30
1633 4927 1699 4953 ans,
1716 4921 1816 4948 bonne
1831 4920 1957 4952 famille,
1983 4920 2112 4951 sérieux,
2135 4922 2239 4956 physi¬

1345 4963 1403 4990 que
1433 4957 1589 4990 agréable,
1614 4956 1754 4992 employé
1791 4956 1875 4988 PLM,
1904 4957 1916 4982 1
1932 4956 1983 4982 500
2000 4955 2035 4982 fr.
2051 4956 2237 4989 économies,

1344 4991 1519 5024 épouserait
1534 4991 1623 5024 jeune
1640 4991 1700 5018 fille
1727 4990 1759 5018 20
1784 4994 1800 5020 à
1816 4991 1850 5017 30
1865 4998 1933 5022 ans,
1956 4991 2102 5019 situation
2119 5000 2156 5020 en
2172 5001 2240 5027 rap¬

1343 5026 1425 5061 port.
1450 5042 1481 5046 —
1501 5025 1527 5054 N
1533 5034 1538 5040 -
1553 5026 1635 5057 4765.

1379 5092 1460 5119 Veuf
1471 5092 1502 5119 53
1521 5101 1587 5125 ans,
1604 5096 1682 5122 deux
1695 5093 1816 5122 enfants
1832 5101 1890 5122 non
1910 5095 1925 5121 à
1942 5101 1977 5122 sa
1993 5095 2118 5129 charge,
2130 5103 2240 5124 revenu

1342 5130 1455 5156 annuel
1472 5127 1579 5155 11.000
1593 5129 1640 5157 fr..
1657 5131 1834 5163 épouserait
1846 5137 1998 5164 personne
2028 5130 2061 5158 35
2085 5133 2102 5156 A
2120 5131 2155 5158 50
2174 5139 2239 5165 ans,

1343 5170 1420 5196 pour
1436 5163 1555 5191 habiter
1572 5163 1726 5199 L’Algérie.
1746 5165 1867 5194 Donner
1883 5167 2022 5196 adresse.
2042 5181 2072 5186 —
2093 5165 2117 5194 N
2123 5173 2128 5179 -
2144 5166 2222 5195 4766.

2370 1375 2465 1404 Jeune
2504 1376 2626 1407 homme
2661 1380 2696 1408 30
2722 1389 2788 1414 ans,
2823 1384 2901 1412 belle
2929 1387 3088 1419 situation,
3116 1390 3230 1423 capital

2335 1410 2452 1439 100.000
2465 1412 2521 1446 fr.,
2534 1415 2635 1443 désire
2647 1418 2739 1444 union
2755 1425 2828 1446 avec
2841 1420 3029 1455 demoiselle,
3041 1426 3139 1451 music
3153 1431 3231 1452 enne

2335 1448 2371 1474 de
2384 1447 2569 1481 préférence,
2586 1454 2679 1486 ayant
2694 1453 2746 1480 dot
2761 1461 2797 1480 en
2813 1459 2992 1489 rapport.—
3013 1459 3038 1486 N
3043 1466 3048 1472 -
3064 1459 3147 1489 4767.

2367 1496 2526 1525 Monsieur
2540 1498 2573 1526 43
2588 1507 2655 1533 ans,
2669 1501 2821 1537 physique
2837 1506 2992 1539 agréable,
3009 1508 3111 1536 bonne
3125 1509 3229 1537 famil¬

2333 1532 2369 1564 le,
2400 1540 2570 1562 commerce
2598 1537 2659 1564 très
2688 1539 2864 1571 important,
2900 1543 3002 1570 désire
3033 1546 3173 1579 mariage
3190 1554 3227 1574 au

2332 1569 2402 1598 plus
2428 1570 2471 1597 tôt
2495 1577 2574 1598 avec
2594 1572 2772 1601 demoiselle
2792 1577 2957 1610 ordonnée,
2968 1577 3003 1606 25
3018 1580 3036 1607 à
3051 1580 3085 1608 35
3099 1588 3170 1608 ans.
3195 1597 3229 1602 —

2331 1602 2367 1632 N-
2382 1603 2460 1633 4769.

2366 1654 2545 1683 Lieutenant
2560 1657 2696 1685 aviateur
2707 1660 2852 1695 colonies,
2864 1661 2897 1689 26
2914 1670 2979 1697 ans,
2992 1666 3111 1693 aimant
3123 1669 3227 1701 sports

2330 1691 2359 1716 et
2373 1693 2448 1724 arts,
2468 1691 2571 1720 12.000
2586 1692 2623 1721 fr.
2647 1701 2701 1728 par
2717 1703 2767 1727 an,
2784 1699 2887 1724 avenir
2900 1702 3019 1734 assuré,
3045 1702 3145 1729 désire
3158 1710 3226 1731 cor¬

2330 1727 2498 1760 respondre
2522 1734 2594 1755 avec
2607 1728 2699 1763 jeune
2714 1730 2774 1758 fille
2788 1731 2930 1762 fortunée
2945 1735 2986 1763 du
3002 1737 3143 1766 Midi.-N-
3157 1739 3224 1767 4771

2363 1779 2457 1806 Jeune
2471 1780 2593 1808 homme
2616 1781 2651 1809 29
2670 1790 2736 1813 ans,
2753 1785 2832 1813 belle
2851 1791 3025 1825 prestance,
3049 1790 3155 1820 40.000
3180 1794 3221 1824 fr.

2329 1815 2418 1848 après
2434 1818 2568 1849 parents,
2584 1818 2761 1851 épouserait
2776 1823 2805 1848 et
2819 1821 2907 1850 ferait
2930 1826 2957 1851 la
2981 1825 3093 1855 félicité
3117 1829 3154 1856 de
3171 1830 3223 1857 de¬

2327 1850 2469 1877 moiselle
2483 1858 2524 1879 ou
2539 1860 2634 1880 veuve
2648 1861 2721 1882 sans
2748 1856 2861 1890 enfant,
2879 1859 2917 1887 de
2936 1862 2966 1888 la
2987 1867 3159 1893 campagne
3190 1880 3224 1886 —

2327 1885 2351 1912 N
2393 1886 2475 1914 4712.

2362 1930 2547 1959 Demoiselle
2571 1933 2602 1960 35
2631 1942 2697 1969 ans,
2728 1939 2926 1973 musicienne,
2955 1945 3049 1976 goûts
3081 1945 3220 1981 simples,

2325 1966 2448 2000 n’ayant
2461 1968 2574 2002 jamais
2589 1969 2756 2006 fréquenté,
2778 1982 2833 2007 pas
2850 1976 2888 2003 de
2902 1977 2955 2004 dot
2968 1981 3048 2006 suite
3064 1981 3101 2008 de
3119 1989 3221 2010 revers

2324 2000 2448 2034 famille,
2466 2005 2567 2038 noble,
2583 2006 2760 2040 épouserait
2776 2017 2926 2043 personne
2941 2014 3087 2044 situation
3100 2024 3137 2044 en
3153 2024 3220 2048 rap¬

2322 2041 2401 2071 port.
2422 2053 2456 2058 —
2471 2039 2498 2066 N
2506 2049 2509 2053 -
2524 2040 2602 2068 4773.

2357 2088 2491 2116 Retraité
2507 2089 2541 2116 50
2557 2098 2622 2125 ans,
2646 2092 2767 2121 homme
2794 2096 2833 2123 du
2856 2100 2975 2131 monde,
3004 2101 3086 2128 9.000
3112 2102 3149 2129 fr.
3181 2105 3219 2131 de

2322 2126 2435 2158 rentes,
2448 2131 2567 2152 aucune
2580 2127 2705 2163 charge,
2721 2131 2898 2164 épouserait
2910 2142 3007 2163 veuve
3022 2144 3061 2164 ou
3076 2138 3218 2167 divorcée

2321 2159 2467 2187 situation
2491 2168 2528 2188 en
2554 2167 2691 2199 rapport,
2720 2168 2844 2195 voulant
2868 2169 2987 2198 habiter
3017 2174 3044 2200 le
3069 2174 3156 2202 Midi.
3183 2191 3216 2196 —

2320 2195 2356 2223 N-
2374 2195 2453 2224 4774.

2355 2246 2539 2275 Demoiselle
2572 2251 2729 2284 employée
2753 2253 2790 2280 de
2816 2255 2943 2289 bureau,
2968 2255 3001 2284 28
3027 2265 3093 2292 ans,
3120 2263 3215 2295 ayant

2320 2281 2501 2312 économies,
2520 2284 2696 2318 épouserait
2718 2288 2808 2322 jeune
2831 2291 2953 2319 homme
2979 2292 3014 2319 30
3041 2295 3058 2321 à
3085 2295 3118 2322 35
3146 2304 3212 2330 ans,

2320 2317 2459 2351 honnête,
2476 2323 2569 2353 ayant
2584 2322 2729 2350 situation
2745 2332 2782 2351 ou
2800 2326 2920 2355 métier.
2940 2342 2972 2347 —
2989 2329 3028 2357 N'
3049 2329 3131 2359 4775.

2357 2366 2434 2394 Veuf
2451 2368 2486 2394 52
2510 2376 2575 2401 ans,
2594 2369 2815 2401 fonctionnaire
2844 2375 2982 2409 colonial,
3000 2379 3138 2408 instance
3177 2383 3214 2410 de

2319 2402 2453 2436 retraite,
2483 2411 2544 2431 non
2576 2405 2708 2440 installé,
2728 2410 2851 2437 retraite
2864 2411 2946 2439 4.500
2958 2413 3007 2446 fr.,
3031 2422 3140 2443 revenu
3155 2424 3211 2445 an¬

2319 2438 2399 2472 nuel,
2412 2437 2511 2467 16.000
2525 2440 2580 2473 fr.,
2595 2441 2696 2470 désire
2711 2445 2848 2480 mariage
2863 2454 2899 2474 en
2917 2452 3043 2484 rapport
3063 2465 3076 2471 -
3094 2452 3129 2480 N'
3143 2453 3212 2481 4776

2352 2482 2449 2510 Jeune
2463 2484 2585 2511 homme
2607 2484 2640 2512 31
2665 2494 2732 2520 ans,
2757 2495 2892 2523 coupeur
2915 2493 3041 2521 tailleur
3065 2495 3210 2530 diplômé,

2319 2519 2411 2551 ayant
2436 2520 2618 2555 économies,
2651 2523 2826 2556 épouserait
2852 2527 3028 2557 demoiselle
3052 2538 3090 2558 ou
3118 2539 3211 2560 veuve

2320 2556 2410 2588 ayant
2425 2555 2570 2583 situation
2586 2564 2622 2584 eu
2639 2562 2777 2593 rapport.
2797 2576 2830 2580 —
2850 2562 2885 2589 N'
2903 2563 2971 2590 4777

2352 2604 2508 2631 Monsieur
2521 2604 2554 2632 24
2571 2613 2636 2639 ans,
2652 2608 2712 2635 bon
2728 2610 2845 2642 métier,
2862 2615 2956 2647 ayant
2972 2616 3086 2650 avenir,
3114 2618 3209 2651 épou¬

2316 2640 2408 2666 serait
2423 2640 2598 2668 demoiselle
2613 2649 2652 2670 ou
2667 2650 2760 2672 veuve
2780 2646 2818 2672 de
2833 2654 2942 2680 guerre
2956 2655 3048 2684 ayant
3064 2654 3208 2681 situation

2316 2681 2352 2701 en
2369 2681 2507 2710 rapport,
2524 2684 2656 2713 envoyer
2670 2679 2771 2712 photo.
2795 2697 2825 2702 —
2841 2683 2880 2710 N‘
2900 2684 2975 2712 4779.

2352 2723 2431 2751 Veuf
2443 2725 2474 2752 53
2492 2732 2558 2757 ans,
2574 2726 2646 2755 chef
2658 2728 2697 2755 de
2711 2736 2785 2761 gare
2806 2731 2941 2764 P.L.M.,
2958 2737 3037 2768 seul,
3062 2739 3208 2766 situation

2314 2758 2397 2786 9.000
2410 2759 2460 2793 fr.,
2474 2761 2652 2793 affectueux,
2671 2765 2849 2799 épouserait
2860 2768 3040 2799 demoiselle
3050 2779 3089 2801 ou
3113 2781 3207 2803 veuve

2314 2802 2386 2821 sans
2405 2796 2521 2830 enfant,
2545 2800 2603 2828 âge
2626 2801 2655 2825 et
2685 2801 2831 2829 situation
2860 2810 2896 2830 en
2927 2811 3064 2838 rapport,
3097 2808 3207 2838 femme

2314 2829 2501 2859 d’intérieur.
2521 2846 2552 2851 —
2569 2833 2603 2859 N'
2625 2833 2694 2861 4780
2717 2852 2737 2866 ».

2351 2879 2425 2906 Fille
2441 2880 2562 2914 unique,
2579 2881 2612 2908 26
2628 2890 2694 2916 ans,
2711 2885 2816 2919 région
2834 2887 2896 2922 Est,
2915 2890 3015 2918 désire
3030 2899 3207 2927 correspon¬

2315 2915 2367 2941 dre
2380 2922 2416 2941 en
2433 2923 2488 2942 vue
2504 2917 2542 2943 de
2555 2919 2702 2953 mariage,
2718 2928 2791 2949 avec
2803 2923 2894 2956 jeune
2909 2925 3031 2954 homme
3042 2930 3134 2960 ayant
3145 2931 3208 2957 très

2313 2950 2413 2977 bonne
2427 2952 2583 2985 situation,
2600 2955 2774 2990 catholique
2789 2960 2975 2994 pratiquant.
2998 2978 3028 2982 —
3046 2964 3085 2992 N'
3102 2963 3169 2992 4781

2350 2996 2496 3031 Employé
2516 2997 2635 3031 P.T.T.,
2649 2998 2682 3025 35
2699 3007 2764 3032 ans,
2791 3003 2940 3038 physique
2968 3008 3125 3042 agréable,
3144 3011 3205 3037 très

2312 3031 2444 3063 sérieux,
2461 3032 2522 3059 bon
2536 3040 2629 3067 cœur,
2645 3035 2821 3065 traitement
2844 3039 2926 3067 6.500
2948 3041 3003 3073 fr.,
3032 3045 3206 3073 économies

2313 3065 2411 3094 30.000
2427 3066 2480 3099 fr.,
2495 3069 2647 3103 épousera
2661 3072 2672 3097 t
2686 3079 2836 3106 personne
2846 3076 2992 3111 sérieuse,
3005 3079 3202 3110 affectueuse.

2312 3102 2496 3132 -N'4782.

2346 3148 2529 3176 Demoiselle
2542 3149 2576 3176 28
2602 3157 2668 3184 ans,
2686 3153 2875 3189 catholique,
2902 3156 2964 3185 fille
2995 3160 3118 3195 unique,
3151 3162 3205 3191 dot

2311 3183 2415 3210 10.000
2426 3183 2480 3218 fr.,
2492 3187 2674 3219 espérances
2685 3187 2718 3215 40
2732 3189 2783 3215 000
2794 3191 2847 3221 fr.,
2862 3192 3037 3226 épouserait
3050 3198 3206 3226 monsieur

2309 3220 2403 3253 ayant
2420 3222 2569 3248 situation
2581 3223 2661 3249 sûre,
2677 3223 2897 3255 fonctionnaire
2914 3236 2952 3257 ou
2967 3232 3108 3266 employé
3123 3233 3205 3262 d’ad-

2309 3256 2491 3283 mistration.
2509 3271 2542 3276 —
2561 3257 2587 3285 N
2591 3266 2596 3271 -
2620 3258 2700 3285 4783.

2324 3303 2420 3332 Jeune
2439 3305 2563 3333 homme
2577 3307 2706 3340 sérieux,
2725 3309 2759 3336 32
2776 3318 2843 3342 ans,
2867 3315 3012 3343 situation
3038 3317 3122 3346 6.000
3147 3318 3202 3353 fr.,

2307 3340 2480 3374 épouserait
2500 3342 2588 3373 jeune
2609 3343 2682 3377 fille,
2700 3344 2815 3374 famille
2839 3349 3016 3386 honorable,
3041 3354 3203 3383 éducation

2306 3377 2441 3410 soignée,
2462 3379 2692 3414 sympathique,
2716 3381 2751 3408 22
2766 3383 2783 3409 à
2812 3384 2843 3410 31
2872 3391 2939 3416 ans,
2967 3390 3059 3420 ayant
3089 3391 3148 3419 dot.
3172 3407 3204 3412 —

2305 3411 2341 3438 N'
2360 3412 2438 3440 4784.

2340 3456 2523 3486 Célibataire
2538 3460 2668 3489 sérieux,
2687 3464 2778 3496 ayant
2793 3471 2963 3494 commerce
2974 3469 2991 3495 à
3006 3469 3104 3504 Paris,
3118 3473 3203 3499 avoir

2304 3491 2427 3519 100.000
2446 3493 2500 3524 fr.,
2521 3496 2698 3528 liquiderait
2710 3505 2752 3525 au
2778 3499 2893 3534 besoin,
2924 3503 3100 3536 épouserait
3128 3514 3199 3540 per¬

2303 3534 2398 3554 sonne
2410 3529 2558 3562 agréable
2573 3536 2666 3566 ayant
2689 3535 2835 3562 situation
2860 3544 2896 3564 en
2921 3542 3056 3573 rapport,
3080 3541 3115 3568 30
3129 3543 3146 3569 â
3167 3543 3200 3570 35

2304 3570 2370 3590 ans.
2392 3578 2421 3583 —
2438 3565 2476 3592 N'
2498 3565 2576 3593 4785.

2339 3608 2522 3638 Demoiselle
2539 3611 2572 3638 23
2592 3619 2658 3644 ans,
2682 3616 2774 3649 ayant
2790 3617 2923 3644 certaine
2940 3619 3073 3654 aisance,
3098 3623 3200 3651 désire

2303 3647 2523 3677 correspondre
2533 3654 2570 3673 en
2584 3654 2642 3675 vue
2656 3649 2694 3675 de
2709 3651 2856 3686 mariage,
2882 3661 2953 3681 avec
2963 3656 3054 3689 jeune
3074 3658 3200 3686 homme

2301 3679 2487 3714 catholique,
2508 3683 2635 3717 sérieux,
2652 3689 2745 3718 ayant
2760 3688 2920 3718 situation.
2939 3704 2971 3710 —
2995 3691 3125 3721 N'4786.

2338 3724 2521 3752 Demoiselle
2542 3726 2574 3753 34
2595 3734 2662 3761 ans,
2687 3731 2747 3757 séri
2769 3738 2833 3764 use,
2863 3734 3047 3769 catholique,
3073 3738 3200 3767 affectu¬

2300 3766 2384 3791 euse,
2398 3760 2580 3793 économies,
2594 3766 2788 3798 espérances,
2805 3769 2952 3796 situation
2962 3771 3047 3798 5.400
3057 3772 3106 3807 fr.,
3120 3782 3201 3802 com¬

2300 3801 2401 3822 merce
2417 3796 2533 3826 modes,
2551 3802 2721 3831 épouserait
2741 3803 2895 3831 monsieur
2911 3804 2944 3832 35
2959 3807 2976 3834 à
2992 3806 3024 3835 42
3036 3815 3092 3836 ans
3106 3813 3200 3844 ayant

2302 3831 2402 3857 bonne
2416 3831 2576 3860 situation.
2596 3849 2629 3854 —
2645 3836 2680 3862 N'
2700 3836 2777 3864 4788.

2329 3884 2509 3912 Demoiselle
2528 3886 2562 3912 28
2577 3893 2642 3916 ans,
2657 3889 2808 3923 physique
2825 3894 2979 3928 agréable,
2997 3898 3197 3934 musicienne,

2301 3919 2351 3947 125
2365 3919 2418 3946 000
2433 3920 2468 3947 fr.
2485 3922 2515 3947 et
2530 3922 2681 3951 mobilier,
2702 3926 2877 3958 épouserait
2905 3929 3020 3959 officier
3045 3940 3084 3961 ou
3110 3938 3197 3963 autre

2299 3958 2393 3991 ayant
2408 3956 2486 3983 belle
2501 3958 2656 3991 situation,
2675 3959 2709 3986 40
2723 3968 2790 3994 ans,
2808 3963 2986 3994 affectueux.
3003 3983 3035 3987 —
3051 3969 3086 3997 N-
3105 3971 3173 3999 4789

2336 4013 2415 4041 Veuf
2430 4015 2462 4041 50
2477 4022 2543 4048 ans,
2559 4019 2653 4050 ayant
2668 4018 2729 4044 très
2753 4019 2800 4046 bel
2816 4027 2832 4046 e
2860 4022 3017 4058 situation,
3041 4025 3141 4056 25.000
3151 4031 3194 4059 fr.

2299 4056 2355 4082 par
2371 4057 2419 4080 an,
2438 4051 2611 4078 éoouserait
2630 4053 2807 4082 demoiselle
2824 4064 2860 4083 ou
2881 4066 2974 4088 veuve
2991 4066 3084 4096 ayant
3099 4066 3196 4094 situa¬

2299 4085 2362 4112 tion
2378 4092 2414 4111 en
2428 4088 2568 4118 rapport.
2587 4101 2620 4107 —
2636 4088 2674 4114 N'
2694 4089 2776 4118 4790.

2333 4137 2517 4166 Célibataire
2532 4139 2565 4166 42
2595 4147 2662 4173 ans,
2694 4143 2886 4176 mécanicien,
2917 4152 3011 4183 ayant
3037 4153 3196 4188 situation,

2299 4172 2473 4206 épouserait
2484 4175 2660 4203 demoiselle
2673 4176 2708 4205 25
2720 4180 2736 4204 A
2751 4178 2783 4205 32
2799 4188 2865 4216 ans,
2879 4184 3029 4220 physique
3039 4191 3195 4224 agréable,

2298 4211 2454 4241 passerait
2467 4217 2520 4237 sur
2534 4211 2634 4239 tache.
2652 4228 2680 4232 —
2698 4214 2722 4241 N
2732 4223 2737 4228 -
2754 4215 2822 4244 4791

2336 4262 2480 4289 Divorcée
2496 4264 2513 4291 A
2528 4272 2583 4292 son
2600 4266 2699 4300 profit,
2715 4275 2788 4297 sans
2809 4271 2942 4308 enfants,
2952 4275 2986 4304 45
3012 4285 3078 4312 ans,
3104 4280 3195 4309 affec¬

2298 4297 2416 4329 tueuse,
2443 4298 2556 4326 femme
2586 4301 2773 4338 d’intérieur,
2795 4309 2881 4336 avoir
2909 4309 2999 4340 6.000
3031 4314 3068 4341 fr.
3096 4318 3126 4342 et
3154 4325 3195 4344 un

2298 4334 2468 4364 trousseau,
2482 4335 2656 4369 épouserait
2667 4342 2823 4370 monsieur
2833 4343 2867 4373 45
2881 4346 2897 4373 à
2913 4347 2948 4373 50
2961 4355 3065 4375 ans.—
3077 4351 3112 4378 N-
3126 4352 3197 4379 4792

2333 4377 2428 4404 Jeune
2442 4378 2504 4406 fille
2520 4381 2617 4409 bonne
2633 4382 2758 4415 famil'e,
2772 4386 2858 4422 jolie,
2874 4392 3020 4425 sérieuse,
3034 4396 3197 4423 musicien¬

2298 4419 2344 4441 ne,
2359 4413 2393 4438 25
2408 4420 2475 4448 ans,
2493 4418 2586 4451 ayant
2602 4418 2679 4446 beau
2697 4422 2868 4455 trousseau,
2887 4428 3080 4462 espérances,
3097 4432 3194 4465 épou¬

2298 4450 2389 4474 serait
2414 4449 2506 4484 jeune
2534 4453 2656 4482 homme
2686 4460 2777 4491 ayant
2808 4461 2906 4489 bonne
2946 4465 3101 4497 situation,
3134 4468 3195 4495 très

2297 4484 2430 4512 sérieux.
2445 4502 2471 4506 —
2486 4487 2514 4515 N
2521 4496 2526 4503 -
2547 4489 2616 4517 4793

2333 4528 2412 4555 V<uf
2425 4531 2457 4558 55
2470 4539 2536 4564 ans,
2553 4540 2627 4562 sans
2642 4536 2758 4570 enfant,
2782 4541 2857 4573 seul,
2888 4543 3020 4575 sérieux,
3054 4545 3196 4575 habitant

2298 4563 2429 4598 Algérie,
2446 4571 2585 4603 employé
2602 4571 2719 4604 Mairie,
2738 4577 2831 4607 ayant
2842 4577 2988 4604 intérieur
3001 4580 3031 4605 et
3041 4582 3194 4615 mobilier,

2297 4600 2396 4627 désire
2411 4604 2501 4630 union
2519 4613 2592 4632 avec
2608 4614 2701 4635 veuve
2722 4617 2760 4636 ou
2775 4610 2837 4638 fille
2851 4611 2886 4640 36
2901 4614 2919 4640 à
2946 4613 2980 4640 46
3007 4622 3073 4649 ans,
3100 4621 3197 4649 ayant

2297 4636 2457 4665 situation.
2478 4654 2509 4659 —
2526 4641 2560 4668 N'
2575 4641 2660 4671 3599.

2332 4680 2540 4713 Sous-officier
2556 4688 2593 4713 de
2606 4688 2750 4721 carrière,
2767 4689 2798 4716 24
2813 4698 2881 4725 ans,
2897 4694 2968 4720 bien
2982 4702 3054 4721 sous
3070 4698 3138 4723 tous
3152 4699 3195 4725 les

2297 4719 2450 4753 rapports,
2471 4721 2650 4755 affectueux,
2667 4724 2767 4751 désire
2781 4727 2919 4762 mariage
2935 4735 3007 4755 avec
3020 4730 3112 4763 jeune
3133 4733 3196 4761 fille

2296 4758 2335 4780 ou
2347 4760 2443 4782 veuve
2458 4759 2551 4791 ayant
2567 4758 2665 4785 bonne
2679 4760 2839 4790 situation.
2859 4777 2892 4783 —
2907 4770 2929 4789 N
2938 4771 2943 4778 1
2960 4764 3041 4793 4795.

2332 4797 2434 4828 Veuve
2450 4802 2566 4828 certain
2581 4802 2649 4835 âge,
2665 4802 2842 4837 honorable,
2857 4806 2937 4833 belle
2963 4810 3121 4845 situation,
3143 4814 3194 4841 dé¬

2297 4832 2358 4862 sire
2372 4837 2530 4862 connaître
2545 4838 2700 4865 monsieur
2716 4840 2773 4871 âge
2789 4842 2820 4866 et
2835 4842 2979 4871 situation
3006 4853 3042 4872 en
3068 4851 3197 4882 rapport

2295 4873 2346 4906 qui
2362 4872 2564 4898 consentirait
2579 4872 2597 4897 â
2610 4873 2694 4900 vivre
2708 4874 2793 4902 hiver
2806 4876 2929 4910 Algérie
2945 4878 3011 4909 l’été
3026 4889 3064 4910 en
3080 4884 3170 4913 Franc
3180 4893 3196 4913 e

2296 4923 2328 4927 —
2346 4907 2369 4935 N
2404 4906 2484 4934 4797.

2332 4952 2451 4986 Officier
2465 4950 2501 4977 30
2516 4958 2581 4982 ans,
2599 4951 2677 4978 brun
2695 4953 2846 4989 physique
2862 4959 3019 4994 agréable,
3043 4964 3196 4993 demande

2294 4987 2385 5021 jeune
2400 4986 2461 5013 fille
2473 4993 2512 5013 ou
2527 4986 2616 5019 jeune
2633 4995 2726 5015 veuve
2739 4990 2748 5023 j
2765 4991 2820 5021 .lie,
2839 4996 3056 5026 sentimentale
3082 5004 3112 5027 et
3145 5004 3194 5028 sé¬

2297 5024 2407 5051 rieuse,
2423 5028 2501 5055 pour
2518 5022 2665 5056 mariage,
2684 5027 2778 5058 ayant
2794 5028 2895 5057 bonne
2907 5032 3107 5063 situation.N-
3125 5037 3196 5064 4800

2333 5068 2485 5093 Monsieur
2502 5066 2534 5094 49
2549 5073 2615 5097 ans,
2636 5071 2858 5105 ex-capitaine,
2881 5076 2979 5110 légion
3012 5079 3194 5114 d’honneur,

2297 5103 2441 5129 s’tuation
2466 5102 2547 5129 9.000
2574 5101 2622 5136 fr.,
2639 5111 2674 5130 en
2701 5107 2839 5136 instance
2866 5112 2903 5138 de
2934 5113 3064 5149 divorce,
3094 5117 3197 5144 désire

2297 5138 2404 5164 liaison
2423 5138 2607 5173 immédiate,
2623 5140 2754 5175 sérieux,
2772 5143 2824 5172 dot
2837 5153 2875 5175 ou
2895 5149 3043 5178 situation
3060 5159 3096 5179 en
3124 5160 3195 5183 rap¬

2297 5174 2366 5205 port
2384 5187 2412 5191 —
2428 5172 2467 5200 N'
2484 5173 2568 5200 4801.
