3592 5512
2643 222 2695 273 20
2735 221 2856 275 AOUT
2877 219 2979 278 1920

848 396 1404 600 REVUE
1435 385 1507 402 -
1592 402 2604 609 MENSUELLE

607 654 765 713 Liste
800 653 1176 714 (TAnnonces
1204 655 1696 716 Matrimoniales
1730 661 2085 732 paraissant
2124 662 2176 719 le
2210 661 2300 722 20
2330 660 2399 721 de
2430 660 2651 737 chaque
2679 666 2833 724 mois

402 780 454 821 L*
456 780 762 822 Abonnement
783 786 850 822 est
890 782 946 822 de
974 780 1325 833 VINGT-CINQ
1360 782 1595 825 FRANCS
1612 798 1731 837 pour
1760 791 1922 839 quatre
1944 788 2054 829 mois
2076 792 2118 828 et
2146 786 2555 841 TRENTE-CINQ
2585 788 2822 834 FRANCS
2833 806 2953 846 pour

349 858 477 904 mois,
499 856 700 898 donnant
721 856 843 898 droit
863 860 890 897 à
913 872 998 897 une
1017 858 1278 914 inscription
1298 861 1498 911 gratuite
1523 873 1604 901 sur
1624 876 1696 901 ma
1719 862 1833 903 liste.
1856 882 1909 892 —
1927 863 2014 904 Les
2036 876 2263 906 annonces
2280 871 2380 906 sont
2401 866 2459 907 de
2480 872 2645 920 quatre
2665 869 2809 922 lignes
2830 871 3077 912 maximum
3082 900 3092 912 .

410 937 750 973 Abonnements
784 948 896 980 pour
918 938 1160 979 l’Etranger
1188 948 1198 973 :
1226 937 1463 975 TRENTE
1483 939 1635 977 francs
1656 953 1767 984 pour
1796 949 1952 983 quatre
1973 947 2087 980 mois
2109 951 2154 980 et
2183 944 2505 986 QUARANTE
2529 947 2681 983 francs
2710 959 2821 992 pour
2848 951 2917 984 six
2942 952 3055 987 mois

751 1006 946 1048 Adresser
963 1009 1113 1047 Lettres
1132 1011 1170 1048 et
1199 1008 1420 1050 Mandats'à
1441 1013 1518 1050 M“*
1548 1022 1674 1052 veuve
1701 1013 1964 1065 CI1ABAUD,
1989 1014 2201 1056 Directrice
2221 1016 2269 1055 de
2289 1016 2346 1055 La
2365 1018 2493 1057 Revue
2522 1018 2728 1059 Mensuelle

1231 1081 1292 1131 18,
1329 1093 1401 1122 rue
1433 1082 1656 1133 Ste-Croix,
1689 1077 2034 1128 MONTÉLIMAR
2073 1086 2265 1137 (Drôme).

369 1233 478 1272 Noire
505 1246 627 1272 oeuvre
650 1248 670 1269 a
703 1246 787 1280 pour
822 1235 883 1269 but
904 1235 947 1269 de
970 1234 1069 1268 venir
1084 1241 1124 1264 en
1146 1229 1223 1263 aide

326 1290 389 1315 aux
417 1283 562 1316 familles
578 1282 636 1323 qui
655 1282 808 1315 désirent
825 1280 949 1315 marier
968 1279 1058 1312 leurs
1073 1275 1222 1314 enfants,

325 1335 389 1359 aux
409 1337 535 1361 veuves
551 1327 609 1367 qui
649 1326 853 1359 voudraient
879 1335 914 1357 se
948 1322 1122 1360 remarier,
1155 1329 1220 1352 aux

325 1372 500 1413 orphelins
538 1377 573 1405 et
596 1380 663 1405 aux
685 1369 868 1405 Messieurs
899 1368 957 1413 qui
984 1367 1104 1402 rêvent
1125 1365 1168 1398 de
1187 1374 1224 1397 se

326 1416 449 1450 f&ider
465 1426 509 1450 un
525 1417 634 1460 foyer,
657 1425 723 1448 une
740 1414 878 1448 famille.

371 1460 479 1495 Notre
503 1469 624 1494 oeuvre
648 1469 722 1492 sera
751 1457 947 1502 approuvée
975 1466 1034 1499 par
1063 1459 1142 1487 tous
1163 1462 1224 1486 nos

326 1504 492 1545 abonnés,
506 1504 678 1548 lorsqu'ils
693 1507 835 1538 sauront
843 1502 947 1546 qu'ils
963 1502 1114 1543 peuvent
1130 1501 1224 1531 trou¬

329 1558 399 1590 ver,
416 1548 518 1593 grâce
537 1548 557 1584 à
575 1552 674 1583 notre
695 1557 872 1586 concours,
904 1547 933 1580 le
963 1553 1092 1589 moyen
1118 1539 1162 1576 de
1189 1550 1225 1575 se

328 1596 453 1628 marier
483 1595 578 1628 selon
602 1594 691 1627 leurs
712 1593 825 1638 goûts,
861 1593 953 1625 leurs
969 1599 1051 1623 vues
1073 1591 1108 1622 et
1128 1587 1224 1621 selon

327 1639 421 1674 leurs
434 1638 643 1674 conditions.

373 1683 470 1718 Nous
498 1685 614 1727 prions
633 1682 680 1716 les
710 1681 834 1715 Dames
854 1684 889 1714 et
915 1681 961 1714 les
978 1677 1167 1714 Messieurs
1182 1675 1226 1709 de

329 1738 416 1763 nous
435 1737 588 1773 envoyer
615 1727 645 1760 le
666 1726 945 1771 plus-d’abonnés
977 1723 1138 1768 possible,
1156 1720 1224 1754 afin

329 1784 397 1817 que
416 1778 516 1808 notre
530 1782 651 1808 œuvre
664 1771 891 1816 s’agrandisse
931 1772 966 1804 et
982 1769 1096 1813 puisse
1113 1775 1173 1809 par
1189 1775 1227 1800 ce

330 1825 455 1863 moyen
477 1818 623 1852 faciliter
643 1816 787 1851 nombre
824 1814 867 1849 de
899 1814 1067 1858 mariages
1083 1815 1116 1846 et
1142 1810 1226 1845 faire

329 1864 362 1897 le
376 1864 453 1907 plus
468 1863 659 1898 d’heureux
673 1860 837 1906 possible,
852 1869 911 1894 car
925 1859 1007 1894 c’est
1024 1866 1092 1891 une
1112 1856 1226 1889 bonne

330 1909 443 1943 action
472 1918 540 1953 que
571 1916 656 1941 vous
687 1907 774 1941 ferez
806 1914 848 1939 en
885 1905 1095 1948 propageant
1128 1903 1227 1934 notre

330 1961 462 1994 œuvre,
487 1962 570 1987 vous
600 1960 686 1985 nous
710 1950 843 1985 aiderez
876 1948 963 1983 ainsi
984 1948 1001 1982 à
1026 1944 1227 1982 contribuer

329 2008 375 2032 au
394 1997 551 2032 bonheur
567 1996 629 2031 des
659 1995 805 2030 familles
830 1994 890 2039 qui
919 1993 1073 2027 désirent
1086 1994 1227 2024 trouver

333 2053 378 2077 un
387 2043 499 2087 époux
511 2053 555 2076 ou
570 2051 637 2075 une
648 2042 775 2085 épouse
788 2049 874 2084 pour
890 2039 980 2072 leurs
998 2036 1146 2075 enfants,
1159 2043 1226 2069 aux

332 2097 459 2122 veuves
476 2097 520 2122 un
538 2085 687 2127 soutien,
704 2081 725 2118 à
751 2083 930 2127 l’orphelin
947 2092 992 2117 un
1009 2081 1107 2125 foyer
1126 2082 1159 2113 et
1184 2088 1227 2112 au

332 2132 546 2169 relèvement
572 2131 618 2164 de
648 2130 681 2163 la
699 2128 831 2164 France
863 2127 925 2170 qui
948 2126 1075 2165 donne,
1106 2134 1165 2168 par
1180 2124 1229 2157 les

333 2178 502 2221 mariages
519 2175 670 2215 féconds,
684 2175 743 2208 des
759 2173 888 2207 soldats
903 2173 923 2206 à
941 2172 971 2205 la
988 2170 1103 2205 Patrie
1118 2172 1153 2202 et
1168 2167 1229 2212 qui

333 2223 406 2257 font
422 2222 482 2256 des
501 2221 645 2255 femmes
665 2219 709 2254 de
742 2219 872 2252 bonnes
897 2217 1007 2251 mères
1024 2215 1067 2248 de
1087 2213 1227 2246 famille.

378 2279 470 2315 6'est
483 2279 568 2313 dans
585 2287 624 2312 ce
648 2277 711 2311 but
742 2284 811 2321 que
833 2284 919 2309 nous
940 2284 1046 2308 avons
1072 2271 1176 2306 fondé
1202 2270 1231 2304 la

334 2326 457 2360 Revue
475 2321 683 2359 Mensuelle.

378 2378 476 2413 Nous
495 2388 540 2412 ne
559 2381 682 2412 tenons
703 2385 762 2419 pas
791 2383 859 2408 une
885 2373 1028 2416 Agence
1049 2369 1232 2404 matrimo¬

336 2424 425 2459 niale
445 2427 479 2459 et
494 2432 582 2457 nous
603 2430 644 2454 ne
675 2426 823 2464 prenons
848 2427 982 2451 aucune
1008 2414 1229 2450 commission

334 2479 393 2503 sur
413 2468 446 2502 la
459 2467 532 2502 dot.
550 2464 652 2500 Voici
671 2465 847 2498 comment
865 2472 951 2496 nous
966 2459 1156 2504 procédons
1179 2468 1185 2491 :

379 2522 477 2556 Vous
489 2531 575 2555 nous
598 2517 758 2562 indiquez
774 2515 917 2551 d’abord
931 2517 1028 2548 votre
1042 2515 1116 2557 âge,
1137 2514 1234 2545 votre

335 2568 501 2602 situation
531 2566 574 2598 de
595 2564 746 2602 fortune,
769 2564 865 2595 votre
900 2559 1102 2603 profession,
1135 2560 1232 2589 votre

335 2613 410 2652 dot,
432 2621 493 2645 vos
510 2610 715 2653 espérances
733 2610 769 2640 et
787 2615 826 2640 ce
848 2615 918 2648 que
933 2614 1017 2638 vous
1033 2601 1176 2638 désirez,
1198 2603 1234 2634 et

337 2667 423 2691 nous
456 2665 542 2689 vous
568 2653 761 2687 inscrivons
798 2659 858 2685 sur
885 2653 984 2682 notre
1018 2648 1106 2685 liste,
1149 2654 1234 2688 pour

337 2702 422 2735 trois
443 2699 542 2740 mois,
564 2707 625 2742 par
652 2706 719 2729 une
737 2704 895 2729 annonce
915 2702 982 2736 que
1007 2692 1041 2735 je
1062 2691 1123 2724 fais
1150 2689 1234 2722 moi-

338 2744 452 2779 même
463 2747 500 2778 et
510 2752 597 2776 nous
618 2751 702 2774 vous
713 2740 871 2773 donnons
889 2748 934 2770 un
945 2736 1099 2780 ^numéro
1109 2735 1234 2767 faisant

337 2789 428 2824 suite
446 2791 466 2822 à
488 2789 578 2821 cette
604 2793 772 2818 annonce.
793 2780 883 2817 C’est
910 2790 970 2824 par
992 2780 1023 2814 le
1044 2788 1170 2821 moyen
1190 2777 1234 2810 de

337 2844 376 2869 oe
390 2832 536 2867 numéro
550 2839 619 2875 que
638 2839 721 2862 vous
738 2836 868 2871 pouvez
887 2823 1136 2867 correspondre
1149 2831 1234 2856 avec

337 2882 418 2912 tous
446 2878 495 2911 les
521 2874 674 2909 abonnés
698 2873 742 2907 de
762 2874 862 2905 notre
877 2870 968 2904 liste.

382 2922 538 2967 Lorsque
554 2928 638 2956 vous
659 2917 792 2952 désirez
812 2913 1060 2957 correspondre
1076 2921 1159 2945 avec
1186 2920 1233 2944 un

337 2966 474 3002 abonné
483 2972 520 2999 et
532 2974 600 3009 que
619 2973 705 2997 vous
723 2971 805 2995 avez
822 2959 932 2995 choisi
952 2958 1038 2992 dans
1059 2956 1090 2989 la
1111 2956 1236 2989 Revue

338 3008 537 3046 Mensuelle
557 3010 586 3043 le
600 3007 687 3052 parti
703 3005 762 3050 qui
780 3013 864 3039 vous
879 3003 964 3048 plaît
978 3002 1010 3037 le
1032 3002 1119 3046 plus,
1148 3010 1235 3035 voici

337 3058 529 3093 com-ment
544 3061 627 3088 vous
644 3050 808 3097 procéder
823 3058 830 3082 :

699 3101 876 3140 F.XEMPLE

381 3156 496 3191 Jeune
502 3154 652 3193 homme,
666 3152 780 3185 trente
793 3159 867 3192 ans,
883 3147 951 3181 très
967 3145 1056 3181 belle
1071 3143 1236 3179 situation

339 3211 427 3245 dans
437 3207 617 3245 industrie,
627 3207 770 3249 rapport
784 3202 843 3238 dix
853 3201 873 3234 à
886 3202 994 3235 douze
1004 3199 1099 3234 mille
1110 3197 1237 3239 francs,

338 3263 451 3300 désire
468 3269 619 3305 minage
633 3268 676 3293 en
697 3258 848 3301 rapport.
863 3270 911 3281 —
922 3253 1041 3289 Ecrire
1057 3257 1094 3287 n°
1115 3252 1134 3286 2
1146 3261 1155 3292 ;

371 3318 390 3351 "
427 3326 472 3351 ou

382 3366 604 3408 Demoiselle,
618 3364 810 3410 vingt-cinq
828 3372 904 3403 ans,
924 3359 1090 3396 situation
1110 3358 1155 3393 de
1173 3358 1240 3394 for¬

341 3419 426 3451 tune
453 3413 643 3458 vingt-cinq
680 3410 775 3444 mille
795 3410 918 3449 francs,
949 3410 1015 3441 etc.
1053 3424 1092 3430 —
1120 3403 1240 3438 Ecrire

340 3467 389 3504 N°
400 3469 426 3503 4
429 3494 436 3501 .

386 3520 485 3556 Vous
505 3519 553 3554 lui
567 3515 700 3554 écrivez
721 3511 933 3550 vous-même
949 3524 992 3548 ou
1013 3513 1111 3546 faites
1130 3511 1240 3546 écrire

342 3568 407 3613 pah
419 3565 608 3611 quelqu’un
626 3561 672 3595 de
692 3564 789 3594 votre
813 3559 952 3599 famille,
976 3569 1017 3592 en
1038 3558 1178 3600 signant
1195 3558 1240 3590 de

347 3615 444 3646 votre
471 3610 629 3648 numéro,
650 3610 686 3641 et
718 3615 804 3638 vous
833 3608 960 3637 mettez
991 3613 1050 3637 sur
1079 3601 1241 3636 l’adresse

345 3655 504 3693 cachetée
522 3658 558 3688 et
572 3650 721 3688 timbrée
735 3650 766 3683 le
789 3647 934 3682 numéro
946 3648 989 3682 de
1009 3648 1041 3680 la
1056 3655 1238 3691 personne,

345 3700 529 3736 deuxième
546 3695 750 3738 enveloppe,
772 3702 857 3727 avec
885 3702 942 3726 ces
960 3692 1126 3736 quelques
1151 3693 1241 3724 mots

346 3750 406 3781 sut
418 3754 486 3779 une
499 3745 593 3777 carte
604 3750 648 3775 ou
661 3749 708 3773 un
723 3739 808 3773 bout
817 3737 861 3771 de
873 3737 990 3780 papier
1002 3736 1090 3770 ainsi
1105 3735 1219 3769 libellé
1231 3744 1238 3768 :

348 3802 365 3822 «
383 3788 573 3826 Monsieur,
586 3794 630 3819 ou
643 3784 814 3822 Madame,
829 3791 874 3815 ou
891 3779 1149 3814 Mademoiselle
1160 3779 1240 3814 X...

365 3837 461 3868 votre
475 3842 556 3866 nom
580 3833 616 3865 et
636 3832 734 3863 votre
752 3826 912 3868 numéro)
933 3825 1005 3868 prie
1029 3824 1184 3859 Madame
1211 3826 1242 3857 la

362 3877 539 3912 directrice
554 3875 598 3909 de
612 3873 644 3909 la
664 3874 786 3906 Revue
800 3871 843 3905 de
867 3870 950 3904 faire
975 3869 1137 3913 parvenir
1153 3872 1244 3902 cette

362 3926 452 3957 ettre
465 3920 484 3953 à
503 3917 551 3953 tel
570 3919 715 3952 numéro
731 3928 747 3948 »
768 3919 804 3950 et
822 3924 908 3949 vous
927 3915 1084 3948 cachetez
1108 3916 1143 3946 et
1158 3913 1243 3946 tim¬

361 3976 429 4007 brez
444 3969 535 4000 cette
551 3962 733 3997 deuxième
752 3958 977 4001 enveloppe-à
998 3957 1144 4001 laquelle
1160 3967 1244 3990 vous

349 4014 475 4050 mettez
491 4018 570 4044 mon
584 4006 736 4047 adresse,
750 4008 786 4038 et
801 4002 946 4037 aussitôt
961 4011 1074 4048 reçue,
1090 4001 1123 4044 je
1138 4001 1244 4034 défais

350 4057 382 4091 la
396 4054 567 4101 première
580 4051 784 4094 enveloppe,
799 4047 930 4092 j’efface
945 4047 977 4081 le
992 4047 1137 4080 numéro
1155 4043 1199 4079 de
1215 4045 1246 4079 la

352 4100 535 4135 deuxième
555 4101 591 4132 et
613 4099 702 4130 mets
727 4094 887 4128 l’adresse
906 4092 950 4126 de
973 4090 1004 4125 la
1024 4100 1194 4135 personne
1213 4093 1247 4125 et

352 4144 536 4188 réexpédie
552 4143 582 4177 la
603 4142 715 4176 lettre.
738 4138 834 4173 Vous
855 4147 985 4181 pouvez
1000 4136 1248 4178 correspondre

351 4199 436 4224 avec
444 4193 524 4223 tous
538 4197 602 4222 nos
615 4183 768 4220 abonnés
779 4193 859 4218 sans
869 4192 954 4215 vous
965 4181 1047 4214 faire
1057 4181 1246 4215 connaître.

353 4232 402 4270 Ce
428 4232 516 4268 n’est
543 4241 611 4276 que
637 4230 774 4273 lorsque
808 4236 892 4261 vous
931 4235 1032 4260 aurez
1060 4225 1119 4259 fait
1154 4230 1250 4259 votre

355 4278 467 4320 choix,
501 4287 570 4321 que
600 4284 683 4309 vous
713 4284 798 4308 vous
824 4272 957 4305 donnez
986 4268 1250 4304 mutuellement

355 4326 455 4363 votre
475 4319 642 4357 véritable
669 4319 807 4353 adresse
830 4319 866 4350 et
884 4324 952 4364 que
972 4324 1055 4348 vous
1083 4323 1165 4347 vous
1186 4314 1251 4351 mé¬

358 4377 461 4409 nagez
477 4375 545 4399 une
559 4368 726 4398 entrevue
741 4371 826 4406 pour
842 4359 982 4396 décider
996 4359 1040 4392 de
1055 4363 1151 4395 votre
1166 4361 1249 4391 sort.

401 4408 450 4451 Le
465 4410 542 4454 prix
561 4408 605 4442 de
624 4412 724 4444 notre
743 4407 977 4439 abonnement
995 4408 1048 4437 est
1068 4403 1110 4436 de
1135 4403 1250 4445 vingt-

359 4457 436 4498 cinq
463 4455 573 4488 francs
605 4460 692 4494 pour
716 4453 838 4494 quatre
863 4449 950 4482 mois
975 4452 1008 4483 et
1046 4449 1253 4490 tiente-cinq

357 4503 467 4542 francs
485 4506 571 4542 pour
591 4496 643 4529 six
665 4497 751 4528 mois
768 4498 804 4527 et
828 4502 1013 4527 vous-avez
1033 4487 1124 4526 droit
1145 4490 1164 4526 à
1182 4490 1256 4525 être

358 4543 480 4579 inscrit
497 4539 747 4585 gratuitement
765 4547 824 4571 sur
842 4546 900 4570 ma
922 4537 1012 4572 liste.

406 4588 503 4622 Vous
521 4594 627 4629 voyez
649 4583 793 4626 qu’avec
807 4587 898 4616 cette
926 4582 1091 4626 modique
1109 4590 1253 4621 somme,

363 4643 447 4668 vous
466 4639 597 4676 pouvez
610 4637 697 4663 vous
717 4627 857 4666 marier,
875 4635 954 4659 sans
982 4627 1078 4659 avoir
1094 4624 1112 4658 à
1142 4634 1257 4667 passer

362 4688 425 4723 par
437 4677 499 4710 des
513 4681 660 4718 agences
674 4672 734 4715 qui
753 4680 790 4704 se
806 4669 881 4704 font
906 4679 1021 4704 verser
1036 4669 1199 4703 d’avance
1215 4667 1259 4702 de

363 4732 497 4768 grosses
513 4716 709 4764 provisions
720 4718 754 4749 et
766 4714 825 4758 qui
837 4717 1052 4756 escomptent
1066 4713 1108 4745 de
1123 4722 1258 4755 grosses

363 4765 615 4803 commissions,
638 4770 726 4803 pour
751 4757 918 4792 n’arriver
946 4758 977 4791 le
1005 4758 1082 4800 plus
1110 4760 1258 4790 souvent

362 4812 381 4848 à
394 4820 507 4846 aucun
522 4807 677 4843 résultat.
691 4804 790 4837 Nous
802 4801 943 4836 n’avons
956 4802 1030 4834 rien
1042 4802 1086 4834 de
1097 4810 1258 4834 commun

364 4867 448 4892 avec
463 4856 511 4890 les
540 4858 696 4897 agences,
715 4857 771 4882 car
794 4856 880 4881 nous
902 4855 943 4879 ne
963 4854 1111 4888 prenons
1126 4855 1262 4879 aucune

365 4900 587 4938 commission
617 4904 675 4930 sur
699 4894 730 4928 la
749 4891 821 4926 dot.
841 4889 897 4924 Un
922 4889 1079 4925 modeste
1108 4889 1262 4924 abonne¬

366 4949 463 4982 ment
482 4954 569 4979 nous
590 4944 659 4975 sert
674 4939 717 4972 de
733 4937 918 4981 paiement.

411 4989 609 5033 Lorsqu’un
635 4984 770 5018 abonné
798 4979 879 5015 s’est
906 4978 1014 5013 fiancé
1044 4981 1079 5013 et
1099 4978 1184 5022 qu’il
1209 4978 1264 5013 n’a

368 5037 447 5085 pju$
476 5033 599 5070 besoin
627 5027 672 5067 de
695 5029 797 5067 notre
823 5033 942 5064 revue,
972 5023 997 5062 il
1025 5032 1114 5060 nous
1142 5023 1176 5058 le
1202 5024 1265 5058 fait

369 5081 483 5115 savoir
497 5077 568 5115 afin
582 5084 651 5120 que
666 5082 756 5108 nous
771 5077 902 5114 rayons
916 5077 982 5103 son
1000 5077 1159 5102 annonce
1179 5078 1266 5111 pour

370 5133 415 5169 ne
451 5132 512 5169 pas
548 5121 631 5160 faire
664 5114 915 5160 correspondre
953 5112 1174 5149 inutilement
1203 5121 1267 5147 nos

372 5171 538 5210 abonnés,

1310 1235 1400 1272 Tout
1410 1239 1547 1276 abonné
1557 1239 1631 1275 doit
1642 1242 1813 1284 répondre
1825 1243 1843 1275 à
1858 1245 1969 1276 toutes
1984 1241 2034 1276 les
2046 1240 2166 1275 lettres

1265 1280 1324 1323 qui
1355 1282 1403 1316 lui
1437 1291 1519 1318 sont
1545 1286 1740 1327 adressées;
1772 1287 1803 1321 la
1827 1287 1994 1331 politesse
2024 1287 2159 1328 l’exige,

1266 1335 1309 1358 ne
1339 1327 1471 1362 fussent
1499 1337 1568 1371 que
1603 1339 1661 1365 ces
1700 1333 1785 1366 trois
1818 1341 1861 1365 ou
1894 1335 2018 1374 quatre
2045 1335 2137 1364 mots
2155 1341 2162 1364 :

1269 1381 1283 1400 «
1309 1370 1446 1413 inutile,
1465 1378 1543 1408 tous
1560 1385 1631 1408 mes
1646 1382 1790 1417 regrets.
1809 1393 1848 1399 —
1867 1375 1913 1408 N°
1937 1401 1973 1409 ...
1994 1387 2023 1409 ».

1314 1452 1406 1487 Pour
1437 1454 1583 1488 faciliter
1611 1456 1658 1488 les
1676 1456 1830 1489 abonnés
1845 1456 1887 1489 de
1906 1456 1934 1488 la
1957 1467 1972 1488 «
2002 1456 2120 1489 Revue
2152 1466 2166 1487 »

1268 1505 1355 1531 nous
1372 1499 1447 1532 leur
1462 1500 1659 1535 domierot.t
1677 1501 1723 1533 les
1745 1502 1899 1534 adresses
1918 1501 1979 1535 des
2006 1500 2168 1534 numéros

1267 1552 1302 1575 se
1325 1544 1557 1586 rapprochant
1581 1546 1622 1577 de
1649 1546 1722 1578 leur
1741 1546 1905 1579 situation
1933 1547 1976 1580 de
2007 1546 2124 1579 forten

1267 1586 1312 1620 Ils
1342 1588 1499 1622 n’auront
1526 1598 1611 1633 pour
1632 1591 1702 1623 cela
1727 1591 1804 1634 qu’à
1835 1600 1920 1623 nous
1942 1591 2103 1634 indiquer
2119 1590 2168 1623 Iss

1269 1633 1433 1666 numéros
1446 1635 1507 1676 qui
1530 1636 1602 1667 leur
1618 1635 1852 1668 conviennent
1873 1635 2015 1679 Chaque
2030 1636 2109 1668 dem
2124 1644 2170 1667 in-

1268 1677 1312 1710 de
1338 1678 1382 1710 de
1403 1686 1443 1711 es
1468 1688 1577 1721 genre
1593 1679 1697 1712 devra
1713 1678 1787 1713 être
1799 1681 2052 1723 accompagnée
2064 1680 2170 1712 d’une

1268 1722 1459 1765 enveloppe
1486 1724 1632 1757 timbrée
1656 1735 1740 1766 pour
1760 1726 1790 1757 la
1811 1726 1963 1767 réponse.

1314 1765 1379 1801 Les
1413 1767 1566 1802 abonnés
1619 1768 1774 1802 désirant
1807 1770 1931 1813 garder
1968 1769 2169 1812 l’incognito

1270 1811 1443 1844 voudront
1477 1812 1663 1846 bien.nous
1690 1813 1719 1847 le
1741 1814 1824 1847 faire
1854 1815 1978 1855 savoir,
2012 1811 2079 1847 afin
2102 1824 2169 1857 que

1269 1863 1356 1889 nous
1378 1863 1421 1889 ne
1442 1856 1586 1891 livrions
1612 1868 1670 1900 pas
1687 1858 1777 1892 leurs
1793 1858 1965 1893 adresses.

1310 1934 1418 1968 Pour
1430 1937 1571 1969 toutea
1594 1937 1654 1968 les
1669 1945 1879 1969 annonces
1901 1937 2080 1978 ci-après
2095 1937 2167 1969 s’a¬

1270 1976 1436 2007 dresser
1457 1978 1479 2007 à
1508 1980 1547 2009 la
1576 1977 1806 2010 Directrice
1837 1978 1888 2010 de
1916 1980 1953 2010 la
1983 1988 1999 2008 «
2029 1979 2171 2011 Revue

1270 2016 1511 2049 Mensuelle.
1538 2025 1551 2046 *

1315 2065 1446 2107 Veuve,
1471 2067 1514 2101 42
1536 2077 1614 2108 ans,
1633 2067 1776 2102 fortune
1790 2068 1944 2103 3oo.ooo
1965 2070 2026 2105 fr.,
2051 2068 2172 2103 12.ooo

1271 2111 1313 2144 fr.
1337 2114 1504 2153 revenus,
1527 2113 1618 2155 belle
1636 2115 1816 2156 propriété
1834 2115 2001 2155 agricole
2023 2115 2169 2156 épouse¬

1273 2155 1340 2189 rait
1382 2158 1567 2192 monsieur
1610 2158 1652 2191 4o
1685 2160 1704 2191 à
1739 2159 1782 2192 6o
1829 2167 1905 2195 ans,
1950 2161 2057 2201 ayant
2090 2157 2172 2200 jolie

1273 2201 1442 2235 situation
1459 2210 1502 2234 ou
1517 2201 1673 2236 fortune.
1705 2220 1744 2226 —
1780 2202 1897 2236 Ecrire
1914 2212 1935 2235 n
1942 2212 1948 2218 -
1975 2203 2073 2236 263o.

1320 2253 1417 2294 Veuf,
1445 2253 1485 2288 55
1515 2264 1591 2295 ai.s,
1614 2265 1698 2288 sans
1728 2257 1861 2295 enfant,
1893 2257 1982 2296 seul,
2014 2255 2168 2295 sérieux,

1273 2298 1437 2332 habitant
1454 2299 1607 2342 Algérie,
1626 2300 1793 2343 employé
1814 2301 1950 2341 mairie,
1967 2304 2074 2343 ayant
2091 2300 2172 2334 inté¬

1274 2344 1383 2383 rieur,
1406 2344 1489 2377 mob
1505 2345 1582 2383 lier,
1600 2345 1717 2378 désire
1741 2346 1850 2379 union
1872 2344 2079 2379 demoiselle
2095 2342 2137 2378 36
2153 2348 2171 2378 à

1274 2387 1316 2421 40
1337 2398 1402 2422 ans
1418 2392 1524 2431 ayant
1539 2390 1720 2423 situation.
1739 2407 1782 2413 —
1802 2389 1830 2422 N
1866 2389 1966 2424 3599.

1321 2441 1531 2476 Demoiselle
1569 2443 1737 2483 sérieuse,
1782 2443 1957 2486 physique
1995 2443 2170 2486 agréable,

1276 2488 1408 2521 femme
1445 2487 1666 2524 d’intérieur,
1712 2489 1926 2527 économies,
1971 2490 2174 2531 épouserait

1278 2532 1462 2565 monsieur
1477 2532 1518 2564 25
1535 2534 1553 2565 à
1568 2530 1612 2564 30
1625 2541 1690 2565 ans
1705 2536 1813 2574 ayant
1834 2534 2015 2573 situation,
2031 2534 2172 2576 présen¬

1277 2579 1351 2610 tant
1372 2576 1465 2610 bien.
1483 2594 1523 2599 —
1540 2576 1579 2610 N'
1594 2577 1696 2609 4240.

1314 2630 1417 2660 Jeune
1432 2629 1563 2661 homme
1580 2630 1722 2667 sérieux,
1738 2629 1776 2661 22
1797 2638 1866 2667 an»,
1894 2632 2093 2666 viticulteur,
2117 2638 2172 2669 pas

1276 2669 1420 2705 fumeur,
1436 2670 1632 2710 catholique,
1651 2679 1728 2700 sans
1746 2675 1884 2706 fortune,
1901 2671 2087 2710 épouserait
2120 2672 2173 2702 de¬

1277 2711 1421 2740 moiselle
1434 2718 1473 2740 ou
1489 2718 1589 2741 veuve
1604 2711 1640 2741 19
1656 2712 1674 2740 à
1689 2710 1725 2740 27
1741 2720 1813 2747 ans,
1824 2712 1942 2749 simple
1958 2715 2056 2751 ayant
2071 2711 2170 2741 situa¬

1276 2750 1359 2780 tion.
1380 2765 1417 2770 —
1435 2749 1470 2779 N’
1491 2751 1585 2780 4360.

1315 2798 1414 2828 Dama
1430 2806 1543 2835 veuve,
1559 2798 1598 2828 52
1612 2806 1684 2835 ans,
1697 2807 1773 2830 sans
1785 2798 1917 2835 famille,
1934 2800 2024 2830 avoir
2034 2798 2172 2830 2oo.ooo

1275 2837 1324 2874 fr.,
1342 2838 1526 2875 épouserait
1542 2841 1710 2869 monsieur
1738 2839 1867 2870 sérieux
1887 2843 1985 2877 ayant
2015 2840 2172 2870 situation

1277 2886 1317 2909 eu
1334 2882 1478 2916 rapport.
1495 2893 1532 2901 —
1549 2878 1577 2909 N
1587 2887 1592 2893 -
1613 2879 1704 2909 4370.

1323 2926 1440 2961 Veuve
1459 2927 1502 2962 de
1522 2936 1663 2971 guerre,
1685 2926 1726 2961 39
1751 2937 1827 2968 ans,
1852 2929 1968 2963 bonne
1990 2929 2171 2969 situation,

1279 2972 1334 3006 bel
1343 2972 1526 3012 intérieur,
1538 2973 1772 3011 musicienne,
1782 2974 1983 3016 épouserait
1992 2974 2175 3010 monsieur

1279 3019 1342 3061 âge
1362 3021 1396 3051 et
1416 3018 1585 3052 situation
1606 3027 1649 3051 en
1667 3022 1825 3061 rapport.
1842 3034 1885 3042 —
1901 3017 1928 3051 N
1934 3014 1941 3035 ;
1963 3019 2066 3054 4394.

1324 3071 1545 3111 Demoiselle,
1563 3069 1607 3104 30
1621 3081 1698 3111 ans,
1714 3073 1928 3111 couturière,
1948 3072 2114 3106 conduite
2136 3072 2176 3106 ir¬

1280 3116 1525 3162 réprochable,
1535 3117 1686 3162 qualités
1700 3117 1743 3151 de
1759 3126 1869 3156 cœur,
1882 3119 2094 3151 sentiments
2109 3117 2175 3150 éle¬

1281 3164 1354 3199 vés,
1395 3165 1608 3196 économies,
1641 3165 1852 3204 espérances
1886 3171 1929 3204 ap
1951 3164 1988 3196 ès
2018 3165 2175 3205 parents,

1281 3206 1483 3249 épouserait
1500 3205 1684 3240 monsieur
1703 3210 1811 3249 ayant
1832 3207 2000 3240 situation
2018 3207 2174 3241 assurée.

1281 3251 1344 3285 Pas
1360 3251 1499 3284 serieux
1518 3250 1722 3284 s’abstenir.
1743 3268 1787 3274 —
1804 3251 1846 3283 N'
1864 3251 1962 3285 4429.

1325 3303 1544 3344 Célibataire,
1553 3302 1597 3337 36
1609 3313 1686 3344 ans,
1698 3304 1895 3344 laborieux,
1905 3304 2044 3340 fortun-
2054 3300 2177 3338 55.000

1281 3350 1429 3389 fr.,bien
1446 3358 1532 3383 sous
1548 3352 1627 3383 tous
1644 3351 2035 3392 rapports-;épouserait
2047 3350 2119 3383 title
2135 3350 2177 3383 de

1284 3394 1528 3438 propriétaire,
1558 3394 1601 3427 26
1617 3396 1636 3427 à
1658 3393 1698 3426 35
1718 3404 1795 3433 ans,
1824 3392 2056 3437 intelligente,
2098 3394 2176 3429 bien

1283 3448 1366 3474 sous
1383 3442 1463 3473 tous
1479 3442 1660 3483 rapports.
1679 3456 1712 3464 —
1727 3436 1754 3473 N
1761 3448 1766 3454 -
1785 3438 1882 3474 4459.

1325 3495 1543 3536 Célibataire,
1561 3495 1604 3529 34
1618 3506 1696 3536 ans,
1717 3495 1737 3531 b
1752 3497 1836 3540 ond,
1853 3497 2008 3539 sérieux,
2037 3499 2179 3534 retraite

1283 3540 1765 3579 1.100fr.,économies5.000
1779 3544 2015 3583 fr.,situation
2029 3545 2179 3579 actuelle

1281 3586 1382 3621 6.000
1400 3587 1669 3640 fr.,épouserait
1683 3587 1891 3622 demoiselle
1906 3597 1951 3622 ou
1969 3598 2082 3622 veuve
2095 3599 2179 3624 sans

1283 3633 1416 3671 enfant,
1426 3632 1469 3665 28
1485 3640 1506 3664 a
1521 3629 1562 3666 38
1578 3641 1655 3674 ans,
1665 3636 1773 3674 ayant
1785 3632 2019 3667 situation.—
2034 3631 2060 3666 N
2079 3633 2177 3667 4462.

1324 3685 1528 3721 Demoiselle,
1542 3683 1576 3712 43
1590 3694 1661 3722 ans,
1679 3686 1780 3722 seule»
1789 3685 1948 3716 intérieur
1960 3685 2174 3723 confortable,

1281 3726 1356 3767 jolie
1373 3726 1542 3762 situation,
1558 3725 1903 3765 Comptable-dactylo,
1925 3725 2035 3756 bonne
2050 3725 2174 3759 famille

1285 3769 1492 3806 protestante,
1527 3765 1710 3804 épouserait
1742 3767 1908 3797 monsieur
1934 3765 1970 3793 45
1999 3769 2017 3796 à.
2045 3765 2082 3796 55
2104 3776 2175 3805 ans,

1284 3807 1521 3838 fonctionnaire
1537 3814 1578 3837 ou
1596 3807 1738 3836 retraité.
1766 3823 1804 3830 —
1826 3805 1851 3836 N
1861 3814 1866 3819 -
1888 3804 1976 3837 4517.

1325 3857 1435 3893 Dame,
1450 3856 1489 3886 26
1509 3864 1582 3891 ans,
1610 3855 1765 3894 aimable,
1794 3853 1940 3895 gentille,
1969 3864 2007 3886 co
2021 3857 2180 3889 maissant

1286 3897 1475 3937 l’espagnol,
1490 3896 1636 3934 l'italien,
1650 3904 1826 3928 assurance
1841 3903 1898 3928 sur
1914 3895 1942 3926 la
1961 3897 2010 3927 vie
2027 3898 2133 3927 lô.ooo
2147 3900 2179 3934 f,

1286 3939 1455 3977 disposant
1471 3936 1570 3971 tz.ooo
1586 3936 1638 3976 fr.,
1663 3936 1849 3974 épouserait
1867 3937 2033 3967 monsieur
2048 3936 2086 3967 45
2102 3939 2119 3968 à
2144 3939 2180 3970 5o

1287 3987 1357 4019 ans,
1380 3980 1478 4020 ayant
1489 3976 1661 4012 situation.
1681 3992 1715 3999 —
1736 3976 1761 4007 N
1769 3985 1774 3991 -
1797 3975 1888 4007 4521.

1329 4026 1447 4060 Veuve,
1464 4025 1502 4055 5o
1518 4032 1589 4063 ans,
1606 4033 1682 4056 sans
1697 4026 1818 4061 enfant,
1838 4025 1911 4056 bien
1925 4033 2001 4056 sous
2019 4030 2089 4057 tous
2108 4036 2181 4065 rap¬

1290 4070 1391 4107 ports,
1404 4071 1505 4097 rentes
1523 4065 1619 4096 l.ooo
1634 4065 1687 4100 fr.,
1702 4065 1775 4103 plus
1786 4065 1805 4095 6
1806 4076 1822 4095 o
1839 4065 1881 4095 fr.
1905 4074 1962 4103 par
1978 4067 2181 4107 mois,épou¬

1290 4107 1390 4138 serait
1413 4106 1580 4136 monsieur
1593 4105 1631 4135 5o
1644 4105 1662 4135 à
1675 4105 1694 4135 6
1696 4113 1715 4135 o
1736 4115 1809 4136 ans.
1829 4122 1865 4127 —
1878 4106 1919 4136 N-
1947 4106 2035 4138 4522.

1281 4151 1537 4194 ^Demoiselle,
1557 4154 1597 4184 33
1608 4163 1676 4192 ans,
1695 4155 1911 4190 travailleuse,
1937 4155 2055 4187 femme
2071 4157 2185 4188 d’inté¬

1292 4196 1387 4232 rieur,
1412 4195 1486 4225 bien
1503 4198 1575 4226 tous
1589 4200 1750 4233 rapports,
1768 4196 1919 4232 honnête,
1936 4195 2084 4227 habitant
2100 4206 2185 4229 cam¬

1294 4244 1408 4276 pagne,
1437 4235 1621 4274 épouserait
1651 4237 1817 4266 monsieur
1836 4233 1871 4265 33
1892 4235 1909 4264 à
1945 4235 1981 4266 40
1996 4244 2066 4273 ans,
2090 4242 2187 4276 ayant

1293 4277 1398 4309 bonne
1411 4275 1581 4309 situation.
1602 4290 1640 4296 —
1659 4274 1697 4305 N-
1725 4274 1817 4308 4523.

1333 4325 1538 4362 Célibataire,
1559 4323 1600 4353 33
1624 4333 1695 4361 ans,
1714 4324 1849 4363 pension
1866 4324 1881 4354 I
1892 4322 1963 4355 .080
1979 4327 2039 4364 fr.,
2062 4326 2191 4358 boitant

1296 4374 1339 4396 un
1357 4373 1418 4403 peu
1435 4366 1520 4395 suite
1537 4366 1682 4397 blessure
1702 4365 1742 4394 de
1758 4371 1881 4403 guerre,
1901 4365 2080 4401 profession
2097 4367 2190 4398 sabo¬

1297 4406 1370 4441 tier,
1399 4406 1488 4436 avoir
1513 4405 1609 4436 l.Poo
1642 4406 1695 4441 fr.,
1728 4405 1875 4435 désirant
1904 4407 2069 4437 travailler
2098 4407 2192 4438 usine

1300 4445 1498 4484 mécanique.
1518 4460 1550 4467 —
1567 4444 1604 4474 N*
1620 4445 1710 4475 4524.

1338 4496 1440 4525 Jeune
1465 4494 1606 4532 homme,
1627 4493 1662 4524 27
1693 4502 1762 4532 ans,
1791 4493 1991 4532 catholique,
2021 4495 2127 4525 bonne
2149 4495 2194 4527 fa¬

1300 4535 1398 4571 mille,
1416 4533 1572 4566 situation
1601 4536 1693 4565 8.000
1717 4534 1757 4570 fr,
1776 4534 1918 4571 robuste,
1944 4536 2079 4573 pension
2109 4535 2191 4566 bles¬

1298 4583 1374 4609 sure
1391 4578 1442 4605 de-
1459 4582 1588 4614 guerre,
1613 4574 1798 4614 épouserait
1814 4574 2004 4605 demoiselle
2029 4583 2071 4605 ou
2093 4583 2195 4607 veuve

1300 4623 1375 4647 sans
1392 4615 1518 4654 enfant,
1533 4615 1575 4645 22
1589 4614 1606 4644 à
1624 4615 1658 4646 3j.
1676 4622 1745 4651 ans,
1759 4614 1924 4655 fortunée,
1943 4615 2025 4645 dans
2042 4616 2072 4644 la
2088 4615 2194 4655 Lojre.

1300 4653 1337 4686 4-
1360 4656 1397 4686 N-
1422 4655 1506 4690 4525,

1341 4705 1462 4740 Veuve,
1477 4704 1515 4735 46
1529 4713 1598 4741 ans,
1617 4705 1713 4743 ayant
1727 4701 1783 4742 joli
1799 4711 1920 4742 garçon
1953 4704 1986 4734 12
2012 4711 2082 4740 ans,
2100 4704 2196 4736 affec¬

1300 4749 1427 4779 tueuse,
1440 4749 1538 4783 ayant
1560 4747 1617 4775 des
1636 4743 1822 4779 infirmités,
1842 4743 1973 4774 marche
1989 4744 2150 4783 béquilles
2165 4749 2196 4775 et

1301 4785 1488 4822 difformité,
1507 4786 1587 4823 n’est
1602 4784 1658 4823 pas
1673 4784 1863 4821 impotente,
1882 4784 1987 4815 desire
2004 4783 2104 4814 union
2120 4793 2197 4816 avec

1303 4833 1463 4865 personne
1481 4826 1621 4862 ^rieuse
1633 4827 1731 4863 ayant
1747 4823 1892 4855 fortune.
1919 4841 1949 4847 —
1972 4823 2112 4855 N‘4526.

1348 4874 1436 4911 Veuf,
1453 4874 1491 4906 46
1512 4882 1583 4911 ans,
1607 4871 1760 4904 situation
1777 4874 1812 4904 2o
1833 4873 1850 4903 à
1870 4873 1989 4907 4o.oqo
2005 4873 2045 4907 fr.
2071 4881 2129 4911 par
2145 4883 2197 4911 an,

1305 4915 1478 4947 recherche
1502 4912 1689 4946 demoiselle
1702 4920 1744 4942 ou
1758 4921 1856 4947 veuve
1874 4913 2070 4944 affectueuse
2088 4915 2195 4953 dispo-

1305 4958 1420 5000 posant
1441 4956 1480 4986 de
1497 4955 1553 4993 loq
1576 4953 1593 4984 à
1612 4953 1670 4985 2oq
1684 4959 1743 4983 000
1760 4953 1801 4985 fr.
1824 4961 1907 4992 pour
1920 4960 2115 4991 commerce,
2147 4955 2197 4989 fils

1303 4982 1341 5035 fo
1360 5004 1419 5027 ans
1432 4998 1531 5034 ayant
1547 4995 1651 5024 même
1671 4991 1841 5026 situation,
1861 4991 1891 5022 —
1913 4991 1922 5022 1
1922 4991 1954 5029 ^'
1976 4992 2051 5027 4527
2057 5015 2065 5023 .

1348 5042 1599 5076 Fonctionnaire
1618 5042 1736 5076 Maroc,
1769 5043 1843 5078 ville
1871 5041 2034 5079 agréable,
2063 5039 2100 5070 32
2129 5049 2198 5077 ans,

1307 5086 1500 5119 affectueux,
1528 5081 1684 5113 situation
1700 5081 1859 5118 6.7oofr.,
1878 5080 2059 5121 épouserait
2075 5080 2200 5110 demoi¬

1309 5125 1387 5156 selle
1409 5131 1450 5153 ou
1466 5129 1567 5155 veuve
1584 5129 1659 5152 avec
1669 5130 1709 5151 ou
1726 5130 1759 5153 sa
1765 5132 1802 5155 us
1817 5122 1929 5154 enfant
1946 5124 2044 5159 ayant
2056 5120 2148 5151 avoir
2161 5130 2202 5156 en

1310 5165 1457 5204 rapport.
1485 5163 1559 5194 Très
1582 5162 1722 5196 sérieux.
1747 5179 1781 5188 —
1804 5163 1831 5195 N
1865 5160 1959 5201 4'^-

2249 1240 2342 1282 Veuf,
2365 1253 2441 1276 sans
2476 1245 2598 1282 enfant,
2630 1243 2667 1277 5o
2693 1255 2765 1286 ans,
2815 1248 3000 1286 paraissant
3035 1248 3112 1287 plus

2208 1283 2315 1324 jeune,
2334 1284 2429 1322 brun,
2450 1286 2673 1326 propriétaire,
2689 1288 2772 1320 belle
2788 1287 2958 1325 situation,
2973 1290 3110 1328 épouse¬

2211 1324 2271 1355 rait
2290 1333 2450 1363 personne
2465 1324 2499 1352 33
2516 1327 2531 1357 à
2549 1326 2587 1356 4o
2603 1335 2661 1358 ans
2681 1336 2756 1359 sans
2773 1328 2886 1359 enfant
2901 1337 2941 1360 ou
2966 1338 3009 1361 un
3026 1330 3110 1362 seul.

2209 1381 2246 1386 —
2270 1364 2293 1395 N
2332 1365 2417 1396 453o.

2250 1413 2352 1444 Jeune
2375 1413 2453 1452 fille,
2467 1414 2505 1445 24
2518 1421 2587 1450 ans,
2604 1415 2801 1457 catholique,
2820 1417 3016 1456 distinguée,
3033 1417 3111 1457 jolie

2211 1454 2340 1489 blonde,
2354 1455 2569 1492 musicienne,
2583 1464 2657 1486 sans
2670 1456 3002 1497 fortune,épouserait
3021 1467 3111 1491 mon¬

2211 1494 2300 1525 sieur
2320 1491 2356 1523 30
2385 1494 2400 1525 à
2431 1497 2468 1527 4o
2485 1503 2555 1532 ans,
2579 1495 2756 1535 distingué,
2774 1497 2855 1531 belle
2879 1497 3051 1531 situation.
3075 1513 3109 1524 —

2213 1534 2237 1564 N
2247 1543 2253 1549 -
2274 1530 2358 1565 4531.

2249 1582 2457 1622 Célibataire,
2487 1583 2526 1615 49
2559 1593 2629 1621 ans,
2661 1591 2954 1627 ex-commerçant,
2988 1591 3110 1622 rentes.

2211 1625 2226 1654 1
2229 1631 2324 1655 0.000
2344 1622 2385 1655 fr.
2412 1625 2514 1661 avoir,
2544 1627 2653 1663 espoir
2671 1628 2712 1657 de
2739 1628 2786 1658 les
2807 1629 2876 1658 voir
2905 1635 3110 1668 augmenter,

2212 1667 2397 1702 épouserait
2412 1664 2599 1696 demoiselle
2615 1674 2655 1697 ou
2674 1674 2774 1698 veuve
2790 1676 2867 1699 sans
2883 1669 3070 1708 enfant,âge
3081 1675 3112 1704 et

2211 1704 2339 1736 fortune
2354 1712 2394 1735 en
2418 1708 2561 1744 rapport.
2579 1721 2618 1727 —
2634 1706 2674 1740 N;
2695 1708 2787 1739 4532.

2250 1752 2352 1785 Jeune
2393 1754 2534 1785 homme.
2571 1752 2607 1785 3tz
2630 1764 2700 1793 ans,
2738 1757 2811 1788 bien
2843 1758 3111 1798 physiquement,

2211 1793 2322 1829 blond,
2339 1794 2518 1835 distingué,
2536 1795 2708 1833 musicien,
2738 1798 2878 1829 loo.ooo
2900 1798 2954 1836 fr.,
2983 1801 3113 1832 recher¬

2211 1835 2270 1865 che
2288 1834 2489 1866 musicienne
2510 1835 2602 1874 jolie.
2625 1851 2659 1858 —
2684 1835 2710 1868 N
2719 1845 2725 1853 -
2752 1837 2837 1870 4534.

2250 1882 2354 1915 Jeune
2370 1883 2503 1914 homme
2518 1881 2686 1921 Tunisien,
2705 1885 2740 1917 21
2759 1895 2829 1924 ans,
2851 1886 2939 1920 belle
2955 1888 3115 1921 situation

2212 1923 2251 1953 de
2272 1924 2414 1959 fortune,
2447 1924 2585 1955 15o.ooo
2614 1924 2664 1965 fr.,
2699 1930 2886 1965 épouserait
2921 1929 3113 1961 demoiselle

2215 1966 2313 2003 ayant
2328 1963 2469 2000 fortune,
2489 1964 2523 1995 17
2539 1964 2557 1995 à
2573 1964 2613 1994 23
2633 1975 2702 1998 ans.
2721 1966 2856 1999 Joindre
2878 1969 2976 2007 photo
2992 1972 3019 2001 si
3037 1979 3113 2009 pos¬

2214 2005 2311 2035 sible.
2332 2019 2369 2026 —
2385 2004 2426 2035 N'
2452 2005 2542 2035 4536.

2254 2053 2424 2087 Tunisien,
2461 2053 2498 2084 22
2528 2061 2599 2091 ans,
2620 2054 2727 2088 bonne
2765 2058 2936 2097 situation,
2968 2059 3112 2096 sérieux,

2212 2095 2398 2131 épouserait
2415 2095 2604 2126 demoiselle
2626 2105 2666 2127 ou
2688 2105 2788 2130 veuve
2805 2108 2882 2129 sans
2897 2099 3022 2137 enfant,
3044 2098 3078 2130 17
3095 2101 3112 2131 à

2212 2134 2249 2164 26
2260 2142 2331 2167 ans,
2346 2141 2422 2165 avec
2438 2141 2479 2166 ou
2499 2142 2575 2166 sans
2587 2135 2656 2174 dot,
2675 2146 2756 2175 pour
2766 2138 2895 2170 habiter
2911 2140 3054 2172 Tunisie.
3080 2150 3114 2163 -»

2215 2174 2241 2203 N
2249 2182 2255 2189 -
2273 2173 2341 2204 437.

2254 2222 2355 2255 Jeune
2373 2223 2515 2260 homme,
2542 2225 2581 2256 3o
2606 2234 2676 2262 ans,
2697 2228 2896 2260 mécanicien
2920 2229 3049 2261 chemin
3073 2230 3112 2261 de

2214 2264 2272 2301 fer,
2292 2263 2445 2294 militaire
2460 2274 2500 2296 au
2516 2266 2633 2304 Maroc,
2655 2268 2757 2300 désire
2774 2269 2918 2308 mariage
2931 2278 3008 2302 avec
3016 2269 3113 2311 jeune

2215 2305 2280 2335 fille
2296 2304 2332 2333 22
2347 2303 2363 2334 à
2379 2304 2499 2336 26ans.
2521 2320 2559 2328 —
2576 2305 2616 2338 N-
2639 2306 2714 2338 4539
2723 2332 2729 2339 .

2256 2353 2352 2385 Dame
2371 2353 2538 2391 instruite,
2561 2356 2777 2396 musicienne,
2795 2358 2925 2398 parlant
2940 2360 3067 2399 anglais
3082 2363 3116 2392 et

2216 2394 2383 2433 espagnol,
2429 2395 2524 2433 goûts
2565 2396 2711 2435 simples,
2749 2398 2867 2429 femme
2910 2400 3113 2437 d’intérieur,

2215 2438 2334 2465 40.000
2354 2433 2398 2465 fr.
2420 2431 2513 2465 titres
2529 2439 2561 2466 et
2578 2438 2751 2477 propriété,
2768 2440 2955 2476 épouserait
2984 2440 3115 2472 retraité

2216 2483 2255 2505 ou
2279 2473 2532 2512 fonctionnaire,
2549 2475 2585 2505 49
2600 2476 2617 2506 à
2633 2477 2672 2507 55
2689 2486 2760 2509 ans.
2778 2494 2814 2501 —
2828 2478 2852 2509 N
2887 2479 2972 2511 4511.

2256 2523 2394 2555 Docteur
2406 2525 2586 2562 médecine,
2598 2524 2722 2557 famille
2733 2528 2920 2566 honorable,
2930 2530 3036 2562 désire
3048 2538 3113 2561 ma¬

2216 2564 2281 2595 rier
2291 2563 2387 2602 jeune
2403 2564 2468 2595 fille
2483 2564 2518 2591 25
2529 2566 3113 2606 ans,instruite,musicienne,femme

2216 2605 2259 2635 du
2277 2605 2406 2640 inonde,
2423 2612 2499 2635 avec
2523 2606 2681 2643 médecin,
2697 2607 2873 2648 ingénieur
2895 2617 2939 2641 ou
2953 2609 3109 2642 fonction¬

2217 2645 2319 2679 naire,
2335 2643 2446 2675 4o.ooo
2467 2644 2506 2675 fr.
2530 2659 2565 2668 —
2584 2645 2625 2675 N-
2641 2646 2727 2679 4542.

2257 2685 2374 2721 Veuve,
2402 2687 2440 2714 55
2469 2693 2539 2723 ans,
2562 2688 2721 2718 caractère
2747 2687 2811 2725 gai,
2830 2694 2928 2730 ayant
2954 2691 3115 2730 propriété

2215 2726 2245 2756 et
2261 2725 2455 2761 économies,
2475 2725 2573 2756 1.2>,o
2592 2727 2631 2756 de
2646 2731 2764 2765 rentes,
2782 2729 2908 2761 aimaDt
2920 2731 3113 2771 commercé,

2215 2765 2398 2803 épouserait
2420 2766 2569 2804 employé
2582 2765 2711 2799 chemin
2737 2768 2777 2800 de
2806 2768 2866 2805 1er,
2892 2770 3025 2808 rentier,
3045 2770 3082 2800 52
3097 2773 3116 2802 à

2214 2808 2247 2835 54
2262 2812 2333 2835 ans.
2353 2818 2392 2826 —
2408 2804 2453 2833 N*
2473 2803 2548 2835 4543
2551 2825 2559 2834 .

2257 2851 2437 2888 Monsieur,
2454 2853 2493 2884 4o
2507 2860 2579 2890 ans,
2597 2854 2750 2894 honnête,
2768 2856 2844 2888 bien
2860 2866 2937 2890 sous
2953 2862 3026 2890 tous
3042 2867 3117 2898 rap¬

2219 2897 2318 2932 ports,
2348 2895 2535 2932 épouserait
2559 2895 2750 2928 demoiselle
2779 2905 2820 2929 ou
2843 2905 2945 2930 veuve
2960 2899 3114 2936 honnête,

2217 2933 2435 2969 travailleuse,
2453 2937 2550 2973 ayant
2566 2935 2737 2968 situation.
2758 2952 2796 2960 —
2813 2938 2850 2968 N-
2867 2939 2955 2970 4544-

2258 2983 2392 3014 Facteur
2419 2983 2565 3023 algérien
2595 2985 2680 3021 veuf,
2712 2995 2790 3018 sans
2817 2987 2942 3026 enfant,
2974 2988 3011 3019 47
3041 2996 3111 3025 ans,

2218 3023 2324 3054 désire
2340 3024 2527 3055 demoiselle
2543 3033 2584 3055 ou
2598 3033 2700 3058 veuve
2711 3036 2787 3058 sans
2799 3028 2923 3066 enfant,
2942 3032 3039 3068 ayant
3058 3030 3115 3061 dut

2217 3072 2258 3094 ou
2273 3064 2434 3095 situation
2464 3073 2503 3096 en
2528 3070 2683 3105 rapport.
2701 3083 2738 3090 —
2754 3067 2795 3098 A-
2819 3068 2880 3099 454
2886 3091 2894 3100 .

2258 3112 2353 3149 Veuf,
2375 3113 2417 3143 29
2431 3122 2502 3149 ans,
2518 3121 2639 3153 garçon
2654 3114 2758 3155 4-ans,
2772 3117 2974 3155 agriculteur
2990 3118 3117 3158 propri¬

2217 3155 2320 3184 étaire
2353 3152 2464 3185 5u.ooo
2486 3154 2546 3192 fr.,
2578 3159 2782 3195 espérances,
2812 3158 3014 3197 catholique,
3044 3160 3115 3189 ins-

2220 3194 2379 3230 teiligeut,
2407 3196 2572 3226 caractère
2593 3196 2692 3234 doux,
2716 3199 2902 3237 épouserait
2927 3199 3118 3231 demoiselle

2219 3233 2254 3260 25
2268 3236 2284 3264 à
2296 3232 2331 3259 35
2346 3243 2416 3271 ans,
2434 3239 2529 3275 ayant
2547 3236 2613 3267 dot.
2632 3253 2668 3259 —
2686 3237 2725 3268 N-
2748 3236 2833 3269 4516.

2260 3283 2462 3321 Demoiselle,
2479 3284 2516 3315 39
2539 3293 2609 3321 ans,
2632 3286 2786 3325 sérieuse,
2803 3287 2947 3321 désirant
2973 3297 3007 3321 se
3026 3290 3118 3321 créer

2220 3324 2390 3360 intérieur,
2403 3324 2588 3363 épouserait
2601 3325 2699 3365 jeune
2712 3328 2842 3360 homme
2859 3330 3001 3367 sérieux,
3017 3329 3120 3370 prclé-

2220 3372 2314 3396 reuce
2329 3366 2402 3395 veut
2418 3372 2493 3396 avec
2507 3366 2619 3397 eufant
2635 3368 2650 3398 à
2668 3368 2725 3406 qui
2741 3370 2802 3400 elle
2819 3370 2993 3401 donnerait
3015 3370 3118 3402 soins.

2220 3420 2257 3426 —
2276 3403 2314 3436 N'
2336 3403 2418 3435 4547.

2259 3454 2464 3493 Célibataire,
2493 3455 2534 3484 34
2548 3464 2619 3493 ans,
2644 3457 2751 3490 bonne
2772 3457 2959 3497 éducation,
2978 3458 3119 3492 mécani¬

2221 3498 2291 3530 cien
2304 3497 2461 3534 ajusteur,
2479 3496 2570 3526 avoir
2584 3497 2694 3536 4o,ooo
2710 3499 2762 3537 fr.,
2779 3500 2966 3538 épouserait
2989 3500 3119 3532 demoi¬

2221 3539 2300 3569 selle
2315 3536 2476 3574 agrôeble,
2493 3538 2605 3573 douce,
2624 3539 2681 3569 dot
2707 3538 2744 3571 3o
2765 3538 2782 3571 à
2803 3542 2818 3570 4
2821 3548 2914 3571 o.ooo
2943 3541 2985 3572 fr.
3007 3556 3045 3563 —
3080 3537 3119 3572 N‘

2220 3578 2302 3608 4548.

2262 3617 2369 3648 Veuve
2398 3624 2476 3648 sans
2510 3615 2632 3655 enfant,
2665 3618 2701 3649 4o
2729 3627 2799 3655 ans,
2829 3619 3037 3658 affectueuse,
3069 3621 3121 3651 sé¬

2223 3658 2341 3693 rieuse,
2373 3661 2470 3696 ayant
2499 3665 2679 3690 commerce
2715 3666 2746 3692 et
2777 3664 2866 3691 rente
2874 3669 2883 3689 1
2889 3684 2896 3697 ,
2933 3661 3121 3699 épous-rait

2223 3697 2390 3729 monsieur
2404 3697 2463 3736 âge
2476 3700 2508 3728 et
2522 3697 2680 3730 situation
2696 3708 2735 3731 en
2753 3705 2901 3739 rapport.
2920 3717 2956 3723 —
2974 3701 3012 3733 N'
3032 3702 3118 3733 4549.

2262 3749 2297 3779 Je
2317 3746 2424 3778 désire
2437 3748 2672 3786 correspondre
2688 3756 2767 3780 avec
2781 3748 2878 3789 jeune
2894 3750 3025 3782 homme
3039 3757 3120 3788 gen¬

2223 3789 2356 3824 tleman,
2387 3788 2550 3818 caractère
2594 3787 2694 3826 doux,
2735 3790 2898 3829 éloquent,
2936 3790 3120 3830 poqulaire,

2223 3832 2310 3860 étant
2326 3827 2422 3867 jeune
2439 3834 2540 3857 veuve
2552 3827 2734 3866 de-guerre,
2749 3831 2852 3860 active
2868 3833 3120 3868 commerçante,

2224 3870 2330 3900 bonne
2346 3867 2531 3903 éducation,
2551 3872 2739 3905 présentant
2760 3868 2846 3905 bien,
2874 3872 3120 3910 sympathique,

2223 3909 2429 3941 affectueuse,
2460 3916 2493 3938 se
2512 3907 2699 3938 dévouerait
2725 3909 2744 3939 à
2769 3911 2873 3948 grand
2898 3914 3122 3947 commerçant

2223 3950 2305 3980 assis
2322 3948 2403 3978 dans
2429 3948 2504 3978 ville
2533 3954 2616 3987 pour
2631 3948 2866 3981 collaboration
2886 3951 3043 3982 sérieuse.
3083 3966 3123 3973 —

2224 3988 2266 4019 N°
2281 3988 2368 4019 455o.

2266 4028 2476 4060 Conducteur
2501 4028 2537 4058 de
2569 4030 2714 4067 travaux,
2743 4029 2779 4059 46
2800 4036 2872 4065 ans,
2890 4030 2972 4062 belle
2987 4031 3062 4062 ville
3078 4030 3123 4062 du

2224 4067 2347 4101 littoral
2370 4068 2548 4104 marocain,
2582 4065 2770 4106 épouserait
2795 4077 2956 4108 personne
2986 4071 3126 4102 sachant

2227 4110 2313 4141 tenir
2325 4108 2484 4139 intérieur
2500 4111 2530 4139 et
2552 4109 2608 4147 qui
2627 4110 2777 4140 voutrait
2798 4109 2926 4143 habiter
2949 4111 3069 4149 Maroc,
3086 4111 3127 4144 38

2227 4148 2244 4179 à
2260 4151 2294 4178 45
2309 4157 2380 4180 ans.
2396 4164 2432 4171 —
2452 4149 2476 4179 N
2483 4157 2489 4164 1
2507 4147 2588 4179 4551.

2271 4203 2461 4234 Demoiselle
2476 4202 2717 4238 alsacienne,37
2728 4212 2798 4240 ans,
2811 4205 3012 4245 catholique,
3021 4205 3129 4237 bonne

2229 4243 2365 4280 famille,
2387 4243 2506 4274 femme
2534 4242 2737 4280 d’intérieur,
2764 4251 2863 4284 ayant
2893 4251 2973 4285 peut
2989 4247 3082 4278 avoir
3096 4251 3129 4277 et

2230 4284 2400 4319 intérieur,
2423 4284 2531 4314 desire
2560 4285 2703 4322 mariage
2732 4293 2809 4316 avec
2848 4287 3013 4318 monsieur
3028 4290 3128 4325 ayant

2232 4325 2339 4355 bonne
2353 4324 2524 4358 situation,
2545 4322 2581 4350 35
2594 4321 2611 4352 à
2626 4325 2661 4353 45
2675 4332 2746 4356 ans.
2765 4339 2799 4349 —
2817 4325 2856 4356 N*
2877 4325 2966 4357 4552.

2272 4373 2374 4404 Jeune
2394 4373 2535 4409 homme,
2560 4372 2623 4403 bon
2644 4375 2841 4414 catholique,
2870 4375 2981 4414 blond,
2998 4374 3040 4406 26
3058 4381 3128 4411 ans,

2233 4413 2358 4444 facteur
2376 4412 2559 4450 P.-L.-M.,
2590 4412 2697 4444 désire
2717 4417 2819 4446 union
2842 4423 2918 4446 avec
2941 4414 3132 4447 demoiselle

2233 4461 2275 4483 ou
2294 4461 2392 4484 veuve
2407 4454 2594 4493 catholique
2607 4455 2807 4495 témoiguant
2822 4457 2987 4493 beaucoup
3003 4454 3131 4486 d’affec¬

2236 4493 2303 4525 tion
2313 4515 2318 4521 .
2345 4508 2385 4517 —■
2400 4493 2425 4523 N
2434 4502 2440 4508 •
2467 4493 2545 4524 4553.

2270 4541 2379 4574 Veuve
2401 4551 2477 4574 sans
2508 4542 2629 4580 enfant,
2653 4543 2691 4573 43
2705 4551 2775 4582 ans,
2793 4550 2870 4573 sars
2892 4543 3036 4580 fortune,
3051 4542 3132 4573 fem¬

2237 4589 2290 4613 me
2330 4582 2532 4619 d’intérieur,
2559 4584 2746 4621 épouserait
2768 4582 2957 4614 célibataire
2985 4582 3061 4614 veuf
3091 4591 3135 4613 ou

2237 4622 2367 4653 divorcé
2379 4631 2456 4653 sans
2466 4623 2589 4659 enfant,
2599 4626 2698 4662 ayant
2710 4623 2868 4653 situation
2879 4630 2922 4652 ou
2938 4624 3018 4661 petit
3028 4624 3133 4655 avoir.

2237 4676 2276 4683 —
2292 4661 2314 4692 N
2323 4671 2328 4676 -
2344 4661 2424 4692 4554.

2279 4701 2468 4740 Négociant,
2505 4702 2580 4733 veuf
2605 4709 2682 4731 sans
2711 4700 2835 4737 enfant,
2858 4705 2957 4740 ayant
2976 4702 3138 4735 situation

2239 4745 2379 4776 assurée,
2397 4742 2583 4779 épouserait
2593 4741 2781 4772 demoiselle
2797 4740 2833 4771 35
2847 4740 2863 4771 à
2879 4743 2916 4773 4o
2932 4752 3003 4782 ans,
3016 4744 3137 4775 femme

2239 4782 2444 4818 d’intérieur,
2467 4782 2541 4811 bien
2558 4788 2634 4810 sous
2651 4785 2723 4811 tous
2741 4786 2903 4821 rapports,
2922 4783 3136 4820 affectueuse,

2242 4822 2401 4861 physique
2414 4820 2577 4854 agréable.
2599 4819 2637 4849 N*
2655 4820 2745 4852 4555.

2282 4869 2389 4900 Veuve
2405 4868 2642 4902 fonctionnaire
2660 4869 2743 4903 Etat,
2766 4870 2803 4901 54
2816 4873 3029 4911 ans,pension
3044 4877 3075 4904 et
3091 4881 3141 4912 pe¬

2241 4909 2280 4942 tit
2296 4909 2397 4945 avoir,
2415 4915 2490 4938 s-ans
2503 4907 2627 4944 enfant,
2642 4913 2767 4941 aimant
2782 4918 2932 4951 voyages,
2949 4913 3138 4953 s’expatrie¬

2241 4950 2313 4984 rait,
2331 4947 2424 4977 ferait
2451 4949 2478 4978 le
2496 4947 2644 4978 bonheur
2660 4949 2736 4980 d'un
2761 4959 2979 4991 compagnon,
3008 4958 3141 4994 épouse¬

2243 4990 2304 5018 rait
2320 4987 2488 5018 monsieur
2502 4987 2642 5019 fortuné.
2659 5005 2699 5012 —
2714 4989 2756 5021 N-
2777 4991 2869 5023 4556.

2283 5040 2473 5072 Célibataire
2490 5040 2540 5075 fils
2556 5042 2689 5083 unique,
2707 5042 2743 5075 36
2759 5052 2828 5082 ans,
2846 5045 2959 5084 blond,
2981 5048 3141 5080 situation!

2244 5082 2286 5112 4o
2298 5081 2357 5111 oqo
2372 5081 2411 5115 fr,
2431 5082 2504 5121 plus
2520 5082 2629 5114 15.000
2644 5084 2682 5113 fr.
2696 5085 2891 5117 association
2904 5089 3029 5127 grande
3046 5089 3142 5120 usine

2245 5122 2285 5152 de
2319 5121 2452 5162 rapport
2471 5121 2569 5154 8.000
2588 5122 2642 5157 fr..
2659 5125 2844 5162 épouserait
2873 5127 2992 5161 femme
3023 5129 3143 5172 Hxuge,

2244 5161 2400 5197 situation
2418 5170 2458 5196 en
2481 5167 2626 5204 rapport,
2772 5166 2848 5204 4557
2852 5190 2861 5203 ,
