3536 5552
2724 264 2752 301 1
2754 268 2782 288 er
2812 265 2962 305 Mar»
3003 268 3153 306 1»33

1535 429 1635 477 PRIX
1688 441 1696 478 :
1758 429 1853 479 50
1911 430 2107 479 Centimes
2171 469 2182 472 -
2212 448 2258 455 --
2298 452 2337 463 -

435 576 1330 787 REVUE
1537 573 3194 802 MENSUELLE

719 832 910 889 Liste
939 831 1387 888 d’Annonces
1417 831 1990 888 Matrimoniales
2021 837 2086 888 et
2116 832 2562 892 d’Annonces
2592 837 2919 898 Diverses

451 927 586 966 (Fonds
624 925 669 957 de
707 933 932 965 commerce,
979 926 1172 965 industrie,
1211 927 1317 957 vente
1360 926 1629 964 d’immeubles,
1674 926 1840 966 location,
1879 926 2073 966 échange).
2182 925 2219 957 —
2322 925 2567 960 Paraissant
2604 928 2640 962 le
2678 931 2696 963 i
2702 936 2736 954 er
2770 931 2816 963 de
2860 933 3014 977 chaque
3049 935 3163 969 mois.

599 993 912 1033 LAbonnement
927 996 965 1033 et
983 995 1031 1033 de
1052 995 1102 1034 25
1122 994 1250 1045 francs
1268 1006 1374 1045 pour
1391 994 1416 1033 4
1436 995 1552 1044 mois,
1574 994 1625 1032 45
1646 993 1770 1044 francs
1786 1006 1893 1044 pour
1909 996 1938 1034 8
1955 996 2057 1033 mois
2079 997 2118 1033 et
2136 995 2185 1035 65
2205 995 2331 1047 francs
2345 1009 2452 1047 pour
2473 999 2491 1036 1
2515 1010 2568 1037 an
2589 1000 2776 1040 donnant
2793 1003 2899 1042 droit
2918 1009 2942 1044 à
2962 1018 3040 1045 une

411 1063 646 1112 inscription
664 1063 840 1112 gratuite
858 1072 929 1100 sur
947 1073 1012 1100 ma
1032 1062 1134 1100 liste.
1160 1062 1198 1100 —
1218 1062 1288 1100 Les
1303 1072 1505 1101 annonces
1518 1063 1612 1100 sont
1631 1061 1679 1100 de
1698 1063 1836 1112 quatre
1856 1063 1984 1113 lignes
2004 1063 2235 1101 maximum.
2258 1062 2297 1108 —
2323 1062 2365 1108 Lsi
2381 1063 2456 1122 lignes
2472 1064 2683 1123 supplémentaires
2699 1070 2751 1114 sont
2766 1073 2852 1126 payées
2869 1073 2882 1115 i
2897 1072 2976 1118 raison
2994 1072 3020 1118 de
3037 1072 3049 1118 3
3066 1072 3096 1119 fr.
3112 1073 3136 1119 la
3151 1074 3229 1134 ligne.

914 1127 1012 1159 Pour
1041 1127 1250 1167 l’Etranger
1266 1140 1272 1157 :
1311 1127 1337 1158 4
1355 1128 1459 1166 mois,
1489 1125 1546 1158 30
1575 1126 1719 1159 francs.
1761 1145 1799 1149 —
1841 1127 1866 1158 8
1890 1128 1995 1166 mois,
2012 1126 2066 1158 50
2092 1127 2237 1160 francs.
2278 1147 2317 1150 —
2363 1128 2372 1159 I
2405 1140 2464 1169 an,
2493 1129 2545 1162 70
2573 1132 2716 1165 francs.

573 1194 753 1234 Adresser
774 1194 911 1235 Lettres
927 1198 961 1235 et
980 1195 1158 1236 Mandats
1178 1197 1199 1235 à
1220 1196 1326 1234 Mme
1353 1195 1482 1234 Veuve
1502 1194 1771 1242 CHABAUD,
1795 1195 1997 1235 Directrice
2024 1196 2072 1234 de
2101 1196 2133 1238 la
2162 1197 2300 1238 Revue
2328 1198 2560 1244 Mensuelle,
2594 1201 2652 1245 18,
2687 1201 2767 1242 Rue
2795 1203 3066 1255 Sainte-Croix,

1563 1262 1805 1305 Montèlimar
1837 1263 2010 1314 (Drôme)

446 1370 538 1397 Notre
551 1379 650 1398 œuvre
664 1380 682 1398 a
695 1374 770 1405 pour
784 1370 832 1397 but
848 1370 881 1397 de
895 1371 979 1398 venir
992 1380 1026 1397 en
1041 1370 1105 1397 aide
1115 1379 1175 1398 aux
1176 1370 1314 1404 familles

411 1407 461 1440 qui
475 1406 603 1432 désirent
617 1407 726 1433 marier
741 1407 819 1432 leurs
835 1408 959 1440 enfants,
977 1416 1037 1432 aux
1054 1415 1160 1434 veuves
1175 1407 1226 1441 qui
1241 1416 1311 1433 vou¬

410 1441 524 1468 draient
539 1451 569 1468 se
583 1442 732 1474 remarier\
750 1451 809 1468 aux
837 1441 988 1475 orphelins
1018 1446 1044 1468 et
1072 1451 1132 1468 aux
1160 1442 1313 1469 messieurs

411 1477 462 1512 qui
476 1480 576 1504 rêvent
590 1477 623 1503 de
637 1486 668 1504 se
675 1477 782 1511 fonder
797 1486 836 1503 un
843 1479 942 1512 foyer,
956 1487 1011 1503 une
1018 1477 1151 1510 famille.

445 1512 538 1541 Notre
552 1522 650 1540 œuvre
664 1522 729 1540 sera
748 1515 912 1547 approuvée
931 1516 985 1548 par
1001 1517 1066 1540 tous
1095 1521 1146 1539 nos
1175 1513 1310 1544 abonnés,

413 1548 560 1583 lorsqu'ils
576 1553 699 1576 sauront
711 1547 798 1584 qu'ils
813 1552 937 1583 peuvent
953 1553 1070 1576 trouver
1094 1550 1185 1585 grâce
1201 1552 1218 1575 à
1234 1553 1313 1576 notre

410 1594 561 1617 concours,
580 1585 606 1611 le
621 1594 722 1620 moyen
737 1585 769 1611 de
784 1584 925 1611 semarier
937 1585 1018 1611 selon
1030 1585 1106 1611 leurs
1121 1588 1219 1620 goûts,
1236 1585 1313 1611 leurs

412 1630 481 1647 vues
496 1624 523 1647 et
536 1620 617 1647 selon
633 1620 698 1648 leur
711 1620 868 1647 condition.

445 1655 529 1683 Nous
543 1656 644 1690 prions
661 1657 701 1683 les
718 1656 817 1683 Dames
833 1659 859 1682 et
874 1656 915 1682 les
929 1656 1088 1682 Messieurs
1112 1655 1145 1682 de
1166 1665 1238 1683 nous
1263 1665 1312 1682 en¬

412 1701 500 1726 voyer
516 1692 542 1718 le
557 1692 624 1726 plus
639 1691 791 1719 d’abonnés
806 1691 942 1725 possible,
960 1690 1020 1727 afin
1035 1701 1088 1726 que
1107 1695 1187 1718 notre
1215 1700 1313 1718 œuvre

411 1727 611 1762 s’agrandisse
626 1731 652 1754 et
667 1728 762 1762 puisse
772 1731 827 1762 par
841 1736 872 1753 ce
886 1736 986 1762 moyen
994 1727 1134 1760 faciliter
1149 1727 1265 1754 nombre
1280 1727 1313 1753 de

413 1763 559 1797 mariages
576 1768 601 1789 et
609 1764 693 1795 faire
710 1764 736 1790 le
750 1764 817 1798 plus
841 1761 999 1790 d'heureux
1014 1762 1150 1798 possible,
1167 1772 1218 1790 car
1246 1762 1313 1789 c'est

412 1807 467 1824 une
480 1798 570 1824 bonne
587 1798 684 1825 action
699 1808 752 1833 que
765 1808 835 1825 vous
842 1800 930 1834 fere\
959 1808 992 1825 en
1020 1802 1202 1834 propageant
1233 1803 1313 1825 notre

411 1843 517 1866 œuvre,
534 1843 603 1861 vous
612 1843 683 1861 nous
703 1835 817 1869 aiderez
835 1834 914 1861 ainsi
928 1837 944 1861 à
959 1834 1125 1861 contribuer
1138 1843 1174 1862 au
1185 1834 1314 1861 bonheur

410 1870 458 1896 des
465 1870 604 1902 familles
617 1870 668 1903 qui
678 1870 803 1897 désirent
813 1874 929 1898 trouver
939 1880 979 1897 un
989 1873 1084 1905 époux
1095 1879 1131 1897 ou
1141 1880 1196 1897 une
1206 1874 1314 1905 épouse

411 1909 484 1940 pour
504 1906 582 1931 leurs
599 1907 723 1939 enfants,
741 1915 801 1932 aux
817 1915 921 1933 veuves
941 1916 981 1932 un
996 1906 1112 1933 soutien
1116 1908 1122 1940 ,
1153 1909 1170 1933 à
1189 1906 1310 1941 l'orphe¬

412 1941 454 1968 lin
470 1950 509 1967 un
516 1943 606 1976 foyer
622 1945 648 1968 et
663 1951 700 1968 au
715 1942 888 1968 relèvement
901 1942 934 1968 de
950 1942 978 1968 la
995 1942 1104 1968 France
1132 1942 1183 1977 qui
1210 1942 1301 1969 donne
1304 1963 1311 1975 ,

411 1981 465 2012 par
481 1977 522 2003 les
537 1977 682 2013 mariages
690 1977 822 2010 féconds,
839 1977 886 2003 des
902 1978 1010 2004 soldats
1025 1980 1042 2004 à
1059 1978 1087 2004 la
1102 1977 1206 2005 Patrie
1222 1982 1248 2004 et
1263 1977 1313 2012 qui

409 2015 471 2043 font
486 2012 534 2039 des
547 2014 664 2043 femmes
680 2013 713 2039 de
728 2012 832 2039 bonnes
843 2015 931 2039 mères
947 2013 980 2039 de
988 2013 1120 2046 famille.

447 2047 524 2075 C'est
539 2048 609 2074 dans
624 2057 656 2075 ce
671 2048 720 2075 but
734 2057 787 2083 que
803 2057 873 2075 nous
893 2057 982 2076 avons
990 2049 1084 2082 fondé
1100 2049 1129 2075 la
1145 2048 1158 2076 «
1174 2047 1313 2077 REVUE

410 2083 655 2112 MENSUELLE
671 2091 695 2111 ».

445 2119 532 2147 Nous
548 2129 582 2145 ne
596 2123 695 2146 tenons
710 2122 763 2154 pas
779 2129 834 2146 une
846 2128 956 2155 agence
968 2119 1183 2147 matrimoniale
1202 2124 1228 2147 et
1242 2128 1313 2146 nous

410 2164 445 2181 ne
459 2159 583 2189 prenons
596 2164 708 2182 aucune
722 2155 905 2182 commission
917 2165 967 2182 sur
983 2156 1013 2182 la
1032 2156 1087 2182 dot.
1123 2155 1208 2183 Voici
1235 2165 1312 2182 com¬

411 2195 484 2217 ment
500 2200 572 2218 nous
585 2191 739 2225 procédons
755 2202 760 2218 :

451 2226 528 2253 Vous
544 2236 615 2253 nous
635 2227 802 2261 indiquerez
815 2226 929 2253 d'abord
944 2231 1024 2254 votre
1038 2228 1105 2263 âge,
1122 2231 1202 2255 votre
1217 2227 1311 2254 situa-

411 2262 510 2289 tionde
513 2264 646 2296 fortune,
655 2267 735 2290 votre
744 2262 917 2297 profession,
929 2263 1132 2296 votredot,vos
1143 2266 1311 2298 espérances

410 2302 436 2325 et
450 2307 482 2325 ce
496 2308 550 2333 que
565 2294 635 2326 vous
663 2295 844 2325 désireet
872 2307 942 2325 nous
969 2308 1040 2326 vous
1068 2299 1234 2326 inscrivons
1261 2308 1312 2325 sur

410 2338 490 2361 notre
506 2334 583 2367 liste,
595 2337 668 2367 pour
680 2343 698 2369 4
714 2335 795 2367 mois,
807 2334 827 2360 8
842 2334 913 2361 mois
929 2344 967 2361 ou
986 2344 997 2360 1
1010 2344 1056 2367 an,
1068 2338 1122 2369 par
1135 2344 1190 2361 une
1201 2344 1311 2361 annon¬

409 2378 441 2396 ce
454 2379 509 2404 que
516 2371 549 2405 je
557 2369 624 2402 fais
636 2371 797 2397 moi-même
808 2374 833 2396 et
842 2379 912 2396 nous
924 2379 994 2396 vous
1006 2370 1134 2397 donnons
1145 2380 1183 2397 un
1196 2373 1311 2397 numéro

401 2407 520 2438 faisant
539 2405 616 2432 suite
637 2410 654 2432 â
674 2409 746 2432 cette
764 2414 900 2432 annonce.
918 2404 995 2433 C'est
1009 2410 1062 2439 par
1076 2406 1102 2432 le
1116 2415 1217 2441 moyen
1232 2406 1265 2432 de
1280 2415 1311 2432 ce

410 2444 525 2467 numéro
550 2450 604 2475 que
629 2450 699 2468 vous
722 2444 833 2476 pouvez
854 2441 1061 2476 correspondre
1087 2450 1157 2469 avec
1183 2446 1246 2469 tous
1270 2442 1310 2468 les

411 2476 536 2503 abonnés
551 2476 584 2503 de
600 2480 678 2504 notre
694 2477 770 2503 liste.

443 2512 573 2547 Lorsque
590 2521 660 2539 vous
674 2512 785 2539 désirez
799 2512 1002 2547 correspondre
1018 2521 1088 2539 avec
1098 2522 1137 2538 un
1153 2512 1261 2539 abonné
1284 2516 1311 2539 et

407 2557 461 2583 que
476 2557 546 2574 vous
562 2557 637 2583 ave^
652 2548 750 2575 choisi
764 2548 835 2574 dans
859 2548 888 2574 la
908 2548 1033 2575 Revue
1058 2547 1257 2576 Mensuelle
1285 2548 1311 2574 le

408 2584 488 2618 parti
502 2583 553 2618 qui
562 2592 632 2610 vous
641 2584 747 2619 piaille
751 2584 820 2618 plus
834 2583 912 2610 voici
926 2588 1063 2610 comment
1079 2584 1294 2619 vousprocédez
1303 2595 1309 2609 :

745 2649 936 2677 EXEMPLE
953 2662 960 2677 :

451 2706 565 2737 Jeune
581 2704 738 2744 homme,
765 2704 808 2736 30
829 2712 905 2742 ans,
928 2704 999 2736 très
1028 2704 1121 2736 belle
1142 2704 1309 2737 situation

410 2749 497 2781 dans
518 2748 706 2788 industrie,
729 2752 874 2790 rapport
891 2749 931 2780 10
944 2749 961 2780 à
980 2749 1104 2780 12.000
1120 2749 1178 2789 fr.,
1192 2748 1309 2781 désire

409 2792 567 2834 mariage
588 2801 631 2824 en
653 2795 810 2834 rapport.
828 2810 870 2814 —
891 2792 1011 2824 Ecrire
1031 2793 1057 2823 N
1065 2801 1071 2808 1
1097 2792 1130 2823 2.

586 2845 632 2868 ou

451 2880 666 2914 Demoiselle
691 2881 735 2912 25
770 2889 847 2922 ans,
883 2880 1051 2913 situation
1086 2880 1129 2912 de
1167 2881 1309 2913 fortune

405 2926 531 2958 25.000
550 2925 683 2965 francs,
701 2927 768 2957 etc.
793 2943 833 2947 —
853 2924 974 2957 Ecrire
989 2925 1031 2956 N-
1056 2926 1089 2957 4.

451 2993 550 3024 Vous
562 2990 612 3023 lui
623 2990 758 3024 écrivez
773 2993 1000 3024 vous-même
1015 3000 1060 3024 ou
1078 2990 1179 3024 faites
1194 2991 1307 3024 écrire

407 3045 471 3078 par
491 3036 687 3078 quelqu’un
717 3036 761 3068 de
789 3039 886 3068 votre
912 3035 1060 3075 famille,
1090 3045 1133 3068 en
1164 3035 1308 3078 signant

407 3081 450 3113 de
471 3084 570 3113 votre
588 3080 749 3120 numéro,
768 3082 801 3112 et
817 3088 904 3112 vous
918 3083 1045 3112 mettez
1060 3089 1121 3112 sur
1137 3080 1307 3113 l’adresse

406 3124 576 3158 cachetée
592 3127 627 3157 et
636 3124 784 3157 timbrée
797 3124 831 3156 le
843 3124 993 3157 numéro
1005 3125 1049 3156 de
1064 3124 1097 3156 la
1111 3133 1303 3166 personne,

407 3169 595 3202 deuxième
615 3169 825 3210 enveloppe,
848 3177 934 3201 avec
954 3177 1013 3202 ces
1025 3169 1198 3211 quelques
1216 3172 1306 3202 mots

408 3223 468 3246 sur
478 3223 547 3246 une
559 3217 657 3246 carte
672 3223 717 3246 ou
730 3222 776 3245 un
789 3213 875 3245 bout
886 3213 928 3245 de
938 3212 1063 3255 papier
1072 3212 1162 3246 ainsi
1171 3213 1303 3246 libellé:

408 3270 425 3288 «
444 3257 625 3290 Monsieur
642 3267 687 3290 ou
702 3258 878 3295 Madame,
892 3267 936 3289 ou
949 3256 1218 3290 Mademoiselle
1230 3259 1303 3290 X...

407 3302 520 3344 (votre
545 3311 627 3334 nom
644 3305 678 3335 et
699 3305 796 3334 votre
817 3301 980 3343 numéro)
995 3300 1069 3343 prie
1090 3302 1252 3334 Madame
1272 3303 1307 3335 la

408 3346 598 3379 Directrice
620 3346 663 3379 de
680 3347 714 3379 la
730 3347 848 3379 Revue
856 3346 900 3378 de
921 3345 1009 3378 faire
1031 3346 1194 3387 parvenir
1214 3349 1305 3379 cette

406 3392 509 3423 lettre
526 3391 545 3423 à
565 3391 613 3423 tel
634 3391 783 3423 numéro
804 3401 822 3420 »
840 3392 875 3422 et
891 3399 976 3422 vous
996 3390 1163 3423 cachetez
1180 3394 1215 3423 et
1225 3390 1304 3423 tim¬

405 3436 486 3468 brez
514 3438 606 3467 cette
643 3434 831 3467 deuxième
862 3435 1058 3476 enveloppe
1094 3434 1112 3466 à
1149 3436 1304 3477 laquelle

405 3488 492 3511 vous
515 3482 641 3511 mettez
659 3488 739 3511 mon
763 3479 919 3517 adresse,
942 3481 976 3511 et
1001 3477 1150 3511 aussitôt
1183 3489 1302 3519 reçue,

405 3523 438 3560 je
460 3523 573 3556 défais
590 3523 622 3555 la
653 3522 829 3565 première
854 3523 1064 3564 enveloppe,
1096 3522 1241 3564 j’efface
1271 3524 1303 3556 le

406 3567 555 3600 numéro
578 3567 621 3599 de
643 3568 676 3599 la
696 3567 884 3599 deuxième
905 3570 938 3599 et
959 3572 1049 3599 mets
1070 3567 1239 3600 l’adresse
1261 3569 1304 3601 de

404 3612 437 3644 la
458 3620 636 3653 personne
653 3615 687 3644 et
705 3610 894 3652 réexpédie
910 3611 944 3643 la
960 3612 1074 3643 lettre.
1098 3612 1195 3645 Vous
1213 3622 1304 3654 pou¬

404 3665 464 3688 vez
481 3656 741 3697 correspondre
757 3664 843 3688 avec
854 3658 932 3687 tous
954 3664 1018 3687 nos
1040 3656 1198 3689 abonnés
1221 3666 1303 3690 sans

406 3710 490 3733 vous
508 3700 596 3732 faire
613 3701 811 3732 connaître.
850 3699 897 3732 Ce
931 3699 1021 3732 n’est
1052 3709 1120 3742 que
1160 3701 1303 3743 lorsque

404 3754 491 3777 vous
511 3753 616 3776 aurez
638 3744 700 3777 fait
720 3748 818 3776 votre
839 3743 957 3783 choix,
993 3753 1062 3785 que
1100 3753 1187 3777 vous
1216 3755 1302 3778 vous

405 3790 541 3822 donnez
564 3789 835 3821 mutuellement
852 3791 950 3820 votre
971 3787 1141 3822 véritable
1158 3790 1302 3822 adresse

404 3837 438 3866 et
459 3843 528 3875 que
563 3842 650 3865 vous
689 3842 776 3865 vous
815 3831 985 3874 ménagez
1026 3841 1094 3865 une
1133 3837 1302 3867 entrevue

402 3887 494 3920 pour
510 3877 656 3910 décider
675 3878 719 3910 de
734 3880 833 3910 votre
853 3880 937 3909 sort.

438 3944 478 3970 Le
492 3943 563 3978 prix
577 3943 611 3969 de
621 3947 702 3971 notre
717 3943 905 3970 abonnement
918 3947 959 3970 est
971 3943 1004 3969 de
1020 3951 1055 3976 24
1060 3945 1105 3976 fr.
1122 3946 1195 3978 pour
1203 3953 1221 3979 4
1230 3944 1302 3971 mois

401 3988 438 4014 44
447 3982 492 4012 fr.
508 3982 581 4013 pour
595 3979 614 4005 8
629 3980 712 4010 mois;
729 3979 764 4011 65
773 3981 817 4011 fr.
834 3981 907 4013 pour
925 3988 936 4004 1
955 3988 1000 4009 an,
1020 3983 1045 4005 et
1062 3988 1131 4006 vous
1147 3989 1218 4007 avez
1227 3980 1302 4007 droit

403 4018 419 4041 à
434 4018 493 4041 être
508 4014 612 4040 inscrit
627 4015 834 4050 gratuitement
849 4023 900 4040 sur
914 4024 960 4040 ma
975 4014 1051 4040 liste.

442 4050 522 4076 Vous
538 4059 631 4084 voye%
645 4049 763 4084 qu'avec
778 4053 851 4075 cette
865 4049 995 4084 modique
1008 4058 1120 4080 somme,
1139 4059 1209 4076 vous
1224 4053 1300 4084 pou¬

401 4094 453 4112 vez
464 4095 534 4112 vous
549 4085 666 4119 marier,
679 4094 747 4112 sans
763 4085 846 4112 avoir
861 4087 878 4110 à
902 4088 1002 4119 passer
1030 4088 1085 4119 par
1100 4085 1148 4112 des
1176 4095 1301 4121 agences

399 4121 451 4156 qui
464 4130 495 4147 se
507 4124 571 4152 font
586 4130 685 4148 verser
699 4121 836 4148 d’avance
850 4120 882 4146 de
895 4128 1009 4155 grosses
1024 4120 1190 4155 provisions
1211 4125 1237 4147 et
1250 4121 1301 4155 qui

400 4160 573 4191 escomptent
587 4157 620 4182 de
635 4166 750 4193 grosses
768 4156 975 4189 commissions,
1005 4159 1079 4191 pour
1100 4156 1244 4183 n’arriver
1274 4157 1300 4183 le

400 4193 468 4227 plus
482 4196 603 4219 souvent
617 4192 633 4218 à
649 4201 744 4219 aucun
759 4192 891 4219 résultat.
915 4192 998 4219 Nous
1027 4191 1146 4218 n’avons
1174 4192 1238 4218 rien
1267 4192 1299 4218 de

400 4237 531 4255 commun
547 4237 617 4255 avec
634 4228 675 4255 les
690 4237 822 4263 agences,
841 4236 891 4254 car
907 4237 976 4254 nous
992 4236 1027 4254 ne
1041 4230 1164 4262 prenons
1188 4237 1299 4254 aucune

400 4263 583 4290 commission
597 4273 648 4290 sur
664 4264 694 4290 la
709 4264 764 4290 dot.
793 4262 837 4291 Un
866 4263 986 4290 modeste
1014 4263 1202 4290 abonnement
1228 4272 1298 4290 nous

399 4309 437 4326 se•
448 4305 458 4326 t
473 4300 505 4325 de
516 4299 670 4334 paiement.

435 4335 596 4369 Lorsqu’un
612 4334 721 4362 abonné
735 4333 800 4361 s'est
808 4333 909 4369 fiancé
923 4339 950 4362 et
962 4334 1035 4369 qu’il
1050 4334 1095 4360 n’a
1110 4334 1178 4368 plus
1201 4333 1298 4360 besoin

398 4371 431 4396 de
442 4375 522 4397 notre
533 4379 628 4404 revue,
642 4372 667 4398 il
682 4380 751 4397 nous
764 4371 791 4397 le
799 4370 857 4402 fait
866 4372 965 4398 savoir
976 4368 1036 4405 afin
1046 4379 1100 4404 que
1110 4378 1182 4397 nous
1193 4379 1298 4404 rayons

396 4415 447 4432 son
464 4416 592 4433 annonce
604 4410 678 4441 pour
694 4416 727 4433 ne
739 4409 792 4441 pas
798 4406 883 4440 Jaire
897 4406 1099 4440 correspondre
1114 4405 1298 4432 inutilement

398 4451 447 4468 nos
464 4441 601 4469 abonnés.

435 4477 509 4504 Tout
523 4477 632 4504 abonné
647 4478 707 4504 doit
719 4477 856 4512 répondre
873 4479 889 4504 à
905 4481 994 4504 toutes
1011 4477 1052 4503 les
1077 4476 1174 4503 lettres
1187 4476 1238 4511 qui
1253 4475 1297 4502 lui

397 4516 458 4539 sont
474 4513 617 4539 adressées
633 4514 640 4546 ;
658 4514 687 4540 la
702 4513 838 4548 politesse
854 4512 970 4548 l’exige,
1001 4522 1035 4539 ne
1042 4515 1160 4545 fussent
1188 4521 1241 4547 que
1251 4521 1296 4538 ces

396 4548 467 4574 trois
485 4557 521 4574 ou
532 4552 633 4583 quatre
648 4553 718 4576 mots
729 4559 734 4575 :
752 4549 870 4581 Inutile,
882 4552 943 4576 tous
957 4558 1014 4575 mes
1025 4551 1147 4584 regrets.
1159 4562 1190 4566 —
1203 4547 1295 4575 iV'...»

437 4629 669 4662 Pourtoutes
680 4632 931 4663 lesannonces
943 4632 1121 4671 ci-après,
1132 4632 1297 4663 s’adres¬

396 4685 462 4707 ser
479 4679 498 4707 à
527 4679 695 4711 Madame
713 4680 831 4712 Veuve
849 4680 1062 4720 CHABAUD,
1087 4681 1293 4713 Directrice

395 4725 439 4755 de
456 4725 487 4755 la
512 4726 530 4742 “
549 4726 672 4759 Revue
692 4729 893 4761 Mensuelle

431 4881 547 4909 Veuve
562 4881 602 4909 43
616 4888 689 4914 ans,
703 4889 783 4911 sans
795 4883 921 4918 enfant,
937 4884 1075 4915 fortune
1089 4886 1222 4917 300.000
1237 4889 1290 4924 tr.,

392 4927 540 4950 revenus
556 4919 669 4950 20.000
685 4920 725 4949 fr.
739 4929 801 4957 par
825 4930 879 4956 an,
904 4924 1101 4960 épouserait
1117 4928 1293 4957 monsieur

392 4961 493 4997 ayant
506 4959 590 4995 jolie
607 4959 769 4990 situation
786 4967 829 4989 ou
847 4961 993 4992 fortune.
1011 4978 1030 4984 -
1044 4965 1085 4993 N"
1100 4965 1190 4994 2100.

429 5027 539 5054 Jeune
555 5024 691 5054 homme
704 5025 743 5053 32
758 5033 831 5058 ans,
848 5026 1042 5059 sud-ouest,
1071 5027 1120 5056 fils
1150 5030 1288 5067 unique,

390 5064 525 5095 300.000
540 5062 594 5093 fr..
612 5063 712 5098 brun,
724 5072 784 5102 pas
797 5064 943 5100 fumeur,
957 5067 1153 5104 épouserait
1166 5068 1291 5099 demoi¬

392 5106 476 5134 selle
499 5111 543 5133 ou
565 5110 676 5133 veuve
706 5104 873 5139 sérieuse,
904 5105 966 5142 âge
995 5108 1029 5134 et
1056 5105 1217 5137 situation
1249 5116 1289 5138 en

389 5145 542 5183 rapport.
560 5158 579 5164 -
595 5144 623 5172 N
630 5152 634 5158 -
653 5143 757 5172 5.004.

1408 1369 1664 1406 Ex-industriel,
1682 1369 1819 1400 divorcé
1848 1371 1867 1399 à
1892 1378 1953 1400 son
1981 1370 2095 1409 profit,
2126 1371 2164 1401 40
2193 1379 2266 1408 ans,

1369 1413 1475 1446 santé,
1494 1411 1684 1447 caractère,
1702 1409 1868 1449 physique
1887 1410 2058 1448 agréable,
2077 1411 2208 1442 110.000
2225 1412 2264 1441 fr.

1368 1451 1403 1480 et
1418 1450 1495 1480 villa
1509 1450 1622 1479 35.000
1637 1450 1690 1486 fr.,
1721 1451 1918 1488 épouserait
1929 1452 2037 1488 jeune
2054 1450 2122 1481 fille
2137 1452 2176 1482 25
2192 1460 2264 1488 ans,

1369 1489 1426 1521 dot
1440 1490 1551 1520 50.000
1568 1490 1608 1519 fr.
1625 1506 1664 1511 —
1679 1491 1718 1520 N-
1737 1490 1826 1520 5v48.

1408 1543 1612 1575 Demoiselle
1647 1544 1685 1574 33
1726 1551 1799 1577 ans,
1841 1542 2049 1574 institutrice
2091 1544 2264 1583 publique,

1367 1584 1488 1620 brune,
1526 1584 1691 1623 physique
1727 1583 1898 1622 agréable,
1944 1585 2124 1614 caractère
2165 1585 2265 1621 doux,

1366 1626 1566 1658 épouserait
1594 1624 1845 1654 fonctionnaire
1874 1631 1918 1654 ou
1939 1625 2095 1664 employé
2113 1625 2154 1655 de
2170 1633 2266 1656 com¬

1368 1673 1494 1695 merce.
1513 1681 1549 1686 —
1565 1665 1593 1694 N
1601 1673 1606 1679 -
1624 1664 1713 1695 5079.

1407 1713 1608 1744 Célibataire
1620 1713 1657 1743 49
1666 1721 1738 1749 ans,
1751 1712 1863 1743 60.000
1879 1712 1918 1743 fr.
1938 1714 2145 1748 économies,
2163 1714 2266 1744 situa¬

1368 1753 1439 1785 tion
1469 1753 1580 1783 10.000
1610 1754 1649 1783 fr.
1686 1761 1747 1792 par
1775 1761 1829 1787 an,
1861 1753 1974 1784 désire
2003 1755 2154 1792 mariage
2184 1762 2265 1784 avec

1371 1794 1568 1824 demoiselle
1585 1801 1628 1823 ou
1645 1801 1751 1824 veuve
1768 1795 1867 1831 ayant
1883 1794 1993 1824 12.000
2004 1795 2041 1823 fr.
2059 1794 2099 1824 de
2113 1797 2208 1825 rente
2222 1802 2264 1825 ou

1368 1834 1572 1873 propriétés.
1590 1850 1608 1855 -
1621 1835 1649 1865 N
1655 1843 1661 1849 -
1679 1834 1767 1864 5081.

1407 1883 1612 1913 Demoiselle
1639 1883 1679 1913 30
1702 1891 1775 1916 ans,
1813 1883 1953 1920 grande,
1999 1883 2098 1916 forte,
2141 1883 2265 1913 femme

1369 1922 1581 1957 d’intérieur,
1630 1923 1852 1957 musicienne,
1892 1922 2020 1953 famille
2061 1924 2263 1958 honorable,

1368 1963 1472 1998 aisée,
1505 1964 1561 1993 dot
1596 1963 1708 1993 30.000
1733 1963 1787 1997 fr.,
1831 1966 2038 2001 espérances
2079 1964 2263 1999 certaines,

1368 2005 1565 2042 épouserait
1582 2005 1758 2033 monsieur
1774 2002 1924 2039 sérieux,
1944 2003 2072 2041 grande
2090 2003 2262 2035 situation.

1367 2059 1383 2065 -
1401 2045 1441 2074 N-
1458 2043 1547 2073 5083.

1408 2092 1612 2123 Demoiselle
1630 2093 1665 2122 18
1682 2100 1753 2128 ans,
1767 2091 1863 2129 jolie,
1881 2091 1981 2128 forte,
1998 2092 2076 2122 bien
2091 2100 2171 2124 sous
2188 2096 2264 2123 tous

1366 2136 1537 2172 rapports,
1562 2132 1631 2162 fille
1657 2132 1794 2170 unique,
1827 2133 1964 2163 fortune
1992 2134 2094 2171 après
2123 2136 2264 2171 parents

1367 2172 1500 2203 500.000
1516 2173 1569 2207 fr.,
1588 2173 1785 2211 épouserait
1799 2173 1953 2207 docteur,
1970 2173 2115 2207 notaire,
2133 2181 2173 2203 ou
2187 2182 2264 2212 pro¬

1367 2213 1532 2251 priétaire
1548 2213 1770 2250 agriculteur,
1801 2212 1932 2243 officier
1963 2221 2005 2243 ou
2035 2213 2228 2244 industriel.
2245 2230 2264 2235 -

1369 2253 1562 2283 S’adresser
1576 2254 1594 2283 à
1610 2253 1641 2282 la
1658 2253 1840 2283 directrice
1866 2253 1905 2283 de
1936 2253 1967 2283 la
1997 2256 2110 2283 Revue
2137 2254 2192 2291 qui
2221 2262 2263 2284 ne

1368 2298 1490 2323 mettra
1507 2301 1549 2323 en
1566 2296 1705 2332 rapport
1732 2301 1796 2331 que
1826 2293 1853 2322 si
1882 2296 2030 2332 proposé
2060 2295 2228 2324 convient.
2246 2310 2261 2316 -

1366 2334 1407 2364 N-
1425 2334 1514 2364 2651.

1406 2382 1611 2413 Demoiselle
1626 2383 1665 2412 40
1680 2390 1752 2418 ans,
1777 2381 1855 2411 bien
1872 2389 1953 2413 sous
1983 2384 2060 2412 tous
2090 2385 2261 2422 rapports,

1367 2425 1467 2461 ayant
1483 2422 1581 2453 avoir
1597 2425 1630 2452 et
1646 2425 1865 2461 espérances,
1883 2423 2165 2461 correspondrait
2182 2431 2263 2453 avec

1365 2464 1541 2492 monsieur
1571 2461 1709 2493 sérieux
1738 2464 1837 2500 ayant
1865 2462 1978 2493 bonne
2008 2462 2183 2493 situation.
2225 2479 2263 2483 —

1365 2503 1406 2533 N-
1422 2503 1513 2532 5099.

1405 2550 1643 2582 Sous-officier
1666 2551 1708 2581 de
1733 2550 1896 2583 carrière,
1926 2551 1966 2580 26
1993 2559 2066 2586 ans,
2097 2551 2262 2589 physique

1366 2592 1537 2629 agréable,
1555 2590 1753 2621 traitement
1767 2590 1859 2620 6.000
1874 2589 1927 2626 fr.,
1947 2591 2143 2629 épouserait
2155 2594 2262 2629 jeune

1364 2630 1433 2662 fille
1449 2632 1485 2661 17
1501 2633 1520 2661 à
1533 2632 1573 2661 23
1589 2639 1660 2667 ans,
1679 2631 1840 2662 situation
1855 2638 1899 2660 en
1914 2634 2066 2669 rapport.
2079 2647 2097 2653 -
2111 2632 2152 2660 N-
2169 2632 2259 2662 6002.

1404 2680 1605 2710 Célibataire
1634 2681 1672 2710 29
1701 2688 1773 2715 ans,
1808 2680 2123 2716 Alsacien-Lorain,
2168 2688 2261 2711 sous-

1365 2720 1497 2751 officier
1509 2721 1548 2750 de
1564 2720 1816 2758 gendarmerie,
1833 2719 2048 2755 cultivateur,
2067 2720 2172 2758 petite
2190 2722 2261 2750 for¬

1364 2763 1458 2794 tune,
1476 2761 1589 2789 désire
1606 2762 1854 2799 mariage,avec
1871 2760 2070 2789 demoiselle
2093 2768 2136 2789 ou
2154 2769 2261 2791 veuve

1364 2799 1531 2837 posédant
1546 2800 1721 2837 propriété
1738 2799 1898 2836 agricole.
1916 2814 1927 2820 -
1944 2800 1971 2827 N
1978 2807 1984 2813 -
2001 2799 2090 2828 6003.

1405 2847 1643 2878 Sous-officier
1671 2846 1887 2877 d’infanterie
1916 2847 2093 2884 coloniale,
2129 2848 2167 2877 26
2192 2855 2262 2877 ans.

1363 2886 1476 2918 bonne
1492 2887 1654 2917 situation
1671 2888 1712 2917 de
1726 2887 1863 2923 famille,
1880 2887 2077 2917 économies
2094 2887 2133 2916 10
2146 2888 2206 2917 000
2218 2889 2258 2918 fr.

1364 2927 1562 2966 épouserait
1605 2927 1803 2957 demoiselle
1832 2927 1997 2964 sérieuse,
2026 2926 2187 2958 situation
2217 2935 2259 2958 en

1363 2970 1515 3006 rapport.
1531 2983 1550 2989 -
1566 2969 1605 2998 N'
1624 2968 1711 2998 6004.

1402 3018 1511 3047 Jeune
1526 3017 1663 3047 homme
1687 3018 1726 3046 24
1742 3024 1813 3052 ans,
1830 3016 1948 3046 mutilé
1966 3016 2007 3046 de
2023 3024 2161 3053 guerre,
2179 3025 2260 3056 pen¬

1363 3055 1437 3086 sion
1454 3057 1614 3087 annuelle
1638 3057 1730 3087 3.500
1745 3056 1796 3092 fr.,
1812 3057 1868 3085 dot
1883 3056 1970 3086 8.000
1986 3056 2038 3093 fr.,
2064 3057 2260 3091 épouserait

1358 3097 1465 3134 jeune
1480 3097 1548 3127 fille
1564 3104 1608 3127 ou
1624 3105 1731 3128 veuve
1748 3104 1826 3126 sans
1842 3095 1991 3127 fortune.
2008 3113 2020 3118 -
2040 3097 2079 3127 N'
2098 3096 2186 3127 6005.

1402 3159 1603 3195 Ex-officier,
1631 3159 1670 3189 30
1692 3167 1761 3195 ans,
1778 3158 1900 3197 Légion
1929 3159 2130 3195 d’honneur,
2145 3159 2259 3190 indus¬

1361 3200 1451 3236 triel,
1478 3200 1591 3229 50.000
1607 3199 1646 3229 fr.
1661 3208 1723 3239 par
1736 3207 1788 3235 an,
1813 3202 1900 3236 auto,
1929 3199 2128 3237 épouserait
2153 3202 2258 3237 jeune

1362 3238 1432 3269 fille
1449 3240 1650 3277 distinguée,
1681 3239 1903 3276 musicienne,
1935 3239 2096 3269 situation
2119 3247 2161 3269 en
2177 3248 2257 3279 rap¬

1360 3282 1450 3317 port.
1466 3296 1484 3302 -
1500 3281 1540 3310 N-
1558 3279 1648 3311 6006.

1404 3343 1492 3373 Veuf
1497 3344 1616 3379 44ans,
1626 3343 1696 3372 trè»
1707 3342 1818 3372 bonne
1828 3341 1966 3379 famille,
1984 3341 2120 3371 fortune
2134 3342 2259 3372 150.000

1360 3385 1414 3420 fr.,
1445 3383 1607 3413 situation
1649 3382 1790 3412 libérale
1818 3383 1836 3412 à
1851 3383 1953 3420 Lyon,
1990 3384 2132 3420 rapport
2145 3383 2259 3412 25.000

1360 3425 1401 3455 fr.
1431 3423 1628 3462 épouserait
1636 3430 1743 3452 veuve
1757 3429 1800 3451 ou
1811 3422 2018 3454 demoiselle,
2028 3421 2133 3459 âgeet
2149 3422 2258 3452 situa¬

1359 3465 1430 3496 tion
1446 3473 1487 3494 en
1503 3465 1653 3502 rapport.
1670 3479 1683 3485 -
1694 3464 1721 3493 N
1727 3471 1732 3476 -
1750 3462 1838 3497 6007,

1400 3530 1534 3561 Officier
1562 3530 1603 3560 de
1633 3528 1815 3565 cavalerie,
1843 3531 1954 3559 comte
1971 3527 2204 3566 authentique,
2221 3529 2259 3558 42

1360 3579 1432 3608 ans,
1448 3571 1537 3601 3.000
1552 3569 1593 3599 fr.
1608 3568 1750 3607 pension
1764 3571 1798 3598 et
1813 3568 1974 3599 situation
1991 3569 2256 3606 indépendante,

1358 3611 1526 3650 physique
1555 3611 1626 3640 très
1653 3608 1823 3647 agréable,
1854 3608 2034 3646 distingué,
2061 3608 2196 3638 homme
2213 3608 2256 3638 du

1359 3652 1491 3688 monde,
1522 3650 1634 3680 désire
1662 3648 1813 3686 mariage
1843 3657 1924 3679 avec
1954 3650 2050 3679 dame
2067 3655 2110 3678 ou
2139 3656 2256 3685 veuve,

1358 3692 1470 3722 même
1486 3691 1580 3729 âgée,
1596 3692 1697 3727 ayant
1713 3689 1779 3718 dot.
1792 3690 1831 3719 N'
1847 3689 1935 3719 6008.

1398 3753 1601 3784 Demoiselle
1617 3753 1655 3781 57
1671 3759 1743 3785 ans,
1762 3752 1857 3780 santé
1873 3750 2029 3790 parfaite,
2060 3751 2254 3788 paraissant

1357 3793 1397 3824 45
1412 3802 1484 3828 ans,
1500 3792 1703 3823 immeubles
1715 3791 1756 3820 de
1771 3791 1858 3828 prix,
1869 3799 1949 3829 gros
1966 3792 2107 3828 rapport
2122 3793 2253 3828 argent,

1358 3835 1610 3870 commerçante
1639 3832 1679 3861 de
1708 3834 1840 3864 nature,
1868 3830 2065 3870 épouserait
2080 3830 2256 3860 monsieur

1357 3874 1442 3903 dans
1457 3874 1489 3903 le
1505 3879 1699 3902 commerce
1715 3878 1758 3901 ou
1775 3870 1915 3907 rentier,
1934 3870 2095 3901 situation
2114 3878 2156 3900 en
2174 3879 2254 3909 rap¬

1356 3916 1444 3951 port.
1462 3929 1472 3935 -
1488 3914 1517 3943 N
1523 3922 1528 3927 -
1545 3913 1636 3942 6013.

1397 3975 1532 4012 Dactylo
1544 3975 1662 4004 25ans.
1674 3972 2027 4011 intelligente,femme
2043 3971 2254 4010 d’intérieur,

1356 4014 1468 4045 désire
1485 4014 1637 4051 mariage
1653 4021 1735 4043 avec
1757 4013 1985 4044 sous-officier
2000 4013 2040 4042 de
2057 4012 2208 4043 carrière
2224 4015 2254 4042 «i

1356 4054 1516 4091 possible.
1534 4070 1549 4075 -
1566 4055 1594 4083 N
1601 4062 1606 4068 -
1631 4054 1720 4083 6014.

1394 4118 1509 4147 Veuve
1534 4123 1612 4146 sans
1643 4116 1767 4150 enfant,
1794 4115 1833 4145 60
1850 4123 1918 4152 ans,
1934 4123 1977 4145 ne
1993 4116 2041 4145 les
2059 4115 2252 4153 paraissant

1353 4164 1423 4194 pas,
1437 4157 1550 4186 bonne
1567 4155 1758 4190 éducation,
1788 4156 1858 4184 très
1888 4156 2088 4193 distinguée,
2099 4155 2193 4185 6.000
2211 4156 2249 4184 fr.

1355 4198 1395 4226 de
1422 4199 1548 4232 rentes,
1577 4196 1774 4233 épouserait
1804 4196 1945 4226 ré'.raité
1975 4203 2018 4226 ou
2046 4195 2180 4226 rentier
2209 4195 2250 4225 de

1354 4235 1466 4267 bonne
1482 4235 1674 4266 éducation.
1687 4251 1705 4257 -
1721 4235 1761 4264 N.
1776 4235 1865 4265 6015.

1394 4299 1609 4333 Demoiselle,
1631 4298 1669 4328 39
1686 4305 1758 4330 ans,
1784 4297 2045 4332 fonctionnaire,
2072 4297 2181 4328 10.000
2208 4298 2248 4328 fr.

1353 4338 1669 4377 d’appointements,
1687 4337 1798 4367 bonne
1809 4337 1944 4375 famille,
1955 4337 2127 4372 instruite,
2147 4340 2250 4376 épou¬

1352 4381 1459 4409 serait
1473 4378 1650 4408 monsieur
1665 4378 1707 4407 de
1717 4377 1757 4406 45
1771 4379 1788 4406 à
1803 4378 1843 4407 50
1858 4386 1931 4414 ans,
1949 4378 2110 4408 situation
2123 4377 2204 4407 faite
2216 4380 2251 4408 et

1353 4418 1498 4456 quelque
1515 4417 1662 4448 fortune.
1681 4434 1719 4438 —
1734 4418 1773 4447 N-
1791 4418 1880 4447 6016.

1392 4484 1606 4519 Demoiselle,
1636 4485 1673 4514 35
1712 4491 1783 4515 ans,
1815 4485 2025 4520 charmante,
2056 4484 2250 4523 paraissant

1351 4524 1427 4563 plus
1453 4526 1567 4560 jeune,
1599 4525 1765 4559 sérieuse,
1796 4524 1919 4555 femme
1950 4524 2161 4560 d’intérieur,
2193 4525 2250 4553 dot

1352 4564 1462 4595 10.000
1482 4564 1535 4598 fr.,
1566 4563 1764 4602 épouserait
1791 4565 1965 4595 monsieur
1994 4563 2145 4599 sérieux,
2175 4565 2214 4594 36
2229 4565 2248 4593 à

1350 4605 1390 4634 42
1432 4612 1503 4637 ans,
1547 4604 1797 4634 fonctionnaire
1835 4612 1879 4634 ou
1908 4604 2029 4634 travail
2059 4606 2192 4635 assuré.
2210 4619 2247 4625 —

1350 4646 1394 4675 N°
1407 4645 1496 4674 6017.

1390 4705 1622 4746 Propriétaire
1651 4704 1870 4743 agriculteur,
1901 4705 2040 4743 Afrique
2080 4705 2123 4735 du
2148 4705 2244 4741 nord,

1349 4747 1437 4785 veuf,
1451 4748 1469 4776 3
1484 4745 1631 4779 enfants,
1646 4745 1735 4775 belle
1759 4745 1931 4781 situation,
1958 4745 2147 4775 recherche
2173 4753 2247 4775 ma¬

1350 4789 1445 4826 riage
1456 4790 1563 4825 jeune
1587 4784 1655 4815 fil'e
1685 4784 1904 4822 affectueuse,
1934 4786 1973 4815 25
2003 4787 2021 4815 à
2048 4785 2086 4814 35
2117 4793 2245 4815 ans.—

1349 4829 1389 4858 N-
1407 4828 1496 4858 6018.

1389 4888 1604 4922 Demoiselle,
1634 4889 1670 4917 31
1701 4894 1772 4921 ans,
1803 4888 2034 4922 travailleuse,
2062 4888 2243 4920 économe,

1348 4931 1513 4961 demande
1529 4930 1630 4965 jeune
1645 4928 1781 4957 homme
1797 4935 1841 4957 ou
1858 4928 1940 4958 veuf
1952 4935 2030 4957 sans
2056 4927 2183 4962 enfant,
2206 4926 2246 4955 30

1348 4972 1364 4999 à
1382 4971 1420 5000 40
1436 4978 1508 5000 ans.
1525 4985 1563 4989 —
1578 4968 1618 4996 N-
1636 4967 1723 4997 6019.

1391 5029 1489 5057 Dame
1504 5026 1542 5055 50
1558 5033 1631 5061 ans,
1649 5031 1727 5054 sans
1744 5023 1882 5057 famille,
1902 5023 2124 5059 affectueuse,
2142 5027 2243 5062 ayant

1347 5067 1506 5097 situation
1523 5073 1603 5103 gros
1628 5066 1768 5102 rapport
1796 5067 1829 5093 et
1858 5063 1962 5099 avoir,
1994 5064 2107 5094 desire
2140 5065 2241 5095 union

1347 5113 1428 5135 avec
1445 5106 1621 5135 monsieur
1636 5112 1678 5134 en
1694 5106 1844 5142 rapport,
1863 5111 1929 5134 aux
1946 5104 2148 5134 sentiments
2171 5105 2245 5134 éle¬

1346 5145 1415 5180 vés,
1432 5145 1544 5175 bonne
1560 5144 1733 5175 situation.
1747 5161 1785 5164 —
1801 5145 1842 5174 N'
1864 5144 1954 5174 6022.

2364 1372 2460 1409 Veuf,
2477 1374 2515 1403 48
2529 1382 2603 1410 ans,
2619 1376 2863 1416 propriétaire,
2880 1387 2949 1411 une
2963 1380 3084 1412 fillette
3107 1382 3127 1410 8
3148 1389 3223 1420 ans,

2323 1411 2363 1441 50
2378 1412 2437 1443 000
2451 1413 2506 1450 fr.,
2531 1414 2644 1445 désire
2661 1417 2812 1456 mariage
2838 1427 2920 1450 avec
2944 1429 3050 1451 veuve
3072 1429 3114 1451 en
3140 1430 3222 1461 rap¬

2322 1454 2411 1490 port,
2428 1455 2584 1492 pourrait
2600 1463 2636 1485 se
2663 1457 2833 1496 déplacer,
2861 1458 3010 1491 cherche
3032 1468 3221 1501 compagne

2323 1500 2411 1530 pour
2427 1493 2521 1524 vivre
2535 1494 2703 1526 heureux.
2721 1514 2760 1518 —
2774 1499 2814 1528 N-
2831 1498 2922 1529 6023.

2361 1555 2470 1585 Jeune
2486 1556 2623 1587 homme
2640 1557 2799 1596 français,
2815 1560 2855 1590 30
2871 1568 2942 1596 ans,
2969 1563 3138 1602 orphelin,
3165 1567 3224 1596 sé¬

2323 1593 2433 1629 rieux,
2451 1596 2564 1626 20.000
2580 1597 2620 1627 fr.
2638 1602 2770 1637 argent,
2789 1602 2995 1639 espérances
3024 1604 3136 1634 50.000
3165 1606 3221 1643 fr.,

2322 1642 2365 1664 au
2381 1635 2509 1671 Maroc,
2527 1637 2641 1667 désire
2658 1642 2797 1670 rentrer
2807 1648 2851 1670 en
2861 1641 2991 1673 France
3001 1651 3090 1682 pour
3100 1646 3223 1676 maria¬

2323 1682 2364 1712 ge
2377 1683 2458 1706 avec
2473 1677 2577 1714 jeune
2593 1677 2661 1709 fille
2677 1679 2789 1710 bonne
2815 1680 2987 1713 situation.
3008 1701 3046 1704 —
3060 1685 3101 1714 N-
3126 1685 3218 1716 6024.

2370 1729 2483 1759 Veuve
2499 1731 2537 1759 42
2553 1733 3014 1775 ans,paraissantbeaucoup
3026 1737 3101 1775 plus
3115 1739 3221 1775 jeune

2323 1771 2425 1804 ayant
2453 1769 2572 1800 fillette
2593 1772 2634 1801 de
2665 1773 2701 1802 10
2717 1781 2789 1809 ans,
2820 1775 3017 1813 épouserait
3044 1778 3220 1810 monsieur

2321 1807 2433 1838 bonne
2449 1810 2610 1841 situation
2628 1819 2672 1843 ou
2687 1814 2834 1849 fortune,
2853 1815 2893 1845 de
2914 1817 2952 1846 43
2980 1819 2997 1846 à
3026 1817 3065 1847 60
3093 1826 3164 1849 ans.
3182 1836 3221 1843 —

2322 1848 2363 1877 N-
2380 1848 2469 1879 6025.

2362 1899 2464 1928 Dame
2494 1899 2652 1932 divorcée
2689 1903 2708 1931 à
2740 1910 2801 1933 son
2837 1904 2949 1942 profit,
2985 1906 3023 1935 47
3060 1915 3131 1943 ans,
3161 1909 3218 1940 dot

2320 1937 2433 1969 80.000
2447 1938 2502 1974 fr.,
2520 1943 2652 1978 argent,
2670 1942 2776 1972 belles
2789 1946 3007 1982 espérances,
3021 1948 3219 1985 épouserait

2321 1980 2496 2009 monsieur
2510 1980 2586 2010 bien
2605 1988 2685 2012 sous
2701 1985 2777 2013 tous
2806 1988 2964 2022 rapports
2995 1986 3105 2018 même
3135 1996 3218 2021 avec

2320 2018 2450 2049 enfant.
2472 2037 2510 2040 —
2526 2021 2565 2050 N-
2582 2020 2672 2051 6026.

2361 2073 2536 2103 Monsieur
2564 2075 2648 2111 seul,
2675 2077 2713 2105 38
2742 2084 2814 2112 ans,
2847 2083 3091 2117 commerçant,
3123 2083 3219 2114 avoir

2319 2111 2431 2143 40.000
2448 2113 2501 2149 fr.,
2519 2114 2673 2146 bénéfice
2689 2119 2756 2152 net,
2776 2117 2866 2147 1.500
2883 2118 2919 2148 fr.
2930 2127 2992 2157 par
3002 2120 3096 2158 mois,
3109 2124 3219 2161 épou¬

2320 2154 2425 2183 serait
2441 2153 2640 2184 demoiselle
2656 2164 2700 2186 ou
2715 2164 2823 2187 veuve
2839 2158 2880 2187 de
2894 2159 2933 2188 24
2949 2160 2967 2189 à
2982 2160 3021 2189 34
3049 2169 3119 2199 ans,
3134 2166 3218 2202 pré¬

2320 2195 2455 2222 sentant
2481 2193 2568 2228 bien,
2598 2198 2698 2232 ayant
2724 2196 2809 2235 petit
2837 2198 2943 2234 avoir,
2981 2200 3146 2233 sérieuse.
3179 2219 3220 2227 —

2321 2234 2361 2262 N-
2379 2233 2468 2263 6027.

2362 2287 2636 2325 Fonctionnaire,
2652 2290 2690 2319 40
2706 2297 2777 2326 ans,
2802 2292 3003 2329 présentant
3031 2294 3120 2330 bien,
3152 2297 3218 2329 bon

2320 2328 2508 2360 caractère,
2525 2328 2731 2367 catholique,
2750 2330 2876 2361 famille
2892 2331 3090 2370 honorable,
3118 2336 3220 2368 situa¬

2320 2366 2401 2402 tion,
2418 2367 2506 2397 7.000
2522 2368 2574 2403 fr.,
2593 2370 2688 2399 avoir
2702 2370 2814 2400 20.000
2830 2371 2872 2401 fr.
2901 2376 2935 2402 et
2962 2373 3074 2404 40.000
3103 2375 3142 2405 fr.
3174 2385 3193 2408 e
3206 2386 3218 2408 1

2318 2406 2465 2443 valeurs,
2483 2407 2570 2444 veuf,
2586 2408 2676 2439 deux
2691 2409 2825 2440 enfants
2847 2412 2883 2440 12
2898 2415 2933 2442 et
2945 2414 2963 2442 8
2980 2421 3040 2443 ans
3056 2423 3115 2453 pas
3137 2417 3154 2446 à
3180 2426 3217 2448 si

2319 2446 2455 2484 charge,
2474 2449 2672 2485 épouserait
2696 2449 2907 2486 demoiselle,
2925 2460 3032 2484 veuve
3044 2462 3087 2484 ou
3104 2455 3217 2487 divor¬

2319 2487 2390 2521 cée,
2408 2487 2519 2517 même
2536 2488 2610 2525 plus
2628 2488 2724 2527 âgée,
2743 2498 2785 2520 en
2801 2495 2953 2529 rapport.
2972 2510 3010 2514 —
3025 2495 3065 2524 N-
3082 2495 3173 2526 6028.

2357 2547 2445 2578 Jolie
2475 2549 2598 2579 blonde
2626 2551 2664 2581 40
2690 2559 2760 2582 ans.
2787 2560 2830 2582 ne
2860 2553 2909 2583 les
2935 2555 3128 2593 paraissant
3143 2566 3216 2597 pas,

2320 2586 2444 2618 femme
2484 2588 2694 2626 d’intérieur,
2725 2592 2838 2622 80.000
2862 2593 2902 2623 fr.
2932 2598 3063 2633 argent,
3104 2597 3216 2636 titres,

2319 2628 2451 2658 maison
2481 2631 2515 2659 et
2529 2629 2626 2659 riche
2641 2631 2808 2667 mobilier,
2840 2640 2979 2671 grosses
2995 2638 3215 2676 espérances,

2317 2668 2514 2706 épouserait
2543 2670 2720 2701 monsieur
2753 2677 2854 2709 ayant
2876 2674 2961 2710 jolie
2992 2676 3165 2708 situation.
3196 2693 3217 2703 -

2317 2709 2356 2738 N-
2376 2708 2464 2738 6030.

2356 2762 2435 2797 Vve,
2452 2763 2491 2791 43
2507 2770 2579 2798 ans,
2598 2764 2822 2801 musicienne,
2846 2765 2924 2797 bien
2951 2776 3032 2799 sous
3062 2771 3137 2800 tous
3168 2772 3217 2804 les

2317 2804 2487 2838 rapports,
2505 2805 2605 2837 ayant
2622 2805 2727 2837 avoir,
2744 2805 2929 2835 immeutue
2946 2812 2979 2836 et
2995 2811 3169 2846 propriété
3201 2815 3216 2841 z

2317 2838 2348 2867 la
2365 2847 2563 2878 campagne,
2582 2841 2623 2871 de
2640 2846 2790 2881 rapport,
2809 2844 2904 2876 riche
2921 2846 3086 2883 mobilier,
3109 2850 3219 2888 épou¬

2316 2880 2421 2909 serait
2436 2881 2615 2910 monsieur
2630 2884 2732 2920 ayant
2743 2883 2828 2920 jolie
2843 2883 3017 2917 situation.
3033 2903 3051 2909 -
3064 2887 3102 2916 N-
3118 2889 3213 2921 6033.

2356 2937 2517 2974 Français
2534 2937 2689 2970 habitant
2704 2941 2848 2975 Canada,
2874 2944 2963 2978 veuf,
2979 2945 3017 2973 52
3033 2953 3105 2981 ans,
3123 2946 3214 2984 bien,

2315 2976 2427 3007 bonne
2444 2978 2617 3014 situation,
2637 2980 2712 3018 plus
2730 2981 2862 3011 100.000
2886 2981 2926 3012 fr.
2957 2987 3088 3022 argent,
3107 2988 3217 3026 épou¬

2317 3017 2423 3047 serait
2435 3019 2540 3055 jeune
2557 3018 2635 3054 fille,
2650 3020 2748 3057 jolie,
2765 3021 2886 3058 douce,
2914 3023 3024 3054 même
3051 3033 3129 3055 sans
3146 3028 3215 3065 dot,

2316 3064 2360 3086 ou
2383 3059 2477 3088 toute
2501 3061 2597 3088 autre
2622 3067 2794 3097 personne
2817 3069 2860 3091 en
2888 3067 3038 3101 rapport.
3064 3066 3217 3105 Envoyer

2315 3096 2430 3135 photo.
2447 3097 2603 3128 Timbrer
2619 3101 2738 3130 lettres
2753 3101 2836 3137 0,50.
2853 3117 2872 3123 -
2887 3103 2915 3133 N
2922 3112 2927 3118 -
2944 3104 3034 3134 6034.

2355 3155 2421 3185 Vve
2438 3154 2730 3194 d’avant-guerre,
2760 3159 2949 3196 orpheline,
2981 3162 3146 3195 sérieuse.
3176 3165 3215 3195 31

2315 3201 2387 3230 ans,
2404 3204 2444 3224 en
2461 3196 2654 3234 paraissant
2669 3198 2718 3234 30,
2735 3199 2820 3237 petit
2835 3207 2962 3237 garçon
2978 3202 2996 3230 8
3024 3210 3095 3237 ans,
3125 3203 3216 3236 doux

2315 3236 2348 3263 et
2378 3235 2503 3265 aimant
2530 3235 2710 3273 intérieur,
2742 3241 2843 3276 ayant
2872 3240 2978 3278 gentil
3008 3249 3213 3281 commerce,

2313 3274 2425 3304 20.000
2440 3275 2481 3305 fr.
2499 3276 2641 3306 environ
2658 3281 2691 3308 et
2703 3280 2788 3317 petit
2808 3278 2988 3316 intérieur,
3017 3283 3215 3321 épouserait

2315 3316 2490 3345 monsieur
2504 3316 2543 3345 35
2559 3317 2576 3346 à
2591 3316 2631 3346 40
2646 3326 2717 3354 ans,
2735 3319 2941 3357 pratiquant,
2958 3328 3002 3351 ou
3028 3322 3112 3352 veuf
3131 3331 3214 3355 avec

2314 3358 2503 3392 garçonnet
2529 3364 2595 3386 aux
2625 3357 2753 3388 mêmes
2783 3359 2893 3396 goûts,
2925 3364 3025 3398 ayant
3052 3362 3213 3395 situation

2313 3395 2553 3425 commerciale
2569 3397 2650 3427 dans
2667 3406 2705 3428 ce
2723 3406 2779 3428 cas
2795 3400 2901 3430 serait
2923 3401 3097 3439 puissante
3121 3404 3214 3434 auxi¬

2313 3433 2422 3467 liaire,
2452 3442 2496 3465 ou
2526 3435 2688 3468 situation
2705 3438 2785 3468 sûre
2814 3440 2896 3470 dans
2927 3441 3213 3476 administration.

2317 3473 2457 3505 Divorcé
2475 3475 2666 3507 s’abstenir.
2682 3493 2702 3500 -
2723 3479 2763 3509 N‘
2778 3479 2871 3509 6035.

2351 3531 2618 3570 Adjudant-chef
2631 3534 2845 3566 d’infanterie
2863 3538 3041 3574 coloniale,
3071 3540 3110 3569 29
3138 3548 3213 3576 ans,

2314 3574 2626 3603 momentanément
2636 3581 2679 3604 au
2694 3576 2820 3612 Maroc,
2839 3577 2950 3608 désire
2960 3581 3214 3618 correspondra

2312 3619 2400 3650 pour
2415 3612 2567 3650 mariage
2591 3621 2674 3644 avec
2695 3616 2801 3652 jeune
2825 3616 2893 3648 fille
2922 3618 2961 3648 de
2979 3620 3015 3649 18
3039 3620 3059 3649 à
3084 3621 3123 3649 25
3138 3628 3215 3660 ans,

2312 3652 2479 3688 sérieuse,
2495 3653 2607 3683 bonne
2623 3654 2796 3691 situation,
2814 3657 2985 3688 instruite.
3002 3675 3022 3682 -
3036 3661 3076 3691 N'
3093 3660 3172 3690 6036

2350 3706 2458 3735 Jeune
2474 3705 2621 3741 homme,
2638 3707 2677 3736 25
2694 3715 2765 3741 ans,
2784 3708 2902 3740 mutilé
2917 3711 2956 3741 de
2966 3720 3103 3750 guerre,
3115 3721 3214 3744 exer¬

2311 3747 2389 3781 çant
2423 3745 2454 3775 la
2491 3745 2684 3783 profession
2723 3747 2964 3786 d'électricien,
2996 3752 3079 3782 mais
3110 3757 3214 3791 ayant

2310 3783 2500 3816 l’intention
2508 3785 2549 3815 de
2558 3786 2707 3824 prendre
2718 3795 2923 3826 commerce,
2935 3794 3214 3830 correspondrait

2310 3832 2392 3855 avec
2408 3825 2606 3856 demoiselle
2624 3827 2663 3856 de
2682 3828 2717 3856 18
2733 3828 2752 3857 à
2766 3828 2805 3857 26
2822 3836 2892 3865 ans,
2920 3832 3140 3864 connaissant
3164 3842 3211 3865 un

2309 3872 2376 3902 peu
2392 3865 2422 3895 le
2439 3873 2643 3896 commerce.
2661 3883 2677 3889 -
2697 3867 2738 3896 N-
2755 3867 2844 3897 6037.

2348 3923 2552 3953 Demoiselle
2567 3924 2605 3953 33
2617 3931 2688 3959 ans,
2702 3924 2757 3954 dot
2768 3925 2880 3955 25.000
2890 3927 2929 3956 fr.
2943 3930 2978 3957 et
2989 3931 3209 3967 espérances,

2307 3961 2479 3998 instruite,
2497 3964 2694 4002 épouserait
2709 3965 2907 3997 célibataire
2922 3975 2965 3998 ou
2980 3969 3067 4003 veuf,
3078 3970 3211 4001 officier

2308 4009 2351 4031 ou
2369 4003 2630 4038 fonctionnaire,
2647 4005 2871 4043 échangerait
2884 4007 2999 4045 photo.
3016 4009 3057 4038 N‘
3074 4009 3166 4040 6039.

2347 4055 2549 4086 Lieutenant
2590 4056 2804 4088 d’infanterie
2842 4059 3021 4096 colan'ale,
3057 4063 3096 4092 30
3133 4071 3207 4099 ans,

2308 4095 2443 4132 décoré,
2462 4097 2558 4127 avoir
2583 4097 2696 4127 25.000
2724 4098 2779 4133 fr.,
2810 4100 3007 4137 épouserait
3035 4110 3208 4140 personne

2307 4143 2389 4165 avec
2405 4136 2472 4170 dot,
2490 4136 2564 4175 âge,
2582 4138 2787 4168 antécédent
2812 4138 3020 4171 indifférent.
3037 4158 3056 4163 -
3069 4143 3112 4171 N-
3127 4143 3208 4173 6042

2344 4193 2452 4222 Jeune
2468 4193 2605 4224 homme
2622 4196 2692 4224 très
2709 4195 2860 4231 sérieux,
2882 4199 3209 4234 ajusteur-mécani¬

2306 4231 2393 4269 cien,
2410 4234 2448 4262 23
2464 4242 2537 4267 ans,
2556 4234 2667 4264 désire
2684 4236 2935 4272 correspondre
2964 4246 3046 4269 avec
3075 4240 3209 4271 demoi¬

2305 4272 2400 4308 selle,
2414 4273 2512 4310 jolie,
2530 4273 2686 4310 aimable,
2704 4274 2745 4304 de
2761 4275 2796 4304 18
2812 4276 2829 4305 à
2845 4276 2884 4304 22
2900 4285 2971 4307 ans.
2985 4293 3004 4299 -
3020 4279 3060 4308 N-
3076 4280 3171 4312 6043.

2345 4326 2560 4362 Demoiselle,
2576 4327 2612 4355 31
2631 4335 2703 4363 ans,
2722 4328 2924 4366 comptable,
2941 4331 3030 4361 7.000
3051 4332 3091 4362 fr.
3123 4335 3207 4364 éco¬

2305 4365 2437 4395 nomies
2453 4369 2487 4395 et
2503 4368 2721 4404 espérances,
2740 4371 2839 4405 ayant
2855 4371 3036 4401 trousseau
3053 4374 3086 4402 et
3101 4374 3205 4404 mobi¬

2304 4403 2380 4440 lier,
2398 4406 2595 4444 épouserait
2611 4407 2788 4437 monsieur
2803 4412 2903 4445 ayant
2932 4411 3092 4442 situation
3121 4414 3202 4444 sûre

2304 4448 2336 4474 et
2352 4444 2464 4475 bonne
2481 4445 2674 4476 éducation.
2691 4463 2701 4468 -
2717 4447 2746 4476 N
2752 4455 2757 4461 -
2775 4447 2868 4477 6044.

2343 4498 2456 4528 Veuve
2466 4498 2542 4528 d’un
2552 4498 2746 4537 ingénieur,
2760 4504 2857 4531 rente
2869 4503 2957 4534 1.700
2967 4504 3020 4541 fr.,
3037 4505 3148 4536 49.000
3161 4507 3201 4536 fr.

2306 4538 2501 4575 dommages
2518 4539 2558 4567 de
2574 4546 2712 4575 guerre,
2730 4540 2793 4579 âge
2808 4541 2846 4571 57
2863 4550 2935 4580 ans,
2948 4544 3061 4575 désire
3071 4553 3203 4585 compa¬

2303 4584 2391 4614 gnon
2412 4577 2524 4607 bonne
2540 4578 2733 4610 éducation.
2750 4597 2768 4602 -
2783 4582 2812 4612 N
2818 4590 2824 4597 -
2841 4581 2933 4613 6045.

2342 4635 2551 4665 Demoiselle
2565 4636 2605 4665 35
2620 4644 2692 4674 ans,
2717 4638 2895 4677 employée
2917 4640 3201 4679 administration,

2302 4678 2450 4712 gagnant
2464 4676 2483 4704 4
2498 4675 2557 4705 800
2572 4678 2612 4706 fr.
2630 4685 2692 4716 par
2711 4686 2765 4712 an,
2784 4679 2890 4710 12.000
2919 4681 2958 4710 fr.
2990 4682 3199 4718 économies,

2302 4716 2498 4752 épouserait
2513 4717 2690 4748 monsieur
2705 4719 2746 4747 de
2760 4719 2799 4748 35
2814 4720 2832 4749 à
2847 4720 2885 4749 45
2901 4728 2972 4755 ans,
2990 4720 3144 4759 employé
3157 4730 3201 4752 ou

2301 4757 2400 4786 autre
2415 4755 2588 4787 situation.
2606 4773 2624 4779 -
2636 4759 2679 4788 -N-
2693 4758 2785 4788 6047.

2341 4813 2445 4843 Dame
2461 4814 2632 4848 divorcée,
2648 4816 2689 4845 50
2717 4824 2790 4852 ans,
2821 4816 2945 4847 femme
2976 4818 3016 4847 de
3045 4819 3199 4855 ménage,

2301 4855 2400 4889 ayant
2415 4854 2595 4888 intérieur,
2614 4854 2726 4885 désire
2744 4856 2894 4893 mariage
2922 4865 3002 4887 avec
3030 4856 3206 4888 monsieur

2302 4892 2514 4922 mécanicien
2530 4901 2574 4923 ou
2590 4894 2761 4928 militaire,
2772 4903 2816 4925 ou
2827 4904 2999 4934 personne
3009 4896 3203 4927 travaillant

2300 4931 2318 4960 à
2330 4931 2360 4960 la
2377 4939 2575 4970 campagne.
2592 4949 2611 4954 -
2626 4935 2653 4965 N
2660 4943 2666 4949 -
2684 4935 2776 4964 6048.

2338 4989 2448 5019 Jeune
2463 4989 2600 5019 homme
2615 4991 2653 5021 33
2670 5000 2742 5026 ans,
2760 4994 2860 5029 ayant
2870 4992 3041 5028 situation,
3053 4993 3197 5030 pension

2301 5028 2340 5056 de
2357 5036 2484 5065 guerre
2499 5029 2558 5058 720
2573 5029 2614 5059 fr.
2632 5039 2693 5070 par
2709 5040 2751 5061 an
2776 5039 2865 5070 pour
2891 5031 2996 5070 petite
3024 5032 3196 5069 infirmité,

2300 5071 2401 5104 ayant
2416 5068 2588 5106 logement
2604 5073 2638 5101 et
2648 5072 2762 5109 jardin
2779 5074 2813 5101 et
2830 5070 2905 5101 1500
2922 5071 2960 5100 fr.
2991 5072 3198 5109 économies,

2300 5108 2497 5143 épouserait
2506 5109 2703 5142 demoiselle
2713 5119 2756 5141 ou
2765 5118 2876 5141 veuve
2886 5112 2926 5139 de
2937 5110 3036 5148 goûts
3047 5111 3198 5149 simples.

2300 5147 2337 5176 N-
2354 5146 2434 5176 0049
