3536 5552
2625 328 2709 365 20
2761 330 2913 367 Mars
2968 329 3111 366 1921

2210 281 2222 299 (
2214 284 2262 325 tr
2288 269 2381 326 î^>

409 485 1301 694 REVUE
1521 487 3161 697 MENSUELLE

536 751 726 806 Liste
748 750 1195 808 d’Annonces
1217 751 1791 808 Matrimoniales
1806 754 2227 825 paraissant
2253 753 2312 810 le
2335 754 2434 811 20
2455 754 2537 810 de
2559 755 2827 828 chaque
2848 758 3030 814 mois

660 868 974 908 L!Abonnement
987 873 1026 908 et
1039 871 1087 908 de
1106 869 1218 914 TRENTE
1239 868 1353 919 FRANCS
1367 881 1474 919 pour
1490 873 1629 920 quatre
1649 873 1751 909 mois
1771 873 1810 908 et
1826 870 1982 927 QUARANTE
2000 870 2112 921 FRANCS
2127 883 2234 921 pour
2250 873 2317 910 six
2335 874 2437 910 mois
2458 874 2645 911 donnant
2662 874 2768 911 droit
2786 877 2812 912 à
2832 887 2910 912 une

871 938 1104 986 inscription
1122 938 1298 986 gratuite
1317 948 1388 974 sur
1407 948 1472 975 ma
1493 938 1581 975 liste
1590 967 1593 972 .
1624 939 1662 975 —
1689 939 1759 976 Les
1779 949 1981 976 annonces
2001 940 2095 976 sont
2114 939 2162 976 de
2181 941 2321 988 quatre
2341 941 2470 989 lignes
2490 941 2720 978 maximum.

459 1014 732 1045 Abonnements
770 1023 864 1053 pour
903 1014 1114 1054 l’Etranger
1150 1021 1158 1045 :
1193 1014 1487 1053 TRENTE-CINQ
1524 1016 1656 1047 francs
1694 1026 1788 1056 pour
1825 1018 1959 1056 quatre
1999 1016 2093 1048 mois
2129 1019 2165 1048 et
2204 1017 2562 1055 QUARANTE-CINQ
2599 1018 2731 1050 francs
2769 1028 2863 1058 pour
2899 1020 2955 1050 six
2995 1021 3099 1051 mois.

776 1083 955 1121 Adresser
977 1083 1113 1122 Lettres
1130 1085 1163 1122 et
1183 1083 1360 1121 Mandats
1381 1084 1401 1121 à
1422 1083 1528 1121 Mme
1539 1084 1678 1135 Jeanne
1700 1085 2040 1132 PENCHENIER,
2064 1085 2266 1124 Directrice
2286 1086 2333 1124 de
2353 1086 2385 1127 la
2408 1086 2544 1127 Revue
2563 1087 2783 1125 Mensuelle

1335 1150 1414 1189 Rue
1436 1149 1556 1189 Pierre
1574 1150 1744 1197 Taillant,
1767 1150 2059 1201 Pont-St-Esprit
2081 1152 2217 1202 (Gard)

410 1297 501 1324 Noire
515 1306 612 1324 œuvre
627 1306 643 1322 a
658 1299 731 1330 pour
747 1296 793 1323 but
809 1297 842 1324 de
858 1297 940 1323 venir
954 1307 988 1324 en
1002 1297 1067 1324 aide
1077 1307 1136 1323 aux
1146 1297 1275 1328 familles

376 1333 426 1366 qui
440 1332 566 1358 défirent
581 1332 687 1359 marier
703 1332 781 1358 leurs
798 1335 922 1366 enfants,
940 1342 1000 1359 aux
1017 1343 1123 1360 veuves
1139 1334 1189 1367 qui
1206 1343 1274 1359 vou¬

376 1368 489 1394 draient
504 1377 533 1393 se
547 1367 695 1399 remarier,
712 1377 772 1393 aux
800 1368 951 1402 orphelins
981 1372 1006 1395 et
1035 1378 1095 1394 aux
1123 1369 1275 1395 messieurs

375 1404 426 1438 qui
440 1406 539 1430 rêvent
553 1403 586 1429 de
600 1413 630 1429 se
637 1403 744 1436 fonder
759 1412 797 1428 un
805 1405 903 1438 foyer,
919 1413 974 1430 une
981 1404 1112 1436 famille.

411 1447 502 1474 Notre
516 1456 614 1474 œuvre
627 1456 692 1474 sera
711 1450 876 1481 approuvée
894 1451 949 1482 par
964 1452 1029 1474 tous
1058 1457 1109 1474 nos
1138 1447 1272 1474 abonnés,

376 1482 523 1518 lorsqu'ils
537 1487 659 1510 sauront
670 1482 758 1517 qu'ils
772 1486 898 1517 peuvent
913 1488 1030 1510 trouver
1053 1486 1146 1519 grâce
1161 1486 1177 1509 à
1193 1488 1274 1509 notre

375 1528 524 1551 concours,
543 1519 569 1545 le
583 1528 684 1553 moyen
698 1518 731 1545 de
746 1528 776 1544 se
782 1519 887 1545 marier
899 1520 980 1545 selon
992 1519 1068 1546 leurs
1083 1522 1180 1554 goûts,
1196 1519 1274 1545 leurs

378 1564 445 1581 vues
461 1559 487 1581 et
501 1555 580 1580 selon
598 1555 675 1580 leurs
690 1554 861 1581 conditions.

411 1598 493 1626 Nous
508 1598 608 1633 prions
624 1599 664 1625 les
680 1598 780 1625 Dames
796 1603 821 1624 et
837 1600 878 1626 les
893 1599 1050 1625 Messieurs
1075 1599 1108 1625 de
1130 1608 1200 1625 nous
1225 1608 1273 1625 en¬

377 1644 463 1668 voyer
480 1635 506 1661 le
520 1635 587 1669 plus
603 1634 753 1661 d’abonnés
769 1635 905 1668 possible,
923 1633 982 1670 afin
997 1644 1050 1669 que
1070 1639 1149 1661 notre
1177 1643 1274 1661 œuvre

376 1670 574 1705 s’agrandisse
589 1674 615 1696 et
630 1670 724 1704 puisse
735 1673 789 1704 par
804 1679 834 1697 ce
849 1680 949 1705 moyen
958 1670 1096 1702 faciliter
1112 1670 1227 1697 nombre
1242 1670 1274 1696 de

376 1705 509 1741 mariage
524 1712 549 1732 et
558 1706 641 1738 faire
657 1706 683 1732 le
698 1706 765 1740 plus
790 1705 947 1732 d'heureux
962 1706 1099 1741 possible,
1129 1715 1179 1732 car
1207 1705 1274 1732 c'est

376 1751 432 1767 une
444 1741 533 1767 bonne
550 1741 645 1768 action
660 1751 713 1775 que
726 1750 797 1768 vous
804 1743 892 1777 fere\
921 1751 953 1767 en
983 1745 1163 1776 propageant
1195 1746 1274 1768 notre

375 1786 479 1808 œuvre,
497 1786 566 1803 vous
574 1786 644 1803 nous
664 1777 776 1810 aiderez
796 1776 875 1803 ainsi
889 1780 906 1803 à
921 1777 1086 1804 contribuer
1099 1787 1136 1803 au
1147 1777 1274 1804 bonheur

374 1813 421 1838 des
429 1813 565 1845 familles
579 1812 629 1847 qui
639 1812 763 1838 désirent
774 1817 890 1839 trouver
901 1822 940 1839 un
950 1816 1045 1847 époux
1056 1822 1091 1839 ou
1103 1822 1158 1839 une
1167 1816 1274 1847 épouse

374 1851 447 1882 pour
468 1849 545 1874 leurs
561 1850 683 1881 enfants,
702 1857 762 1873 aux
778 1857 882 1875 veuves
902 1858 942 1874 un
957 1848 1083 1880 soutien,
1115 1851 1131 1874 à
1150 1848 1271 1882 l'orphe¬

375 1883 418 1909 lin
433 1893 472 1909 un
480 1886 569 1918 foyer
584 1887 610 1909 et
625 1893 661 1909 au
677 1884 849 1910 relèvement
863 1885 895 1910 de
912 1884 941 1910 la
958 1884 1066 1910 France
1094 1884 1145 1918 qui
1172 1884 1271 1916 donne,

374 1922 429 1953 par
445 1920 486 1945 les
500 1919 644 1954 mariages
652 1919 785 1951 féconds,
801 1919 848 1946 des
864 1920 973 1946 soldats
988 1923 1004 1946 à
1021 1920 1049 1946 la
1064 1919 1168 1946 Patrie
1183 1924 1208 1945 et
1224 1920 1274 1953 qui

366 1956 435 1987 font
449 1955 496 1980 des
511 1957 625 1985 femmes
641 1955 674 1980 de
688 1954 793 1980 bonnes
805 1959 893 1981 mères
909 1956 942 1981 de
950 1956 1082 1987 famille.

410 1998 484 2025 C'est
501 1999 570 2025 dans
585 2008 617 2025 ce
631 1998 680 2025 but
694 2008 747 2033 que
763 2008 833 2026 nous
854 2009 943 2026 avons
950 1999 1045 2032 fondé
1061 2000 1090 2025 la
1106 1999 1119 2026 «
1136 1998 1273 2026 REVUE

374 2033 616 2062 MENSUELLE
632 2041 656 2060 ».

409 2078 494 2106 Nous
510 2088 544 2105 ne
558 2083 656 2105 tenons
671 2082 724 2113 pas
740 2088 795 2104 une
807 2087 917 2115 agence
929 2079 1144 2106 matrimoniale
1163 2083 1188 2105 et
1202 2088 1272 2105 nous

374 2124 408 2140 ne
421 2118 545 2148 prenons
559 2124 669 2140 aucune
683 2114 866 2141 commission
878 2124 928 2141 sur
945 2115 974 2141 la
993 2114 1047 2141 dot.
1086 2114 1169 2141 Voici
1196 2124 1271 2140 com¬

373 2155 448 2176 ment
463 2160 534 2176 nous
547 2150 700 2184 procédons
715 2160 720 2176 :

413 2194 489 2220 Vous
505 2204 574 2220 nous
595 2194 761 2228 indiquerez
774 2193 888 2221 d'abord
903 2199 983 2221 votre
997 2196 1064 2230 âge,
1082 2198 1161 2221 votre
1176 2194 1269 2221 situa-

374 2230 473 2256 tionde
475 2232 695 2263 fortune,votre
705 2230 878 2264 profession,
890 2235 971 2257 votre
976 2231 1091 2263 dot,vos
1103 2233 1270 2264 espérances

373 2270 398 2292 et
413 2275 444 2292 ce
457 2275 512 2300 que
526 2266 596 2292 vous
623 2265 803 2292 désireet
832 2275 901 2292 noue
929 2275 999 2293 vous
1028 2266 1192 2292 inscrivons
1220 2275 1270 2292 sur-

372 2306 452 2328 nôtre
467 2302 544 2334 liste,
562 2305 632 2334 pour
645 2301 716 2327 trois
732 2301 813 2333 mois,
825 2305 879 2336 par
891 2311 947 2327 une
962 2311 1089 2328 annonce
1103 2311 1157 2336 que
1163 2301 1197 2337 je
1204 2301 1270 2334 fais

372 2337 533 2363 moi-même
546 2341 571 2363 et
588 2346 656 2363 nous
673 2346 742 2363 vous
755 2337 881 2363 donnons
898 2347 936 2363 un
949 2340 1063 2363 numéro
1066 2338 1183 2369 faisant
1194 2337 1270 2363 suite

373 2375 389 2398 à
404 2377 475 2399 cette
488 2381 624 2399 annonce.
642 2371 718 2399 C'est
733 2377 785 2406 par
799 2373 824 2399 le
839 2382 940 2407 moyen
955 2373 987 2398 de
1015 2382 1046 2398 ce
1075 2375 1189 2400 numéro
1218 2382 1270 2407 que

373 2418 443 2434 vous
459 2412 568 2442 pouvez
583 2408 790 2442 correspondre
803 2417 872 2435 avec
885 2412 947 2434 tous
959 2409 998 2434 les
1015 2408 1138 2434 abonnés
1149 2408 1181 2434 de
1194 2413 1270 2434 notre

373 2445 449 2470 liste.

407 2488 536 2522 Lorsque
552 2497 622 2514 vous
636 2487 746 2514 désirez
760 2488 964 2523 correspondre
980 2498 1049 2515 avec
1059 2497 1098 2514 un
1114 2487 1222 2514 abonné
1245 2492 1271 2514 et

372 2533 425 2557 que
441 2533 510 2550 vous
526 2533 596 2557 ave%
614 2523 711 2550 choisi
725 2523 796 2549 dans
821 2524 849 2550 la
870 2524 995 2550 Revue
1020 2523 1218 2550 Mensuelle
1246 2524 1272 2549 le

372 2559 452 2593 parti
466 2560 516 2593 qui
525 2569 594 2586 vous
604 2559 679 2593 plaît
683 2559 709 2585 le
715 2559 782 2593 plus
797 2560 874 2585 voici
888 2563 1025 2586 comment
1041 2568 1113 2586 vous
1120 2560 1255 2593 procédez
1263 2571 1271 2584 :

708 2646 898 2674 EXEMPLE

417 2713 529 2743 Jeune
546 2710 701 2749 homme,
728 2709 771 2741 30
792 2718 868 2747 ans,
891 2710 962 2742 très
991 2710 1084 2741 belle
1105 2709 1270 2742 situation

373 2756 462 2786 dans
481 2754 668 2792 industrie,
691 2758 836 2794 rapport
853 2755 894 2785 10
905 2754 924 2785 à
941 2754 1066 2785 12.000
1082 2754 1140 2793 fr.,
1154 2754 1271 2785 désire

373 2798 529 2839 mariage
550 2807 593 2830 en
615 2801 771 2838 rapport.
788 2814 831 2820 —
853 2797 972 2829 Ecrire
993 2798 1032 2828 N-
1059 2797 1091 2828 2.

548 2859 593 2882 ou

415 2902 625 2935 Demoiselle
652 2903 695 2934 25
732 2912 808 2944 ans,
845 2902 1011 2935 situation
1047 2903 1089 2935 de
1129 2903 1269 2935 fortune

370 2948 494 2980 25.000
514 2947 645 2987 francs,
663 2950 730 2979 etc.
755 2965 795 2969 —
815 2947 936 2979 Ecrire
952 2948 994 2978 N-
1019 2949 1051 2979 4.

415 3002 513 3033 Vous
525 3000 574 3032 lui
587 2999 721 3032 écrivez
736 3002 964 3032 vous-même
978 3009 1021 3033 ou
1042 3000 1142 3032 faites
1157 3000 1269 3033 écrire

374 3055 436 3087 par
456 3045 648 3087 quelqu’un
680 3045 723 3076 de
751 3048 849 3076 votre
876 3044 1023 3083 famille,
1053 3054 1095 3076 en
1127 3044 1269 3086 signant

372 3090 415 3122 de
437 3093 535 3122 votre
552 3089 712 3128 numéro,
731 3093 764 3120 et
782 3098 867 3120 vous
882 3092 1008 3121 mettez
1024 3098 1084 3120 sur
1101 3089 1269 3121 t’adresse

371 3133 540 3167 cachetée
556 3136 589 3165 et
600 3132 747 3166 timbrée
759 3133 793 3165 le
807 3134 956 3166 numéro
970 3134 1012 3165 de
1028 3133 1059 3164 la
1076 3142 1266 3174 personne,

372 3178 559 3210 deuxième
579 3177 789 3219 enveloppe,
811 3186 897 3210 avec
917 3187 976 3209 ces
989 3178 1161 3219 quelques
1179 3182 1268 3209 mots

372 3232 433 3254 sur
443 3232 511 3254 une
523 3225 620 3254 carte
635 3231 678 3253 ou
693 3231 737 3253 un
753 3222 837 3253 bout
850 3223 892 3254 de
901 3222 1025 3263 papier
1036 3222 1124 3253 ainsi
1136 3221 1266 3253 libellé:

373 3279 390 3296 «
409 3267 589 3300 Monsieur
605 3276 650 3298 ou
664 3267 840 3304 Madame,
855 3276 897 3298 ou
913 3265 1181 3298 Mademoiselle
1192 3267 1266 3298 X...

371 3311 483 3353 (votre
508 3320 589 3343 nom
607 3314 640 3342 et
660 3313 758 3342 votre
780 3310 943 3352 numéro)
958 3309 1032 3352 prie
1053 3311 1214 3342 Madame
1235 3311 1269 3343 la

372 3355 562 3388 Directrice
583 3355 625 3386 de
642 3355 675 3386 la
693 3355 809 3386 Revue
819 3355 862 3386 de
884 3354 972 3386 faire
993 3354 1157 3395 parvenir
1176 3357 1267 3387 cette

370 3402 472 3432 lettre
490 3400 508 3431 à
528 3399 574 3431 tel
597 3398 745 3430 numéro
766 3409 784 3427 »
802 3403 837 3430 et
854 3408 938 3430 vous
959 3398 1126 3431 cachetez
1143 3402 1177 3430 et
1188 3399 1265 3430 tim¬

369 3445 450 3475 brez
478 3447 569 3475 cette
606 3442 794 3474 deuxième
824 3443 1020 3484 enveloppe
1057 3442 1073 3474 à
1113 3444 1266 3485 laquelle

369 3497 455 3520 vous
478 3490 604 3519 mettez
620 3496 701 3518 mon
725 3487 882 3524 adresse,
904 3489 938 3518 et
964 3486 1112 3518 aussitôt
1146 3497 1264 3527 reçue,

370 3531 404 3574 je
426 3531 538 3564 défais
556 3532 587 3562 la
617 3529 793 3571 première
818 3531 1027 3572 enveloppe,
1060 3530 1203 3572 j’efface
1235 3532 1265 3564 le

371 3576 519 3608 numéro
542 3576 585 3606 de
607 3575 639 3606 la
660 3574 847 3606 deuxième
868 3579 902 3606 et
923 3580 1012 3607 mets
1033 3575 1201 3608 l’adresse
1224 3578 1266 3608 de

371 3621 402 3652 la
426 3628 601 3661 personne
617 3621 651 3650 et
669 3617 857 3659 réexpédie
874 3620 908 3651 la
924 3620 1037 3651 lettre.
1061 3620 1158 3652 Vous
1177 3630 1266 3662 pou¬

372 3674 432 3696 vez
448 3663 705 3704 correspondre
721 3671 808 3694 avec
818 3666 897 3695 tous
920 3672 983 3696 nos
1004 3665 1162 3696 abonnés
1184 3674 1266 3697 sans

373 3718 457 3741 vous
475 3707 562 3739 faire
579 3708 776 3739 connaître.
815 3707 862 3740 Ce
896 3708 986 3740 n’est
1017 3718 1084 3750 que
1123 3709 1265 3751 lorsque

371 3761 457 3784 vous
476 3761 581 3783 aurez
603 3750 663 3782 fait
684 3754 781 3782 votre
803 3751 920 3788 choix,
957 3762 1025 3794 que
1064 3762 1151 3785 vous
1180 3763 1265 3786 vous

372 3797 507 3828 donnez
530 3795 799 3827 mutuellement
816 3800 914 3829 votre
936 3796 1105 3829 véritable
1122 3799 1265 3830 adresse

371 3845 405 3873 et
425 3849 493 3882 que
529 3848 614 3870 vous
654 3848 739 3871 vous
779 3839 949 3882 ménagez
990 3851 1057 3873 une
1096 3846 1265 3874 entrevue

370 3894 459 3926 pour
477 3882 620 3915 décider
640 3884 683 3915 de
699 3886 797 3916 votre
817 3889 902 3917 sort.

405 3981 445 4007 Le
459 3980 529 4015 prix
544 3980 576 4006 de
588 3984 667 4006 notre
681 3979 868 4007 abonnement
883 3986 923 4007 est
931 3981 964 4008 de
980 3986 1069 4008 trente
1076 3985 1181 4015 francs
1193 3986 1260 4017 pour

367 4021 467 4051 quatre
482 4016 553 4042 mois
568 4020 592 4041 et
603 4020 743 4049 quarante
747 4018 854 4048 francs
877 4020 950 4050 pour
977 4018 1027 4043 six
1051 4018 1123 4044 mois
1142 4023 1169 4044 et
1196 4028 1267 4045 vous

368 4061 439 4080 avez
453 4052 529 4077 droit
544 4053 560 4077 à
575 4053 634 4077 être
649 4051 753 4077 inscrit
768 4052 976 4085 gratuitement
990 4062 1041 4078 sur
1056 4063 1101 4079 ma
1118 4053 1192 4080 liste.

410 4096 488 4123 Vous
504 4105 596 4129 voye\
610 4094 727 4129 qu’avec
742 4099 814 4120 celle
830 4096 960 4130 modique
972 4106 1085 4128 somme,
1104 4106 1173 4123 vous
1189 4101 1265 4131 pou¬

370 4141 420 4159 vez
432 4141 501 4158 vous
516 4131 631 4163 marier,
645 4139 712 4156 sans
729 4130 811 4156 avoir
827 4133 843 4156 à
868 4134 968 4165 passer
995 4135 1050 4166 par
1066 4133 1114 4159 des
1142 4142 1266 4168 agences

368 4167 419 4202 qui
434 4177 462 4193 se
476 4169 537 4198 /ont
555 4175 650 4192 verser
664 4165 801 4191 d’avance
815 4165 848 4192 de
862 4174 975 4200 grosses
990 4168 1156 4201 provisions
1176 4172 1200 4194 et
1216 4169 1266 4203 qui

369 4206 480 4236 escomp
495 4206 540 4228 ent
555 4202 587 4226 de
602 4209 717 4236 grosses
735 4202 942 4235 commissions,
973 4206 1045 4237 pour
1067 4204 1210 4230 n’arriver
1240 4205 1266 4230 le

368 4239 436 4272 plus
450 4241 568 4264 souvent
584 4237 600 4262 à
616 4245 709 4262 aucun
725 4237 856 4263 résultat.
883 4237 964 4264 Nous
993 4238 1111 4265 n’avons
1140 4240 1204 4266 rien
1233 4240 1265 4266 de

368 4283 498 4300 commun
514 4281 584 4298 avec
600 4273 640 4298 les
656 4280 779 4306 agences
806 4281 856 4298 car
873 4283 942 4299 nous
960 4283 993 4300 ne
1007 4277 1130 4308 prenons
1155 4285 1265 4301 aucune

368 4309 550 4336 commission
565 4316 615 4333 sur
631 4308 659 4332 la
676 4304 731 4332 dot.
760 4306 802 4333 Un
832 4309 952 4334 modeste
981 4305 1167 4337 abonnement
1193 4321 1264 4337 nous

372 4354 411 4371 se'
420 4351 429 4370 t
444 4345 476 4370 de
487 4344 638 4378 paiement.

404 4379 562 4414 Lorsqu’un
578 4378 686 4404 abonné
701 4376 765 4402 s’est
774 4376 874 4411 fiancé
889 4383 915 4404 et
928 4379 1000 4412 qu’il
1017 4380 1061 4406 n'a
1078 4382 1145 4414 plus
1168 4381 1263 4407 besoin

366 4416 399 4442 de
410 4420 489 4442 notre
499 4423 595 4446 revue,
609 4414 633 4439 il
648 4422 718 4438 nous
731 4412 757 4438 le
767 4413 822 4442 fait
833 4415 932 4442 savoir
943 4413 1001 4448 afin
1014 4425 1067 4448 que
1079 4425 1148 4442 nous
1160 4426 1264 4450 rayons

366 4460 416 4477 son
433 4459 560 4476 annonce
572 4452 644 4483 pour
661 4457 694 4474 ne
706 4451 758 4481 pas
772 4450 850 4477 faire
864 4451 1067 4483 correspondre
1082 4451 1264 4479 inutilement

368 4496 418 4512 nos
434 4485 569 4512 abonnés.

406 4530 477 4557 Tout
492 4529 600 4556 abonné
615 4527 674 4554 doit
688 4526 824 4561 répondre
841 4530 857 4553 à
873 4532 963 4554 toutes
980 4529 1019 4554 les
1046 4530 1142 4556 lettres
1155 4531 1204 4564 qui
1222 4531 1265 4557 lui

366 4570 428 4593 sont
444 4566 587 4592 adressées
603 4564 609 4596 ;
627 4564 655 4590 la
671 4562 806 4597 politesse
823 4562 940 4597 l’exige,
971 4573 1004 4589 ne
1017 4566 1128 4594 fussent
1157 4575 1209 4599 que
1219 4576 1264 4592 ces

367 4601 438 4629 trois
456 4611 491 4628 ou
504 4604 604 4635 quatre
618 4603 687 4625 mots
699 4608 703 4624 :
723 4597 840 4629 Inutile,
851 4602 913 4625 tous
927 4607 983 4624 mes
995 4603 1116 4635 regrets.
1128 4614 1159 4618 —
1172 4601 1263 4628 Al'...»

401 4744 477 4770 Pour
502 4742 624 4770 faciliter
649 4741 690 4768 les
725 4740 853 4767 abonnés
881 4739 916 4765 de
945 4739 971 4767 la
1010 4740 1147 4769 REVUE
1189 4751 1261 4770 nous

364 4779 425 4805 leur
439 4779 604 4805 donnerons
615 4778 654 4804 les
666 4777 798 4804 adresses
808 4774 858 4802 des
875 4777 1010 4801 numéros
1024 4785 1052 4802 se
1067 4777 1262 4809 rapprochant

363 4814 397 4840 de
413 4814 475 4839 leur
491 4813 632 4839 situation
647 4813 681 4839 de
698 4818 820 4839 tortune.
842 4810 878 4837 Ils
888 4820 905 4836 n
917 4816 1023 4837 auront
1040 4820 1112 4843 pour
1127 4812 1184 4838 cela
1197 4813 1262 4845 qu’à

364 4858 438 4875 nous
454 4848 590 4882 indiquer
607 4848 645 4874 les
662 4850 800 4874 numéros
816 4846 867 4880 qui
883 4846 944 4872 leur
957 4845 1160 4873 conviennent.
1182 4847 1261 4874 Cha¬

363 4893 419 4917 que
434 4883 574 4910 demande
590 4883 623 4909 de
639 4893 668 4909 ce
684 4892 771 4916 genre
787 4882 873 4908 devra
889 4884 947 4907 être
959 4885 1167 4915 accompagnée
1177 4882 1262 4909 d’une

364 4919 520 4952 enveloppe
538 4918 658 4945 timbrée
675 4927 748 4951 pour
765 4918 789 4943 la
807 4922 937 4951 réponse.

400 4963 453 4990 Les
463 4963 591 4989 abonnés
603 4961 733 4989 désirant
742 4961 846 4995 garder
858 4960 1026 4993 l’incognito
1039 4960 1184 4987 voudront
1196 4961 1261 4988 bien

364 5008 438 5026 nous
460 4998 485 5025 le
501 4997 570 5025 faire
597 4997 704 5030 savoir,
731 4997 788 5023 afin
810 5006 865 5031 que
890 5005 963 5024 nous
994 5005 1028 5022 ne
1057 4995 1180 5022 livrions
1210 5006 1260 5030 pas

364 5036 441 5062 leurs
457 5033 600 5061 adresses.

1373 1296 1470 1327 Pour
1494 1299 1618 1329 toutes
1644 1298 1698 1329 les
1726 1306 1916 1328 annonces
1947 1298 2117 1337 ci-après
2155 1299 2230 1329 s’a¬

1330 1346 1492 1377 dresser
1533 1348 1553 1377 à
1599 1348 1630 1377 la
1677 1347 1881 1378 Directrice
1923 1347 1968 1377 de
2007 1347 2038 1376 la
2070 1356 2087 1377 «
2107 1347 2229 1378 Revue

1333 1395 1534 1426 Mensuelle
1557 1407 1584 1425 ».

1369 1516 1482 1546 Veuve
1498 1517 1536 1546 42
1551 1524 1622 1552 ans,
1642 1516 1777 1546 fortune
1792 1517 1925 1547 300.000
1958 1516 2012 1550 fr.,
2045 1517 2155 1547 12.000
2185 1518 2225 1546 fr.

1329 1562 1488 1588 revenus,
1513 1557 1602 1586 belle
1633 1558 1805 1595 nropriéié
1836 1556 1998 1594 agricole,
2030 1559 2229 1594 épouserait

1330 1595 1505 1626 Monsieur
1520 1597 1558 1626 40
1576 1599 1592 1626 à
1608 1597 1647 1626 60
1663 1605 1735 1632 ans,
1753 1600 1854 1634 ayant
1879 1596 1963 1634 jolie
1992 1596 2155 1627 situation
2184 1605 2227 1627 ou

1330 1635 1478 1666 fortune.
1495 1653 1506 1658 -
1523 1638 1561 1666 N-
1580 1637 1659 1666 2630

1367 1755 1477 1785 Jeune
1506 1755 1641 1786 homme
1667 1756 1706 1784 25
1722 1762 1794 1791 ans,
1811 1755 1923 1785 bonne
1940 1755 2080 1790 famille,
2099 1756 2227 1792 Suisse,

1330 1794 1535 1833 catholique,
1593 1795 1748 1825 sérieuse
1803 1796 1976 1831 situation,
2031 1797 2228 1833 épouserait

1330 1834 1529 1865 demoiselle
1545 1843 1588 1865 ou
1608 1843 1714 1865 veuve
1731 1834 1952 1871 affectueuse,
1971 1835 2095 1866 femme
2113 1836 2228 1866 d’inté¬

1330 1874 1433 1903 rieur.
1452 1890 1471 1896 -
1486 1876 1526 1904 N'
1544 1876 1633 1904 4959.

1367 1996 1476 2024 Jeune
1486 1995 1620 2025 homme
1629 1996 1669 2025 36
1679 2003 1751 2030 ans,
1768 1995 2225 2034 propriétaire-agriculteur

1329 2034 1489 2065 situation
1511 2038 1664 2071 assurée,
1682 2036 1795 2065 désite
1812 2036 1897 2065 faire
1914 2036 2161 2067 connaissance
2187 2038 2227 2066 de

1329 2073 1527 2104 demoiselle
1543 2083 1585 2105 ou
1601 2083 1708 2105 veuve
1723 2076 1761 2104 25
1779 2077 1795 2105 à
1820 2076 1860 2105 30
1882 2084 1954 2110 ans,
1986 2076 2043 2112 qui
2072 2078 2229 2106 voudrait

1328 2114 1414 2143 aller
1430 2122 1472 2144 au
1488 2116 1629 2153 Cauada,
1646 2115 1783 2145 fortune
1797 2124 1858 2153 pas
1884 2115 2005 2153 exigée
2032 2118 2115 2146 mais
2143 2125 2226 2146 con¬

1328 2154 1419 2183 duite
1436 2155 1706 2193 irréprochable.
1724 2171 1743 2176 -
1755 2156 1795 2184 N-
1814 2156 1903 2185 4988.

1363 2266 1472 2296 Jeune
1483 2266 1618 2296 homme
1633 2267 1671 2295 25
1683 2274 1752 2303 ans,
1765 2266 1925 2296 situation
1937 2267 2097 2297 annuelle
2112 2267 2225 2298 60.000

1325 2313 1367 2334 au
1384 2307 1510 2337 Maroc,
1528 2307 1622 2336 avoir
1632 2306 1744 2336 30.000
1757 2305 1797 2336 fr.
1816 2308 1850 2336 et
1865 2307 1995 2337 maison
2013 2308 2225 2338 confortable

1325 2346 1518 2380 épouserai!
1529 2348 1634 2383 jeune
1645 2346 1716 2376 fille
1733 2347 1770 2375 18
1781 2348 1798 2376 à
1809 2347 1848 2375 22
1863 2355 1923 2376 ans
1940 2347 2078 2377 voulant
2093 2348 2227 2378 habiter

1325 2386 1451 2415 Maroc.
1467 2402 1485 2407 -
1497 2387 1537 2416 N'
1554 2386 1642 2415 4991.

1366 2502 1569 2532 Demoiselle
1596 2502 1635 2531 35
1664 2510 1736 2538 ans,
1768 2502 1862 2540 jolie,
1896 2502 2099 2540 distinguée,
2124 2504 2228 2534 affec¬

1328 2544 1461 2578 tueuse,
1472 2542 1664 2577 éducation,
1681 2542 1776 2572 avoir
1791 2546 1824 2572 et
1840 2543 2013 2577 situation,
2032 2544 2228 2581 épouserait

1328 2581 1503 2612 monsieur
1519 2582 1667 2612 sérieux.
1685 2582 1724 2611 38
1746 2584 1764 2612 à
1779 2583 1817 2612 50
1846 2591 1918 2618 ans,
1936 2582 2097 2613 situation
2114 2584 2223 2620 Paris,

1328 2622 1398 2651 très
1415 2623 1566 2652 sérieux.
1588 2638 1606 2644 -
1622 2623 1663 2652 N'
1681 2623 1770 2652 4992.

1367 2736 1456 2766 Veuf
1467 2738 1505 2766 49
1521 2745 1593 2771 ans,
1611 2737 1892 2771 fonctionn»;rire
1908 2737 2025 2771 d’Etat,
2051 2738 2162 2769 15.000
2184 2740 2224 2768 fr.

1327 2783 1388 2811 par
1404 2783 1458 2811 an,
1475 2777 1493 2804 3
1505 2776 1651 2811 enfants,
1667 2777 1873 2811 affectueux,
1890 2776 1944 2805 bel
1961 2777 2108 2813 homme,
2122 2780 2226 2816 épou¬

1327 2815 1432 2844 serait
1459 2816 1583 2845 femme
1613 2816 1811 2845 d’intérieur
1836 2816 1962 2845 aimant
1985 2815 2132 2854 enfants,
2164 2818 2225 2847 dé¬

1326 2856 1446 2890 vouée,
1464 2855 1629 2893 physique
1648 2856 1820 2894 agréable.
1839 2872 1857 2877 -
1871 2857 1900 2886 N
1906 2865 1912 2871 -
1932 2856 2023 2885 4993.

1365 2965 1566 2996 Célibataire
1609 2967 1647 2996 45
1688 2975 1759 3002 ans,
1778 2967 1927 3002 sérieux,
1944 2967 2108 3004 honnête,
2128 2969 2224 2999 avoir

1324 3005 1435 3034 20.000
1452 3005 1507 3041 fr.,
1524 3006 1704 3040 musicien,
1722 3007 1859 3040 cultivé,
1876 3008 2074 3045 épouserait
2091 3010 2222 3038 demoi¬

1325 3045 1410 3075 selle
1426 3053 1469 3076 ou
1485 3054 1595 3076 veuve
1612 3055 1689 3076 sans
1707 3047 1833 3082 enfant,
1852 3047 1913 3085 âge
1927 3050 1961 3077 et
1978 3047 2111 3078 fortune
2124 3048 2222 3078 indif¬

1326 3086 1446 3115 férent.
1465 3102 1484 3108 -
1499 3087 1641 3116 N-4994.

1363 3198 1472 3227 Jeune
1489 3198 1557 3227 fille
1573 3199 1611 3227 23
1622 3206 1694 3233 ans,
1713 3197 1900 3235 employée,
1917 3197 2037 3233 brune,
2054 3198 2223 3237 physique

1325 3236 1495 3274 agréable,
1518 3238 1629 3267 20.000
1641 3237 1696 3272 fr.,
1720 3239 1789 3267 très
1820 3238 2042 3272 affectueuse,
2073 3240 2222 3273 épouse¬

1322 3278 1388 3306 rait
1402 3284 1574 3315 personne
1590 3278 1750 3308 situation
1768 3286 1808 3308 en
1826 3280 1976 3316 rapport.
1993 3294 2012 3299 -
2028 3279 2067 3307 N-
2085 3279 2175 3308 4995.

1361 3389 1471 3418 Jeune
1486 3388 1554 3418 fille
1569 3390 1608 3418 23
1623 3397 1695 3424 ans,
1712 3389 1898 3426 employée,
1915 3389 2036 3422 brune,
2054 3389 2222 3428 physique

1322 3428 1493 3465 agréable,
1509 3429 1621 3458 20.000
1635 3430 1675 3458 fr.
1693 3430 1763 3458 très
1780 3428 2001 3464 affectueuse,
2024 3431 2222 3464 épouserait

1321 3475 1492 3505 personne
1509 3469 1669 3499 situation
1686 3477 1727 3498 en
1746 3472 1896 3506 rapport,
1914 3486 1951 3490 —
1967 3471 2006 3500 N'
2025 3470 2113 3499 4996.

1360 3580 1470 3609 Jeune
1487 3579 1621 3609 homme
1637 3580 1676 3608 24
1692 3587 1764 3612 ans,
1782 3579 1881 3614 brun,
1899 3580 1993 3610 avoir
2022 3581 2135 3610 20.000
2164 3582 2219 3617 fr.,

1321 3618 1482 3649 situation
1499 3619 1652 3655 libérale,
1671 3620 1837 3650 demande
1848 3621 1955 3658 jeune
1969 3619 2037 3650 Me
2050 3628 2094 3652 ou
2109 3629 2221 3652 veuve

1322 3659 1481 3689 situation
1499 3667 1542 3689 en
1558 3662 1710 3698 rapport.
1735 3676 1772 3680 —
1787 3660 1827 3689 N'
1845 3661 1933 3689 4862.

1360 3771 1468 3800 Jeune
1484 3770 1630 3806 homme,
1650 3771 1838 3806 sud-ouest,
1856 3770 1907 3799 fils
1923 3770 2063 3807 unique,
2081 3771 2221 3801 300.000

1321 3809 1375 3845 fr.,
1393 3809 1492 3846 brun,
1510 3819 1568 3848 pas
1586 3809 1734 3844 fumeur,
1750 3810 1947 3848 épouserait
1963 3811 2162 3842 demoiselle
2175 3819 2219 3841 ou

1320 3857 1430 3878 veuve
1446 3850 1613 3886 sérieuse,
1645 3851 1708 3888 âge
1737 3853 1771 3880 et
1799 3850 1960 3880 situation
1990 3858 2033 3880 en
2063 3854 2217 3890 rapport.

1323 3889 1363 3918 N-
1381 3889 1470 3919 4998.

1361 3995 1447 4025 Veuf
1461 3997 1475 4025 1
1496 3997 1620 4032 enfant,
1639 3997 1677 4026 46
1693 4005 1764 4032 ans,
1784 3996 2059 4026 maitre-tailleur
2090 3999 2218 4032 armée,

1319 4035 1432 4064 30.000
1461 4037 1499 4065 fr.
1532 4036 1741 4071 économies,
1777 4037 1949 4075 propriété
1979 4037 2018 4066 20
2045 4037 2216 4072 hectares,

1320 4076 1517 4111 épouserait
1546 4076 1744 4105 demoiselle
1786 4084 1829 4106 ou
1871 4084 1981 4107 veuve
2024 4077 2218 4116 catholique

1320 4117 1420 4150 ayant
1435 4115 1541 4145 avoir.
1557 4132 1596 4136 —
1613 4117 1651 4145 N'
1670 4116 1758 4146 4999.

1361 4225 1443 4255 Veuf
1457 4227 1496 4256 50
1512 4235 1583 4260 ans,
1601 4228 1619 4256 2
1634 4227 1781 4262 enfants,
1809 4228 1974 4256 demande
2004 4227 2217 4258 cultivatrice

1321 4273 1404 4295 avec
1433 4266 1537 4304 petite
1554 4268 1620 4299 dot,
1637 4268 1676 4296 30
1692 4270 1709 4297 à
1725 4267 1764 4296 40
1780 4274 1851 4303 ans,
1884 4268 2035 4303 robuste,
2066 4275 2218 4306 envoyer

1318 4305 1433 4344 photo.
1452 4323 1489 4327 —
1503 4308 1542 4336 N'
1560 4307 1650 4336 5000.

1359 4416 1442 4446 Veuf
1457 4419 1496 4447 45
1511 4427 1583 4452 ans,
1612 4420 1811 4456 protestant,
1832 4420 1845 4447 l
1864 4419 1979 4447 enfant
1993 4419 2013 4447 9
2029 4426 2101 4453 ans,
2119 4418 2217 4447 fonc¬

1319 4457 1501 4494 tionnaire,
1533 4459 1696 4488 situation
1725 4458 1817 4487 3.000
1847 4459 1900 4492 fr.,
1923 4459 2019 4487 avoir
2035 4458 2145 4488 10.000
2162 4458 2216 4490 fr.,

1319 4499 1516 4535 épouserait
1545 4499 1743 4528 demoiselle
1772 4506 1813 4526 ou
1846 4506 1954 4527 veuve
1983 4499 2022 4526 33
2047 4499 2062 4526 à
2089 4499 2127 4527 42
2142 4506 2216 4531 ans,

1320 4537 1481 4567 situation
1499 4546 1539 4568 en
1558 4540 1708 4576 rapport.
1726 4554 1762 4558 —
1777 4539 1815 4568 N'
1834 4538 1922 4567 5001.

1357 4648 1442 4676 Veuf
1456 4649 1496 4677 58
1511 4656 1583 4684 ans,
1607 4648 1810 4685 catholique,
1842 4648 1918 4678 bien
1950 4656 2031 4678 sous
2059 4650 2137 4678 tous
2167 4648 2216 4676 les

1318 4690 1488 4725 rapports,
1506 4688 1603 4718 avoir
1616 4688 1729 4718 60.000
1742 4688 1794 4721 fr.,
1812 4690 2008 4726 épouserait
2023 4687 2216 4724 catholique

1317 4727 1545 4763 pratiquante,
1563 4727 1773 4760 affectueuse
1804 4728 1904 4764 goûts
1930 4729 2081 4765 simples,
2107 4727 2216 4756 situa¬

1317 4765 1386 4795 tion
1404 4774 1444 4795 en
1463 4771 1613 4806 rapport.
1630 4785 1669 4789 —
1684 4769 1713 4797 N
1717 4776 1725 4786 1
1741 4767 1819 4797 5002

1358 4872 1484 4908 Maroc,
1503 4882 1608 4904 veuve
1636 4875 1676 4903 50
1705 4881 1777 4908 ans,
1799 4874 1988 4911 paraissant
2006 4873 2081 4910 plus
2094 4874 2213 4910 jeune,

1317 4912 1386 4940 très
1418 4914 1584 4948 sérieuse,
1614 4913 1787 4948 instruite,
1822 4914 1899 4943 bien
1929 4914 2058 4947 élevée,
2090 4912 2214 4941 femme

1318 4950 1528 4988 d’intérieur,
1543 4956 1642 4990 ayant
1654 4954 1784 4992 occupé
1795 4953 1882 4982 belle
1892 4954 2063 4983 situation,
2080 4953 2215 4981 recher¬

1317 4989 1379 5018 che
1396 4993 1546 5030 mariage
1574 5001 1656 5023 avec
1683 4993 1823 5028 rentier,
1852 4993 2043 5028 industriel,
2061 4992 2212 5024 sérieux,

1317 5035 1384 5057 aux
1399 5030 1560 5062 colonies.
1578 5049 1616 5053 —
1631 5035 1672 5064 N'
1690 5033 1779 5062 4946.

2324 1308 2434 1336 Jeune
2462 1308 2558 1336 dame
2586 1308 2624 1336 34
2654 1315 2714 1337 ans
2745 1308 2903 1339 divorcée
2933 1311 2950 1339 à
2980 1317 3041 1340 son
3071 1310 3182 1348 profit,

2284 1346 2450 1385 physique
2467 1347 2638 1384 agréable,
2654 1347 2722 1378 fille
2739 1350 2775 1378 15
2791 1357 2862 1384 ans,
2876 1348 2945 1379 fille
2962 1350 3002 1379 de
3019 1358 3185 1380 commer¬

2285 1390 2363 1423 çant
2392 1388 2590 1426 épouserait
2603 1388 2778 1419 monsieur
2792 1392 2892 1427 ayant
2908 1390 3070 1420 situation
3087 1390 3179 1420 sûre.

2284 1444 2322 1448 —
2339 1429 2378 1457 N'
2397 1427 2486 1457 4956.

2323 1541 2524 1572 Célibataire
2540 1543 2579 1571 49
2595 1550 2666 1578 ans,
2685 1543 2889 1582 catholique,
2907 1543 3020 1574 bonne
3041 1544 3181 1578 famille,

2284 1582 2354 1610 très
2382 1581 2532 1618 sérieux,
2563 1583 2652 1612 belle
2689 1583 2851 1613 situation
2887 1584 3042 1619 libérale,
3085 1584 3182 1615 avoir

2285 1621 2415 1651 100.000
2441 1622 2496 1658 fr.,
2527 1625 2745 1660 espérances,
2776 1624 2972 1661 épouserait
3009 1632 3181 1662 personne

2283 1662 2321 1690 32
2337 1663 2356 1691 à
2370 1663 2409 1691 38
2425 1670 2497 1697 ans,
2516 1662 2720 1700 catholique,
2739 1664 2904 1698 sérieuse,
2924 1662 3047 1694 femme
3064 1664 3183 1694 d’inté¬

2284 1702 2389 1731 rieur.
2408 1710 2492 1732 avec
2508 1702 2566 1732 dot
2581 1709 2623 1732 ou
2641 1703 2802 1733 situation
2833 1704 2907 1733 Etat
2935 1705 3120 1734 Marseille.
3144 1720 3183 1725 —

2285 1743 2324 1771 N-
2343 1742 2431 1771 4930.

2323 1857 2527 1887 Demoiselle
2557 1857 2595 1885 46
2623 1865 2695 1891 ans,
2727 1858 2932 1897 catholique,
2964 1860 3091 1889 famille
3114 1862 3184 1890 très

2284 1896 2484 1929 honorable,
2503 1899 2572 1926 très
2593 1897 2758 1933 sérieuse,
2788 1899 2877 1928 bien,
2909 1899 3033 1929 femme
3064 1900 3186 1930 d’inté¬

2284 1939 2390 1972 rieur,
2404 1938 2460 1967 dot
2469 1937 2582 1972 40,000
2593 1936 2647 1973 fr.,
2661 1940 2857 1975 épouserait
2867 1941 3022 1977 employé
3033 1940 3184 1977 sérieux,

2283 1979 2390 2015 poste,
2408 1979 2551 2012 douane,
2570 1979 2604 2006 P.
2624 1979 2656 2006 L.
2677 1979 2732 2008 M..
2763 1978 3047 2015 administration,
3073 1980 3185 2010 même

2286 2016 2378 2046 veuf.
2398 2033 2435 2038 —
2450 2017 2491 2046 N-
2515 2018 2605 2046 4931.

2322 2132 2449 2167 Suisse,
2480 2132 2519 2161 45
2547 2140 2619 2168 ans,
2659 2134 2753 2164 avoir
2782 2135 2893 2164 12.000
2921 2135 2975 2169 fr.,
3005 2135 3180 2172 cuisinier,

2284 2173 2397 2202 désire
2424 2175 2574 2210 épouser
2599 2175 2704 2210 jeune
2744 2174 2812 2204 fille
2842 2175 3011 2212 française
3040 2183 3084 2205 ou
3113 2175 3182 2205 fille

2283 2211 2420 2246 d’hôtel,
2438 2213 2563 2242 femme
2585 2213 2784 2244 d’intérieur
2812 2214 2889 2244 bien
2915 2223 2994 2245 sous
3025 2218 3100 2245 tous
3131 2218 3181 2246 les

2284 2255 2455 2290 rapports.
2478 2269 2503 2272 -
2523 2253 2564 2282 N'
2582 2253 2671 2282 4975.

2324 2367 2527 2398 Demoiselle
2541 2369 2581 2398 25
2596 2376 2667 2405 ans,
2682 2370 2779 2406 jolie,
2811 2370 3033 2401 musicienne,
3056 2371 3180 2402 femme

2283 2407 2326 2437 du
2343 2409 2477 2443 monde,
2495 2409 2552 2438 dot
2568 2409 2624 2438 150
2640 2409 2680 2438 fr.
2697 2418 2760 2448 par
2785 2411 2883 2446 mois,
2911 2411 3084 2445 instruite,
3113 2411 3182 2442 fille

2283 2447 2324 2477 de
2339 2447 2420 2477 haut
2436 2447 2699 2483 fonctionnaire,
2717 2451 2913 2488 épouserait
2944 2451 3119 2481 monsieur
3143 2452 3182 2481 26

2283 2488 2302 2516 à
2316 2488 2355 2516 38
2371 2495 2431 2517 ans
2448 2488 2601 2518 habitant
2616 2489 2744 2526 grande
2759 2490 2850 2520 ville.
2868 2507 2905 2511 —
2922 2491 2963 2521 N'
2980 2491 3068 2521 4997.

2321 2604 2430 2633 Jeune
2445 2602 2581 2634 homme
2596 2604 2635 2633 32
2651 2612 2721 2640 ans,
2740 2606 2933 2642 sud-ouest,
2959 2606 3011 2636 fils
3040 2607 3179 2645 unique,

2281 2642 2409 2672 300.000
2424 2643 2478 2679 fr.,
2496 2643 2595 2679 brun,
2610 2652 2669 2682 pas
2686 2644 2833 2681 fumeur,
2846 2647 3043 2684 épouserait
3054 2648 3181 2678 demoi¬

2283 2684 2367 2712 selle
2384 2690 2426 2712 ou
2456 2691 2564 2713 veuve
2593 2684 2760 2719 sérieuse,
2790 2685 2852 2724 âge
2884 2689 2917 2716 et
2944 2687 3109 2717 situation
3136 2695 3179 2718 en

2283 2726 2433 2761 rapport.
2452 2740 2489 2744 —
2504 2724 2545 2753 N'
2563 2723 2652 2753 5004.

2320 2837 2614 2868 Sous-lieutenant
2644 2838 2852 2876 célibataire,
2883 2840 2961 2870 bien
2991 2848 3071 2871 sous
3102 2844 3179 2872 tous

2281 2880 2455 2915 rapports,
2492 2878 2691 2916 épouserait
2722 2882 2828 2917 jeune
2862 2880 2932 2910 fille
2974 2881 3179 2919 catholique,

2280 2917 2403 2953 brune,
2425 2918 2589 2948 situation
2605 2926 2649 2948 en
2664 2922 2813 2958 rapport.
2832 2937 2869 2941 —
2883 2921 2925 2950 N'
2942 2920 3031 2950 5004.

2317 3034 2426 3063 Jeune
2442 3032 2510 3063 fille
2525 3033 2564 3062 30
2580 3041 2652 3063 ans.
2670 3034 2798 3065 famille
2814 3036 3015 3072 honorable,
3033 3036 3180 3067 catholi¬

2281 3081 2356 3110 que,
2374 3073 2431 3102 dot
2447 3076 2480 3102 et
2496 3073 2633 3103 fortune
2649 3074 2687 3103 40
2702 3074 2761 3104 000
2778 3076 2833 3112 fr.,
2851 3076 2964 3106 désire
2988 3077 3072 3106 faire
3095 3084 3180 3106 con¬

2279 3113 2459 3142 naissance
2476 3121 2557 3143 avec
2575 3114 2749 3144 monsieur
2778 3116 2985 3154 catholique,
3004 3124 3179 3147 commer¬

2279 3155 2356 3188 çant
2372 3160 2415 3182 ou
2432 3153 2599 3190 employé.
2615 3169 2655 3174 —
2669 3155 2709 3184 N'
2726 3155 2816 3185 5005.

2316 3268 2521 3298 Demoiselle
2549 3269 2588 3297 28
2618 3277 2691 3305 ans,
2721 3271 2915 3308 paraissant
2956 3272 3032 3310 plus
3058 3275 3176 3311 jeune,

2279 3307 2445 3345 physique
2462 3309 2632 3345 agréable,
2651 3309 2812 3346 honnête,
2831 3310 2957 3341 famille
2973 3312 3177 3350 honorable,

2279 3355 2356 3376 sans
2373 3348 2483 3382 tâche,
2502 3348 2625 3378 femme
2642 3348 2851 3386 d’intérieur,
2869 3353 3069 3389 épouserait
3086 3361 3179 3383 mon¬

2278 3386 2373 3417 sieur
2382 3388 2420 3416 28
2436 3388 2455 3417 à
2469 3388 2509 3417 36
2517 3396 2589 3424 ans,
2604 3389 2754 3425 sérieux,
2772 3390 2934 3420 honnête.
2951 3408 2990 3411 —
3006 3393 3047 3421 N'
3064 3393 3154 3423 5007.

2317 3502 2519 3533 Célibataire
2547 3504 2587 3533 35
2615 3512 2687 3540 ans,
2717 3505 2932 3541 cultivateur,
2975 3507 3088 3537 20.000
3126 3507 3178 3545 fr..,

2277 3543 2475 3582 épouserait
2501 3544 2700 3574 demoiselle
2729 3553 2773 3575 ou
2803 3554 2910 3576 veuve
2940 3555 3019 3576 sans
3049 3547 3176 3584 enfant,

2279 3584 2442 3613 situation
2460 3591 2501 3613 en
2518 3587 2668 3622 rapport.
2687 3601 2724 3606 —
2739 3586 2780 3615 N'
2797 3586 2887 3616 5009.

2315 3699 2401 3729 Veuf
2414 3699 2454 3728 55
2469 3707 2542 3735 ans,
2561 3707 2639 3729 sans
2656 3699 2782 3735 enfant,
2803 3701 2889 3736 seul,
2907 3701 3057 3737 sérieux,
3075 3703 3174 3733 habi¬

2276 3742 2349 3769 tant
2361 3740 2509 3776 Algérie,
2527 3740 2683 3777 employé
2696 3739 2736 3770 de
2749 3740 2880 3775 mairie,
2895 3745 2995 3778 ayant
3007 3743 3174 3774 intérieur

2276 3783 2309 3809 et
2325 3779 2492 3814 mobilier,
2520 3780 2633 3809 désire
2663 3781 2768 3809 union
2797 3788 2879 3810 avec
2908 3781 3107 3813 demoiselle
3128 3792 3171 3814 ou

2275 3827 2382 3849 veuve
2398 3819 2436 3848 36
2452 3820 2471 3849 à
2486 3819 2524 3848 46
2540 3827 2611 3855 ans,
2629 3822 2729 3857 ayant
2746 3819 2917 3850 situation.
2930 3837 2968 3841 —
2982 3823 3024 3852 N'
3040 3823 3130 3853 5010.

2315 3934 2518 3964 Demoiselle
2541 3935 2653 3964 bonne
2670 3934 2808 3970 famille,
2828 3935 2866 3965 40
2882 3944 2954 3971 ans,
2980 3939 3172 3975 paraissant

2272 3976 2390 4012 jeune,
2408 3973 2532 4004 femme
2554 3974 2765 4010 d’intérieur,
2782 3974 3005 4011 affectueuse,
3023 3980 3172 4015 épouse¬

2274 4016 2340 4043 rait
2366 4015 2496 4044 officier
2523 4022 2568 4043 ou
2596 4014 2846 4045 fonctionnaire
2874 4017 3025 4051 sérieux,
3041 4019 3082 4048 40
3096 4020 3116 4049 à
3133 4021 3171 4050 45

2275 4062 2346 4083 ans.
2363 4070 2402 4075 —
2416 4054 2457 4083 N-
2475 4054 2565 4084 5011.

2313 4173 2549 4203 Sous-officier
2575 4173 2614 4202 de
2638 4173 2800 4208 carrière,
2818 4174 2857 4203 30
2873 4182 2944 4210 ans,
2962 4175 3167 4216 affectueux,

2273 4213 2429 4248 aimable,
2460 4213 2655 4242 économies
2685 4212 2722 4242 10
2737 4213 2795 4242 000
2811 4214 2864 4250 fr.,
2896 4217 3037 4246 retraite
3054 4218 3135 4248 dans
3151 4221 3170 4249 2

2274 4261 2346 4287 ans,
2358 4254 2556 4290 épouserait
2568 4252 2765 4282 demoiselle
2775 4253 2935 4284 sitnation
2952 4263 2994 4285 en
3013 4262 3164 4297 rapport,

2273 4300 2316 4322 ou
2335 4292 2553 4321 institutrice.
2571 4308 2609 4312 —
2624 4292 2664 4321 N'
2681 4292 2771 4322 5012.

2311 4404 2419 4432 Jeune
2436 4402 2504 4431 fille
2519 4402 2558 4430 26
2574 4409 2646 4436 ans,
2664 4402 2741 4432 bien
2771 4403 3040 4442 physiquement,
3060 4409 3168 4441 douce

2274 4446 2304 4472 et
2323 4444 2489 4477 sérieuse,
2503 4441 2755 4472 fonctionnaire
2767 4443 2882 4480 a’Etat,
2896 4447 3168 4484 appointements

2272 4482 2364 4512 6.000
2396 4482 2450 4515 fr.,
2491 4482 2687 4510 économies
2727 4482 2746 4511 6
2760 4483 2820 4512 000
2857 4484 2918 4520 fr.,
2962 4490 3168 4525 espérances

2271 4522 2384 4551 20.000
2401 4520 2454 4556 fr.,
2478 4521 2675 4558 épouserait
2704 4523 2880 4553 monsieur
2907 4527 2946 4554 27
2974 4528 2992 4556 à
3027 4529 3065 4558 38
3094 4539 3166 4567 ans,

2273 4562 2435 4591 situation
2451 4560 2530 4589 sûre
2547 4568 2590 4589 en
2607 4564 2758 4599 rapport.
2776 4579 2812 4584 —
2829 4565 2867 4593 N'
2885 4565 2974 4596 5013.

2310 4674 2418 4703 Jeune
2434 4671 2571 4701 homme
2586 4671 2623 4699 34
2640 4678 2711 4706 ans,
2729 4673 2841 4704 blessé
2858 4676 2898 4706 de
2914 4686 3052 4715 guerre,
3070 4683 3166 4712 croix

2272 4713 2312 4742 de
2329 4719 2455 4750 guerre
2472 4715 2505 4740 et
2520 4712 2677 4741 médaille
2695 4712 2866 4748 militaire,
2886 4717 2998 4748 désire
3017 4722 3166 4760 mariage

2272 4754 2311 4781 de
2329 4752 2435 4781 réelle
2452 4751 2608 4780 affection
2639 4759 2720 4782 avec
2733 4755 2839 4790 jeune
2855 4755 2923 4787 fille
2940 4766 2982 4788 ou
2999 4769 3107 4791 veuve
3125 4765 3165 4792 de

2271 4800 2398 4830 guerre
2411 4791 2451 4820 25
2467 4793 2483 4819 à
2499 4790 2538 4819 40
2552 4799 2623 4820 ans.
2638 4807 2675 4812 —
2694 4793 2731 4823 N'
2749 4794 2838 4824 5014.

2308 4905 2422 4934 Veuve
2440 4903 2480 4931 de
2495 4909 2620 4938 guerre
2636 4902 2748 4934 désire
2771 4913 2856 4944 pour
2885 4909 3036 4946 mariage
3067 4917 3164 4939 mon¬

2271 4946 2363 4975 sieur
2380 4944 2417 4973 40
2436 4945 2451 4972 à
2468 4942 2506 4972 50
2520 4949 2593 4973 ans.
2611 4943 2693 4978 aisé,
2708 4949 2792 4980 seul,
2811 4956 2889 4977 sans
2907 4948 3044 4983 famille,
3063 4949 3166 4979 senti¬

2270 4984 2408 5016 mental,
2435 4983 2535 5017 doux,
2575 4981 2779 5022 affectueux,
2811 4987 2906 5017 franc
2936 4991 2969 5017 et
2998 4988 3096 5025 loyal.
3129 5005 3166 5010 —

2269 5027 2308 5054 N-
2327 5024 2416 5054 5015.
