3536 5552
2726 458 2756 494 L
2813 456 2960 498 Août
2987 460 3133 498 LS21

1492 440 1593 489 PRIX
1646 441 1655 491 :
1716 442 1813 491 50
1871 444 2067 493 Centimes

394 577 1293 797 REVUE
1506 588 3157 823 MENSUELLE

674 835 865 892 Liste
894 836 940 893 d
964 838 1341 896 Annonces
1372 840 1945 903 Matrimoniales
1976 853 2042 903 et
2070 848 2518 910 d’Annonces
2548 855 2874 917 Diverses

406 929 541 967 (Fonds
579 930 624 960 de
660 939 887 969 commerce,
933 932 1127 971 industrie,
1164 936 1272 965 vente
1314 934 1583 976 d’immeubles,
1628 938 1796 978 location,
1834 940 2030 981 échange).
2138 943 2174 974 —
2279 944 2522 979 Paraissant
2557 947 2595 980 le
2631 949 2650 980 1
2655 954 2690 973 er
2723 950 2770 982 de
2813 954 2968 995 chaque
3002 955 3117 988 mois.

421 997 454 1035 L1
459 997 732 1037 Abonnement
747 1002 785 1037 et
803 999 851 1038 de
869 999 981 1045 TRENTE
1003 1000 1115 1052 FRANCS
1129 1014 1235 1053 pour
1251 1003 1280 1041 3
1297 1005 1398 1041 mois
1400 1003 1413 1061 ,
1434 1003 1590 1061 QUARANTE
1609 1004 1721 1057 FRANCS
1736 1019 1843 1058 pour
1859 1008 1885 1047 4
1905 1011 2006 1049 mois
2028 1013 2066 1048 et
2082 1011 2245 1069 CINQUANTE
2263 1013 2375 1065 FRANCS
2388 1027 2495 1066 pour
2511 1019 2539 1056 6
2556 1021 2658 1057 mois
2677 1022 2864 1062 donnant
2881 1026 2988 1065 droit
3006 1030 3031 1066 à
3049 1039 3129 1067 une

368 1065 601 1115 inscription
619 1068 795 1116 gratuite
814 1078 886 1105 sur
903 1079 968 1105 ma
988 1068 1076 1107 liste
1084 1098 1088 1103 .
1116 1070 1153 1107 —
1174 1070 1244 1108 Les
1259 1081 1462 1109 annonces
1475 1074 1569 1110 sont
1588 1073 1636 1110 de
1656 1077 1794 1124 quatre
1814 1077 1943 1126 lignes
1964 1079 2194 1119 maximum.
2218 1081 2256 1125 —
2278 1081 2318 1125 Les
2335 1082 2411 1140 ligne!
2426 1082 2635 1141 supplémentaires
2652 1090 2703 1132 sont
2717 1095 2803 1145 payées
2819 1092 2833 1135 à
2848 1091 2925 1137 raison
2943 1092 2970 1138 dl
2986 1092 2999 1138 3
3016 1093 3046 1140 lr>
3063 1093 3087 1140 la,
3102 1094 3177 1154 ligne.

835 1132 932 1163 Pour
964 1133 1171 1174 l’Etranger
1189 1147 1194 1164 :
1224 1133 1246 1165 3
1280 1136 1384 1174 mois,
1414 1135 1467 1167 35
1497 1137 1640 1169 francs.
1762 1140 1787 1171 4
1812 1142 1916 1180 mois,
1936 1141 1989 1173 45
2021 1143 2165 1176 francs.
2208 1165 2245 1168 —
2290 1147 2312 1178 6
2341 1148 2444 1187 mois,
2485 1148 2536 1181 55
2565 1151 2708 1184 francs.

794 1200 973 1240 Adresser
995 1202 1132 1241 Lettres
1148 1205 1183 1242 et
1202 1202 1380 1242 Mandats
1400 1206 1421 1243 à
1441 1205 1548 1244 Mme
1575 1206 1703 1246 Veuve
1737 1208 2006 1258 CHABAUD,
2030 1212 2232 1252 Directrice
2252 1215 2299 1253 de
2318 1216 2351 1257 la
2372 1216 2508 1257 Revue
2528 1220 2748 1261 Mensuelle

1287 1271 1345 1315 18,
1384 1271 1464 1312 Rue
1483 1273 1751 1322 Sainte-Croix,
1772 1276 2017 1320 Montélimar
2048 1279 2222 1331 (Drôme)

400 1397 490 1424 Notre
505 1407 601 1426 œuvre
617 1408 633 1425 a
648 1404 720 1434 pour
737 1401 783 1427 but
800 1402 832 1427 de
848 1403 931 1428 venir
944 1412 976 1429 en
993 1404 1056 1430 aide
1067 1414 1126 1430 aux
1129 1406 1265 1438 familles

364 1443 415 1476 qui
428 1442 555 1469 défirent
568 1443 676 1470 marier
691 1445 769 1471 leurs
784 1449 908 1480 enfants,
927 1457 986 1474 aux
1003 1458 1109 1475 veuves
1124 1450 1175 1483 qui
1192 1460 1262 1476 vou¬

364 1486 476 1513 draient
492 1497 521 1513 se
536 1488 684 1521 remarier,
702 1499 762 1516 aux
789 1491 940 1525 orphelins
970 1497 996 1519 et
1024 1502 1083 1519 aux
1112 1495 1264 1521 messieurs

363 1531 415 1565 qui
428 1534 527 1559 rêvent
541 1532 575 1559 d»
589 1542 620 1559 se
625 1534 733 1567 fonder
747 1544 787 1560 un
793 1536 892 1570 foyer,
907 1546 963 1562 une
970 1537 1101 1570 famille.

400 1584 491 1612 Notre
506 1595 603 1613 œuvre
617 1596 682 1614 sera
701 1591 866 1623 approuvée
884 1593 939 1625 par
954 1594 1019 1618 tous
1048 1601 1098 1618 nos
1127 1593 1252 1620 abonnés

366 1628 513 1664 lorsqu'ils
528 1636 651 1658 sauront
663 1631 750 1667 qu'ils
766 1636 890 1667 peuvent
905 1639 1021 1662 trouver
1046 1639 1137 1673 grâce
1152 1640 1169 1664 à
1185 1642 1264 1665 notre

364 1683 514 1707 concours,
532 1676 559 1702 le
575 1685 674 1710 moyen
689 1677 721 1703 de
736 1679 877 1705 semarier
890 1681 969 1706 selon
982 1681 1058 1707 leurs
1073 1685 1170 1717 goûts,
1187 1683 1264 1709 leurs

366 1728 433 1745 vues
449 1723 474 1746 et
489 1720 569 1746 selon
585 1721 648 1747 leur
662 1722 818 1749 condition.

399 1772 482 1800 Nous
496 1773 596 1807 prions
612 1775 653 1801 les
670 1775 769 1802 Dames
784 1781 810 1803 et
826 1778 867 1803 les
882 1778 1039 1805 Messeurs
1064 1780 1096 1806 de
1118 1789 1189 1806 nous
1213 1790 1263 1807 en¬

365 1826 451 1851 voyer
468 1818 494 1844 le
509 1818 576 1852 plus
591 1819 741 1846 d’abonnés
757 1822 893 1856 possible,
911 1822 968 1858 afin
985 1833 1038 1858 que
1057 1829 1137 1851 notre
1165 1834 1262 1852 œuvre

363 1861 562 1897 s’agrandisse
576 1867 604 1889 et
617 1864 712 1897 puisse
722 1864 778 1899 par
790 1875 823 1892 ce
836 1876 937 1901 moyen
945 1868 1083 1899 faciliter
1098 1870 1215 1896 nombre
1230 1871 1263 1896 de

363 1907 510 1943 mariages
526 1911 551 1933 et
560 1908 643 1940 faire
659 1909 685 1935 le
700 1910 767 1943 plus
791 1910 949 1938 d'heureux
964 1912 1100 1947 possible,
1117 1923 1168 1940 car
1195 1914 1262 1942 c'est

361 1960 418 1977 une
430 1951 520 1977 bonne
536 1953 634 1979 action
647 1963 702 1988 que
712 1963 784 1981 vous
791 1957 860 1988 fere
862 1965 881 1992 ^
908 1966 942 1982 en
970 1960 1151 1993 propageant
1182 1964 1263 1987 notre

361 2004 466 2027 œuvre,
484 2005 552 2023 vous
561 2006 631 2023 nous
651 1998 765 2033 aiderez
783 1999 863 2026 ainsi
878 2003 893 2027 à
909 2002 1074 2029 contribuer
1086 2013 1123 2030 au
1135 2003 1261 2031 bonheur

360 2039 408 2066 des
416 2041 552 2072 familles
566 2042 617 2076 qui
626 2042 752 2069 désirent
761 2048 878 2071 trouver
888 2056 927 2072 un
938 2049 1032 2080 époux
1043 2056 1078 2074 ou
1089 2058 1144 2075 une
1154 2052 1261 2084 épouse

361 2088 434 2118 pour
454 2085 531 2112 leurs
547 2089 670 2120 enfants,
689 2097 749 2114 aux
764 2098 868 2116 veuves
889 2100 928 2117 un
943 2092 1068 2125 soutien,
1099 2095 1116 2119 à
1135 2093 1256 2128 l'orphe¬

361 2129 404 2156 lin
420 2139 459 2155 un
466 2131 556 2165 foyer
570 2135 597 2157 et
612 2141 647 2158 au
664 2132 836 2160 relèvement
849 2134 882 2160 de
898 2135 927 2161 la
945 2135 1052 2162 France
1080 2138 1131 2172 qui
1158 2139 1258 2172 donne,

360 2177 415 2208 par
431 2175 471 2201 les
485 2175 631 2211 mariages
634 2178 771 2210 féconds,
786 2178 834 2205 des
849 2179 957 2206 soldats
972 2183 989 2207 à
1005 2181 1034 2207 la
1049 2181 1152 2209 Patrie
1168 2188 1193 2209 et
1208 2184 1259 2217 qui

353 2220 423 2250 font
438 2219 484 2246 des
498 2222 614 2251 femmes
630 2220 662 2247 de
678 2221 781 2248 bonnes
792 2227 882 2250 mères
897 2225 929 2250 de
937 2226 1068 2257 famille.

398 2271 473 2299 C'est
489 2273 559 2300 dans
574 2283 605 2300 ce
620 2274 669 2301 but
683 2284 736 2309 que
752 2285 822 2303 nous
842 2286 931 2304 avons
939 2279 1032 2311 fo*dé
1048 2280 1077 2307 la
1092 2279 1106 2307 «
1123 2279 1260 2310 REVUE

360 2316 603 2345 MENSUELLE
619 2326 643 2346 ».

394 2370 480 2398 Nous
495 2381 530 2398 ne
544 2376 643 2399 tenons
656 2377 710 2408 pas
725 2384 781 2400 une
792 2383 903 2411 agence
914 2377 1129 2405 matrimoniale
1148 2384 1174 2406 et
1188 2389 1258 2407 nous

359 2424 394 2442 ne
408 2419 530 2449 prenons
545 2425 655 2444 aucune
669 2419 851 2446 commission
864 2429 915 2446 sur
931 2422 959 2448 la
978 2422 1032 2448 dot.
1070 2422 1154 2450 Voici
1182 2433 1257 2452 com¬

358 2465 434 2486 ment
448 2470 520 2487 nous
532 2461 688 2496 procédons
701 2473 707 2489 :

399 2512 475 2540 Vous
490 2523 561 2541 nous
582 2515 747 2550 indiquerez
760 2515 875 2544 d'abord
890 2523 969 2545 votre
983 2522 1050 2555 âge,
1068 2525 1147 2548 votre
1162 2523 1256 2550 situa-

357 2557 455 2584 tionde
459 2559 591 2592 fortune,
600 2564 679 2586 votre
689 2563 862 2595 profession,
875 2563 1017 2597 votredot,
1026 2573 1075 2592 vos
1087 2569 1255 2600 espérances

357 2606 383 2628 et
398 2612 429 2628 ce
443 2612 496 2636 que
512 2613 581 2630 vous
609 2604 702 2631 désire
705 2614 732 2639 3:,
763 2610 788 2632 et
818 2616 887 2633 nous
915 2617 984 2635 vous
1014 2609 1178 2638 inscrivons
1206 2621 1256 2639 sur

357 2651 437 2673 notre
452 2648 529 2681 liste,
547 2651 619 2681 pour
631 2649 702 2676 trois
717 2649 799 2683 mois,
811 2654 864 2686 par-
878 2661 933 2678 une
948 2662 1075 2681 annonce
1089 2665 1143 2689 que
1149 2657 1183 2692 je
1190 2658 1256 2690 fais

357 2692 518 2719 moi-même
531 2697 557 2719 et
572 2702 642 2720 nous
658 2703 728 2721 vous
740 2695 868 2722 donnons
884 2706 922 2723 un
934 2701 1048 2724 numéro
1050 2700 1168 2732 faisant
1181 2702 1256 2729 suite

357 2738 373 2762 à
388 2740 460 2763 cette
472 2746 608 2763 annonce.
628 2736 651 2765 C
661 2743 702 2764 est
715 2744 769 2773 par
783 2740 810 2766 le
824 2750 925 2776 moyen
940 2742 971 2769 de
1000 2753 1031 2769 ce
1059 2747 1174 2772 numéro
1202 2755 1255 2781 que

358 2789 428 2807 vous
444 2784 554 2815 pouvez
569 2783 775 2816 correspondre
788 2793 858 2811 avec
872 2789 933 2812 tous
945 2787 984 2813 les
1001 2787 1124 2815 abonnés
1134 2789 1167 2816 de
1178 2795 1256 2818 notre

356 2824 432 2849 liste.

389 2876 519 2912 Lorsque
534 2887 605 2905 vous
619 2878 730 2906 désirez
744 2883 948 2915 correspondre
963 2893 1032 2910 avec
1042 2894 1081 2911 un
1096 2885 1205 2913 abonné
1228 2892 1255 2914 et

354 2930 407 2954 que
422 2930 492 2947 vous
509 2931 581 2957 *ve^
596 2922 695 2949 choisi
708 2923 778 2950 dans
804 2926 832 2951 la
852 2925 977 2954 Revue
1002 2928 1200 2959 Mensuelle
1228 2933 1254 2958 le

352 2965 434 2998 parti
447 2966 498 3000 qui
506 2975 576 2992 vous
584 2967 661 3000 plaît
664 2968 691 2994 le
695 2969 764 3003 plus
777 2970 856 2996 voici
869 2977 1007 2999 comment
1021 2982 1093 3000 vous
1100 2976 1237 3008 procédez
1245 2989 1251 3002 :

689 3056 880 3085 EXEMPLE
896 3072 902 3085 :

395 3123 510 3153 Jeune
524 3121 681 3163 homme,
707 3123 751 3156 30
771 3133 848 3163 ans,
871 3127 943 3160 très
969 3128 1064 3161 belle
1084 3130 1252 3165 situation

353 3165 441 3197 dans
462 3165 648 3207 industrie,
671 3175 816 3210 rapport
833 3171 875 3201 10
887 3171 903 3203 à
923 3172 1046 3205 12.000
1062 3175 1120 3215 fr.,
1134 3176 1251 3209 désire

352 3210 511 3252 mariage
531 3220 575 3244 en
595 3217 752 3254 rapport.
769 3232 813 3237 —
833 3215 954 3248 Ecrire
973 3218 1014 3249 N-
1038 3218 1071 3251 2.

529 3273 575 3297 ou

396 3318 606 3350 Demoiselle
633 3319 676 3351 25
712 3330 789 3362 ans,
825 3321 990 3357 situation
1026 3325 1069 3358 de
1109 3327 1248 3361 fortune

350 3360 474 3393 25.000
494 3362 626 3402 francs,
643 3368 710 3396 etc.
735 3384 775 3387 —
796 3367 916 3400 Ecrire
933 3369 973 3399 N-
999 3371 1030 3401 4.

394 3415 492 3447 Vous
505 3415 554 3448 lui
566 3416 701 3449 écrivez
715 3423 942 3454 vous-même
955 3430 1000 3454 ou
1019 3424 1120 3456 faites
1134 3425 1247 3459 écrire

348 3468 414 3499 par
433 3460 628 3501 quelqu’un
657 3462 702 3494 de
729 3467 828 3496 votre
852 3464 1000 3506 famille,
1029 3477 1073 3500 en
1103 3468 1248 3512 signant

348 3503 392 3535 de
413 3508 512 3536 votre
528 3505 691 3545 numéro,
708 3511 741 3540 et
757 3517 844 3540 vous
859 3513 985 3543 mettez
1000 3521 1061 3544 sur
1076 3513 1246 3548 l’adresse

346 3548 517 3581 cachetée
532 3553 567 3581 et
576 3549 723 3583 timbrée
736 3552 770 3584 le
783 3554 934 3587 numéro
946 3555 990 3587 de
1002 3556 1036 3587 la
1051 3566 1241 3600 personne,

346 3592 534 3625 deuxième
555 3595 765 3638 enveloppe,
787 3606 874 3630 avec
893 3608 952 3631 ces
964 3601 1136 3643 quelques
1154 3608 1244 3636 mots

346 3645 408 3668 sur
416 3646 486 3670 une
498 3642 596 3670 carte
610 3648 656 3671 ou
669 3649 714 3672 un
727 3641 814 3674 bout
824 3643 868 3674 de
877 3644 1001 3685 papier
1010 3645 1100 3678 ainsi
1109 3646 1241 3682 libellé:

347 3692 365 3710 «
384 3682 564 3715 Monsieur
580 3692 625 3716 ou
640 3685 815 3725 Madame,
830 3696 875 3718 ou
888 3688 1155 3724 Mademoiselle
1167 3693 1241 3726 X...

345 3725 458 3766 (votre
482 3736 565 3759 nom
581 3731 617 3760 et
635 3732 733 3761 votre
754 3732 919 3775 numéro)
932 3734 1006 3775 prie
1027 3735 1189 3769 Madame
1208 3737 1243 3771 la

345 3770 536 3804 Directrice
558 3773 600 3804 de
618 3772 650 3805 la
667 3774 784 3806 Revue
794 3777 837 3808 de
858 3776 946 3810 faire
967 3780 1131 3820 parvenir
1150 3783 1241 3815 cette

345 3814 447 3847 lettre
464 3816 484 3847 à
503 3817 551 3848 tel
571 3819 720 3850 numéro
741 3831 760 3849 »
777 3824 811 3852 et
827 3830 913 3853 vous
934 3823 1099 3857 cachetez
1117 3829 1150 3858 et
1162 3826 1240 3858 tim¬

344 3858 425 3890 brez
453 3863 544 3893 cette
581 3861 769 3895 deuxième
799 3866 995 3908 enveloppe
1030 3868 1048 3900 à
1085 3870 1240 3912 laquelle

343 3911 431 3934 vous
453 3907 578 3937 mettez
595 3915 677 3938 mon
699 3908 856 3946 adresse,
880 3913 913 3942 et
938 3912 1085 3945 aussitôt
1119 3923 1238 3956 reçue,

342 3945 377 3988 je
399 3947 511 3980 défais
527 3949 561 3981 la
589 3950 766 3990 première
791 3955 1000 3997 enveloppe,
1032 3956 1176 3999 j’efface
1207 3959 1239 3992 le

343 3992 492 4024 numéro
515 3993 558 4025 de
579 3994 612 4024 la
633 3995 820 4028 deuxième
839 4001 875 4028 et
895 4004 984 4031 mets
1005 4001 1174 4035 l’adresse
1195 4005 1239 4036 de

341 4035 375 4067 la
396 4045 573 4076 personne
589 4041 623 4069 et
640 4038 829 4080 réexpédie
846 4041 880 4073 la
895 4043 1009 4075 lettre.
1033 4045 1130 4078 Vous
1147 4057 1238 4088 pou¬

340 4088 402 4111 vez
418 4082 677 4123 correspondre
692 4092 779 4115 avec
789 4088 869 4116 tous
890 4095 953 4118 nos
975 4088 1133 4122 abonnés
1155 4100 1237 4123 sans

342 4132 427 4155 vous
445 4124 532 4156 faire
549 4128 747 4159 connaître.
785 4128 832 4161 Ce
867 4129 957 4162 n’est
987 4141 1056 4173 que
1092 4134 1237 4177 lorsque

340 4176 428 4200 vous
446 4177 551 4201 aurez
572 4169 634 4202 fait
654 4175 752 4203 votre
772 4173 891 4213 choix,
927 4185 996 4217 que
1034 4187 1121 4210 vous
1150 4189 1236 4213 vous

340 4212 477 4245 donnez
498 4215 770 4248 mutuellement
785 4222 884 4251 votre
905 4220 1075 4254 véritable
1090 4223 1236 4257 adresse

340 4261 374 4289 et
394 4266 462 4299 que
498 4268 583 4291 vous
622 4269 708 4293 vous
749 4261 919 4305 ménagez
960 4274 1027 4297 une
1066 4271 1235 4303 entrevue

338 4310 429 4343 pour
445 4302 589 4336 décider
608 4304 652 4336 de
668 4308 767 4338 votre
786 4311 871 4339 sort.

374 4399 413 4425 Le
426 4400 498 4433 prix
526 4401 560 4427 de
571 4405 649 4428 notre
678 4402 866 4431 abonnement
895 4410 936 4431 est
961 4407 994 4433 de
1016 4412 1106 4435 trente
1129 4413 1234 4444 francs

335 4446 408 4476 pour
436 4445 506 4471 trois
521 4446 592 4472 mois
620 4451 643 4473 et
664 4447 818 4482 cinquante
822 4451 927 4482 francs
952 4454 1023 4486 pour
1046 4453 1094 4479 six
1119 4455 1188 4481 mois
1208 4461 1234 4482 et

335 4496 404 4514 vous
416 4497 486 4515 avez
496 4489 572 4516 droit
587 4493 603 4516 à
618 4493 676 4518 être
692 4491 794 4519 inscrit
809 4495 1015 4529 gratuitement
1030 4506 1080 4523 sur
1095 4508 1140 4525 ma
1155 4500 1231 4527 liste.

377 4532 453 4560 Vous
471 4543 564 4570 voye\
578 4534 695 4568 qu'avec
709 4541 782 4563 cette
798 4540 927 4574 modique
941 4550 1053 4573 somme,
1071 4552 1140 4569 vous
1156 4547 1231 4578 pou¬

335 4584 385 4602 vez
397 4585 465 4603 vous
481 4579 596 4612 marier,
611 4588 678 4606 sans
694 4583 777 4608 avoir
792 4586 809 4609 à
833 4586 933 4617 passer
961 4590 1015 4620 par
1032 4586 1078 4613 des
1108 4596 1231 4624 agences

333 4620 384 4653 qui
398 4629 428 4646 se
440 4624 503 4652 font
519 4631 615 4649 verser
629 4625 766 4652 d’avance
780 4627 813 4653 de
826 4635 939 4662 grosses
956 4631 1120 4664 provisions
1140 4637 1167 4659 et
1181 4634 1231 4667 qui

333 4668 505 4698 escomptent
520 4667 552 4693 de
567 4677 682 4702 grosses
698 4671 906 4706 commissions,
937 4677 1009 4709 pour
1032 4686 1048 4701 n
1061 4677 1174 4704 arriver
1204 4678 1229 4705 le

332 4708 400 4740 plus
415 4714 534 4737 souvent
549 4712 565 4737 à
581 4721 675 4739 aucun
690 4716 821 4742 résultat.
846 4716 930 4748 Nous
959 4719 1075 4747 n’avons
1106 4722 1170 4749 rien
1198 4723 1230 4750 de

332 4760 462 4778 commun
479 4764 548 4781 avec
565 4756 604 4781 les
620 4767 752 4792 agences,
771 4769 821 4786 car
837 4770 907 4788 nous
924 4772 957 4790 ne
971 4768 1094 4797 prenons
1119 4776 1229 4795 aucune

331 4797 513 4824 commission
527 4807 578 4825 sur
594 4801 623 4827 la
639 4802 694 4828 dot.
722 4802 766 4830 Un
795 4805 915 4832 modeste
944 4808 1130 4837 abonnement
1156 4821 1228 4839 nous

334 4847 372 4864 se•
383 4846 391 4864 t
406 4840 439 4864 de
449 4842 554 4874 paiemi
563 4848 601 4869 nt.

368 4883 525 4918 Lorsqu’un
542 4887 650 4915 abonné
665 4888 730 4916 s'est
736 4890 838 4925 fiancé
852 4898 879 4920 et
891 4895 964 4928 qu’il
980 4897 1024 4923 n’a
1040 4899 1107 4932 plus
1130 4900 1227 4928 besoin

328 4927 361 4952 de
373 4931 451 4954 notre
461 4937 557 4963 revue,
571 4931 595 4957 il
610 4941 680 4959 nous
693 4934 718 4960 le
729 4936 785 4966 fait
796 4940 894 4964 savoir
905 4938 963 4974 afin
976 4950 1028 4975 que
1040 4952 1109 4969 nous
1121 4954 1226 4979 rayons

328 4979 379 4996 son
395 4980 522 4999 annonce
534 4977 607 5008 pour
623 4986 656 5002 ne
668 4981 721 5011 pas
726 4980 811 5011 Jaire
825 4986 1029 5017 correspondre
1042 4987 1225 5018 inutilement

330 5024 378 5042 nos
395 5015 530 5043 abonnés.

366 5059 439 5086 Tout
453 5060 562 5087 abonné
576 5062 636 5089 doit
648 5067 786 5097 répondre
802 5071 818 5094 à
833 5073 924 5096 toutes
940 5072 980 5098 les
1005 5074 1102 5101 lettres
1114 5077 1165 5111 qui
1180 5078 1225 5104 lui

327 5108 388 5130 sont
405 5104 547 5132 adressées
563 5107 569 5138 ;
587 5107 616 5133 la
631 5108 767 5141 politesse
783 5111 898 5148 l’exige,
931 5125 963 5142 ne
975 5119 1087 5147 fussent
1115 5130 1167 5155 que
1178 5131 1223 5149 ces

327 5148 399 5173 trois
415 5157 451 5174 ou
462 5153 564 5182 quatre
577 5155 647 5176 mots
658 5161 663 5176 :
680 5151 799 5186 Inutile,
810 5160 873 5183 tous
885 5167 943 5184 mes
953 5166 1073 5195 regrets.
1085 5164 1116 5191 —
1129 5165 1222 5192 N'...))

1362 1404 1459 1435 Pour
1467 1406 1591 1437 toutes
1603 1406 1856 1440 lesannonoes
1867 1410 2045 1449 oi-après,
2056 1412 2221 1444 s’adres¬

1321 1461 1387 1483 ser
1403 1455 1424 1483 à
1450 1453 1620 1486 Madame
1637 1454 1756 1488 Veuve
1772 1456 1987 1498 CHABAUD,
2012 1460 2219 1494 Directrice

1320 1502 1364 1532 de
1381 1501 1412 1533 la
1435 1503 1454 1520 “
1473 1502 1596 1535 Revue
1615 1504 1815 1537 Mensuelle
1832 1507 1860 1537 ”.

1358 1579 1472 1610 Veuve
1488 1581 1526 1610 43
1542 1588 1614 1615 ans,
1629 1589 1706 1612 sans
1720 1584 1847 1619 enfant,
1863 1583 2000 1615 fortune
2015 1586 2147 1617 280.000
2163 1590 2217 1625 lr.,

1319 1627 1467 1650 revenus
1482 1621 1596 1651 20.000
1611 1621 1651 1652 fr.
1665 1630 1728 1660 par
1751 1631 1804 1657 an,
1829 1626 2028 1662 épouserait
2043 1629 2220 1659 monsieur

1320 1664 1420 1696 ayant
1432 1661 1516 1698 jolie
1533 1662 1694 1692 situation
1711 1670 1753 1693 ou
1771 1664 1918 1695 fortune.
1937 1682 1955 1687 -
1971 1667 1998 1697 N
2005 1676 2010 1682 -
2027 1667 2117 1698 2100.

1359 1726 1538 1764 Disposant
1569 1729 1646 1757 d’un
1663 1730 1792 1759 certain
1810 1730 1932 1769 capital
1959 1733 1996 1770 je
2022 1733 2218 1765 m’intéres¬

1320 1768 1410 1796 serai
1426 1768 1444 1796 à
1460 1767 1579 1798 affaire
1592 1770 1746 1800 sérieuse
1763 1772 1780 1799 à
1798 1770 1915 1801 lancer
1928 1778 2074 1810 pouvant
2087 1775 2218 1805 donner

1318 1813 1398 1843 gros
1414 1807 1597 1838 bénéfices.
1616 1809 1642 1838 Il
1659 1818 1701 1839 ne
1713 1818 1790 1840 sera
1799 1813 1951 1848 répondu
1961 1814 2086 1850 qu’aux
2098 1816 2216 1846 lettres

1319 1847 1545 1886 susceptibles
1562 1848 1794 1880 d’intéresser.
1810 1866 1829 1873 -
1844 1852 1886 1881 N°
1902 1853 1990 1883 4947.

1357 1923 1466 1953 Jeune
1489 1924 1625 1954 homme
1651 1926 1688 1954 31
1706 1934 1777 1962 ans,
1797 1927 2014 1964 cultivateur,
2034 1930 2089 1960 dot
2107 1931 2217 1961 15.000

1318 1962 1358 1991 fr.
1376 1966 1410 1992 et
1426 1964 1549 2001 petites
1565 1967 1783 2003 espérances,
1801 1969 1999 2007 épouserait
2015 1970 2215 2001 demoiselle

1317 2010 1360 2032 ou
1377 2010 1487 2033 veuve
1503 2006 1719 2035 connaissant
1749 2007 1780 2036 la
1803 2009 1938 2039 culture
1955 2016 1997 2040 ou
2023 2014 2124 2047 ayant
2140 2019 2217 2050 pro¬

1315 2042 1426 2081 priété
1442 2044 1461 2073 à
1476 2044 1656 2083 exploiter.
1674 2062 1683 2067 -
1699 2048 1746 2077 N°
1758 2047 1847 2078 4948.

1355 2119 1517 2157 Employé
1533 2119 1593 2150 des
1608 2121 1759 2152 douanes
1776 2123 1986 2158 célibataire,
1996 2126 2036 2155 28
2047 2134 2119 2162 ans,
2135 2127 2216 2157 trai¬

1316 2161 1445 2188 tement
1471 2159 1564 2190 5.100
1585 2160 1639 2192 fr.,
1667 2162 1830 2200 physique
1861 2165 2034 2203 agréable,
2061 2167 2212 2202 sérieux,

1315 2200 1514 2236 épouserait
1532 2202 1639 2238 jeune
1667 2202 1737 2233 fille
1747 2203 1845 2241 jolie,
1866 2204 2030 2241 honnête,
2054 2207 2158 2243 aisée,
2176 2208 2215 2237 18

1315 2241 1332 2267 à
1347 2239 1386 2268 25
1402 2248 1473 2268 ans.
1486 2256 1499 2262 -
1515 2242 1557 2270 N°
1570 2242 1658 2271 4949.

1353 2315 1555 2346 Célibataire
1583 2318 1622 2346 44
1651 2326 1722 2353 ans,
1750 2319 1862 2349 bonne
1898 2323 2006 2358 santé,
2049 2323 2212 2354 situation

1314 2355 1425 2385 25.000
1454 2355 1508 2389 fr.,
1553 2358 1750 2396 épouserait
1785 2359 1985 2392 demoiselle
2021 2370 2064 2392 ou
2105 2372 2213 2394 veuve

1313 2395 1436 2425 femme
1453 2395 1665 2434 d'intérieur,
1688 2399 1848 2431 situation
1879 2408 1921 2431 en
1942 2407 2094 2441 rapport.
2123 2419 2142 2425 -
2171 2405 2213 2434 N®

1313 2433 1400 2464 4951.

1352 2511 1511 2550 Employé
1552 2514 1724 2548 P.-L.-M.,
1758 2516 1796 2544 28
1823 2523 1895 2551 ans,
1926 2517 1984 2548 400
2020 2527 2083 2556 par
2111 2520 2208 2556 mois,

1311 2553 1508 2589 épouserait
1521 2553 1729 2585 institutrice
1744 2563 1788 2585 ou
1802 2564 1977 2595 personne
1993 2563 2094 2596 ayant
2108 2560 2210 2590 situa¬

1312 2590 1393 2627 tion,
1412 2593 1536 2623 femme
1552 2593 1764 2631 d’intérieur,
1782 2600 1883 2634 ayant
1899 2597 1965 2627 dot.
1988 2614 2006 2620 -
2023 2600 2064 2628 N®
2079 2600 2167 2630 4952.

1350 2667 1492 2698 Divorcé
1508 2671 1526 2698 à
1543 2677 1603 2699 son
1619 2671 1732 2708 profit,
1749 2681 1874 2710 garçon
1899 2675 1936 2703 13
1951 2682 2024 2710 ans,
2042 2683 2120 2705 sans
2137 2675 2210 2707 for¬

1312 2710 1405 2742 tune,
1423 2708 1537 2738 désire
1552 2711 1703 2748 mariage
1719 2719 1801 2742 avec
1818 2722 1934 2750 veuve,
1954 2714 2153 2747 demoiselle
2165 2725 2209 2747 ou

1311 2748 1479 2778 divorcée.
1504 2765 1520 2770 -
1543 2749 1585 2779 N®
1600 2751 1687 2780 4953.

1347 2815 1457 2843 Jeune
1473 2815 1609 2845 homme
1637 2818 1676 2846 28
1700 2826 1772 2853 ans,
1795 2820 1965 2857 orphelin,
1987 2823 2081 2851 avoir
2096 2824 2209 2853 35.000

1310 2852 1364 2887 fr.,
1402 2855 1620 2890 automobile,
1657 2861 1806 2895 gagnant
1835 2859 1926 2889 1.000
1948 2860 1988 2890 fr.
2020 2869 2081 2899 par
2108 2863 2206 2897 mois,

1309 2894 1507 2930 épouserait
1534 2895 1733 2926 demoiselle
1762 2906 1805 2927 ou
1820 2907 1927 2930 veuve
1943 2902 2013 2930 très
2041 2901 2204 2938 honnête,

1309 2936 1409 2969 ayant
1425 2933 1600 2965 situation.
1619 2952 1636 2957 -
1659 2937 1700 2966 N®
1713 2938 1800 2967 4954.

1345 3000 1456 3029 Jeune
1472 3001 1608 3032 homme
1623 3003 1659 3032 31
1678 3012 1750 3040 ans,
1775 3005 1937 3037 situation
1954 3008 2064 3038 12.000
2085 3009 2125 3038 fr.
2144 3018 2207 3047 par

1308 3047 1361 3075 an,
1379 3039 1493 3071 désire
1508 3049 1680 3080 personne
1695 3045 1828 3083 simple,
1841 3048 2013 3084 agréable.
2030 3065 2042 3070 -
2057 3050 2097 3079 N-
2115 3050 2203 3080 4955.

1348 3106 1524 3138 Monsieur
1539 3110 1619 3139 veuf
1632 3118 1711 3140 sans
1728 3113 1855 3147 enfant,
1871 3113 1910 3143 46
1925 3122 1997 3147 ans,
2021 3117 2206 3154 possédant

1306 3147 1393 3184 petit
1416 3155 1609 3179 commerce
1636 3152 1806 3189 agréable,
1832 3155 1987 3184 s’unirait
1998 3156 2016 3185 à
2032 3164 2204 3194 personne

1307 3187 1345 3216 36
1371 3189 1387 3217 à
1404 3187 1442 3217 40
1456 3197 1528 3222 ans,
1552 3189 1773 3227 affectueuse,
1793 3193 1961 3229 divorcée,
1984 3200 2084 3233 ayant
2100 3197 2206 3228 10.000

1307 3228 1346 3255 fr.
1361 3242 1379 3248 -
1395 3229 1434 3257 N-
1452 3229 1542 3258 4957.

1344 3295 1586 3327 Sous-officier
1623 3305 1666 3328 en
1700 3300 1855 3335 retraite,
1896 3302 1935 3330 38
1964 3309 2037 3336 ans,
2074 3311 2204 3335 revenu

1306 3334 1416 3364 12.000
1438 3334 1478 3365 fr.
1509 3345 1571 3374 par
1600 3346 1654 3373 an,
1687 3340 1883 3377 épouserait
1913 3342 2112 3373 demoiselle
2159 3352 2203 3375 ou

1304 3382 1417 3406 veuve
1431 3379 1533 3413 ayant
1548 3377 1614 3413 dot,
1629 3378 1668 3408 25
1683 3380 1700 3408 à
1716 3379 1754 3409 38
1769 3388 1842 3410 ans.
1860 3397 1871 3402 -
1885 3382 1929 3411 N'
1949 3382 2042 3411 4958.

1341 3469 1451 3498 Jeune
1480 3470 1618 3500 homme
1630 3472 1670 3501 25
1685 3480 1756 3508 ans,
1782 3473 1896 3504 bonne
1914 3475 2052 3509 famille,
2071 3476 2198 3511 Suisse,

1303 3507 1506 3546 catholique,
1524 3512 1679 3541 sérieuse
1706 3513 1880 3549 situation,
1912 3517 2109 3552 épouserait
2138 3517 2199 3547 de¬

1301 3548 1456 3578 moiselle
1485 3558 1528 3579 ou
1558 3559 1666 3581 veuve
1690 3552 1913 3590 affectueuse,
1935 3555 2060 3586 femme
2076 3557 2200 3587 d’inté¬

1301 3587 1406 3618 rieur.
1422 3605 1441 3610 -
1456 3589 1496 3619 N-
1513 3590 1602 3620 4959.

1338 3655 1542 3686 Célibataire
1570 3659 1610 3687 38
1638 3668 1709 3693 ans,
1737 3660 1832 3690 avoir
1846 3661 1959 3692 40.000
1975 3664 2017 3691 fr.
2039 3663 2117 3701 gain
2135 3672 2199 3694 an¬

1300 3694 1390 3730 nuel,
1410 3695 1520 3726 10.000
1532 3698 1571 3726 fr.
1590 3699 1673 3728 dans
1690 3707 1882 3731 commerce
1899 3702 2070 3741 agréable,
2089 3706 2198 3741 épou¬

1299 3735 1405 3765 serait
1419 3743 1592 3774 personne
1615 3738 1803 3770 honorable
1820 3746 1920 3779 ayant
1936 3743 2002 3773 dot.
2021 3759 2033 3764 -
2047 3744 2087 3774 N-
2105 3744 2194 3776 4960.

1335 3812 1572 3842 Sous-officier
1587 3814 1628 3843 de
1645 3816 1808 3850 carrière,
1827 3817 1986 3854 aviation,
2012 3819 2051 3847 29
2066 3828 2138 3854 ans,
2159 3821 2196 3849 10

1297 3859 1357 3880 ans
1397 3852 1437 3881 de
1473 3854 1618 3888 service,
1649 3856 1845 3887 économies
1873 3858 1966 3887 7.000
1996 3859 2049 3892 fr.,
2081 3859 2194 3889 désire

1296 3891 1460 3922 relations
1489 3901 1577 3930 pour
1600 3896 1705 3925 union
1742 3904 1824 3927 avec
1846 3899 1954 3935 jeune
1984 3898 2052 3928 fille
2068 3899 2106 3928 18
2121 3901 2140 3930 à
2155 3901 2196 3929 26

1296 3939 1368 3967 ans,
1386 3940 1446 3971 pas
1464 3934 1604 3964 sérieux
1621 3937 1812 3967 s’abstenir.
1835 3954 1852 3959 -
1868 3938 1909 3968 N-
1931 3938 2021 3968 4961.

1332 4008 1499 4045 Adjudant
1510 4011 1611 4047 génie
1626 4011 1662 4040 31
1681 4019 1752 4046 ans,
1770 4013 1865 4044 solde
1879 4015 2069 4045 mensuelle
2081 4016 2139 4045 537
2150 4018 2189 4046 fr.

1295 4046 1406 4076 bonne
1423 4048 1616 4084 éducation,
1634 4053 1791 4082 médaille
1820 4054 1992 4089 militaire,
2023 4056 2120 4085 croix
2149 4057 2191 4086 de

1293 4093 1429 4123 guerre,
1447 4088 1467 4117 2
1480 4089 1677 4126 citations,4
1691 4092 1866 4123 médailles
1882 4093 2061 4126 deuxième
2074 4095 2188 4133 ordre,

1293 4126 1405 4156 désire
1421 4129 1572 4168 mariage
1595 4138 1636 4160 en
1650 4135 1799 4170 rapport.
1819 4149 1827 4154 -
1843 4135 1871 4163 N
1877 4142 1883 4147 -
1908 4135 1996 4164 4962.

1331 4193 1476 4225 Divorcé
1504 4196 1592 4226 suite
1620 4197 1660 4228 de
1677 4206 1813 4235 guerre,
1831 4201 1869 4229 39
1885 4208 1957 4235 ans,
1976 4201 2044 4229 fille
2063 4203 2099 4231 12
2112 4210 2185 4238 ans,

1291 4237 1392 4269 ayant
1417 4235 1481 4272 joli
1509 4237 1614 4271 avoir,
1645 4240 1716 4267 très
1752 4238 1956 4274 affectueux,
1991 4242 2190 4278 épouserait

1291 4272 1490 4304 demoiselle
1505 4283 1549 4306 ou
1564 4285 1672 4307 veuve
1688 4286 1732 4308 ou
1745 4279 1902 4310 divorcée
1912 4284 2012 4317 ayant
2027 4281 2187 4311 situation

1290 4320 1332 4342 en
1349 4319 1499 4352 rapport.
1516 4332 1535 4338 -
1544 4317 1584 4347 N"
1600 4317 1689 4347 4963.

1327 4382 1436 4410 Jeune
1454 4383 1612 4414 militaire
1629 4383 1752 4415 faisant
1765 4394 1824 4415 son
1849 4387 1982 4417 service
1999 4395 2040 4416 au
2057 4389 2185 4423 Maroc,

1288 4420 1326 4449 22
1341 4422 1512 4456 ans,belle
1529 4423 1699 4460 situation,
1719 4426 1774 4455 dot
1789 4426 1897 4456 20.000
1911 4424 1950 4456 fr.
1977 4427 2070 4456 avoir
2085 4430 2185 4466 après

1288 4465 1439 4497 parents,
1464 4465 1663 4501 épouserait
1679 4466 1877 4496 demoiselle
1893 4470 1995 4504 ayant
2024 4467 2184 4497 situation

1287 4507 1329 4529 en
1346 4507 1496 4539 rapport.
1512 4518 1530 4524 -
1547 4504 1574 4533 N
1581 4513 1586 4518 -
1598 4504 1685 4534 4964.

1325 4568 1491 4599 Brunette
1512 4570 1551 4599 22
1575 4579 1647 4606 ans,
1679 4573 1808 4606 artiste,
1836 4575 2001 4608 sérieuse,
2022 4573 2183 4604 situation

1288 4607 1377 4637 1.000
1392 4608 1432 4637 fr.
1452 4617 1512 4646 par
1529 4611 1625 4644 mois,
1643 4613 1838 4643 économies
1855 4614 1873 4642 4
1887 4614 1946 4644 000
1964 4613 2001 4643 fr.
2023 4616 2056 4644 et
2072 4614 2182 4643 mobi¬

1286 4647 1360 4680 lier,
1390 4651 1597 4687 espérances
1613 4653 1714 4689 après
1731 4655 1823 4690 père,
1856 4654 2053 4693 épouserait
2076 4657 2183 4691 jeune

1284 4686 1420 4718 homme
1436 4689 1532 4727 d’âge
1549 4694 1582 4720 et
1598 4691 1759 4722 situation
1776 4700 1816 4722 en
1831 4697 1981 4733 rapport.
1999 4710 2016 4715 -
2033 4695 2060 4724 N
2067 4704 2072 4708 -
2091 4693 2180 4723 4965.

1323 4755 1527 4785 Demoiselle
1555 4758 1594 4787 29
1618 4766 1691 4792 ans,
1722 4767 1800 4789 sans
1817 4768 2021 4794 commerce,
2039 4762 2182 4797 épouse¬

1284 4794 1349 4823 rait
1363 4802 1490 4832 garçon
1506 4796 1569 4834 âge
1584 4806 1627 4826 en
1644 4802 1794 4835 rapport,
1821 4801 1861 4830 de
1876 4800 1999 4830 beauté
2027 4800 2179 4838 exquise,

1283 4835 1378 4863 avoir
1395 4834 1452 4863 100
1466 4836 1525 4864 000
1542 4835 1579 4865 fr.
1596 4845 1638 4868 ou
1656 4838 1847 4869 s’abstenir.
1871 4856 1889 4862 -
1905 4841 1947 4869 N'
1970 4840 2049 4869 4966

1321 4901 1619 4933 Sous-lieutenant
1632 4905 1815 4935 infanterie
1831 4906 2010 4936 coloniale,
2028 4906 2177 4940 divorcé,

1279 4941 1319 4968 32
1334 4947 1407 4971 ans.
1433 4941 1531 4977 brun,
1563 4945 1758 4975 énouserait
1780 4946 1882 4981 jeune
1908 4945 1988 4979 fille,
2013 4953 2118 4976 veuve
2135 4954 2178 4976 ou

1280 4980 1453 5014 divorcée,
1469 4982 1509 5011 25
1524 4985 1540 5010 à
1563 4983 1603 5013 30
1618 4992 1690 5017 ans,
1708 4985 1862 5022 échange
1878 4986 2177 5022 renseignements

1280 5022 1313 5049 et
1330 5020 1432 5057 photo
1448 5026 1601 5060 premier
1616 5025 1782 5054 courrier.
1800 5041 1817 5046 -
1840 5026 1879 5054 N'
1899 5025 1987 5054 4967.

1319 5082 1432 5117 Mutilé
1449 5087 1490 5118 de
1505 5097 1632 5126 guerre
1647 5093 1685 5121 42
1701 5100 1773 5126 ans,
1791 5093 1930 5122 ouvrier
1946 5101 2077 5130 maçon,
2097 5102 2175 5124 sans

1278 5123 1425 5161 fortune,
1454 5127 1566 5158 désire
1597 5138 1705 5161 veuve
1727 5132 1766 5161 de
1793 5139 1919 5170 guerre
1939 5133 1980 5163 30
1994 5135 2013 5163 à
2042 5134 2079 5163 45
2102 5142 2174 5169 ans,

1279 5164 1389 5193 même
1403 5174 1485 5197 avec
1501 5169 1627 5199 enfant.
1652 5172 1709 5200 -N
1716 5181 1721 5186 -
1739 5172 1827 5201 4968.

2315 1417 2520 1449 Demoiselle
2547 1420 2586 1449 28
2602 1429 2674 1458 ans,
2707 1423 2821 1453 bonne
2837 1425 2975 1461 famille,
2993 1427 3071 1458 bien
3095 1437 3175 1460 sous

2275 1457 2352 1486 tous
2368 1462 2537 1496 rapports,
2569 1460 2626 1490 dot
2640 1465 2675 1492 et
2686 1463 2771 1500 jolie
2793 1464 2957 1496 situation
2981 1467 3022 1498 de
3038 1468 3176 1502 fortune

2276 1498 2377 1532 après
2393 1502 2544 1537 parents,
2555 1502 2752 1539 épouserait
2769 1505 2944 1536 monsieur
2958 1507 2997 1536 30
3012 1510 3031 1538 à
3045 1509 3084 1539 45
3100 1518 3173 1544 ans,

2275 1536 2424 1574 sérieux,
2454 1540 2544 1575 actif,
2567 1540 2749 1573 industriel
2779 1552 2824 1575 ou
2840 1553 3085 1585 commerçant.
3100 1564 3118 1573 -
3134 1551 3176 1581 N*

2275 1576 2363 1607 4970.

2314 1644 2473 1683 Employé
2483 1647 2524 1677 de
2536 1649 2684 1687 Banque,
2697 1651 2736 1680 28
2747 1659 2820 1686 ans,
2835 1651 2995 1684 situation
3007 1656 3169 1694 d’avenir,

2273 1683 2366 1714 6.000
2394 1684 2447 1721 fr.,
2478 1688 2587 1724 grand
2615 1697 2721 1725 cœur,
2740 1690 2946 1729 affectueux,
2971 1696 3170 1734 épouserait

2274 1724 2472 1756 demoiselle
2487 1727 2527 1756 20
2541 1729 2558 1756 à
2573 1729 2612 1758 25
2634 1737 2706 1765 ans,
2721 1731 2817 1767 jolie,
2842 1732 3046 1772 distinguée,
3069 1740 3172 1776 ayant

2273 1765 2367 1795 avoir
2383 1773 2426 1796 ou
2443 1773 2636 1798 commerce
2651 1771 2839 1808 papeterie.
2856 1789 2868 1794 -
2881 1774 2909 1803 N
2915 1783 2921 1789 -
2938 1775 3027 1806 4971.

2311 1832 2420 1862 Jeune
2435 1833 2570 1864 homme
2585 1835 2625 1865 30
2646 1844 2718 1872 ans,
2741 1839 2959 1874 cordonnier,
2983 1850 3061 1873 sans
3098 1843 3172 1875 for¬

2272 1874 2365 1906 tune,
2396 1872 2510 1904 désire
2531 1878 2683 1915 mariage
2714 1886 2797 1909 avec
2824 1881 2928 1916 jeune
2951 1881 3021 1913 fille
3035 1884 3075 1913 24
3098 1886 3117 1915 à
3132 1885 3173 1916 30

2273 1919 2346 1941 ans.
2363 1928 2374 1934 -
2389 1914 2429 1943 N-
2447 1914 2537 1944 4972.

2311 1978 2401 2008 Veuf
2416 1981 2456 2009 59
2471 1989 2542 2016 ans,
2560 1981 2657 2018 libre,
2676 1985 2771 2015 avoir
2786 1986 2826 2017 50
2840 1987 2899 2017 000
2912 1988 2966 2025 fr.,
2994 1989 3072 2020 bien
3090 1999 3171 2022 sous

2273 2020 2347 2048 loua
2364 2020 2412 2049 les
2430 2025 2599 2060 rapports,
2628 2026 2827 2062 épouserait
2854 2036 3028 2066 personne
3043 2031 3082 2061 35
3098 2032 3113 2062 â
3133 2032 3171 2062 48

2271 2065 2343 2093 ans,
2361 2059 2531 2096 instruite,
2556 2066 2656 2100 ayant
2678 2065 2842 2097 situation
2857 2075 2900 2098 ou
2917 2070 3013 2100 avoir
3028 2078 3070 2101 en
3088 2080 3170 2110 rap¬

2271 2102 2359 2136 port.
2377 2115 2395 2121 -
2411 2102 2451 2130 fl-
2470 2102 2558 2131 4973.

2310 2165 2514 2198 Lieutenant
2524 2169 2562 2198 38
2579 2179 2650 2205 ans,
2672 2172 2772 2209 brun,
2791 2175 2941 2210 sérieux,
2960 2177 3051 2213 actif,
3070 2185 3172 2217 pour¬

2269 2206 2336 2235 rait
2350 2208 2498 2244 prendre
2512 2217 2549 2238 sa
2564 2212 2707 2242 retraite
2722 2221 2811 2252 pour
2825 2223 2862 2244 se
2877 2215 2983 2246 livrer
3006 2226 3048 2247 au
3074 2225 3172 2250 com¬

2271 2253 2396 2281 merce,
2422 2249 2534 2279 désire
2549 2252 2653 2281 union
2671 2260 2753 2283 avec
2770 2255 2966 2287 demoiselle
2983 2264 3024 2288 ou
3047 2265 3167 2296 veuve,

2269 2285 2429 2318 situation
2442 2295 2485 2318 en
2499 2294 2652 2329 rapport.
2668 2308 2685 2314 -
2701 2294 2744 2323 N-
2759 2294 2850 2325 4974.

2308 2353 2423 2383 Suisse
2439 2355 2476 2384 45
2488 2364 2560 2390 ans,
2573 2358 2666 2387 avoir
2682 2360 2793 2390 12.000
2807 2361 2860 2397 fr.,
2875 2363 3049 2396 cuisinier,
3062 2366 3165 2404 épou¬

2268 2393 2374 2422 serait
2399 2395 2506 2432 jeune
2547 2395 2616 2427 fille
2658 2399 2827 2438 française
2854 2410 2898 2432 ou
2928 2403 2996 2434 fille
3026 2405 3164 2443 d’hôtel,

2267 2432 2391 2462 femme
2405 2434 2611 2474 d’intérieur,
2629 2438 2706 2469 bien
2719 2448 2798 2471 sous
2815 2445 2890 2473 tous
2900 2442 2949 2474 les
2965 2448 3134 2482 rapports.
3155 2462 3167 2470 -

2266 2473 2307 2501 N-
2323 2474 2412 2504 4975.

2305 2549 2508 2581 Demoiselle
2544 2553 2585 2583 36
2619 2562 2690 2588 ans,
2735 2557 2902 2591 sérieuse,
2940 2559 3164 2599 affectueuse,

2266 2588 2390 2619 femme
2407 2591 2616 2629 d’intérieur,
2634 2595 2838 2635 catholique,
2856 2599 3022 2637 physique
3038 2604 3165 2640 agréa¬

2264 2628 2331 2664 ble,
2349 2631 2417 2664 dot,
2447 2631 2560 2662 désire
2575 2634 2728 2673 mariage
2743 2645 2826 2668 avec
2841 2640 3020 2671 monsieur
3033 2642 3073 2671 38
3089 2644 3108 2672 à
3122 2644 3162 2673 45

2266 2677 2338 2705 ans,
2356 2674 2455 2707 ayant
2472 2674 2644 2704 situation.
2661 2691 2680 2697 -
2695 2676 2735 2705 N-
2752 2678 2841 2708 4976.

2302 2747 2412 2776 Jeune
2440 2748 2575 2779 homme
2604 2751 2643 2780 24
2666 2760 2738 2788 ans,
2771 2754 2921 2791 sérieux,
2947 2757 3104 2797 employé
3123 2758 3163 2789 de

2265 2785 2399 2815 chemin
2438 2788 2478 2817 de
2518 2788 2581 2826 fer,
2610 2794 2712 2827 ayant
2747 2794 2935 2832 propriété,
2964 2798 3164 2835 épouserait

2265 2826 2462 2856 demoiselle
2491 2836 2534 2858 ou
2550 2837 2658 2860 veuve
2674 2832 2712 2860 19
2728 2833 2745 2861 à
2761 2834 2797 2861 27
2823 2842 2894 2870 ans,
2923 2839 3024 2872 ayant
3053 2838 3162 2874 petite

2265 2864 2331 2894 dot.
2349 2881 2363 2886 -
2378 2866 2406 2896 N
2415 2875 2420 2880 -
2435 2867 2523 2896 4977.

2302 2941 2410 2970 Jeune
2419 2941 2488 2972 fille
2496 2944 2535 2972 29
2550 2951 2622 2979 ans,
2641 2947 2881 2983 représentant
2898 2949 2938 2980 de
2954 2958 3161 2989 commerce,

2263 2984 2366 3017 ayant
2379 2983 2566 3021 propriété,
2585 2985 2773 3017 cherchant
2783 2987 2954 3026 affection,
2965 2998 3001 3021 se
3018 2992 3162 3023 dévoue¬

2264 3021 2329 3050 rait
2358 3022 2376 3050 à
2398 3024 2503 3060 grand
2533 3023 2646 3055 blessé
2670 3027 2711 3055 de
2727 3035 2864 3065 guerre,
2891 3037 2934 3060 ou
2953 3033 2969 3060 à
2986 3033 3163 3063 monsieur

2263 3059 2433 3097 distingué
2462 3062 2609 3100 fortuné,
2641 3067 2869 3099 recherchant
2892 3071 2994 3108 appui
3010 3073 3129 3104 moral.
3148 3089 3161 3096 -

2262 3101 2302 3129 N-
2320 3101 2408 3132 4978.

2299 3177 2409 3209 Jeune
2426 3181 2662 3218 sous-officier,
2692 3183 2731 3212 26
2746 3192 2819 3220 ans,
2837 3186 3027 3218 secrétaire
3044 3188 3160 3219 d’élat-

2262 3219 2383 3255 major,
2413 3221 2609 3257 épouserait
2632 3224 2738 3259 jeune
2755 3224 2824 3255 fille
2839 3226 3011 3264 instruite,
3028 3228 3160 3260 intelli¬

2260 3260 2374 3295 gente,
2393 3258 2454 3297 âge
2471 3267 2512 3290 en
2529 3266 2680 3300 rapport.
2697 3280 2710 3285 -
2726 3265 2767 3294 N-
2784 3265 2873 3295 4980.

2298 3333 2471 3371 Capitaine
2486 3336 2609 3372 active,
2626 3338 2665 3367 34
2676 3347 2749 3375 ans,
2775 3348 2817 3371 au
2834 3343 2949 3373 Maroc
2965 3347 3158 3376 momenta¬

2259 3374 2410 3408 nément,
2422 3375 2533 3405 désire
2550 3380 2800 3417 correspondre
2809 3389 2897 3420 pour
2907 3383 3058 3422 mariage
3075 3393 3158 3417 avec

2253 3414 2361 3449 jeune
2378 3413 2445 3445 fille
2475 3417 2679 3454 catholique,
2709 3419 2821 3451 bonne
2837 3421 2975 3459 famille,
2994 3425 3156 3456 situation

2258 3460 2299 3482 en
2316 3458 2467 3493 rapport.
2485 3472 2503 3477 -
2519 3457 2547 3486 N
2553 3464 2558 3470 -
2577 3457 2666 3488 4981.

2295 3529 2404 3560 Jeune
2419 3531 2555 3561 homme
2570 3533 2608 3562 24
2640 3541 2711 3569 ans,
2739 3535 2922 3568 industriel
2954 3547 2996 3570 au
3027 3541 3155 3577 Maroc,

2256 3567 2419 3600 situation
2435 3571 2547 3601 16.000
2560 3572 2615 3607 fr.,
2646 3575 2845 3612 épouserait
2866 3577 3067 3610 demoiselle
3083 3581 3123 3612 16
3137 3583 3156 3612 à

2254 3609 2293 3638 20
2309 3616 2381 3645 ans,
2400 3610 2559 3642 situation
2577 3621 2617 3643 en
2642 3619 2792 3653 rapport.
2811 3632 2823 3638 -
2839 3618 2878 3646 fl-
2898 3619 2986 3649 4982.

2292 3690 2402 3721 Jeune
2430 3691 2565 3723 homme
2580 3695 2618 3723 23
2641 3701 2713 3729 ans,
2746 3695 2897 3730 sérieux,
2930 3700 3153 3737 agriculteur,

2253 3737 2332 3759 sans
2349 3730 2495 3766 fortune,
2514 3737 2723 3771 espérances
2746 3737 2849 3774 après
2865 3741 3018 3775 parents,
3049 3743 3153 3779 épou¬

2253 3771 2359 3800 serait
2387 3771 2584 3804 demoiselle
2612 3781 2656 3804 ou
2672 3783 2791 3809 veuve,
2811 3777 2848 3805 19
2865 3778 2883 3806 à
2899 3779 2936 3807 28
2954 3787 3025 3815 ans,
3050 3784 3153 3817 ayant

2251 3810 2358 3847 petite
2373 3811 2545 3842 situation.
2562 3830 2580 3836 -
2595 3815 2635 3844 N’
2653 3815 2742 3844 4983.

2291 3886 2493 3918 Célibataire
2508 3889 2546 3918 35
2564 3897 2636 3921 ans,
2666 3890 2916 3923 fonctionnaire
2945 3902 2988 3924 au
3017 3896 3145 3932 Maroc,

2249 3926 2410 3956 situation
2437 3927 2530 3958 9.000
2544 3928 2597 3963 fr.,
2615 3930 2728 3959 désire
2746 3932 2897 3970 mariage
2914 3941 2995 3963 avec
3014 3936 3145 3966 demoi¬

2249 3965 2334 3995 selle
2351 3975 2393 3997 ou
2409 3976 2516 3998 veuve
2532 3969 2570 3998 25
2586 3971 2603 3998 à
2619 3969 2658 3999 30
2674 3978 2745 4004 ans,
2764 3974 2865 4008 ayant
2881 3973 3042 4005 situation
3060 3983 3067 4011 ;
3083 3984 3146 4015 pas

2248 4006 2388 4036 sérieux
2403 4008 2592 4039 s’abstenir.
2609 4025 2627 4030 -
2643 4010 2671 4040 N
2676 4018 2682 4024 -
2701 4009 2789 4039 4984.

2286 4082 2489 4114 Demoiselle
2504 4084 2545 4113 35
2559 4093 2631 4120 ans,
2651 4085 2774 4115 femme
2791 4085 2834 4116 du
2855 4088 2989 4124 monde,
3007 4089 3143 4127 blonde,

2246 4121 2450 4159 distinguée,
2481 4123 2594 4154 désire
2622 4125 2727 4154 union
2745 4133 2827 4156 avec
2852 4129 3029 4159 monsieur
3043 4135 3145 4168 ayant

2244 4161 2333 4191 belle
2350 4162 2522 4193 situation.
2539 4179 2557 4184 -
2573 4165 2612 4193 N-
2631 4165 2720 4194 4985.

2283 4236 2486 4267 Demoiselle
2515 4239 2553 4267 48
2578 4247 2648 4276 ans,
2676 4247 2756 4269 sans
2782 4240 2982 4278 profession,
3018 4245 3143 4278 femme

2243 4275 2454 4310 d’intérieur,
2466 4278 2576 4307 bonne
2588 4279 2778 4315 éducation,
2787 4281 2954 4320 physique
2964 4287 3137 4323 agréable,

2242 4315 2382 4352 capable
2396 4316 2437 4346 de
2453 4317 2688 4353 dévouement,
2698 4321 2896 4358 épouserait
2907 4326 3085 4358 monsieur
3096 4335 3141 4358 ou

2242 4355 2383 4385 retraité
2399 4359 2499 4393 ayant
2514 4357 2625 4387 bonne
2643 4359 2814 4391 situation.
2838 4378 2855 4383 -
2871 4364 2911 4393 N-
2929 4364 3019 4396 4986.

2282 4431 2394 4460 Veuve
2408 4431 2446 4460 35
2462 4439 2534 4464 ans,
2552 4440 2630 4462 sans
2653 4434 2780 4469 enfant,
2797 4438 2959 4470 situation
2975 4441 3070 4473 7.000
3086 4444 3137 4478 fr.,

2242 4470 2437 4500 économies
2454 4471 2563 4502 10.000
2580 4473 2633 4509 fr.,
2650 4474 2819 4506 intérieur
2834 4480 3004 4515 agréable,
3034 4487 3140 4515 énou¬

2241 4509 2347 4540 serait
2363 4511 2538 4541 monsieur
2553 4517 2653 4550 ayant
2668 4514 2830 4547 situation
2846 4518 2937 4550 sûre.
2955 4537 2973 4542 -
2988 4523 3028 4552 N-
3046 4523 3136 4555 4987.

2280 4586 2387 4614 Jeune
2403 4586 2539 4617 homme
2550 4589 2670 4624 36ans,
2682 4592 2909 4629 propriétaire
2926 4597 3138 4634 agriculteur

2239 4625 2400 4655 situation
2416 4630 2568 4662 assurée,
2588 4629 2699 4659 désire
2720 4630 2804 4661 faire
2830 4638 3076 4669 connaissance
3094 4639 3134 4669 de

2239 4664 2438 4695 demoiselle
2466 4674 2510 4696 ou
2532 4676 2639 4699 veuve
2662 4671 2702 4700 25
2717 4674 2734 4702 à
2749 4673 2789 4702 30
2813 4682 2885 4709 ans,
2905 4677 2961 4714 qui
2976 4679 3136 4709 voudrait

2238 4705 2324 4734 aller
2347 4714 2388 4735 au
2417 4708 2560 4743 Canada,
2579 4710 2714 4741 forlune
2730 4720 2788 4743 nas
2805 4715 2926 4753 exigée
2950 4718 3032 4747 mais
3050 4726 3137 4749 con¬

2238 4744 2329 4774 duite
2351 4745 2608 4785 irréprochable
2622 4766 2635 4771 -
2655 4752 2696 4781 N-
2720 4752 2808 4783 4988.

2275 4821 2385 4850 Jeune
2400 4822 2536 4854 homme
2550 4824 2721 4864 indigène,
2745 4830 2784 4859 23
2799 4838 2872 4865 ans,
2890 4833 3133 4869 propriétaire-

2236 4861 2451 4895 cultivateur,
2480 4864 2592 4894 bonne
2620 4866 2759 4904 famille,
2797 4869 2962 4901 demande
2980 4873 3132 4910 mariage

2235 4901 2339 4936 jeune
2353 4901 2422 4932 fille
2439 4904 2476 4932 18
2496 4905 2514 4934 à
2530 4905 2569 4935 25
2585 4914 2656 4942 ans,
2686 4912 2789 4946 ayant
2814 4910 2962 4946 fortune,
2979 4920 3133 4950 envoyer

2235 4939 2350 4978 photo.
2368 4957 2384 4963 -
2401 4943 2440 4980 N;
2459 4943 2546 4974 4920.

2272 5017 2386 5047 Veuve
2412 5019 2584 5057 d’officier,
2602 5031 2679 5053 sans
2703 5025 2832 5061 enfant,
2849 5026 2888 5054 35
2904 5034 2974 5058 ans,
2993 5026 3128 5061 blonde,

2234 5055 2436 5096 distinguée,
2454 5059 2532 5091 bien
2546 5063 2819 5101 physiquement,
2841 5066 2965 5094 femme
2981 5065 3125 5099 d’ordre,

2231 5096 2324 5127 2.400
2340 5100 2380 5127 de
2395 5103 2519 5136 rentes,
2533 5103 2596 5141 joli
2619 5103 2798 5134 intérieur,
2817 5105 3012 5142 épouserait
3027 5113 3129 5134 mon¬

2232 5136 2326 5167 sieur
2342 5137 2546 5176 affectueux,
2563 5143 2691 5174 officier
2718 5151 2761 5173 ou
2778 5143 2937 5174 situation
2955 5152 3129 5176 convena¬

2231 5176 2295 5206 ble.
2313 5179 2353 5207 N-
2370 5180 2457 5208 4989.
