3536 5552
3330 276 3339 300 (

465 446 573 474 Jeune
602 443 782 473 industriel
809 443 848 472 24
877 451 950 478 ans,
982 440 1095 471 désire
1134 443 1252 470 entrer
1281 446 1323 467 en

427 484 591 514 relations
607 492 688 514 avec
701 486 807 522 jeune
823 482 892 512 fille
909 484 949 512 de
963 482 1003 511 20
1019 484 1036 511 à
1052 482 1091 511 25
1108 489 1179 509 ans.
1198 479 1324 510 N'6069

469 533 673 564 Demoiselle
687 534 727 562 36
742 541 815 564 ans,
831 532 907 561 bien
929 531 1203 570 physiquement,
1235 528 1328 558 fonc¬

431 574 602 604 tionnaire
618 574 734 604 d’Etat,
751 574 770 602 6
784 572 843 602 000
867 572 922 607 fr.,
954 573 1072 606 douce,
1104 570 1327 602 affectueuse,

431 614 604 649 instruite,
619 613 842 647 musicienne,
856 610 969 642 désire
979 614 1230 643 correspondre
1244 616 1331 647 pour

433 655 586 692 mariage
602 663 683 684 avec
699 653 874 683 monsieur
899 654 938 681 de
967 652 1005 680 35
1034 653 1051 681 à
1081 651 1120 680 45
1149 659 1221 685 ans,
1253 649 1271 677 b
1288 657 1330 678 eu

435 696 544 729 élevé,
561 694 710 728 instruit,
727 693 863 728 cultive,
881 694 1042 722 situation
1066 693 1172 724 aisée,
1197 689 1332 727 profes¬

437 743 529 770 seur,
547 736 677 767 artiste,
695 733 876 763 industriel
893 741 936 762 ou
953 734 1196 767 commerçant,
1211 730 1333 759 céliba¬

437 777 535 810 taire,
560 777 636 805 veut
652 782 695 804 ou
726 773 861 804 divorcé
893 780 975 802 avec
1005 778 1132 806 entant,
1158 771 1237 800 irait
1268 777 1335 798 aux

438 815 601 845 colonies.
618 831 630 836 -
647 816 684 844 N'
703 814 791 843 6070.

480 863 683 894 Demoiselle
698 864 737 892 42
753 871 824 897 ans,
842 862 926 900 petit
942 862 1047 894 avoir,
1065 859 1275 893 couturière,
1300 866 1337 887 se

440 904 642 935 dévouerait
671 906 687 933 à
717 904 829 933 blessé
859 903 900 932 de
933 906 1059 940 guerre
1075 909 1118 931 ou
1147 900 1229 930 veuf
1256 906 1339 927 avec

440 945 568 975 enfant.
586 962 597 966 -
613 946 652 974 N-
669 944 759 973 6072.

480 997 584 1024 Dama
612 994 772 1023 divorcée
801 1000 844 1023 en
872 1001 911 1022 sa
940 991 1068 1023 faveur,
1100 998 1180 1019 sans
1209 989 1338 1024 enfant,

441 1036 479 1064 37
489 1042 561 1068 ans,
573 1034 650 1063 bien
661 1041 741 1063 sous
751 1036 827 1063 tous
840 1035 1007 1071 rapports,
1023 1032 1135 1060 bonne
1145 1029 1338 1063 éducation,

442 1077 499 1104 dot
515 1074 625 1103 12.000
645 1074 699 1108 fr.,
730 1073 843 1103 désire
872 1072 1023 1109 mariage
1052 1078 1134 1100 avec
1164 1070 1341 1099 monsieur

442 1116 593 1150 sérieux,
611 1116 711 1152 ayant
726 1113 837 1143 bonne
854 1112 1027 1142 situation.
1044 1127 1056 1133 -
1072 1111 1111 1141 N"
1129 1110 1218 1140 6073.

485 1168 660 1198 Monsieur
674 1168 713 1196 45
732 1176 805 1200 ans,
833 1166 998 1205 physique
1028 1164 1200 1203 agréable,
1230 1164 1342 1192 bonne

443 1208 583 1243 famille,
626 1208 776 1241 sérieux,
814 1206 1062 1245 sympathique,
1096 1206 1341 1239 commerçant,

444 1249 641 1287 épouserait
657 1246 855 1278 demoiselle
872 1247 1047 1277 ordonnée
1065 1246 1106 1276 de
1121 1245 1159 1273 28
1175 1248 1193 1273 à
1207 1245 1247 1273 36
1269 1251 1341 1272 ans.

444 1306 463 1311 -
477 1290 518 1318 N-
534 1289 624 1318 6074.

485 1338 689 1369 Demoiselle
731 1337 864 1372 blonde,
895 1337 931 1366 19
969 1344 1041 1369 ans,
1082 1337 1184 1371 ayant
1212 1334 1342 1367 brevet,

445 1379 643 1418 épouserait
652 1378 829 1408 monsieur
838 1376 1042 1413 catholique,
1056 1380 1157 1412 ayant
1169 1374 1343 1408 situation,

445 1429 505 1458 pas
522 1419 661 1448 sérieux
676 1417 867 1448 s’abstenir.
885 1433 902 1438 -
916 1418 955 1446 N-
973 1415 1062 1445 6076.

485 1470 595 1498 Jeune
610 1468 746 1498 homme
762 1468 796 1496 21
815 1474 888 1502 ans,
918 1466 995 1495 bien
1026 1466 1066 1494 rie
1096 1472 1132 1493 sa
1159 1469 1344 1501 personne,

446 1506 904 1548 propiiétaire-viticulteur,
932 1505 992 1536 500
1006 1505 1065 1535 000
1094 1503 1135 1533 fr.
1165 1505 1205 1533 de
1234 1502 1344 1537 biens,

447 1557 585 1586 grosses
602 1550 820 1587 espérances,
837 1547 1003 1576 demande
1015 1547 1121 1582 jeune
1136 1543 1203 1574 fille
1219 1544 1261 1573 de
1279 1543 1315 1571 18
1328 1544 1346 1572 à

446 1589 486 1619 20
500 1596 572 1626 ans,
587 1588 683 1619 avoir
698 1596 742 1618 en
757 1590 911 1627 rapport.
928 1603 941 1608 -
956 1587 995 1615 N-
1013 1585 1104 1615 6077.

488 1639 583 1668 Deux
599 1637 829 1670 demoiselles,
845 1636 884 1665 20
900 1639 933 1665 et
947 1635 982 1665 21
1002 1643 1074 1669 ans,
1093 1633 1289 1672 employées
1306 1632 1348 1661 de

448 1679 595 1714 banque,
625 1677 738 1708 bonne
767 1676 958 1712 éducation,
975 1683 1053 1704 sans
1071 1673 1175 1707 avoir,
1194 1673 1348 1702 désirent

449 1718 602 1755 mariage
611 1726 693 1748 avec
702 1717 880 1747 monsieur
887 1716 976 1746 belle
985 1714 1160 1749 situation,
1174 1721 1217 1743 au
1231 1713 1348 1742 Maroc

449 1761 490 1788 de
506 1759 721 1797 préférence.
738 1774 757 1779 -
772 1759 800 1788 N
806 1765 811 1772 -
829 1757 918 1786 6075.

490 1807 605 1837 Mutilé
621 1808 661 1837 de
677 1815 816 1844 guerre,
832 1806 871 1835 35
896 1813 967 1839 ans,
998 1804 1142 1843 pension
1172 1802 1264 1832 1.440
1294 1801 1347 1836 fr.,

432 1848 436 1854 '
449 1848 646 1887 épouserait
662 1846 859 1877 demoiselle
873 1854 917 1876 ou
932 1853 1039 1875 veuve
1051 1846 1152 1882 ayant
1160 1842 1347 1882 propriété.

449 1905 468 1911 -
482 1890 523 1918 N-
539 1888 626 1918 6078.

491 1937 609 1968 Mutilé
625 1938 666 1968 de
682 1943 819 1975 guerre,
835 1936 874 1965 30
890 1943 963 1969 ans,
990 1934 1086 1963 avoir
1113 1932 1224 1962 10.000
1243 1932 1283 1961 fr.
1317 1934 1351 1961 et

449 1978 624 2017 propriété
635 1980 735 2016 après
746 1980 894 2014 parents,
906 1974 1104 2014 épouserait
1112 1975 1218 2009 jeune
1229 1971 1297 2002 fille
1310 1972 1350 2001 de

450 2019 490 2049 20
504 2019 523 2049 à
537 2018 578 2048 30
592 2027 664 2052 ans,
680 2019 752 2047 très
769 2016 934 2046 sérieuse.
951 2030 970 2037 -
985 2015 1025 2045 N’
1042 2014 1134 2043 6079.

491 2068 705 2101 Célibataire,
724 2066 876 2099 docteur,
895 2065 977 2094 dans
994 2064 1124 2101 grande
1138 2061 1230 2097 ville,
1241 2061 1280 2091 40
1290 2069 1351 2091 ans

450 2110 582 2147 passés,
600 2108 687 2137 belle
714 2105 887 2140 situation,
915 2104 1034 2142 grand,
1053 2103 1123 2133 très
1136 2102 1224 2138 bien,
1241 2102 1350 2131 allure

448 2152 565 2186 jeune,
586 2149 697 2177 désire
715 2148 866 2183 mariage
882 2153 964 2175 avec
980 2151 1153 2182 personne
1181 2143 1349 2177 sérieuse,

451 2189 552 2224 belle,
571 2189 670 2222 forte,
686 2187 796 2217 même
813 2194 891 2215 sans
907 2185 974 2215 dot.
991 2201 1010 2206 -
1024 2185 1053 2214 N
1059 2193 1065 2199 -
1082 2183 1172 2212 6080.

491 2238 605 2267 Veuve
619 2238 659 2266 35
674 2244 746 2269 ans,
763 2243 841 2264 sans
858 2234 986 2269 enfant,
1004 2232 1165 2263 situation
1188 2230 1281 2261 7.000
1297 2231 1351 2266 fr.,

453 2278 649 2308 économies
666 2276 703 2306 10
718 2276 777 2306 000
792 2275 846 2308 fr.,
861 2274 1031 2304 intérieur
1059 2272 1231 2310 agréable,
1249 2274 1353 2309 épou¬

453 2317 560 2348 serait
576 2317 752 2347 monsieur
768 2318 869 2354 ayant
884 2314 1058 2344 situation.
1075 2329 1094 2334 -
1109 2313 1139 2342 N
1144 2321 1150 2327 -
1167 2312 1257 2342 6081.

494 2366 670 2398 Monsieur
682 2367 722 2395 38
738 2374 809 2401 ans,
824 2372 865 2394 en
878 2364 1035 2393 instance
1045 2363 1085 2392 de
1097 2361 1244 2396 divorce,
1256 2360 1353 2397 brun,

454 2407 619 2446 physique
636 2407 806 2443 agréable,
825 2407 925 2441 ayant
942 2402 1098 2433 mobilier
1114 2404 1148 2431 et
1169 2401 1350 2435 intérieur,

453 2450 602 2486 gagnant
610 2446 702 2478 7.000
712 2446 751 2475 fr.
761 2453 822 2484 par
829 2453 882 2477 an,
897 2443 991 2474 avoir
1001 2442 1095 2472 6.000
1105 2442 1143 2472 fr,
1155 2441 1353 2480 épouserait

455 2488 663 2524 demoiselle,
677 2494 786 2516 veuve
802 2492 845 2515 ou
862 2485 1031 2518 divorcée,
1050 2484 1091 2512 de
1106 2482 1144 2511 25
1164 2483 1182 2511 à
1210 2482 1250 2511 30
1280 2489 1351 2515 ans,

454 2530 525 2558 très
542 2526 763 2561 affectueuse,
781 2525 1041 2563 physiquement
1056 2523 1146 2556 bien,
1171 2523 1212 2551 de
1240 2521 1353 2551 bonne

454 2571 570 2603 tenue,
614 2567 680 2598 soit
722 2565 865 2603 dactylo,
907 2563 1111 2602 comptable,
1142 2562 1352 2596 couturière,

454 2609 599 2646 lingère,
616 2606 728 2638 même
754 2613 834 2636 sans
863 2605 929 2640 dot,
956 2603 1127 2642 passerait
1154 2610 1215 2632 sur
1242 2601 1353 2636 tache,

455 2648 663 2685 accepterait
678 2646 782 2677 union
798 2645 885 2675 libre
901 2653 944 2675 en
959 2644 1135 2674 attendant
1156 2642 1319 2679 mariage.
1337 2657 1350 2663 -

454 2690 495 2718 N-
512 2688 602 2719 6082.

494 2736 580 2767 Veuf
595 2737 633 2766 45
649 2744 721 2771 ans,
739 2734 1003 2765 contre-maître
1019 2731 1169 2770 agricole
1191 2739 1232 2761 en
1248 2731 1355 2760 Tuni¬

456 2778 517 2813 sie,
532 2785 610 2806 sans
629 2775 756 2810 enfant,
773 2774 868 2805 avoir
885 2773 1059 2808 15.000fr.,
1072 2772 1187 2802 désire
1204 2771 1356 2808 mariage

455 2826 496 2847 en
513 2820 653 2855 rapport
669 2824 750 2845 avec
766 2822 875 2845 veuve
889 2815 927 2843 35
944 2817 960 2843 à
977 2813 1016 2841 40
1030 2820 1101 2842 ans.
1117 2828 1152 2832 —
1165 2812 1194 2840 N
1200 2820 1206 2825 -
1223 2810 1312 2839 6083.

496 2864 699 2896 Demoiselle
728 2865 766 2893 22
794 2871 866 2897 ans,
902 2860 1145 2900 sténographe,
1181 2859 1353 2889 instruite,

449 2907 548 2945 jolie,
584 2905 721 2936 blonde,
758 2905 926 2938 sérieuse,
964 2901 1188 2933 affectueuse,
1229 2899 1356 2929 femme

454 2946 634 2979 intérieur,
653 2945 764 2974 désire
781 2945 932 2980 mariage
949 2942 988 2971 de
1003 2942 1092 2970 suite
1104 2948 1186 2970 avec
1198 2940 1355 2977 employé

455 2995 498 3017 ou
516 2985 756 3018 sous-officier,
773 2985 812 3014 de
828 2984 866 3012 23
881 2985 900 3012 à
915 2982 954 3012 30
970 2990 1041 3011 ans.
1060 2998 1095 3002 —
1112 2980 1140 3009 N
1146 2989 1152 2995 -
1169 2980 1259 3009 6084.

494 3034 698 3065 Demoiselle
726 3032 907 3070 française,
925 3030 1032 3065 seule,
1051 3037 1130 3060 sans
1145 3028 1353 3067 profession,

456 3077 667 3112 algérienne,
685 3073 780 3103 avoir
796 3072 906 3103 10.000
921 3071 976 3107 fr.,
1002 3073 1104 3108 ayant
1126 3069 1233 3107 petite
1255 3067 1357 3097 infir¬

456 3117 536 3146 mité
552 3123 596 3144 ne
611 3114 838 3150 l’empêchant
868 3121 926 3149 pas
944 3111 984 3140 de
998 3117 1128 3148 vaquer
1144 3111 1161 3138 à
1178 3117 1232 3138 ses
1250 3116 1356 3138 occu¬

454 3156 600 3195 pations,
629 3155 668 3185 36
684 3162 756 3190 ans,
773 3154 970 3192 épouserait
999 3149 1174 3180 monsieur
1204 3149 1244 3176 rie
1273 3148 1312 3176 38
1338 3150 1355 3177 à

453 3198 493 3226 45
508 3204 578 3232 ans,
593 3196 697 3232 ayant
711 3193 885 3228 situation,
902 3191 1039 3229 emploi.
1055 3207 1095 3211 —
1109 3190 1149 3219 N-
1167 3189 1255 3219 6085.

495 3243 698 3275 Demoiselle
726 3243 766 3272 de
793 3241 920 3272 famille
936 3240 1134 3275 honorable,
1150 3238 1354 3275 distinguée,

455 3286 533 3315 bien
550 3292 630 3313 sous
647 3287 723 3314 tous
740 3286 910 3321 rapports,
937 3280 1023 3319 jolie
1046 3279 1209 3309 situation
1226 3278 1266 3308 de
1282 3277 1355 3307 for¬

454 3329 548 3356 tune.
565 3324 677 3354 60.000
693 3324 733 3352 fr.
752 3325 792 3352 de
808 3322 875 3354 dot,
894 3322 1093 3360 épouserait
1121 3319 1298 3348 monsieur
1314 3318 1355 3348 de

452 3367 493 3395 45
507 3367 526 3396 à
538 3365 578 3394 58
593 3373 664 3400 ans,
682 3371 725 3393 en
742 3365 892 3402 rapport.
909 3379 948 3382 —
961 3362 1002 3391 N‘
1018 3360 1110 3390 6086.

494 3413 723 3444 Sous-officier
739 3413 779 3442 de
795 3411 959 3444 carrière,
988 3411 1028 3439 32
1056 3417 1127 3445 ans,
1156 3407 1356 3438 retraitable

456 3455 539 3484 dans
555 3456 573 3484 3
589 3463 660 3487 ans,
679 3453 840 3483 situation
869 3451 962 3481 6.000
977 3449 1038 3482 fr.,
1067 3448 1162 3479 avoir
1182 3447 1275 3477 2.000
1299 3449 1354 3483 fr.,

456 3497 664 3534 espérances
679 3494 698 3522 8
713 3493 774 3522 000
786 3492 840 3528 fr.,
869 3490 1069 3530 épouserait
1095 3488 1296 3519 demoiselle
1311 3495 1356 3517 ou

454 3542 562 3566 veuve
599 3542 677 3563 sans
715 3534 842 3562 enfant,
872 3531 1059 3570 possédant
1086 3536 1280 3560 commerce
1312 3535 1355 3557 ou

455 3574 640 3614 propriété.
659 3590 693 3594 —
710 3575 749 3603 N’
767 3573 854 3602 6087.

494 3622 698 3654 Demoiselle
719 3623 758 3651 32
774 3629 845 3655 ans,
871 3621 950 3651 bien
974 3627 1053 3650 sous
1079 3621 1156 3649 tous
1181 3619 1353 3656 rapports,

454 3665 513 3694 500
528 3664 568 3693 fr.
587 3671 649 3701 par
664 3663 761 3696 mois,
793 3661 906 3691 10.000
933 3661 975 3690 fr.
1005 3658 1213 3694 économies,
1240 3657 1356 3687 désire

455 3704 606 3742 mariage
628 3710 711 3733 avec
740 3702 917 3732 monsieur
944 3701 984 3730 de
999 3700 1038 3728 35
1053 3701 1073 3729 à
1088 3698 1127 3728 40
1143 3706 1216 3733 ans,
1233 3697 1353 3736 grand,

455 3747 655 3782 présentant
669 3743 760 3777 bien,
778 3742 915 3772 voulant
932 3738 1181 3778 entreprendre
1199 3738 1242 3768 du
1259 3744 1356 3767 com¬

455 3792 572 3815 merce
602 3787 637 3814 et
666 3785 766 3812 avant
781 3782 865 3821 petit
880 3781 986 3811 avoir.
1002 3797 1039 3801 —
1055 3781 1083 3810 N
1090 3788 1095 3794 -
1111 3779 1199 3808 6088.

495 3831 699 3863 Demoiselle
714 3833 752 3861 29
768 3838 840 3865 ans,
871 3830 1038 3860 sérieuse,
1061 3829 1240 3858 caractère
1257 3826 1356 3863 doux,

458 3874 525 3904 fille
542 3874 583 3903 de
612 3871 875 3906 fonctionnaire,
907 3869 1117 3903 couturière,
1148 3867 1355 3904 catholique,

456 3913 568 3944 désire
591 3912 743 3948 mariage
769 3919 851 3942 avec
879 3909 1055 3941 monsieur
1070 3916 1171 3946 ayant
1193 3908 1355 3938 situation

457 3954 549 3984 sûre.
566 3971 604 3974 —
617 3954 647 3982 N
654 3962 659 3968 -
676 3953 767 3982 6089.

496 4002 697 4033 Parisienne
713 4002 755 4031 22
770 4008 842 4034 ans,
854 4000 1013 4030 divorcée
1026 4000 1042 4027 à
1056 4005 1118 4028 son
1131 3996 1242 4035 profit,
1254 3998 1357 4033 ayant

455 4051 501 4074 un
518 4043 634 4072 enfant
649 4042 667 4071 4
682 4049 755 4076 ans,
773 4040 885 4070 désire
902 4039 1053 4075 mariage
1080 4045 1162 4067 avec
1178 4038 1356 4066 monsieur

456 4086 557 4121 ayant
572 4082 746 4113 situation,
764 4081 827 4118 âge
837 4078 1045 4109 indifférent.
1063 4094 1101 4098 —
1116 4078 1146 4106 N
1148 4085 1155 4091 -
1169 4076 1259 4106 6090.

496 4132 610 4162 Veuve
620 4131 660 4160 34
675 4137 748 4163 ans,
765 4128 852 4159 4.000
868 4128 908 4157 fr.
927 4127 967 4157 de
983 4130 1094 4161 rente,
1115 4125 1204 4154 deux
1220 4124 1355 4154 enfants

456 4181 515 4210 pas
532 4172 551 4200 à
567 4179 603 4200 sa
619 4171 758 4208 charge,
776 4169 916 4207 grande,
934 4168 1104 4205 élégante,
1132 4163 1354 4198 affectueuse,

456 4212 569 4242 désire
600 4210 750 4248 mariage
767 4217 849 4239 avec
865 4208 1043 4238 monsieur
1072 4205 1219 4240 sôrieur,
1249 4202 1356 4234 affec¬

457 4256 572 4287 tueux,
589 4251 703 4281 bonne
732 4249 906 4285 situation,
937 4255 980 4279 en
1010 4248 1151 4286 rapport
1178 4245 1287 4284 d’âge.
1319 4261 1357 4266 —

455 4293 496 4322 N'
513 4292 603 4322 6091.

493 4353 603 4382 Jeune
619 4350 755 4380 homme
770 4348 809 4377 26
825 4354 897 4381 ans,
921 4346 1034 4376 blessé
1051 4345 1092 4375 de
1108 4351 1246 4381 guerre,
1263 4343 1356 4372 3.400

456 4392 496 4421 fr.
528 4391 570 4420 de
598 4389 742 4429 pension
769 4387 940 4420 annuelle,
971 4385 1123 4419 sérieux,
1151 4383 1254 4418 doux,
1288 4383 1356 4412 bon

457 4439 562 4465 cœur,
574 4431 640 4460 bon
653 4430 840 4460 caractère,
852 4425 1049 4465 épouserait
1060 4423 1261 4455 demoiselle
1274 4431 1356 4453 avec

457 4472 524 4508 dot,
543 4471 584 4501 de
597 4471 636 4500 22
651 4471 670 4500 à
684 4469 724 4498 30
739 4476 810 4498 ans.
829 4483 867 4487 —
881 4467 911 4495 N
916 4474 922 4480 -
940 4465 1029 4495 6092.

494 4524 594 4559 Veuf,
607 4525 691 4562 père
708 4523 749 4551 de
764 4523 783 4551 4
797 4519 944 4552 enfants,
961 4520 1061 4555 ayant
1076 4516 1173 4557 place
1190 4515 1298 4546 stab’e
1315 4516 1355 4546 de

456 4565 561 4603 garde
578 4565 618 4593 de
636 4562 800 4593 chantier,
829 4559 977 4589 secondé
1002 4566 1064 4596 par
1094 4565 1155 4587 son
1184 4556 1237 4586 fils
1266 4556 1355 4592 aîné,

457 4606 494 4635 15
509 4613 570 4635 ans
587 4602 756 4642 (apprenti
779 4601 996 4638 charpentier
1018 4599 1167 4635 gagnant
1181 4596 1221 4626 20
1236 4597 1277 4626 fr.
1294 4604 1358 4634 par

456 4644 549 4682 jour)
572 4646 607 4673 et
620 4651 683 4682 par
698 4650 733 4671 sa
750 4641 819 4671 fille
835 4640 920 4678 âgée
939 4640 977 4668 de
995 4639 1033 4667 13
1048 4645 1108 4666 ans
1125 4636 1181 4674 qui
1198 4635 1356 4674 s’occupe

457 4685 500 4715 du
512 4686 656 4720 ménage
672 4683 722 4712 les
737 4682 827 4712 deux
842 4678 998 4710 derniers
1014 4677 1149 4706 enfants
1163 4677 1183 4705 5
1199 4679 1232 4706 et
1245 4677 1266 4706 3
1281 4684 1355 4712 ans,

457 4725 568 4754 désire
599 4723 750 4760 mariage
779 4728 861 4751 avec
890 4720 987 4749 dame
1005 4718 1045 4747 de
1060 4718 1100 4746 40
1115 4724 1175 4744 ans
1199 4716 1354 4751 environ,

457 4772 535 4794 sans
565 4764 692 4797 enfant,
720 4761 775 4801 qui
790 4762 837 4791 lui
854 4758 998 4790 aiderait
1014 4759 1032 4787 à
1050 4759 1166 4787 élever
1181 4755 1231 4786 les
1250 4754 1354 4785 siens.

456 4822 493 4826 -
509 4805 549 4834 N-
567 4804 656 4833 6093.

496 4856 699 4888 Célibataire
725 4855 763 4884 40
783 4862 855 4889 ans,
881 4853 960 4883 bien
982 4850 1256 4890 physiquement,
1281 4856 1357 4886 pro¬

458 4895 859 4937 priétaire-agriculteur,
877 4896 960 4928 aisé,
977 4889 1262 4921 honorablement
1279 4896 1355 4917 con¬

457 4947 513 4974 nu,
545 4935 742 4975 épouserait
765 4933 974 4963 demoiselle,
997 4939 1105 4961 veuve
1126 4937 1169 4959 ou
1188 4929 1355 4964 divorcée,

456 4977 553 5008 seule
568 4985 612 5006 ou
627 4973 818 5012 orpheline.
834 4989 872 4994 —
887 4975 915 5003 N
921 4983 927 4988 -
944 4972 1034 5003 6095.

496 5024 700 5056 Demoiselle
728 5024 766 5052 37
795 5029 867 5056 ans,
898 5021 1022 5051 femme
1051 5019 1263 5050 d’intérieur,
1286 5018 1355 5047 très

456 5066 623 5100 sérieuse,
642 5063 755 5094 désire
778 5061 954 5092 connaître
976 5060 1135 5099 employé
1158 5057 1356 5088 d’adminis¬

455 5106 580 5137 tration
597 5112 640 5135 ou
656 5106 758 5140 ayant
774 5100 906 5136 métier,
925 5102 965 5130 de
986 5102 1026 5130 38
1045 5102 1063 5130 à
1085 5100 1123 5129 48
1145 5106 1219 5132 ans,
1241 5096 1355 5127 bonne

456 5148 564 5181 santé,
582 5143 784 5181 catholique.
798 5157 837 5163 —
852 5142 880 5170 N
887 5149 892 5156 -
910 5141 1001 5170 6096.

1421 437 1631 467 Cultivateur
1647 435 1797 470 sérieux,
1813 434 1974 468 honnête,
1992 433 2011 461 3
2026 432 2086 462 000
2101 433 2141 462 fr.
2160 434 2282 461 écono¬

1382 478 1479 512 mies,
1523 477 1720 514 épouserait
1760 474 1959 504 demoiselle
1992 481 2035 502 ou
2066 479 2173 502 veuve
2203 478 2281 501 sans

1383 517 1510 552 enfant,
1529 519 1569 546 de
1583 516 1787 555 préférence
1803 514 1958 544 habitant
1975 516 2004 542 la
2020 519 2220 551 campagne.

1426 567 1544 596 Mutilé
1580 566 1621 595 de
1656 572 1795 601 guerre,
1837 561 2101 596 fonctionnaire,
2137 562 2176 590 37
2213 568 2284 595 ans,

1385 607 1479 636 5.000
1507 606 1544 636 fr.
1574 606 1615 634 de
1645 608 1773 640 rentes,
1805 604 2003 642 épous-rait
2032 601 2212 640 orpheline
2241 607 2284 629 ou

1387 656 1494 676 veuve
1511 655 1589 676 sans
1606 646 1732 678 enfant,
1751 650 1790 673 de
1806 644 1845 673 25
1861 645 1879 673 à
1893 644 1932 672 35
1948 651 2020 673 ans,
2034 642 2286 674 sentimentale,

1388 691 1491 724 ayant
1533 690 1661 720 reut-s,
1707 684 1877 722 française
1918 692 1962 713 ou
2003 683 2202 720 étrangère,
2254 696 2288 701 —

1390 729 1414 758 N
1424 728 1429 756 •
1459 727 1537 756 6098
1542 749 1547 756 .

1432 777 1498 805 Fils
1528 775 1666 812 unique,
1698 773 1823 803 cultiva
1840 781 1913 808 eur,
1943 774 1977 802 31
1998 780 2070 805 ans,
2089 770 2233 809 pension
2251 770 2290 799 de

1392 817 1519 846 Guerre
1535 815 1627 845 2.400
1643 815 1697 850 fr,,
1715 819 1921 852 espérances
1952 811 2083 842 150.000
2098 812 2152 846 fr.,
2183 813 2292 849 épou¬

1394 856 1500 886 serait
1515 858 1713 885 demoiselle
1730 861 1773 884 ou
1790 861 1896 883 veuve
1923 853 1965 883 de
1983 853 2023 882 22
2037 854 2057 882 à
2071 852 2107 881 31
2126 859 2197 887 ans,
2211 852 2293 889 pré¬

1395 899 1531 926 sentant
1547 896 1638 930 bien,
1656 894 1797 925 voulant
1821 893 1955 923 habit«r
1977 892 2066 922 belle
2094 898 2292 928 campagne,

1395 945 1455 976 pas
1478 937 1618 966 sérieux
1640 935 1831 965 s’abstenir.
1848 934 1928 962 —N
1959 933 2048 963 6099.

1435 990 1688 1020 Céltba'aire32
1703 996 1776 1021 ans,
1789 988 1926 1017 fortune
1939 986 2048 1016 12.000
2063 986 2118 1021 fr.,
2133 984 2295 1014 situation

1397 1039 1438 1059 au
1458 1033 1583 1063 Maroc,
1606 1029 1726 1062 ferme,
1757 1027 1953 1066 épouserait
1981 1033 2154 1065 personne
2182 1024 2296 1053 d'inté¬

1397 1079 1503 1104 rieur,
1520 1069 1682 1102 honnête,
1701 1069 1800 1098 dotée
1817 1069 1845 1097 si
1874 1068 2024 1106 possible
2040 1074 2127 1104 pour
2142 1067 2239 1095 venir
2255 1071 2296 1094 en

1398 1113 1483 1140 aide.
1501 1126 1519 1132 -
1535 1110 1575 1139 N-
1592 1109 1682 1138 6100.

1437 1161 1547 1189 Jeune
1563 1158 1632 1188 fille
1647 1159 1685 1187 27
1702 1165 1774 1192 ans,
1787 1157 1884 1194 jolie,
1904 1157 2108 1193 distinguée,
2134 1154 2300 1184 fonction¬

1400 1208 1496 1229 naire
1524 1200 1640 1232 d'Etat,
1670 1200 1867 1227 traitement
1895 1196 1985 1226 6.000
2020 1195 2072 1227 fr.,
2103 1195 2299 1225 économies

1401 1240 1512 1269 10.000
1528 1242 1581 1274 fr.,
1613 1242 1811 1277 épouserait
1841 1244 2017 1266 monsieur
2043 1237 2083 1265 28
2111 1238 2130 1265 à
2157 1235 2197 1263 40
2226 1241 2299 1266 ans,

1400 1282 1561 1310 situation
1576 1288 1620 1308 en
1631 1281 1782 1315 rapport,
1792 1277 1873 1307 irait
1882 1285 1949 1306 aux
1959 1275 2193 1307 colonies.-N-
2209 1274 2299 1303 6101.

1440 1329 1642 1359 Célibataire
1658 1327 1697 1357 38
1719 1336 1791 1362 ans,
1823 1326 2034 1356 mécanicien
2065 1334 2106 1354 au
2136 1325 2300 1354 P.-L.-M.,

1400 1369 1494 1400 9.500
1508 1370 1563 1404 fr.,
1581 1377 1642 1406 par
1651 1376 1705 1403 an,
1718 1377 1724 1395 i
1735 1367 1868 1398 obuste,
1882 1365 2088 1399 affectueux,
2106 1362 2303 1402 épouserait

1402 1411 1600 1439 demoiselle
1630 1408 1771 1446 grande,
1802 1407 1901 1440 forte,
1932 1406 2098 1444 physique
2128 1405 2300 1441 agréable,

1402 1449 1552 1479 honnête
1568 1448 1696 1478 aimant
1711 1456 1770 1477 son
1795 1448 1975 1482 intérieur,
2007 1448 2109 1483 ayant
2138 1446 2244 1480 avoir,
2262 1444 2303 1472 de

1401 1491 1440 1519 27
1456 1494 1472 1519 â
1488 1491 1527 1519 32
1543 1497 1614 1519 ans.
1632 1505 1643 1510 -
1658 1490 1698 1518 N-
1715 1487 1805 1517 6103.

1442 1538 1527 1569 Veuf
1534 1539 1573 1568 53
1583 1546 1655 1571 ans,
1666 1539 1808 1566 retraité
1818 1535 1981 1570 finances,
1993 1535 2157 1567 colonies,
2167 1533 2247 1563 5210
2256 1532 2304 1568 fr.,

1402 1580 1478 1617 plus
1494 1578 1590 1610 avoir
1603 1577 1737 1608 300.000
1750 1577 1807 1612 fr.,
1818 1578 1837 1607 3
1847 1578 1983 1607 enfants
1996 1578 2016 1606 é
2031 1578 2111 1606 èves
2125 1575 2251 1612 lycées,
2263 1574 2304 1604 de

1403 1621 1453 1655 21,
1470 1620 1508 1649 19
1524 1622 1558 1650 et
1574 1619 1610 1647 13
1622 1626 1698 1652 ans,
1727 1618 1924 1656 épouserait
1941 1617 2049 1651 dame,
2081 1616 2144 1654 âge
2165 1623 2206 1644 en
2223 1622 2304 1653 rap¬

1403 1665 1491 1699 port,
1508 1660 1584 1689 bien
1609 1659 1739 1691 élevée,
1764 1660 1864 1695 ayant
1891 1657 2062 1687 intérieur
2084 1661 2117 1686 et
2140 1655 2303 1693 quelques

1405 1708 1563 1735 revenus,
1577 1700 1706 1729 aimant
1717 1698 1772 1728 vie
1782 1697 1993 1735 tranquille.-
2009 1697 2143 1726 N-6104.

1444 1751 1553 1779 Jeune
1570 1747 1638 1777 fille
1654 1747 1847 1777 excellente
1870 1746 2009 1780 famille,
2040 1754 2123 1776 avec
2139 1747 2256 1774 rentes
2273 1746 2306 1774 et

1405 1790 1513 1819 belles
1543 1792 1761 1826 espérancts,
1807 1788 1918 1817 bonne
1957 1787 2149 1820 éducation,
2181 1787 2305 1814 femme

1406 1830 1616 1863 d’intérieur,
1631 1829 1726 1866 jolie,
1758 1827 1979 1862 affectueuse,
2011 1827 2124 1856 désire
2154 1826 2306 1862 mariage

1406 1878 1489 1900 avec
1499 1871 1607 1908 jeune
1622 1869 1760 1898 homme
1776 1867 1864 1897 de30
1873 1872 1888 1896 a
1898 1868 1938 1896 35
1947 1874 2007 1897 ans
2026 1870 2127 1904 ayant
2144 1864 2306 1895 situation

1406 1910 1525 1940 élevée
1540 1910 1670 1939 France
1687 1916 1730 1938 ou
1748 1908 1910 1938 colonies.
1927 1924 1945 1929 -
1961 1908 2001 1938 N-
2018 1907 2108 1936 6105.

1448 1960 1576 1992 Mutilé,
1593 1958 1805 1992 célibataire,
1816 1957 2006 1987 recherche
2016 1956 2121 1985 union
2137 1963 2199 1993 par
2208 1953 2308 1984 affec¬

1406 2000 1477 2029 tion
1495 2000 1631 2029 sincère
1648 2001 1681 2028 et
1698 1998 1805 2027 solide
1829 2005 1915 2035 pour
1939 1996 2096 2026 bonheur
2125 1995 2305 2033 tranquile,

1407 2040 1558 2074 sérieux,
1577 2039 1678 2077 appui
1699 2040 1807 2068 moral
1826 2046 1833 2073 ;
1847 2039 1953 2074 jeune
1982 2036 2163 2066 écervelée
2192 2034 2308 2074 prière

1408 2080 1449 2110 de
1466 2079 1658 2109 s’abstenir.
1674 2095 1691 2100 -
1709 2079 1737 2107 N
1743 2087 1748 2092 -
1764 2077 1853 2108 6106.

1447 2131 1649 2162 Célibataire
1670 2130 1887 2165 cultivateur,
1903 2131 1939 2160 31
1958 2137 2031 2163 ans,
2049 2129 2154 2166 petite
2171 2127 2309 2166 propri-

1407 2175 1441 2203 té
1457 2177 1492 2203 et
1507 2172 1704 2203 économies
1729 2171 1920 2201 recherche
1947 2179 1987 2200 en
2004 2177 2070 2200 vue
2086 2170 2127 2199 de
2157 2169 2309 2206 mariage

1405 2215 1511 2251 jeune
1539 2212 1609 2242 fille
1632 2212 1672 2241 de
1701 2211 1740 2240 20
1756 2213 1772 2240 à
1788 2212 1828 2241 30
1856 2219 1928 2245 ans,
1959 2211 2111 2248 gentille,
2143 2208 2307 2243 honnête,

1408 2253 1613 2291 catholique.
1630 2268 1650 2274 -
1664 2254 1692 2282 N
1699 2260 1703 2265 É
1719 2251 1809 2281 6107.

1443 2302 1544 2329 Veuve
1560 2300 1752 2335 d’ingénieur,
1780 2309 1812 2335 50
1836 2309 1900 2333 ans,
1925 2309 1960 2326 ne
1984 2299 2151 2333 paraissant
2176 2307 2227 2331 pas
2254 2306 2307 2325 son

1409 2341 1471 2373 âge,
1499 2337 1675 2370 distinguée,
1715 2335 1898 2368 affectueuse,
1936 2334 2112 2368 catholique,
2150 2333 2309 2367 possédant

1413 2383 1510 2401 10.000
1526 2374 1561 2400 fr.
1579 2379 1606 2400 et
1621 2381 1715 2407 15.000
1730 2373 1766 2400 fr.
1784 2372 1871 2411 linge,
1888 2366 1982 2398 désire
1999 2371 2126 2404 mariage
2152 2379 2220 2396 avec
2242 2368 2314 2396 veuf

1408 2420 1445 2437 ou
1462 2409 1586 2443 divorcé,
1606 2414 1696 2443 ayant
1721 2418 1760 2435 un
1788 2409 1899 2440 enfant,
1929 2407 1962 2434 de
1990 2406 2152 2440 préférence
2184 2415 2222 2432 un
2252 2405 2308 2435 fils,

1409 2445 1519 2473 France
1534 2454 1570 2472 ou
1586 2444 1723 2472 colonies.
1740 2459 1754 2462 -
1769 2443 1806 2471 N’
1827 2443 1907 2471 6108.

1449 2492 1559 2520 Jeune
1574 2489 1711 2520 homme
1739 2489 1779 2518 32
1808 2496 1880 2521 ans,
1906 2487 1999 2517 6.000
2027 2487 2068 2516 fr.
2099 2486 2309 2521 économies,

1410 2532 1480 2560 très
1496 2529 1647 2565 sérieux,
1678 2531 1769 2559 doux
1798 2530 1910 2558 désire
1941 2526 2195 2568 correspondre
2223 2533 2312 2564 pour

1410 2571 1562 2609 mariage
1579 2578 1661 2600 avec
1677 2568 1876 2599 demoiselle
1893 2576 1936 2598 ou
1952 2575 2061 2598 veuve
2087 2571 2187 2605 ayant
2203 2568 2311 2596 situa¬

1409 2611 1481 2641 tion
1496 2619 1541 2640 ou
1557 2608 1766 2640 économies.
1782 2625 1801 2630 -
1817 2609 1856 2638 N-
1869 2608 1959 2638 6109.

1450 2660 1653 2690 Célibataire
1679 2659 1717 2688 23
1748 2666 1821 2694 ans,
1852 2658 2008 2695 employé
2037 2657 2168 2691 textile,
2200 2656 2313 2686 désire

1410 2700 1496 2730 faire
1512 2699 1760 2730 connaissance
1777 2698 1876 2728 d’une
1903 2701 2010 2734 jeune
2038 2696 2107 2727 fille
2136 2704 2180 2727 ou
2205 2698 2312 2734 jeune

1410 2748 1520 2771 veuve
1535 2747 1624 2778 pour
1639 2740 1802 2776 mariage.
1820 2754 1834 2760 -
1846 2738 1887 2767 N‘
1904 2738 1997 2767 6110.

1450 2790 1559 2819 Jeune
1576 2788 1712 2817 homme
1727 2787 1899 2824 indigène,
1914 2787 1952 2815 23
1968 2794 2041 2820 ans,
2072 2784 2314 2823 propriétaire-

1411 2829 1626 2863 cultivateur,
1644 2828 1756 2857 bonne
1773 2826 1911 2859 famide,
1930 2828 2095 2856 demande
2107 2832 2149 2854 en
2162 2824 2313 2862 mariage

1406 2870 1514 2906 jeune
1531 2867 1608 2902 fille,
1628 2869 1668 2896 de
1678 2868 1715 2896 18
1731 2868 1750 2896 à
1760 2867 1799 2896 25
1811 2874 1882 2900 ans,
1894 2869 1994 2903 ayant
2004 2865 2152 2900 fortune,
2164 2872 2313 2902 envoyer

1411 2909 1527 2945 photo.
1543 2924 1556 2930 -
1569 2908 1597 2937 N
1603 2917 1608 2922 -
1628 2908 1719 2937 6111.
1778 2931 1797 2940 ...
1813 2929 1828 2940 .

1452 2966 1549 2996 Caval
1566 2974 1605 2995 er
1634 2967 1692 2994 des
1722 2965 1887 2999 douanes,
1931 2962 2142 2998 célibataire,
2171 2963 2210 2991 28
2239 2969 2311 2996 ans,

1410 3008 1609 3036 traitement
1623 3005 1717 3035 7.000
1732 3004 1785 3037 fr.,
1800 3012 1843 3034 ne
1856 3005 1946 3033 fume
1963 3011 2033 3040 pas,
2046 3004 2198 3037 sérieux,
2209 3004 2313 3040 épou¬

1410 3047 1518 3076 serait
1529 3049 1636 3084 jeune
1651 3045 1723 3075 fille
1740 3046 1839 3082 jolie,
1866 3043 2029 3075 honnête,
2061 3044 2166 3078 aisée,
2185 3045 2225 3072 de
2242 3043 2279 3072 18
2294 3043 2314 3071 à

1410 3087 1449 3116 25
1463 3095 1534 3120 ans,
1553 3088 1715 3116 situation
1732 3093 1774 3114 en
1790 3091 1941 3123 rapport.
1959 3100 1978 3105 -
1994 3084 2021 3113 N
2027 3092 2033 3098 -
2051 3083 2142 3112 6112.

1453 3144 1540 3175 Veuf
1550 3144 1589 3173 63
1605 3152 1677 3180 ans,
1696 3142 1902 3177 affectueux,
1914 3142 2009 3172 idées
2026 3141 2151 3179 larges,
2167 3140 2310 3170 5.000fr.

1411 3185 1452 3215 de
1469 3188 1597 3219 rentes,
1629 3183 1820 3213 recherche
1849 3182 2000 3219 mariage
2029 3189 2112 3211 avec
2141 3188 2313 3218 personne

1411 3225 1567 3255 sérieuse
1583 3232 1665 3254 avec
1682 3222 1856 3256 situation,
1874 3223 1915 3252 de
1930 3222 1969 3251 45
1985 3224 2002 3252 à
2019 3221 2058 3251 60
2070 3230 2142 3251 ans.
2159 3237 2172 3242 -
2188 3222 2215 3251 N
2219 3229 2228 3236 -
2235 3220 2313 3250 6113

1446 3284 1535 3315 Jeune
1552 3282 1608 3309 fille
1624 3292 1657 3315 25
1675 3291 1739 3314 ans,
1757 3280 1929 3315 comptable,
1949 3283 2006 3307 très
2023 3280 2206 3312 afiectueuse,
2219 3279 2313 3306 bonne

1409 3319 1574 3351 éducation,
1590 3322 1771 3352 espérances,
1787 3316 1881 3344 désire
1903 3326 1975 3349 pour
2007 3316 2135 3350 mariage
2165 3315 2313 3342 monsieur

1409 3361 1499 3389 ayant
1514 3354 1657 3382 situation
1673 3356 1802 3386 assurée,
1815 3350 2039 3383 fonctionnaire,
2051 3347 2187 3378 aimerait
2202 3350 2314 3384 s’expa¬

1412 3391 1492 3417 trier.
1510 3406 1524 3410 -
1539 3390 1564 3418 N
1569 3397 1575 3403 -
1592 3392 1666 3424 6114.

1448 3444 1598 3476 Adjudant
1612 3444 1647 3470 de
1663 3442 1813 3475 cavalerie,
1832 3451 1863 3475 32
1879 3451 1943 3473 ans,
1955 3440 2061 3476 grand,
2074 3440 2140 3472 fort,
2151 3439 2312 3472 distingué,

1411 3480 1477 3507 bien
1493 3488 1562 3506 sous
1579 3485 1645 3506 tous
1663 3484 1809 3511 rapports,
1825 3477 1894 3512 gain
1922 3476 2051 3504 mensuel
2070 3485 2144 3503 1.000
2160 3474 2207 3508 fr.,
2231 3473 2313 3502 avoir

1412 3525 1517 3544 20.000
1533 3516 1579 3544 ir.,
1598 3514 1717 3541 retraité
1730 3513 1804 3540 dans
1834 3526 1850 3548 4
1864 3522 1928 3546 ans,
1960 3521 2042 3545 3.000
2071 3513 2119 3546 fr.,
2149 3510 2314 3545 épouserait

1411 3552 1495 3584 jeune
1511 3560 1610 3580 veuve,
1629 3550 1704 3583 jolie,
1722 3548 1906 3580 affectueuse,
1923 3554 2012 3583 ayant
2028 3547 2152 3581 qualités
2175 3547 2209 3573 de
2224 3554 2312 3577 coeur,

1411 3587 1551 3614 intérieur
1566 3592 1592 3612 et
1609 3584 1751 3612 situation
1761 3594 1794 3611 en
1812 3591 1942 3618 rapport,
1955 3583 2128 3616 accepterait
2141 3592 2179 3609 un
2191 3592 2227 3609 ou
2239 3582 2313 3609 deux

1410 3623 1537 3650 enfants.
1554 3636 1568 3640 -
1584 3621 1619 3648 N'
1637 3623 1716 3654 6115.

1449 3675 1610 3710 Orpheline
1626 3684 1658 3710 35
1675 3683 1739 3708 ans,
1758 3673 1947 3706 institutrice,
1964 3674 2056 3701 brune
2072 3672 2216 3706 agréable,
2242 3671 2315 3705 petit

1411 3713 1492 3739 avoir
1508 3722 1542 3739 en
1560 3712 1732 3745 propriétés,
1753 3710 1846 3737 bonne
1860 3713 1953 3741 santé,
1983 3709 2078 3736 désire
2106 3708 2314 3741 correspondre

1411 3759 1484 3782 pour
1497 3748 1625 3780 mariage
1642 3755 1709 3773 avec
1724 3745 1938 3773 fonctionnaire
1967 3744 2089 3772 colonial
2119 3753 2155 3771 ou
2185 3743 2313 3775 retraité,

1410 3785 1480 3811 irait
1492 3794 1547 3810 aux
1564 3782 1701 3809 colonies.
1719 3795 1732 3799 -
1749 3781 1786 3808 N"
1807 3782 1887 3808 6116.

1448 3838 1545 3865 Veuve
1561 3835 1698 3863 d'officier
1715 3844 1743 3869 31
1763 3844 1826 3869 ans,
1843 3844 1911 3862 sans
1929 3834 2038 3867 enfant,
2057 3833 2123 3861 bien
2147 3842 2214 3860 sous
2248 3838 2313 3859 tous

1413 3880 1559 3908 rapports,
1578 3881 1660 3906 2.400
1672 3872 1706 3898 fr.
1724 3870 1758 3897 de
1773 3878 1864 3903 rente,
1881 3879 1998 3904 grosses
2028 3873 2209 3903 espérances,
2223 3871 2312 3902 épou¬

1412 3909 1502 3937 serait
1519 3907 1668 3935 monsieur
1682 3912 1771 3941 ayant
1786 3906 1928 3934 situation
1945 3915 1981 3933 ou
2004 3904 2110 3932 officier
2141 3904 2249 3931 France
2276 3912 2311 3930 ou

1410 3945 1550 3972 colonies.
1566 3958 1580 3962 -
1594 3943 1630 3971 N"
1647 3945 1726 3975 6117.

1448 3998 1622 4025 Lieutenant
1630 4007 1662 4029 30
1672 4005 1735 4028 ans,
1745 3995 1856 4023 bientôt
1866 3995 2020 4029 capitaine,
2032 3994 2127 4029 légion
2138 3993 2312 4023 d’honneur,

1411 4044 1425 4067 7
1442 4033 1589 4061 citations,
1607 4032 1694 4064 doux,
1713 4031 1910 4062 sentimental,
1928 4031 2007 4057 taille
2024 4039 2175 4064 moyenne,
2196 4027 2311 4056 chatain

1410 4064 1501 4102 foncé,
1516 4077 1589 4108 yeux
1611 4068 1713 4099 bruns,
1730 4066 1812 4093 avoir
1825 4077 1922 4101 50,000
1938 4073 1985 4100 tr.,
1998 4065 2092 4092 désire
2103 4065 2230 4099 mariage
2246 4073 2313 4091 avec

1412 4105 1494 4137 jeune
1511 4104 1568 4130 fille
1583 4113 1619 4129 ou
1636 4103 1720 4136 jeune
1744 4112 1835 4130 veuve
1864 4102 1959 4129 bonne
1988 4101 2141 4129 éducation
2171 4107 2199 4127 et
2221 4101 2282 4127 dot.
2299 4114 2312 4118 -

1412 4140 1447 4167 N‘
1465 4142 1542 4175 6119.

1449 4192 1673 4221 Fonctionnaire
1689 4191 1797 4224 d’Etat,
1814 4192 1847 4227 4*4
1863 4200 1926 4223 ans,
1955 4199 2024 4219 sans
2053 4189 2163 4221 enfant,
2195 4188 2312 4215 retraité

1410 4231 1485 4258 dans
1501 4231 1575 4257 deux
1592 4238 1657 4261 ans,
1673 4227 1756 4255 avoir
1782 4237 1882 4255 20.000
1901 4226 1955 4253 fr..
1985 4223 2220 4258 correspondrait
2245 4231 2311 4250 avec

1412 4265 1579 4293 demoiselle
1594 4275 1629 4292 ou
1648 4273 1748 4295 veuve,
1778 4266 1837 4297 âgy
1858 4269 1887 4289 et
1915 4260 2058 4289 situation
2088 4269 2122 4287 en
2150 4265 2281 4293 rapport.
2298 4272 2312 4276 -

1411 4302 1447 4330 N‘
1464 4303 1543 4329 6120.

1450 4353 1624 4383 Demoiselle
1639 4363 1669 4386 27
1684 4361 1747 4385 ans,
1761 4352 1812 4379 dot
1824 4358 1850 4380 et
1871 4354 2052 4385 espérances,
2075 4349 2178 4376 femme
2207 4347 2310 4374 d’inté¬

1413 4391 1501 4426 rieur,
1519 4389 1716 4418 travailleuse,
1745 4387 1910 4421 épouserait
1937 4387 2021 4419 jeune
2049 4385 2167 4411 homme
2187 4383 2310 4416 sérieux,

1411 4427 1542 4461 employé
1555 4426 1588 4452 de
1605 4424 1777 4458 préférence,
1795 4422 1904 4451 France
1917 4431 1954 4449 ou
1965 4420 2102 4448 colonies.
2121 4419 2156 4447 N‘
2174 4420 2254 4446 6121.

1447 4480 1536 4513 Jeune
1552 4479 1678 4509 homme,
1697 4486 1729 4510 24
1745 4486 1809 4509 ans,
1825 4476 1955 4510 employé
1963 4475 1997 4501 de
2008 4482 2176 4505 commerce,
2190 4473 2312 4507 appoin¬

1411 4522 1536 4543 tements
1552 4516 1568 4542 6
1582 4524 1634 4541 000
1651 4515 1695 4543 (r.,
1714 4511 1795 4539 avoir
1814 4521 1911 4539 12.000
1928 4511 1974 4543 fr.,
1992 4509 2085 4537 désire
2102 4508 2229 4543 mariage
2246 4518 2311 4536 avec

1414 4551 1496 4584 jeune
1512 4550 1570 4578 fille
1589 4550 1619 4576 18
1634 4552 1649 4576 à
1679 4557 1711 4575 22
1738 4557 1801 4580 ans,
1832 4547 1905 4581 jolie,
1936 4545 2119 4578 affectueuse,
2150 4545 2312 4578 préférence

1413 4587 1526 4614 blonde.
1544 4600 1558 4606 -
1574 4585 1608 4612 N’
1626 4585 1699 4612 6118.

1448 4641 1537 4673 Jeune
1568 4639 1682 4666 homme
1711 4645 1743 4670 24
1772 4645 1836 4670 ans,
1862 4635 1928 4663 bien
1955 4634 2193 4669 physiquement,
2223 4639 2311 4669 ayant

1412 4686 1518 4710 agence
1533 4674 1648 4702 maison
1664 4672 1800 4705 Sénégal,
1817 4672 1980 4706 épouserait
1996 4671 2080 4703 jeune
2095 4669 2152 4697 fille
2173 4669 2310 4701 honnête,

1412 4712 1552 4744 fortunée,
1570 4718 1696 4744 envoyer
1712 4707 1811 4741 photo-
1828 4722 1841 4727 -
1856 4706 1893 4734 N'
1908 4708 1988 4734 6122.

1449 4762 1623 4793 Célibataire
1663 4771 1695 4795 35
1725 4770 1788 4792 ans,
1832 4760 1903 4792 seul,
1946 4759 2135 4794 agriculteur,
2177 4758 2312 4786 domaine

1411 4803 1511 4828 28.000
1519 4800 1564 4832 fr.,
1574 4798 1661 4832 petite
1671 4795 1759 4827 taille,
1769 4796 1936 4831 énergique,
1947 4798 2028 4823 santé
2036 4795 2071 4822 de
2082 4795 2131 4828 fer,
2142 4794 2309 4827 passionné,

1412 4835 1583 4864 travailleur
1598 4840 1626 4860 et
1640 4836 1783 4860 économe,
1801 4832 1857 4859 dur
1872 4826 2027 4865 d’oreilles,
2043 4830 2152 4858 service
2167 4836 2196 4857 et
2211 4829 2308 4856 muni-

1411 4872 1552 4899 tionniste
1568 4873 1582 4896 à
1599 4869 1624 4895 la
1640 4877 1754 4903 guerre,
1771 4867 1864 4894 désire
1882 4867 2009 4901 mariage
2029 4876 2095 4893 avec
2119 4869 2221 4893 femme
2243 4867 2310 4899 âgée

1410 4908 1445 4935 de
1463 4908 1527 4940 plus
1542 4905 1576 4932 de
1605 4913 1637 4930 22
1653 4912 1717 4934 ans,
1747 4905 1891 4935 économe,
1908 4902 2044 4934 sérieuse,
2060 4902 2137 4929 taille
2158 4909 2308 4935 moyenne,

1411 4942 1577 4976 catholique
1591 4945 1679 4970 ayant
1695 4938 1754 4969 dot,
1772 4945 1838 4971 apte
1853 4941 1867 4964 à
1879 4938 1968 4970 aider,
1986 4946 2048 4965 sera
2066 4940 2124 4965 très
2140 4935 2241 4969 aimée,
2260 4938 2309 4962 née

1410 4989 1446 5006 en
1463 4978 1531 5010 mai,
1549 4976 1620 5009 juin,
1640 4974 1804 5007 septembre
1819 4982 1854 5001 ou
1870 4974 1998 5005 octobre,
2012 4976 2154 5000 caractère
2167 4971 2310 4999 s’harmo¬

1412 5014 1553 5046 niseront,
1571 5011 1701 5038 divorcée
1717 5008 1881 5042 s’abstenir,
1899 5024 1912 5028 -
1928 5009 1962 5036 N'
1980 5009 2052 5041 6123.

2373 434 2459 467 Veuf,
2475 446 2508 470 47
2524 447 2586 468 ans,
2605 438 2750 474 physique
2777 438 2921 473 agréable,
2952 447 2966 464 2
2990 435 3116 465 fillettes,
3132 435 3148 460 6
3165 439 3192 460 et
3214 441 3240 459 »

2338 480 2399 502 ans,
2417 473 2589 505 économies,
2613 474 2769 502 immeuble
2797 476 2896 502 26.000
2924 473 2972 505 fr,,
3003 469 3195 506 propriétaire
3212 475 3240 495 et

2339 506 2495 539 industrie,
2518 510 2684 542 épouserait
2703 510 2879 543 demoiselle,
2909 518 2999 536 veuve
3029 516 3065 533 ou
3095 504 3241 535 divorcée,

2342 543 2511 569 honorable.
2527 559 2540 563 -
2557 544 2592 572 N'
2609 548 2683 581 6125.

2378 591 2554 620 Célibataire
2580 593 2623 622 fils
2646 597 2763 630 unique,
2786 597 2816 627 36
2831 604 2894 627 ans,
2914 592 3056 621 situation
3071 598 3183 617 100.000
3193 587 3244 619 fr.,

2344 636 2373 656 23
2390 637 2442 654 000
2459 629 2493 655 Ir.
2521 630 2695 659 association
2721 632 2795 659 dans
2820 630 2929 665 grande
2954 637 3036 656 usine
3064 625 3240 653 association

2345 670 2463 697 rapport
2481 673 2515 690 20
2530 674 2582 692 000
2599 665 2632 694 fr.
2646 668 2810 701 épouserait
2825 676 2928 693 lemme
2941 666 3042 696 brune,
3056 661 3197 689 situation
3211 670 3244 686 en

2346 706 2475 733 rapport.
2491 714 2504 718 -
2520 700 2557 728 N'
2573 704 2653 730 6126.

2383 747 2561 777 Célibataire
2590 760 2622 783 32
2649 763 2712 782 ans,
2738 752 2869 786 employé
2893 751 2928 777 de
2957 750 3076 779 bureau,
3105 744 3247 773 situation

2349 793 2435 818 5.400
2451 783 2545 812 francs
2558 796 2609 819 par
2621 797 2667 820 an,
2681 791 2738 816 très
2751 788 2874 821 sérieux,
2887 785 3057 814 affectueux,
3071 780 3246 814 catholique,

2347 821 2512 853 épouserait
2526 821 2693 850 demoiselle
2714 834 2750 852 ou
2771 834 2861 850 veuve
2877 821 3049 854 catholique,
3077 819 3111 844 de
3138 815 3247 844 famille

2349 856 2435 888 aisée,
2452 855 2564 884 aimant
2579 857 2605 884 la
2620 869 2789 895 campagne,
2807 859 2938 886 bonheur
2954 858 3064 884 assuré.
3084 869 3090 872 -
3116 853 3151 880 N‘
3168 853 3245 885 6127.

2388 905 2563 933 Célibataire
2588 916 2617 939 52
2642 918 2705 942 ans,
2729 909 2802 942 seul,
2830 906 2920 935 établi
2943 903 3125 935 cordonnier,
3156 899 3250 928 désire

2351 942 2478 975 mariage
2494 952 2561 969 avec
2576 943 2741 971 demoiselle
2757 954 2792 971 ou
2809 953 2899 971 veuve
2915 948 3004 977 ayant
3028 939 3129 966 métier
3149 946 3249 965 secon¬

2351 978 2442 1010 daire,
2465 977 2554 1010 petite
2574 978 2635 1010 dot,
2663 982 2715 1012 âge
2744 979 2921 1007 indifférent,
2952 987 2989 1004 ou
3016 985 3052 1003 en
3080 979 3209 1008 rapport.
3237 986 3249 992 -

2353 1013 2387 1040 N'
2405 1013 2482 1040 6128.

2389 1062 2600 1096 Ex-adjudant,
2625 1073 2652 1098 41
2677 1073 2739 1097 ans,
2769 1064 2900 1092 médaille
2931 1059 3078 1092 militaire,
3110 1057 3188 1086 croix
3219 1057 3252 1085 de

2353 1107 2467 1132 guerre,
2492 1099 2614 1132 pension
2641 1109 2722 1126 2.200
2750 1100 2797 1130 fr.,
2824 1099 2911 1127 établi
2943 1096 3096 1128 armurier,
3123 1100 3252 1128 gagnant

2353 1130 2437 1161 8.000
2452 1133 2486 1160 fr.
2509 1143 2561 1167 par
2579 1144 2626 1163 an,
2651 1135 2746 1162 désire
2773 1144 2934 1170 compagne
2956 1134 2991 1160 de
3021 1141 3052 1166 33
3078 1135 3092 1158 à
3125 1139 3160 1165 40
3189 1138 3253 1161 ans,

2355 1175 2443 1204 ayant
2459 1170 2550 1197 avoir.
2568 1184 2580 1189 -
2597 1170 2631 1198 N'
2648 1171 2722 1206 6129.

2392 1219 2490 1246 Veuve
2522 1229 2549 1253 51
2582 1228 2645 1252 ans,
2676 1220 2813 1252 honnête,
2841 1220 2945 1247 femme
2974 1216 3155 1247 d’intérieur,
3187 1223 3254 1241 sans

2356 1255 2465 1286 enfant,
2489 1254 2570 1282 avoir
2598 1264 2691 1288 15.000
2715 1254 2761 1287 fr.,
2786 1256 2850 1289 plus
2877 1253 3018 1284 mobilier,
3045 1252 3139 1279 désire
3164 1249 3256 1278 s’unir

2356 1301 2423 1318 avec
2451 1291 2583 1326 employé
2611 1293 2748 1325 honnête,
2778 1291 2902 1324 sérieux,
2930 1293 2983 1325 âge
3009 1298 3044 1317 en
3083 1292 3212 1321 rapport.
3244 1300 3257 1303 -

2357 1326 2392 1354 N'
2409 1328 2482 1360 6130.

2394 1375 2570 1403 Célibataire
2586 1376 2657 1404 seul.
2675 1385 2707 1411 45
2725 1384 2787 1409 ans,
2805 1375 2973 1410 paraissant
2997 1373 3062 1401 bien
3079 1372 3144 1406 plus
3162 1371 3254 1404 jeune,

2357 1411 2474 1439 châtain
2490 1411 2581 1446 foncé,
2598 1412 2679 1438 avoir
2707 1420 2804 1445 50.000
2820 1411 2868 1446 fr.,
2898 1408 3063 1444 épouserait
3090 1405 3256 1435 demoiselle

2357 1457 2449 1474 veuve
2462 1457 2498 1474 ou
2514 1447 2655 1480 divorcée,
2670 1447 2785 1474 fortune
2796 1448 2975 1479 réciproque,
2992 1446 3090 1473 lettres
3105 1443 3230 1476 signées.
3244 1456 3257 1460 -

2359 1483 2395 1510 N-
2411 1485 2490 1515 6131.

2502 1584 2650 1639 Avis
2692 1598 2808 1638 aux
2841 1582 3117 1638 Abonnés

2401 1712 2497 1739 Nous
2525 1710 2730 1738 conseillons
2756 1716 2831 1738 aux
2856 1713 3048 1744 personnes
3062 1704 3218 1740 pouvant
3233 1705 3261 1731 le

2360 1750 2463 1784 faire,
2492 1751 2531 1778 de
2558 1751 2733 1779 souscrire
2761 1751 2801 1778 de
2816 1749 3019 1783 préférence
3034 1753 3084 1775 un
3106 1746 3259 1774 abonne¬

2361 1791 2457 1819 ment
2472 1787 2512 1818 dê
2526 1792 2548 1819 6
2563 1790 2661 1817 mois.
2685 1791 2774 1818 Elles
2797 1792 2927 1818 auront
2950 1787 3149 1821 l'avantage
3164 1785 3203 1813 de
3219 1790 3262 1811 ne

2358 1837 2424 1864 pas
2437 1831 2565 1863 perdre
2579 1831 2620 1858 de
2633 1836 2699 1858 vue
2713 1836 2763 1858 un
2773 1831 2846 1859 seul
2861 1829 2998 1858 abonné
3012 1828 3044 1856 et
3060 1827 3099 1855 de
3113 1826 3262 1855 réaliser

2362 1877 2432 1899 une
2446 1870 2622 1899 économie
2637 1871 2677 1898 de
2692 1871 2738 1900 20
2752 1872 2801 1906 %•

2402 1968 2506 1997 AVIS.
2540 1984 2575 1988 —
2603 1968 2666 1996 Les
2697 1966 2853 1996 Abonnés
2879 1965 2920 1994 de
2949 1964 2981 1994 la
2998 1963 3136 1994 REVUE
3153 1960 3264 1991 MEN¬

2363 2008 2532 2042 SUELLE,
2558 2006 2709 2036 désirant
2739 2006 2896 2036 recevoir
2920 2005 2950 2033 la
2978 2015 2995 2032 «
3011 2005 3126 2034 Revue
3142 2013 3159 2029 »
3183 2008 3262 2029 sous

2365 2048 2572 2086 enveloppes
2602 2047 2749 2077 fermées
2779 2049 2857 2076 sont
2891 2045 2982 2081 priés
3010 2044 3202 2073 d’adresser
3233 2041 3261 2069 la

2365 2095 2494 2118 somme
2512 2088 2552 2117 de
2568 2087 2587 2117 2
2602 2087 2641 2116 fr.
2659 2095 2701 2116 en
2717 2087 2793 2125 plus
2810 2093 2897 2124 pour
2922 2085 2971 2114 les
3003 2084 3085 2113 frais
3116 2083 3156 2111 de
3184 2081 3264 2111 tim¬

2364 2128 2444 2158 bres
2461 2135 2467 2163 ;
2501 2127 2550 2157 les
2576 2127 2727 2157 abonnés
2756 2129 2833 2156 sont
2862 2125 3058 2162 également
3086 2124 3177 2161 priés
3224 2120 3264 2149 de

2364 2168 2510 2198 timbrer
2537 2171 2631 2198 leurs
2661 2168 2782 2197 lettres
2811 2168 2830 2196 à
2857 2166 2897 2196 25
2912 2168 3001 2195 cent,
3028 2171 3116 2202 pour
3131 2168 3264 2192 corres¬

2365 2208 2497 2247 pondre
2507 2211 2606 2237 entre
2622 2207 2785 2237 abonnés.

2404 2312 2530 2339 Jeunes
2549 2315 2633 2344 gens
2637 2309 2644 2343 ,
2663 2309 2791 2343 jeunes
2817 2308 2903 2342 filles
2929 2307 2963 2335 et
2991 2311 3076 2334 vous
3104 2306 3181 2333 tous
3208 2304 3267 2338 qui

2366 2351 2496 2380 désirez
2535 2355 2621 2378 vous
2657 2348 2806 2378 marier,
2846 2347 3038 2376 demandez
3076 2346 3105 2373 le
3134 2344 3268 2374 GUIDE

2366 2390 2591 2421 PRATIQUE
2626 2390 2689 2418 DU
2721 2388 2933 2418 BONHEUR
2967 2387 3030 2415 EN
3065 2377 3265 2415 MÉNAGE,

2366 2432 2555 2460 contenant
2570 2430 2627 2459 des
2641 2429 2785 2457 conseils
2799 2427 2866 2457 Irès
2882 2428 2981 2455 utiles
2991 2431 3083 2460 pour
3092 2427 3121 2453 le
3131 2424 3267 2453 maria¬

2364 2478 2418 2507 ge,
2435 2472 2464 2499 le
2478 2472 2616 2499 volume
2627 2476 2699 2503 par
2712 2469 2741 2497 J.
2762 2461 2993 2497 PÉLISSIER
3013 2465 3174 2500 pouvant
3194 2461 3268 2492 être

2367 2514 2402 2540 lu
2415 2516 2485 2546 par
2501 2511 2574 2539 tout
2589 2510 2619 2538 le
2632 2510 2766 2538 monde.

2407 2552 2576 2581 Adressez
2592 2550 2626 2578 la
2639 2555 2772 2578 somme
2786 2549 2825 2577 de
2835 2550 2856 2577 3
2867 2547 2915 2582 fr.
2934 2548 2979 2576 50
2994 2546 3016 2575 à
3030 2546 3064 2574 la
3080 2544 3269 2574 Directrice

2366 2593 2406 2620 de
2421 2593 2456 2620 la
2471 2591 2620 2620 REVUE
2635 2588 2915 2620 MENSUELLE,
2933 2588 2992 2622 qui
3012 2591 3097 2615 vous
3125 2583 3270 2614 l’adres¬

2366 2638 2448 2660 sera
2463 2632 2591 2665 franco
2606 2631 2646 2658 de
2656 2628 2749 2664 port.

2409 2731 2472 2759 Les
2500 2733 2678 2757 annonces
2705 2728 2793 2755 dans
2822 2726 2856 2753 la
2872 2725 2889 2753 «
2905 2725 3018 2753 Revue
3035 2728 3051 2750 »
3078 2723 3157 2751 sont
3189 2722 3229 2749 de
3248 2722 3269 2749 4

2369 2771 2481 2804 lignes
2496 2776 2544 2797 au
2558 2768 2758 2796 maximun.
2773 2766 2835 2794 Les
2839 2769 3032 2799 personnes
3046 2763 3106 2797 qui
3120 2762 3272 2790 désirent

2370 2810 2448 2837 leur
2473 2813 2634 2836 annonce
2655 2808 2734 2840 plus
2750 2806 2875 2840 longue
2888 2803 3052 2837 paieront
3066 2808 3116 2830 un
3131 2801 3272 2834 supplé¬

2368 2849 2464 2877 ment
2477 2849 2517 2876 de
2532 2849 2553 2876 3
2569 2846 2616 2881 fr.
2636 2847 2670 2874 la
2686 2847 2787 2880 ligne.

2411 2934 2459 2962 La
2475 2933 2491 2961 «
2503 2933 2618 2961 Revue
2634 2930 2818 2960 Mensuelle
2826 2939 2842 2954 »
2859 2929 2996 2962 accepte
3012 2927 3121 2956 toutes
3136 2931 3271 2954 annon¬

2369 2980 2422 3003 ces
2451 2973 2712 3001 commerciales
2739 2976 2784 2998 ou
2799 2970 2920 2998 autres
2924 2974 2930 3002 ,
2947 2968 3013 2997 soit
3023 2968 3140 2996 ventes
3145 2966 3150 3000 ,
3170 2965 3272 3000 fonds

2368 3015 2407 3042 de
2420 3018 2615 3042 commerce
2630 3018 2674 3039 ou
2689 3010 2870 3039 industrie.

2395 3126 2807 3186 ANNONCES
2864 3122 3243 3179 DIVERSES

2632 3251 2762 3281 maison
2784 3248 3002 3278 d'habitation
3033 3249 3050 3276 à
3079 3247 3110 3276 la
3140 3253 3272 3283 campa¬

2632 3300 2709 3329 gne,
2728 3290 2768 3320 de
2779 3291 2799 3319 6
2814 3291 2831 3319 à
2847 3290 2866 3318 8
2885 3289 2998 3326 pièces
3024 3287 3175 3323 garnies,
3203 3288 3272 3322 jar¬

2369 3335 2437 3370 din,
2453 3333 2611 3363 banlieue
2627 3332 2725 3361 d’une
2748 3331 2852 3366 petite
2874 3329 2966 3364 ville,
2978 3336 3059 3367 pays
3085 3329 3125 3357 de
3151 3326 3272 3356 chasse

2371 3379 2405 3405 et
2421 3376 2462 3404 de
2477 3374 2598 3413 pêche.
2617 3388 2635 3393 -
2650 3373 2679 3401 N
2685 3381 2690 3386 -
2710 3370 2758 3401 10.

2373 3432 2395 3485 A
2432 3430 2436 3468 l
2462 3430 2501 3468 DI
2516 3429 2587 3468 IFR
2635 3422 2875 3458 appartement
2909 3418 2927 3446 4
2958 3417 3075 3454 pièces
3119 3414 3270 3453 garnies.

2432 3450 2587 3489 LUUtn
2633 3461 2652 3489 2
2667 3459 2861 3492 chambres,
2879 3459 2963 3487 salle
2980 3462 2997 3486 â
3013 3464 3168 3493 manger,
3196 3455 3272 3483 cui¬

2369 3505 2457 3538 sine,
2474 3502 2652 3536 vestibule,
2662 3499 2907 3532 water-closet,
2920 3497 3056 3527 cabinet
3071 3498 3112 3525 de
3128 3494 3270 3525 toilette.

2370 3561 2386 3566 -
2404 3545 2444 3574 N-
2464 3544 2511 3572 11.

2675 3588 2804 3627 grande
2838 3587 3014 3626 propriété
3048 3586 3273 3623 comprenant

2676 3630 2826 3658 maisons
2841 3629 2881 3658 de
2892 3627 3014 3656 maître
3024 3629 3058 3656 et
3068 3626 3108 3655 de
3119 3624 3270 3654 fermier.

2371 3674 2451 3703 Prix
2467 3674 2486 3701 à
2503 3672 2668 3701 débattre.
2686 3686 2704 3691 -
2720 3669 2759 3698 N-
2779 3669 2827 3697 12.

2675 3718 2781 3757 petite
2811 3717 2920 3746 ferme
2951 3715 3177 3752 comprenant
3206 3715 3274 3742 ter¬

2676 3758 2768 3788 rains
2786 3762 2820 3787 et
2835 3758 2965 3786 maison
2994 3753 3213 3784 d’habitation
3232 3753 3273 3782 de

2663 3797 2776 3828 20.000
2790 3797 2830 3826 fr.
2849 3813 2868 3818 -
2882 3796 2924 3825 N-
2942 3796 2992 3825 13.

2678 3846 2809 3877 maison
2818 3844 3036 3875 d’habitation
3046 3844 3129 3873 dans
3136 3843 3272 3879 village,

2678 3895 2760 3917 avec
2775 3887 2794 3915 4
2808 3888 2826 3916 à
2841 3887 2859 3915 5
2876 3885 3034 3915 hectares
3051 3884 3092 3913 de
3109 3883 3269 3914 terrains.

2373 3264 2395 3316 A
2432 3260 2584 3317 LOUER

2374 3600 2395 3654 A
2437 3597 2629 3654 VENDRE

2373 3730 2396 3783 A
2437 3726 2630 3783 VENDRE

2369 3801 2522 3832 fermier.
2541 3799 2622 3831 Prix
2640 3808 2645 3828 :

2373 3859 2395 3913 A
2439 3855 2631 3912 VENDRE

2368 3932 2451 3961 Prix
2466 3933 2484 3959 à
2500 3930 2666 3959 débattre.
2683 3944 2701 3949 -
2716 3927 2757 3957 N-
2776 3927 2825 3956 14.

2372 3986 2566 4043 GRANDS
2596 3984 2703 4039 VINS
2738 3980 3001 4038 MOUSSEUX
3047 3979 3271 4015 mar<îue8

3046 4012 3272 4042 rivalisant

2369 4068 2452 4090 avec
2476 4059 2526 4089 les
2552 4060 2627 4097 plus
2656 4056 2781 4095 grands
2812 4056 3056 4093 champagnes.
3088 4054 3169 4082 Prix
3199 4053 3271 4081 très

2369 4102 2537 4130 modérés.
2556 4116 2574 4121 -
2588 4098 2630 4127 N'
2648 4098 2698 4127 15.

2674 4144 2823 4175 terrains
2844 4150 2932 4182 pour
2960 4143 2990 4172 la
3020 4140 3268 4172 construction.

2673 4183 2973 4221 Paris-Plage,site
2988 4183 3173 4212 ravissant.
3186 4180 3216 4210 N
3233 4180 3271 4208 16

2675 4232 2892 4263 lotissement
2907 4232 2949 4260 de
2964 4229 3113 4260 terrains
3135 4231 3155 4259 à
3170 4231 3271 4259 Arca-

2677 4273 2776 4303 chon.
2794 4288 2831 4293 —
2847 4271 3041 4302 S’adresser
3057 4272 3076 4300 à
3097 4272 3186 4300 Mme
3203 4269 3270 4298 Vve

2371 4158 2393 4211 A
2435 4153 2628 4210 VENDRE

2370 4244 2393 4299 A
2437 4240 2632 4298 VENDRE

2366 4316 2569 4347 CHABAUD.

2371 4374 2393 4427 A
2434 4370 2629 4428 VENDRE

2369 4448 2387 4476 à
2416 4445 2604 4476 Directrice

2367 4484 2529 4525 (Drôme).

2370 4539 2709 4599 VOULEZ-VOUS

2368 4616 2639 4645 Adressez-vous
2662 4612 2680 4640 à

2669 4361 2759 4391 belle
2789 4360 2943 4390 carrière
2979 4360 3019 4390 de
3055 4359 3189 4398 pierres
3229 4358 3269 4387 de

2670 4401 2763 4431 taille
2780 4401 2821 4430 de
2829 4400 2919 4430 belle
2929 4400 3065 4437 qualité.
3075 4399 3270 4428 S’adresser

2633 4445 2747 4473 Revue
2780 4442 2973 4476 Mensuelle,
3005 4442 3024 4470 à
3052 4438 3271 4469 Montélimar

2751 4532 2894 4559 trouver
2921 4537 2966 4558 un
2995 4529 3173 4566 logement
3197 4527 3217 4555 à
3239 4525 3271 4554 la

2753 4576 2941 4607 campagne
2983 4577 3026 4599 ou
3070 4576 3112 4597 en
3149 4566 3228 4596 ville
3251 4564 3272 4593 ?

2708 4609 2793 4639 Mme
2824 4611 2891 4639 Vve
2915 4609 3119 4643 CHABAUD,
3150 4605 3267 4635 Direc¬

2367 4655 2453 4685 trice
2482 4654 2522 4682 de
2551 4653 2580 4681 la
2611 4653 2628 4680 «
2651 4653 2766 4680 Revue
2779 4651 2964 4680 Mensuelle
2987 4659 3005 4676 »
3047 4648 3104 4686 qui
3142 4651 3270 4684 pourra

2368 4696 2546 4731 s’occuper
2564 4693 2768 4728 moyennant
2784 4688 3002 4724 rétribution,
3019 4688 3061 4717 de
3077 4695 3161 4716 vous
3170 4689 3270 4716 trou¬

2367 4744 2428 4765 ver
2443 4742 2488 4763 un
2505 4733 2689 4770 logement.

2367 4808 2454 4875 U
2491 4799 2895 4846 nïDGTTDïrU
2944 4799 2984 4827 de
3014 4798 3044 4826 la
3080 4798 3232 4826 "-K6E
3252 4792 3269 4804 "

2944 4840 3046 4874 ayant
3087 4836 3165 4865 loué
3202 4840 3270 4862 une

2367 4883 2446 4912 villa
2462 4882 2479 4910 à
2496 4881 2527 4910 la
2551 4887 2738 4917 campagne
2753 4887 2835 4909 avec
2851 4878 2960 4917 grand
2972 4876 3100 4915 jardin,
3118 4875 3182 4904 site
3199 4874 3269 4901 très

2366 4921 2540 4960 agréable,
2571 4927 2653 4958 pays
2685 4919 2725 4948 de
2753 4919 2875 4948 chasse
2901 4921 2935 4947 et
2964 4926 3005 4947 ne
3032 4916 3147 4950 pêche.
3164 4913 3270 4943 Sous-

2365 4961 2512 4992 louerait
2529 4962 2769 4998 appartement
2782 4958 2882 4996 garni
2899 4966 2907 4992 ;
2925 4954 3133 4987 détaillerait
3150 4954 3267 4990 pièces

1447 5066 1597 5095 Monsieur
1612 5062 1729 5096 officier,
1746 5062 1890 5090 chevalier
1905 5062 1939 5088 de
1956 5062 1980 5089 la
2011 5061 2106 5095 légion
2135 5060 2308 5091 d’honneur,

1409 5105 1445 5138 48
1456 5112 1519 5136 ans,
1531 5102 1624 5128 bonne
1635 5101 1726 5130 santé,
1739 5098 1833 5125 désire
1844 5096 1971 5131 mariage
1983 5106 2050 5124 avec
2061 5097 2154 5128 dame,
2168 5094 2309 5122 situation

1411 5149 1446 5166 en
1463 5141 1591 5172 rapport.
1603 5150 1617 5154 -
1632 5134 1667 5162 N'
1684 5135 1765 5168 6124.

2405 5060 2451 5088 La
2467 5055 2825 5086 Directrice-Gérante
2843 5064 2850 5085 :
2888 5055 3002 5084 Veuve
3026 5050 3228 5082 CHABAUD.

2565 5128 2637 5161 lmp.
2658 5126 2851 5158 BAFFERT,

3448 5372 3463 5401 J
