3592 5552
2134 213 2351 289 /$y^
2365 221 2436 308 \)

2227 347 2282 377 .y
2304 342 2388 379 sy

2215 378 2314 430 \n>

2682 445 2750 483 20
2780 446 2981 487 Octobre
3010 452 3132 490 1920

3102 506 3265 600 Jy-

663 837 823 893 Liste
862 837 1233 897 d’Annonces
1265 844 1744 904 Matrimoniales
1783 851 2135 919 paraissant
2179 852 2230 908 le
2269 854 2354 912 20
2395 856 2464 911 de
2503 857 2724 931 chaque
2769 865 2944 921 mois.

509 945 802 988 VAbonnement
838 955 889 989 est
927 951 970 991 de
1005 955 1180 992 TRENTE
1203 957 1382 994 FRANCS
1400 969 1501 1008 pour
1522 964 1658 1009 quatre
1683 961 1782 1000 mois
1802 966 1833 1000 et
1857 964 2105 1007 QUARANTE
2128 965 2308 1004 FRANCS
2322 979 2428 1018 pour
2447 969 2507 1008 six
2528 970 2622 1009 mois
2643 970 2819 1012 donnant
2839 975 2940 1015 droit
2960 977 2983 1015 à
3004 990 3077 1017 une

891 1033 1123 1084 inscription
1144 1036 1317 1087 gratuite
1336 1048 1406 1076 sur
1425 1050 1490 1077 ma
1514 1039 1611 1080 liste.
1641 1044 1698 1080 —
1720 1044 1782 1081 Les
1802 1053 1992 1082 annonces
2008 1049 2092 1083 sont
2112 1043 2155 1083 de
2189 1050 2329 1096 quatre
2354 1047 2471 1101 lignes
2490 1052 2722 1091 maximum.

523 1107 813 1141 Abonnements
829 1120 931 1149 pour
954 1113 1198 1152 l’Etranger:
1222 1116 1524 1152 TRENTE-CINQ
1542 1120 1675 1151 francs
1706 1130 1806 1159 pour
1827 1125 1968 1160 quatre
1991 1125 2090 1155 mois
2114 1127 2151 1155 et
2174 1126 2541 1163 QUARANTE-CINQ
2562 1132 2691 1164 francs
2715 1143 2815 1173 pour
2837 1138 2895 1168 six
2919 1141 3032 1171 mois.

746 1177 955 1220 Adresser
977 1181 1137 1222 Lettres
1158 1186 1198 1223 et
1219 1182 1414 1225 Mandats
1435 1187 1458 1225 à
1480 1186 1592 1227 Mme
1608 1199 1741 1228 veuve
1759 1188 2023 1241 CHABAUD,
2056 1191 2284 1233 Directrice
2306 1195 2356 1234 de
2378 1195 2416 1236 la
2439 1200 2488 1238 La
2508 1201 2627 1239 Revue
2648 1203 2846 1244 Mensuelle

1235 1251 1298 1301 18,
1323 1252 1412 1293 Rue
1433 1252 1505 1294 Ste
1524 1255 1662 1304 Croix,
1688 1255 2037 1298 MONTELIMAR
2067 1258 2254 1309 (Drôme)

1374 1388 1476 1419 Pour
1501 1391 1628 1421 toutes
1652 1391 1707 1422 les
1739 1400 1934 1424 annonces
1964 1394 2137 1433 ci-après
2160 1396 2234 1426 s’a¬

1332 1438 1491 1470 dresser
1531 1440 1553 1469 à
1595 1441 1633 1470 la
1668 1441 1879 1473 Directrice
1913 1444 1959 1474 de
1998 1445 2034 1475 la
2056 1456 2069 1472 «
2105 1445 2233 1475 Revue

1331 1489 1556 1520 Mensuelle.
1567 1499 1581 1519 »

1370 1549 1491 1578 Veuve
1509 1548 1548 1577 42
1565 1556 1641 1584 ans,
1657 1546 1798 1580 fortune
1825 1549 1956 1580 300.000
1973 1551 2035 1591 fr.,
2057 1552 2163 1582 12.000
2187 1552 2229 1583 fr.

1330 1596 1495 1627 revenus,
1525 1588 1626 1622 belle,
1647 1590 1827 1629 propriété
1847 1592 2011 1631 agricole,
2027 1593 2233 1631 épouserait

1329 1629 1513 1658 monsieur
1528 1630 1566 1660 40
1587 1631 1606 1659 à
1620 1629 1659 1658 60
1675 1640 1755 1671 ans,
1772 1635 1880 1670 ayant
1892 1632 1978 1672 jolie
1996 1633 2164 1664 situation
2185 1642 2230 1664 ou

1328 1667 1482 1699 fortune.
1498 1686 1536 1691 —
1550 1668 1593 1699 N”
1607 1671 1697 1702 2630.

1369 1725 1461 1758 Veuf
1473 1729 1511 1759 55
1529 1738 1604 1769 ans,
1623 1737 1708 1761 sans
1729 1729 1861 1766 enfant,
1881 1732 1969 1771 seul,
1989 1731 2142 1771 sérieux,
2166 1733 2227 1764 ha¬

1327 1767 1441 1798 bitant
1468 1769 1622 1809 Algérie,
1661 1769 1826 1811 employé
1856 1772 1990 1810 mairie,
2016 1777 2123 1812 ayant
2139 1774 2230 1805 inté¬

1326 1809 1430 1847 rieur,
1452 1810 1627 1844 mobilier,
1656 1810 1772 1842 désire
1793 1812 1901 1843 union
1930 1812 2138 1845 demoiselle
2154 1815 2191 1845 36
2209 1816 2227 1844 à

1326 1850 1364 1879 46
1382 1858 1445 1879 ans
1471 1854 1579 1890 ayant
1600 1851 1781 1882 situation.
1800 1870 1833 1874 —
1853 1853 1898 1884 N°
1912 1854 2002 1884 3599.

1358 1915 1456 1943 Jeune
1471 1917 1593 1946 homme
1608 1918 1641 1944 36
1668 1926 1734 1950 ans,
1753 1920 1821 1947 bien
1851 1921 2098 1955 physiquement,
2116 1922 2224 1957 blond,

1325 1952 1491 1986 distingué,
1507 1955 1670 1989 musicien,
1686 1955 1808 1983 100.000
1821 1955 1869 1991 fr.,
1883 1957 2048 1985 recherche
2060 1959 2225 1986 musicien¬

1324 1994 1361 2014 ne
1375 1987 1458 2021 jolie.
1480 1989 1506 2016 N
1514 1996 1519 2002 -
1539 1989 1608 2017 4534

1359 2042 1492 2070 Docteur
1502 2044 1670 2079 médecine,
1682 2045 1800 2074 famille
1809 2046 1987 2080 honorable,
1996 2046 2099 2075 désire
2110 2048 2223 2076 marier

1320 2078 1413 2112 jeune
1428 2079 1490 2106 fille
1513 2080 1546 2108 25
1572 2088 1638 2113 ans,
1655 2082 1798 2110 insiruite
1828 2084 2024 2116 musicienne,
2040 2084 2153 2111 femme
2180 2084 2221 2111 du

1324 2116 1443 2145 monde,
1469 2122 1540 2143 avec
1566 2117 1712 2151 médecin,
1730 2119 1890 2152 ingénieur
1917 2127 1955 2147 ou
1986 2119 2220 2153 fonctionnaire,

1323 2150 1356 2176 40
1369 2149 1422 2176 000
1440 2149 1476 2177 fr.
1494 2166 1525 2171 —
1541 2152 1580 2179 N-
1600 2153 1682 2181 4542.

1357 2202 1543 2232 Célibataire
1570 2204 1602 2232 34
1634 2213 1702 2238 ans,
1740 2207 1840 2234 bonne
1878 2208 2052 2240 éducation,
2085 2210 2220 2237 mécani¬

1321 2239 1560 2273 cien-ajusteur,
1589 2243 1674 2269 avoir
1707 2242 1740 2269 40
1753 2242 1806 2269 000
1834 2242 1883 2274 fr.,
1910 2245 2087 2279 épouserait
2102 2246 2219 2273 demoi¬

1321 2275 1395 2301 selle
1431 2278 1586 2309 agréable,
1624 2278 1731 2312 douce,
1762 2280 1814 2306 dot
1858 2279 1891 2307 30
1929 2281 1946 2308 â
1985 2280 2083 2308 40.000
2109 2281 2148 2309 fr.
2186 2295 2217 2302 —

1320 2311 1359 2337 N-
1384 2310 1454 2338 4548

1408 2365 1605 2398 Célibataire,
1623 2366 1655 2394 36
1672 2375 1737 2399 ans,
1754 2368 1803 2395 fils
1817 2370 1938 2403 unique,
1955 2371 2058 2402 blond,
2071 2372 2218 2400 situation

1319 2400 1419 2428 40.000
1433 2401 1488 2434 fr.,
1506 2404 1578 2435 plus
1602 2403 1700 2430 15.000
1712 2404 1760 2437 fr.,
1778 2406 1965 2433 association
1991 2407 2109 2440 grande
2131 2409 2219 2435 usine

1319 2437 1355 2463 de
1370 2439 1497 2471 rapport
1512 2438 1527 2464 8
1538 2438 1600 2465 .000
1614 2439 1664 2471 fr.,
1680 2441 1856 2473 épouserait
1872 2441 1984 2469 femme
2004 2444 2109 2476 brune,
2124 2444 2218 2471 situa¬

1318 2473 1381 2498 tion
1404 2480 1439 2499 en
1456 2476 1592 2508 rapport.
1611 2489 1644 2494 —
1663 2475 1702 2503 N'
1722 2475 1804 2504 4557.

1353 2527 1501 2554 Divorcée
1513 2528 1529 2554 à
1543 2535 1598 2555 son
1609 2529 1710 2562 profit,
1723 2529 1756 2556 42
1768 2537 1835 2563 ans,
1845 2531 1907 2558 fille
1918 2534 1947 2559 et
1958 2539 2040 2560 sœur
2050 2533 2089 2559 de
2099 2533 2217 2560 notaire

1318 2569 1447 2589 revenus
1466 2562 1546 2591 7.000
1559 2563 1607 2597 fr.,
1625 2565 1780 2598 intérieur,
1798 2567 1889 2601 linge,
1907 2568 2022 2603 bijoux,
2038 2570 2215 2602 épouserait

1316 2600 1471 2626 monsieur
1486 2601 1579 2633 ayant
1595 2601 1724 2634 qualités
1743 2601 1780 2629 de
1794 2608 1887 2630 cœur.
1905 2619 1937 2623 —
1953 2604 1993 2631 N'
2013 2603 2096 2631 4574.

1352 2653 1515 2686 Ingénieur
1533 2654 1566 2680 27
1583 2662 1649 2684 ans,
1670 2656 1805 2687 diplômé.
1825 2656 1916 2684 Ecole
1930 2659 2086 2685 nationale
2102 2659 2215 2693 d'agri¬

1315 2689 1433 2715 culture
1449 2690 1478 2715 et
1495 2690 1671 2725 industries,
1688 2692 1771 2718 croix
1797 2692 1836 2718 de
1859 2700 1978 2727 guerre,
2002 2695 2087 2721 avoir
2109 2695 2142 2722 45
2162 2695 2213 2722 000

1315 2724 1365 2756 fr.,
1395 2725 1570 2758 épouserait
1596 2727 1774 2754 demoiselle
1800 2728 1862 2756 fille
1890 2729 2079 2757 d’industriel
2108 2738 2146 2758 ou
2178 2731 2215 2758 de

1314 2761 1530 2793 commerçant.
1547 2776 1581 2780 —
1600 2761 1627 2789 N
1630 2769 1639 2776 -
1655 2761 1723 2790 4585

1349 2812 1446 2840 Jeune
1462 2813 1585 2841 homme
1597 2814 1630 2841 33
1647 2822 1714 2847 ans,
1728 2815 1844 2843 famille
1862 2817 2046 2851 catholique,
2073 2817 2213 2853 employé

1313 2848 1434 2875 chemin
1447 2849 1486 2875 de
1497 2848 1542 2875 fer
1552 2849 1592 2876 de
1603 2849 1695 2878 l’Etat
1703 2852 1835 2885 Algérie,
1847 2853 2024 2886 épouserait
2033 2854 2213 2882 demoiselle

1313 2884 1458 2915 sérieuse,
1474 2883 1508 2911 25
1523 2885 1541 2911 à
1566 2885 1600 2912 32
1629 2893 1695 2920 ans,
1720 2886 1838 2915 famille
1861 2889 2041 2917 honorable.
2065 2890 2139 2917 Très
2163 2891 2209 2918 sé¬

1314 2920 1409 2947 rieux.
1426 2935 1458 2940 —
1475 2919 1511 2947 N-
1530 2920 1598 2948 4595

1347 2978 1444 3005 Jeune
1474 2979 1628 3012 capitaine
1661 2982 1763 3008 armée
1792 2982 1898 3016 active,
1926 2981 2087 3010 Chevalier
2115 2986 2152 3011 de
2181 2985 2211 3012 la

1311 3013 1427 3047 Légion
1445 3014 1627 3048 d'honneur,
1644 3017 1811 3052 distingué,
1826 3020 1912 3046 avoir
1931 3018 2036 3047 30.000
2052 3020 2100 3052 fr.,
2119 3021 2210 3053 espé¬

1313 3056 1422 3076 rances
1433 3050 1465 3076 50
1479 3049 1531 3077 000
1543 3049 1580 3082 fr,
1594 3052 1769 3085 épouserait
1774 3054 1864 3089 jeune
1876 3055 1947 3087 fille,
1955 3055 2007 3082 dot
2018 3055 2050 3082 50
2062 3056 2078 3082 à
2091 3055 2210 3083 100.000

1312 3084 1350 3113 fr.
1369 3100 1402 3106 —
1416 3086 1453 3114 N'
1470 3085 1539 3113 4620

1346 3149 1532 3176 Demoiselle
1559 3149 1594 3178 28
1623 3158 1689 3184 ans,
1720 3153 1784 3179 très
1800 3153 1949 3187 sérieuse,
1965 3154 2065 3181 bonne
2082 3154 2208 3190 famille,

1314 3184 1414 3212 bonne
1429 3185 1602 3219 éducation,
1618 3189 1704 3215 avoir
1720 3195 1758 3222 ap
1778 3189 1810 3215 ès
1827 3192 1961 3222 parents,
1978 3190 2080 3217 désire
2096 3191 2207 3218 maria¬

1312 3227 1351 3253 ge
1370 3228 1443 3248 avec
1463 3227 1680 3255 commerçant,
1710 3223 1919 3253 sous-officier
1946 3227 1984 3253 de
2011 3227 2145 3254 carrière
2172 3234 2211 3254 ou

1313 3256 1576 3285 administration.
1597 3273 1629 3278 —
1650 3259 1685 3286 N-
1708 3259 1787 3287 4635.

2328 1397 2425 1425 Jeune
2464 1399 2586 1429 homme
2621 1401 2655 1430 30
2682 1411 2749 1437 ans,
2783 1406 2861 1435 belle
2889 1409 3048 1442 situation,
3077 1413 3190 1446 capital

2294 1432 2411 1461 100.000
2425 1434 2480 1469 fr.,
2494 1437 2596 1465 désire
2607 1440 2700 1466 union
2715 1448 2789 1469 avec
2801 1443 2989 1478 demoiselle,
3002 1448 3192 1476 musicienne

2293 1470 2329 1495 de
2343 1469 2529 1504 préférence,
2547 1476 2639 1508 ayant
2654 1476 2706 1503 dot
2721 1484 2757 1504 en
2774 1481 2953 1513 rapport.—
2974 1482 3009 1510 N-
3024 1482 3107 1514 4767.

2327 1518 2485 1548 Monsieur
2500 1521 2532 1548 43
2548 1529 2616 1556 ans,
2630 1525 2782 1560 physique
2798 1530 2952 1562 agréable,
2970 1531 3072 1559 bonne
3086 1533 3189 1560 famil¬

2291 1554 2328 1586 le,
2359 1561 2530 1584 commerce
2558 1560 2619 1586 très
2648 1562 2826 1594 important,
2861 1565 2962 1593 désire
2993 1569 3134 1602 mariage
3150 1577 3189 1598 au

2291 1591 2362 1619 plus
2387 1592 2431 1618 tôt
2455 1599 2534 1620 avec
2554 1595 2732 1625 demoiselle
2752 1599 2918 1633 ordonnée,
2930 1601 2964 1629 25
2980 1604 2996 1631 à
3013 1603 3045 1631 35
3060 1611 3131 1631 ans.
3156 1620 3190 1626 —

2290 1625 2325 1652 N-
2340 1625 2419 1654 4769.

2325 1675 2505 1705 Lieutenant,
2519 1680 2656 1708 aviateur
2667 1683 2812 1717 colonies,
2825 1684 2858 1712 26
2874 1693 2940 1720 ans,
2953 1688 3071 1715 aimant
3083 1692 3188 1724 sports

2289 1713 2319 1738 et
2333 1714 2408 1746 arts,
2427 1713 2532 1743 12.000
2547 1713 2583 1743 fr.
2606 1723 2661 1750 par
2677 1725 2727 1750 an,
2744 1722 2847 1748 avenir
2862 1724 2979 1756 assuré,
3006 1725 3106 1753 désire
3119 1734 3186 1754 cor¬

2289 1749 2457 1781 respondre
2482 1757 2554 1778 avec
2568 1751 2658 1785 jeune
2674 1753 2735 1781 fille
2749 1754 2891 1784 fortunée
2905 1757 2946 1785 du
2962 1759 3104 1789 Midi.-N-
3118 1762 3185 1789 4771

2322 1800 2417 1828 Jeune
2431 1802 2554 1830 homme
2577 1804 2612 1831 29
2631 1812 2696 1835 ans,
2713 1807 2793 1834 belle
2813 1813 2986 1846 prestance,
3009 1812 3116 1842 40.000
3142 1816 3182 1848 fr.

2288 1837 2378 1869 après
2393 1841 2528 1871 parents,
2545 1839 2721 1873 épouserait
2737 1847 2766 1870 et
2778 1843 2868 1872 ferait
2891 1847 2918 1874 la
2942 1847 3054 1877 félicité
3078 1851 3115 1879 de
3132 1853 3185 1880 de¬

2286 1872 2429 1899 moiselle
2444 1880 2484 1901 ou
2499 1881 2593 1902 veuve
2607 1883 2682 1904 sans
2708 1879 2822 1913 enfant,
2839 1882 2878 1909 de
2897 1883 2928 1910 la
2948 1891 3121 1915 campagne
3150 1903 3185 1909 —

2286 1906 2311 1933 N
2353 1907 2434 1935 4712.

2322 1952 2507 1981 Demoiselle
2531 1954 2563 1982 38
2591 1964 2658 1991 ans,
2689 1961 2887 1995 musicienne,
2917 1966 3010 1999 goûts
3042 1968 3182 2004 simples,

2283 1987 2407 2022 n’ayant
2421 1989 2535 2023 jamais
2551 1992 2716 2027 fréquenté,
2739 2004 2794 2029 pas
2812 1998 2848 2025 de
2864 1999 2916 2026 dot
2929 2002 3009 2029 suite
3024 2004 3062 2030 de
3080 2011 3183 2033 revers

2283 2022 2408 2055 famille,
2425 2027 2527 2059 noble,
2544 2028 2720 2062 épouserait
2736 2039 2888 2065 personne
2902 2037 3048 2066 situation
3061 2045 3098 2067 en
3114 2047 3181 2071 rap¬

2281 2063 2361 2092 port.
2383 2075 2416 2079 —
2431 2061 2469 2088 N-
2483 2061 2563 2090 4773.

2316 2109 2452 2137 Retraité
2467 2111 2501 2137 50
2517 2119 2583 2147 ans,
2606 2113 2728 2143 homme
2755 2118 2794 2144 du
2817 2121 2937 2154 monde,
2964 2122 3047 2151 9.000
3073 2123 3110 2151 fr.
3142 2126 3180 2153 de

2281 2147 2395 2178 rentes,
2408 2152 2527 2174 aucune
2540 2149 2665 2184 charge,
2682 2153 2860 2185 épouserait
2872 2163 2966 2184 veuve
2982 2165 3021 2186 ou
3037 2160 3178 2189 divorcée

2280 2181 2426 2208 situation
2452 2188 2488 2209 en
2514 2189 2651 2221 rapport,
2680 2190 2805 2216 voulant
2828 2191 2949 2220 habiter
2978 2196 3005 2222 le
3030 2196 3117 2224 Midi.
3144 2212 3177 2218 —

2280 2215 2315 2243 N-
2333 2216 2412 2245 4774.

2315 2266 2500 2296 Demoiselle
2532 2272 2689 2306 employée
2714 2274 2752 2302 de
2776 2276 2904 2311 bureau,
2930 2278 2962 2305 28
2988 2286 3054 2313 ans,
3081 2284 3177 2316 ayant

2280 2301 2462 2336 économies,
2481 2306 2626 2339 épouser?
2634 2309 2656 2335 it
2678 2309 2770 2343 jeune
2792 2312 2914 2341 homme
2941 2314 2975 2340 30
3001 2317 3019 2342 à
3045 2316 3079 2343 35
3106 2325 3174 2352 ans,

2279 2337 2419 2372 honnête,
2437 2344 2528 2375 ayant
2545 2344 2691 2371 situation
2706 2353 2744 2373 ou
2761 2348 2881 2376 métier.
2901 2364 2934 2368 —
2950 2350 2990 2377 N'
3010 2351 3092 2380 4775.

2316 2387 2395 2414 Veuf
2412 2389 2447 2415 52
2470 2397 2536 2424 ans,
2554 2391 2776 2422 fonctionnaire
2806 2397 2944 2430 colonial,
2961 2399 3100 2428 instance
3138 2404 3175 2431 de

2279 2423 2413 2456 retraite,
2445 2432 2503 2452 non
2537 2425 2669 2461 installé,
2689 2431 2812 2458 retraite
2825 2433 2906 2460 4.500
2919 2434 2967 2468 fr.,
2992 2443 3102 2464 revenu
3117 2446 3173 2465 an¬

2280 2458 2359 2491 nuel,
2373 2459 2471 2488 16.000
2486 2461 2540 2494 fr,,
2557 2463 2656 2491 désire
2672 2467 2810 2500 mariage
2825 2475 2861 2495 en
2879 2474 3005 2504 rappo-t
3024 2486 3037 2491 -
3055 2473 3090 2500 N-
3105 2473 3174 2501 4776

2312 2502 2409 2530 Jeune
2423 2504 2546 2532 homme
2568 2506 2601 2533 31
2626 2515 2692 2540 ans,
2718 2516 2853 2544 coupeur
2877 2513 3002 2542 tailleur
3026 2516 3172 2552 diplômé,

2279 2540 2372 2571 ayant
2397 2541 2580 2576 économies,
2612 2544 2786 2578 épouserait
2814 2548 2990 2578 demo’sella
3014 2559 3051 2579 ou
3080 2560 3174 2582 veuve

2279 2576 2371 2608 ayant
2387 2575 2481 2603 situât
2494 2584 2532 2603 on
2546 2584 2584 2605 eu
2599 2583 2739 2613 rapport.
2759 2597 2791 2601 —
2811 2582 2846 2611 N'
2864 2583 2933 2611 4777

2313 2624 2468 2652 Monsieur
2482 2625 2516 2653 24
2533 2633 2597 2660 ans,
2613 2628 2674 2656 bon
2689 2630 2807 2664 métier,
2824 2636 2918 2667 ayant
2934 2637 3048 2670 avenir,
3075 2638 3171 2672 épou¬

2276 2660 2369 2686 serait
2385 2660 2560 2689 demoiselle
2575 2671 2613 2690 ou
2628 2671 2722 2692 veuve
2742 2668 2779 2693 de
2793 2675 2904 2702 guerre
2917 2676 3011 2704 ayant
3025 2674 3171 2702 situation

2275 2700 2311 2721 en
2328 2701 2468 2729 rapport,
2485 2705 2616 2734 envoyer
2632 2701 2733 2734 photo.
2757 2718 2787 2722 —
2804 2703 2841 2731 N‘
2862 2704 2938 2734 4779.

2312 2743 2392 2775 VeBf
2403 2744 2435 2772 53
2454 2752 2519 2777 ans,
2536 2747 2606 2775 chef
2620 2749 2658 2776 de
2672 2757 2747 2782 gare
2768 2752 2903 2785 P.L.M.,
2921 2757 3000 2790 seul,
3022 2758 3170 2787 situation

2414 2801 2420 2811 ,
2436 2781 2613 2814 affectueux,
2633 2785 2810 2818 épouserait
2823 2789 3001 2819 demoiselle
3012 2800 3051 2820 ou
3075 2801 3170 2823 veuve

2274 2821 2346 2840 sans
2366 2815 2481 2850 enfant,
2507 2818 2564 2847 âge
2587 2821 2617 2845 et
2646 2822 2793 2849 situalion
2822 2831 2859 2851 en
2889 2831 3025 2859 rapport,
3058 2828 3170 2859 femme

2273 2849 2461 2880 d’intérieur.
2482 2867 2513 2871 —
2529 2853 2565 2880 N-
2585 2853 2655 2882 4780

2311 2899 2387 2927 Fiile
2402 2900 2522 2934 unique,
2540 2901 2575 2930 26
2589 2910 2655 2937 ans,
2673 2906 2778 2940 région
2796 2908 2858 2942 Est,
2877 2910 2977 2938 désire
2992 2920 3168 2949 correspon¬

2274 2934 2327 2962 dre
2340 2942 2377 2962 en
2393 2943 2450 2962 vue
2464 2937 2503 2963 de
2515 2940 2662 2974 mariage,
2679 2948 2754 2970 avec
2764 2943 2856 2977 jeune
2870 2945 2994 2975 homme
3004 2952 3096 2980 ayant
3107 2952 3170 2979 très

2273 2970 2373 2998 bonne
2389 2972 2545 3006 situation,
2562 2975 2736 3010 catholique
2752 2981 2939 3014 pratiquant.
2961 2998 2990 3003 —
3009 2984 3033 3012 N
3041 2990 3047 2997 -
3064 2985 3132 3013 4781

2310 3015 2458 3050 Employé
2477 3018 2596 3051 P.T.T.,
2610 3019 2644 3047 35
2659 3028 2726 3053 ans,
2753 3023 2903 3058 physique
2930 3029 3086 3062 agréable,
3105 3032 3168 3059 très

2272 3051 2404 3083 sérieux,
2422 3053 2482 3080 bon
2499 3061 2591 3087 cœur,
2607 3055 2781 3085 traitement
2807 3059 2895 3087 6.500.
2911 3062 2965 3094 fr.,
2995 3066 3169 3094 économies

2273 3085 2372 3114 30.000
2388 3087 2442 3119 fr.,
2457 3089 2609 3123 épousera
2623 3092 2634 3119 t
2648 3099 2798 3126 personne
2809 3097 2954 3131 sérieuse,
2967 3099 3164 3130 affectueuse.

2270 3136 2303 3142 -
2319 3123 2359 3150 N-
2376 3123 2457 3152 4782.

2307 3167 2490 3196 Demoiselle
2505 3169 2538 3196 28
2564 3177 2631 3204 ans,
2647 3173 2836 3209 catholique,
2865 3176 2927 3205 fille
2957 3180 3081 3214 unique,
3114 3182 3168 3211 dot

2270 3202 2377 3230 10.000
2388 3203 2441 3237 fr.,
2454 3207 2681 3238 espérances40
2693 3208 2746 3236 000
2757 3210 2810 3242 fr.,
2824 3213 2999 3245 épouserait
3012 3218 3169 3246 monsieur

2269 3239 2363 3272 ayant
2383 3241 2529 3268 situation
2543 3243 2623 3268 sûre,
2639 3243 2859 3275 fonctionnaire
2876 3256 2915 3277 ou
2931 3252 3069 3284 employé
3085 3253 3168 3281 d’ad-

2270 3275 2454 3302 mislration.
2470 3291 2504 3295 —
2523 3276 2559 3305 N-
2582 3277 2662 3306 4783.

411 1376 508 1405 Notre
524 1385 628 1406 œuvre
644 1387 664 1406 a
674 1386 761 1414 pour
773 1379 824 1408 but
839 1380 875 1408 de
891 1382 980 1410 venir
1004 1391 1041 1410 en
1057 1384 1127 1412 aide
1144 1393 1210 1413 aux
1226 1384 1276 1418 fa¬

375 1412 478 1441 milles
487 1415 542 1449 qui
556 1414 693 1442 désirent
707 1416 828 1444 marier
844 1417 930 1445 leurs
941 1418 1076 1454 enfants,
1089 1428 1156 1448 aux
1166 1429 1278 1450 veuves

375 1450 430 1484 qui
449 1449 639 1478 voudraient
662 1458 692 1478 se
720 1453 887 1484 remarier,
911 1461 978 1482 aux
991 1454 1153 1490 orphelins
1168 1459 1194 1484 et
1210 1466 1277 1486 aux

373 1485 541 1512 messieurs
555 1486 609 1520 qui
624 1487 729 1514 rêvent
744 1487 781 1514 de
795 1496 826 1516 se
835 1487 957 1523 fonder
973 1498 1017 1518 un
1025 1490 1133 1527 foyer,
1150 1501 1211 1521 une
1219 1493 1274 1530 fa¬

373 1519 468 1548 mille.

406 1567 502 1603 Notre
515 1582 620 1604 œuvre
630 1583 702 1604 sera
713 1578 892 1612 approuvée
900 1588 966 1615 par
981 1582 1051 1608 tous
1062 1590 1118 1610 nos
1129 1583 1273 1618 abonnés,

370 1609 529 1646 lorsqu'ils
548 1613 683 1639 sauront
703 1613 800 1648 qu’ils
817 1617 956 1649 peuvent
974 1617 1112 1652 trouver,
1138 1619 1231 1654 grâce
1253 1621 1273 1648 à

369 1647 458 1674 notre
473 1653 633 1680 concours,
650 1647 677 1674 le
692 1655 803 1684 moyen
822 1651 858 1677 de
882 1658 913 1678 se
936 1653 1057 1680 marier
1080 1653 1165 1682 selon
1186 1654 1274 1683 leurs

368 1681 468 1717 goûts,
481 1681 568 1710 leurs
581 1689 658 1710 vues
671 1684 699 1710 et
712 1678 798 1712 séton
812 1685 901 1714 leurs
913 1688 1098 1717 conditions.

404 1734 493 1763 Nous
503 1737 617 1771 prions
631 1736 674 1764 les
688 1736 807 1767 Dames
822 1740 849 1766 et
871 1739 915 1767 les
938 1741 1104 1770 Messieurs
1127 1743 1164 1772 de
1192 1752 1273 1773 nous

368 1777 501 1807 envoyer
520 1771 548 1799 le
558 1771 636 1807 plus
654 1772 824 1802 d’abonnés
838 1775 984 1810 possible,
998 1777 1065 1808 afin
1095 1786 1153 1815 que
1181 1782 1271 1808 notre

367 1814 473 1834 œuvre
487 1806 701 1842 s’agrandisse
717 1811 744 1837 et
757 1812 863 1844 puisse
878 1819 939 1846 par
954 1820 985 1840 ce
999 1821 1111 1848 moyen
1123 1813 1270 1850 faciliter

367 1842 495 1869 nombre
510 1842 546 1870 de
561 1845 722 1879 mariages
737 1847 764 1872 et
772 1845 863 1882 faire
879 1848 905 1875 le
917 1847 993 1883 plus
1012 1848 1189 1878 d’heureux
1200 1859 1270 1886 pos¬

366 1877 450 1911 sible,
467 1886 523 1905 car
538 1878 612 1906 c’est
625 1887 686 1906 une
711 1881 807 1909 bonne
828 1884 929 1910 action
959 1891 1016 1919 que
1041 1893 1118 1913 vous
1125 1885 1217 1922 ferez
1231 1896 1270 1915 en

362 1915 564 1949 propageant
571 1916 660 1942 notre
675 1923 790 1950 œuvre,
806 1926 884 1946 vous
898 1927 978 1947 nous
994 1920 1119 1949 aiderez
1125 1914 1132 1921 '
1140 1923 1223 1950 ainsi
1249 1924 1270 1951 à

365 1949 546 1977 contribuer
554 1957 599 1976 au
609 1949 748 1979 bonheur
759 1952 812 1980 des
814 1952 963 1988 familles
973 1957 1028 1993 qui
1037 1956 1174 1985 désirent
1183 1959 1269 1987 trou¬

366 1992 421 2011 ver
435 1992 481 2012 un
496 1984 598 2021 époux
613 1994 653 2013 ou
668 1994 729 2014 une
740 1988 853 2022 épouse
863 1997 947 2025 pour
959 1990 1045 2018 leurs
1052 1992 1190 2028 enfants,
1202 2002 1269 2022 aux

366 2027 477 2047 veuves
488 2028 532 2047 un
543 2022 674 2055 soutien,
687 2022 706 2050 à
722 2023 741 2050 V
744 2024 889 2059 orphelin
900 2034 944 2052 un
948 2025 1045 2061 foyer
1056 2030 1084 2055 et
1098 2036 1142 2056 au
1157 2029 1268 2058 relève¬

365 2057 450 2083 ment
464 2056 500 2083 de
516 2055 548 2084 la
562 2056 686 2084 France
709 2060 764 2094 qui
778 2059 888 2094 donne,
901 2069 966 2096 par
981 2062 1025 2089 les
1044 2065 1203 2100 mariages
1217 2065 1267 2102 fé¬

365 2090 470 2125 conds,
480 2091 532 2119 des
547 2092 666 2120 soldats
688 2093 706 2120 à
723 2094 756 2121 la
773 2095 879 2123 Patrie
901 2098 928 2123 et
954 2099 1007 2133 qui
1016 2097 1092 2133 font
1114 2100 1167 2128 des
1184 2101 1266 2136 fem¬

364 2134 430 2154 mes
456 2127 493 2155 de
509 2126 623 2156 bonnes
637 2128 738 2157 mères
753 2130 790 2158 de
805 2130 938 2163 famille.

401 2180 483 2209 C’est
497 2181 579 2209 dans
592 2190 623 2210 ce
632 2183 685 2210 but
696 2191 753 2219 que
765 2192 845 2212 nous
856 2194 954 2213 avons
958 2186 1061 2222 fondé
1071 2189 1104 2217 la
1115 2190 1270 2219 REVUE

365 2225 642 2255 MENSUELLE.

399 2279 488 2309 Nous
501 2289 538 2309 ne
553 2282 660 2310 tenons
671 2289 733 2319 pas
748 2291 808 2312 une
832 2280 951 2320 Ageiièe
974 2287 1210 2316 matrimoniale
1238 2292 1266 2318 et

362 2323 443 2344 nous
455 2325 494 2344 ne
500 2323 642 2353 prenons
648 2325 773 2346 aucune
779 2322 977 2349 commission
988 2330 1045 2349 sur
1057 2324 1089 2351 la
1100 2324 1161 2352 dot.
1181 2325 1266 2353 Voici

362 2354 514 2380 comment
529 2360 609 2381 nous
620 2354 796 2389 procédons
807 2364 812 2383 :

403 2404 484 2434 Doits
497 2414 579 2434 nous
590 2407 734 2443 indiquez
743 2408 878 2436 d'abord
887 2411 973 2439 votre
983 2420 1050 2446 âge,
1062 2414 1148 2441 votre
1162 2415 1262 2443 situa¬

361 2443 426 2469 tion
440 2442 477 2470 de
485 2441 630 2477 fortune,
643 2445 729 2471 votre
738 2445 928 2479 profession,
940 2449 1025 2474 votre
1037 2448 1098 2481 dot,
1115 2457 1169 2477 vos
1182 2452 1262 2486 espé¬

361 2484 474 2505 rances
487 2478 515 2505 et
528 2485 560 2505 ce
575 2485 633 2513 que
643 2486 722 2507 vous
731 2479 860 2514 désirez,
872 2483 900 2508 et
907 2489 988 2510 nous
998 2491 1076 2511 vous
1086 2485 1263 2514 inscrivons

361 2521 419 2541 sur
432 2515 521 2542 notre
537 2513 614 2548 liste,
630 2522 713 2549 pour
729 2516 806 2543 trois
827 2518 915 2551 mois,
940 2525 1005 2553 par
1033 2526 1094 2547 une
1122 2528 1261 2550 annonce

362 2555 419 2584 que
436 2550 472 2584 je
493 2548 566 2585 fais
593 2551 766 2578 moi-même
782 2553 808 2578 et
836 2559 916 2580 nous
943 2561 1020 2581 vous
1047 2555 1190 2584 donnons
1218 2565 1262 2585 un

359 2584 491 2612 numéro
518 2584 648 2620 faisant
665 2587 744 2613 suite
777 2586 797 2614 à
828 2588 901 2615 cette
917 2596 1065 2618 annonce.
1095 2590 1176 2619 C’est
1197 2601 1260 2627 par

359 2620 387 2647 le
397 2628 508 2655 moyen
519 2621 555 2648 de
565 2628 597 2647 ce
610 2621 740 2648 numéro
751 2629 808 2656 que
819 2630 896 2650 vous
905 2632 1025 2658 pouvez
1034 2628 1260 2663 correspondre

359 2649 517 2688 aveejous
531 2656 575 2683 les
589 2656 726 2684 abonnés
738 2657 776 2684 de
792 2660 879 2686 notre
894 2659 972 2687 liste.

394 2705 534 2740 Lorsque
549 2712 626 2732 vous
640 2704 759 2733 désirez
773 2708 1000 2743 correspondre
1016 2718 1088 2738 avec
1103 2719 1149 2739 un
1168 2713 1259 2741 abon¬

358 2740 397 2767 né
410 2741 438 2767 et
451 2748 510 2775 que
525 2748 603 2768 vous
617 2749 691 2768 avez
704 2741 802 2769 choisi
812 2743 893 2770 dans
904 2744 935 2771 la
951 2744 1090 2773 Revue
1100 2746 1260 2776 Mensu¬

359 2775 438 2804 elle
453 2776 480 2804 le
492 2777 582 2810 parti
602 2777 655 2812 qui
670 2783 748 2809 vous
759 2777 843 2813 plaît
859 2778 885 2807 le
896 2779 982 2814 plus,
1003 2783 1083 2808 voici
1089 2790 1092 2806 .
1108 2787 1258 2811 comment

357 2817 436 2838 vous
444 2811 598 2846 procédez
614 2821 623 2838 :

732 2865 884 2894 Exemple

399 2927 517 2960 Jeune
535 2928 694 2969 homme,
714 2930 757 2961 30
776 2938 854 2968 ans,
874 2929 948 2962 très
969 2933 1062 2965 belle
1080 2934 1257 2968 situation

356 2973 448 3004 dans
467 2972 659 3011 industrie,
682 2977 834 3013 rapport
852 2973 887 3007 10
898 2974 919 3010 à
932 2977 1052 3010 12.000
1067 2978 1126 3019 fr.,
1139 2978 1256 3013 désire

354 3018 519 3058 mariage
539 3027 586 3049 en
601 3020 765 3058 rapport.
780 3037 821 3040 —
840 3018 966 3053 Ecrire
985 3026 1027 3052 n°
1045 3023 1076 3055 2.

509 3089 556 3112 ou

399 3136 619 3170 Demoiselle
647 3137 688 3170 25
709 3147 786 3179 ans,
817 3139 992 3173 situation
1026 3142 1070 3175 de
1108 3143 1254 3178 fortune

356 3181 481 3215 25.000
499 3181 636 3226 francs,
650 3185 765 3214 etc.—
787 3183 910 3217 Ecrire
922 3185 966 3216 N"
977 3187 1010 3217 4.

400 3243 497 3277 Vous
508 3245 561 3277 lui
573 3243 715 3277 écrivez
726 3246 952 3278 vous-même
967 3257 1013 3280 ou
1025 3249 1131 3283 faites
1143 3249 1256 3285 écrire

354 3298 423 3330 par
438 3288 640 3329 quelqu’un
655 3290 700 3321 de
718 3291 823 3321 votre
842 3290 996 3333 famille,
1033 3302 1078 3326 en
1107 3295 1257 3338 signant

355 3335 400 3365 de
416 3336 518 3366 votre
530 3332 696 3372 numéro,
706 3336 742 3365 et
757 3343 848 3367 vous
863 3338 993 3368 mettez
1009 3347 1070 3369 sur
1086 3338 1255 3373 l’adresse

354 3376 526 3410 cachetée
538 3381 574 3410 et
583 3377 739 3410 timbrée
748 3379 783 3410 le
792 3379 945 3411 numéro
957 3382 1000 3413 de
1011 3383 1048 3414 la
1059 3392 1251 3426 personne,

354 3421 546 3454 deuxième
561 3422 781 3464 enveloppe,
790 3432 879 3455 avec
896 3433 955 3456 ces
971 3428 1148 3466 quelques
1160 3432 1255 3462 mots

353 3475 416 3498 sur
421 3475 494 3498 une
502 3468 601 3498 carte
611 3476 658 3497 ou
665 3475 717 3499 un
725 3467 816 3498 bout
822 3468 1002 3508 depapier
1008 3471 1106 3504 ainsi
1113 3473 1251 3507 libellé:

354 3510 565 3544 «Monsieur
574 3519 621 3543 ou
632 3510 808 3549 Madame,
828 3520 875 3544 ou
888 3512 1159 3550 Mademoiselle
1178 3518 1251 3552 X...

354 3557 471 3594 (votre
486 3562 575 3586 nom
592 3558 626 3587 et
644 3557 746 3586 votre
761 3553 930 3598 numéro)
948 3560 1025 3598 prie
1038 3559 1203 3594 Madame
1219 3564 1255 3595 la

353 3599 556 3632 Directrice
570 3600 614 3632 de
623 3597 661 3631 la
670 3597 800 3631 Revue
810 3601 855 3632 de
867 3600 960 3635 faire
974 3606 1147 3643 parvenir
1160 3609 1253 3640 cette

352 3644 459 3675 lettre
475 3643 497 3674 à
511 3644 560 3675 tel
581 3641 756 3675 numéro»
773 3648 808 3676 et
828 3653 918 3678 vous
934 3648 1104 3681 cachetez
1118 3654 1154 3682 et
1172 3652 1252 3683 tim¬

353 3688 436 3720 brez
456 3690 550 3719 cette
577 3686 769 3719 deuxième
802 3691 1006 3731 enveloppe
1040 3692 1061 3725 à
1093 3694 1253 3734 laquelle

351 3741 443 3764 vous
462 3735 595 3764 mettez
615 3740 703 3763 mon
721 3733 877 3773 adresse,
902 3737 938 3766 et
957 3737 1111 3769 aussitôt
1130 3749 1249 3782 reçue,

351 3777 388 3817 je
409 3774 526 3808 défais
543 3777 577 3807 la
606 3775 786 3815 première
806 3779 1023 3820 enveloppe,
1045 3781 1186 3822 j’efface
1222 3786 1253 3816 le

352 3818 506 3852 numéro
527 3821 571 3852 de
591 3819 628 3851 la
647 3818 839 3854 deuxième
860 3824 895 3854 et
909 3826 1001 3856 mets
1018 3825 1188 3860 l’adresse
1208 3829 1252 3861 de

351 3865 388 3896 la
407 3873 589 3905 personne
606 3866 641 3896 et
656 3862 849 3904 réexpédie
866 3867 901 3898 la
917 3868 1034 3901 lettre.
1048 3870 1144 3903 Vous
1163 3881 1253 3912 pou¬

349 3917 416 3940 vez
431 3909 696 3948 correspondre
706 3917 797 3941 avec
811 3912 893 3942 tous
907 3921 973 3944 nos
987 3913 1152 3948 abonnés
1167 3925 1252 3949 sans

351 3962 443 3986 vous
462 3952 556 3984 faire
576 3953 780 3991 connaître.
817 3953 863 3987 Ce
892 3956 982 3989 n’est
1002 3967 1072 3997 que
1106 3960 1252 3999 lorsque

350 4005 442 4030 vous
463 4006 570 4029 aurez
584 3995 654 4029 fait
672 3999 776 4030 votre
792 3998 912 4040 choix,
945 4009 1015 4040 que
1044 4012 1136 4035 vous
1160 4014 1251 4037 vous

352 4043 494 4074 donnez
505 4041 788 4073 mutuellement
802 4044 908 4075 votre
918 4044 1096 4079 véritable
1107 4050 1252 4081 adresse

351 4088 388 4118 et
401 4095 471 4126 que
482 4095 573 4118 vous
587 4094 678 4117 vous
690 4084 868 4126 ménagez
881 4097 954 4121 une
968 4091 1143 4124 entrevue
1158 4102 1251 4133 pour

351 4129 498 4163 décider
518 4132 562 4162 de
579 4132 680 4162 votre
701 4133 786 4162 sort.

384 4191 427 4219 Le
438 4192 518 4227 prix
532 4191 568 4219 de
586 4192 672 4219 notre
687 4191 891 4219 abonnement
907 4194 949 4220 est
964 4194 999 4222 de
1015 4196 1112 4224 trente
1134 4197 1252 4232 francs

344 4233 431 4263 pour
447 4228 558 4263 quatre
573 4227 653 4254 mois
668 4227 694 4253 et
709 4228 865 4262 quarante
873 4227 991 4262 francs
1000 4238 1087 4265 pour
1102 4233 1152 4260 six
1172 4235 1252 4262 mois

349 4263 377 4290 et
387 4270 464 4291 vous
479 4268 554 4291 avez
569 4262 654 4290 droit
667 4261 687 4290 à
698 4264 762 4290 être
772 4262 883 4290 inscrit
892 4266 1115 4298 gratuitement
1130 4277 1187 4296 sur
1198 4277 1250 4297 ma

348 4298 415 4325 liste

389 4342 472 4371 Vous
485 4350 579 4380 voyez
593 4342 722 4380 qu’avec
752 4344 827 4370 cette
854 4343 1000 4380 modique
1023 4353 1148 4382 somme,
1172 4356 1251 4378 vous

347 4386 467 4414 pouvez
481 4386 559 4407 vous
573 4380 705 4414 marier,
726 4386 800 4406 sans
814 4380 904 4406 avoir
927 4388 946 4406 a
965 4388 1079 4416 passer
1104 4391 1168 4418 par
1197 4385 1250 4413 des

348 4422 477 4449 agences
484 4416 540 4450 qui
553 4422 584 4442 se
591 4415 669 4450 font
677 4422 782 4443 verser
797 4413 949 4443 d’avance
965 4415 1000 4442 de
1009 4424 1132 4450 grosses
1146 4422 1250 4454 provi¬

347 4451 432 4477 sions
445 4452 473 4477 et
488 4451 542 4485 qui
556 4451 742 4486 escomptent
753 4450 790 4478 de
800 4458 921 4486 grosses
931 4452 1154 4488 commissions,
1162 4463 1248 4490 pour

347 4484 509 4513 n’arriver
525 4485 552 4513 le
572 4487 645 4520 plus
661 4488 790 4514 souvent
815 4485 837 4513 à
864 4493 970 4514 aucun
997 4487 1141 4516 résultat.
1162 4490 1250 4518 Nous

347 4519 481 4547 n’avons
494 4522 564 4548 rien
574 4521 611 4549 de
624 4526 774 4549 commun
787 4529 861 4549 arec
875 4522 919 4549 les
933 4530 1070 4558 agences,
1086 4531 1144 4551 car
1169 4533 1250 4553 nous

346 4562 384 4582 ne
413 4561 550 4590 prenons
578 4564 700 4584 aucune
728 4558 927 4585 commission
958 4566 1015 4585 sur
1048 4558 1080 4586 la
1112 4559 1164 4587 dot
1202 4560 1249 4589 Un

347 4590 480 4618 modeste
495 4591 699 4619 abonnement
714 4600 795 4620 nous
808 4595 871 4620 sert
887 4593 923 4620 de
932 4595 1104 4629 paiement.

381 4634 564 4669 Lorsqu’un
584 4635 703 4663 abonné
718 4636 789 4664 s’est
803 4638 905 4670 fiancé
919 4639 947 4665 et
979 4638 1056 4674 qu’il
1089 4637 1144 4667 n’a
1171 4639 1249 4675 plus

347 4671 450 4699 besoin
465 4669 500 4696 de
515 4670 605 4696 notre
620 4677 724 4704 revue,
737 4671 760 4697 il
776 4680 855 4699 nous
865 4673 892 4700 le
901 4672 970 4709 fait
983 4675 1089 4702 savoir
1105 4675 1171 4710 afin
1191 4683 1248 4711 que

345 4713 426 4734 nous
440 4711 558 4739 rayons
572 4712 625 4732 son
643 4713 782 4734 annonce
795 4715 880 4742 pour
895 4716 932 4735 ne
944 4717 1006 4744 pas
1013 4709 1105 4746 faire
1130 4718 1247 4739 corres¬

341 4740 466 4778 pondre
480 4739 678 4767 inutilement
690 4749 746 4768 nos
762 4742 906 4770 abonnés.

386 4785 464 4813 Tout
478 4783 598 4812 abonné
611 4783 678 4810 doit
690 4784 848 4819 répondre
862 4787 883 4814 à
897 4789 996 4816 toutes
1010 4789 1054 4817 les
1068 4790 1173 4818 lettres
1193 4792 1248 4828 qui

346 4821 394 4850 lui
407 4821 476 4849 sont
491 4818 649 4847 adressées
655 4818 706 4852 ;la
717 4819 861 4854 politesse
873 4822 992 4859 l’exige,
1004 4832 1040 4853 ne
1044 4824 1175 4860 fussent
1190 4834 1246 4862 que

345 4866 394 4885 ces
408 4856 543 4890 troipou
556 4855 668 4890 quatre
683 4856 778 4882 mots:
793 4855 803 4882 «
818 4855 945 4892 Inutile,
955 4860 1025 4886 tous
1039 4869 1102 4888 mes
1117 4862 1244 4896 regrets.

345 4892 379 4919 —
393 4892 438 4920 No
452 4900 516 4920 .....

380 4963 442 4988 Pour
456 4957 558 4987 faciliter
573 4959 608 4984 les
621 4958 728 4984 abonnés
742 4959 772 4984 de
787 4960 808 4984 la
823 4960 838 4984 R
841 4960 904 4985 EVUE
920 4966 978 4987 nous
993 4962 1045 4988 leur
1059 4964 1192 4990 donneront
1212 4966 1246 4991 les

344 5000 457 5026 adresses
472 4997 514 5022 des
530 4994 641 5021 numéros
656 4998 682 5020 se
697 4993 860 5024 rapprochant
872 4996 900 5020 de
912 4995 963 5022 leur
973 4996 1082 5023 situation
1099 5000 1127 5025 de
1139 5000 1242 5026 fortune.

345 5036 372 5061 Ils
389 5032 500 5060 n’auront
516 5035 577 5062 pour
592 5030 642 5056 cela
662 5028 719 5060 qu’à
737 5033 795 5054 nous
815 5029 923 5060 indiquer
943 5030 976 5056 les
996 5032 1108 5058 numéros
1137 5035 1175 5068 qui
1195 5036 1245 5061 leur

344 5067 509 5097 contiennent.
519 5067 612 5096 Chaque
623 5065 739 5092 demande
751 5064 780 5091 de
796 5069 822 5090 ce
838 5065 912 5097 genre
924 5065 995 5091 devra
1006 5065 1056 5092 être
1067 5070 1244 5101 accompagnée

344 5107 419 5132 d’une
434 5104 564 5134 enveloppe
580 5100 680 5128 timbrée
696 5105 757 5132 pour
773 5102 793 5126 la
808 5099 920 5131 réponse.

380 5143 421 5168 Les
434 5138 541 5166 abonnés
555 5136 664 5164 désirant
676 5137 767 5169 garder
782 5135 920 5168 l’incognito
936 5136 1052 5163 voudront
1071 5136 1124 5163 bien
1145 5144 1203 5164 nous
1222 5140 1243 5166 le

344 5176 405 5205 faire
420 5174 505 5204 savoir,
524 5172 568 5200 afin
586 5178 629 5206 que
647 5177 704 5200 nous
721 5177 748 5199 ne
765 5170 859 5199 livrions
873 5175 917 5203 pas
932 5171 995 5199 leurs
1013 5172 1135 5200 adresses.

1347 3314 1471 3343 Officier
1487 3317 1628 3349 colonial,
1641 3317 1785 3345 situation
1804 3319 1909 3349 10.000
1924 3320 1960 3348 fr.
1977 3328 2034 3354 par
2054 3328 2104 3354 an,
2121 3322 2209 3354 espé¬

1313 3357 1420 3378 rances
1440 3354 1532 3384 après
1549 3355 1683 3386 parents,
1699 3356 1875 3387 épouserait
1891 3363 2044 3390 personne
2058 3359 2152 3391 ayant
2167 3358 2210 3384 si¬

1311 3388 1428 3414 tuation
1447 3395 1484 3415 en
1500 3391 1638 3423 rapport.
1657 3404 1689 3409 —
1705 3391 1741 3417 N'
1759 3391 1839 3418 4665.

1346 3445 1532 3473 Demoiselle
1547 3447 1578 3473 31
1597 3455 1662 3477 ans.
1688 3449 1770 3476 7.000
1797 3448 1833 3475 fr.
1854 3450 2037 3483 économies,
2064 3451 2209 3478 intérieur

1312 3482 1424 3513 monté,
1445 3482 1546 3509 bonne
1569 3484 1725 3511 situation,
1753 3487 1905 3515 instruite,
1940 3486 2040 3514 désire
2070 3494 2209 3520 mariage

1311 3523 1384 3543 avec
1401 3520 1557 3545 monsieur
1571 3519 1643 3546 veuf
1655 3527 1693 3548 ou
1710 3521 1840 3549 divorcé,
1858 3524 1957 3549 même
1982 3523 2076 3556 ayant
2090 3523 2206 3555 fillette,

1310 3553 1458 3580 situation
1477 3561 1515 3581 en
1531 3556 1667 3589 rapport.
1690 3572 1720 3576 —
1741 3556 1778 3584 N-
1794 3556 1873 3585 4671.

1345 3606 1426 3633 Veuf
1453 3607 1484 3635 35
1514 3615 1581 3640 ans,
1605 3609 1656 3636 fils
1689 3609 1704 3636 7
1721 3617 1777 3637 ans
1799 3611 1815 3637 à
1833 3612 1860 3638 la
1876 3611 1991 3644 charge
2005 3612 2059 3639 des
2075 3612 2206 3644 grands-

1309 3644 1445 3676 parents,
1463 3645 1676 3678 propriétaire,
1693 3647 1822 3680 rapport
1835 3646 1934 3674 10.000
1948 3648 1984 3674 fr.
2000 3655 2057 3681 par
2071 3655 2120 3681 an,
2137 3648 2207 3675 bien

1309 3685 1383 3705 sous
1399 3680 1468 3706 tous
1484 3681 1638 3712 rapports,
1655 3681 1829 3712 épouserait
1848 3683 2027 3711 demoiselle
2047 3691 2087 3710 ou
2112 3691 2207 3710 veuve

1310 3721 1383 3741 sans
1399 3714 1513 3747 enfant,
1531 3717 1588 3750 âge
1601 3718 1632 3743 et
1646 3718 1796 3744 s.tuation
1815 3724 1851 3745 en
1865 3720 2005 3753 rapport.
2026 3734 2060 3738 —
2073 3719 2108 3746 N’
2126 3719 2205 3747 4677.

1344 3767 1425 3795 Veuf
1437 3768 1471 3795 48
1485 3776 1550 3798 ans,
1567 3771 1717 3804 employé,
1734 3773 1872 3804 gagnant
1896 3772 1947 3799 420
1972 3771 1999 3797 fr
2041 3779 2094 3805 par
2115 3772 2205 3805 mois,

1309 3804 1509 3832 connaissant
1529 3806 1558 3831 la
1574 3806 1703 3838 cultuie,
1731 3807 1907 3839 épouserait
1920 3814 2073 3842 personne
2089 3809 2126 3835 de
2139 3808 2172 3834 32
2189 3809 2207 3835 à

1308 3839 1341 3866 48
1358 3846 1424 3874 ans,
1443 3840 1560 3867 aimant
1577 3842 1603 3868 la
1617 3848 1800 3876 campagne,
1815 3845 1910 3877 ayant
1923 3844 2055 3871 avoir.—
2073 3843 2108 3870 N-
2124 3843 2205 3872 4692.

1344 3892 1438 3920 Jeune
1464 3894 1589 3921 homme
1615 3894 1650 3921 30
1678 3902 1743 3927 ans,
1775 3902 1847 3923 sans
1862 3896 1994 3928 fortune,
2011 3898 2205 3927 cultivateur,

1309 3929 1401 3961 ayant
1417 3931 1545 3961 pension
1567 3932 1595 3957 et
1619 3931 1802 3962 économies,
1817 3933 2012 3965 espérances,
2029 3934 2205 3967 épouserait

1308 3963 1487 3992 demoiselle
1512 3972 1549 3992 ou
1578 3973 1673 3993 veuve
1702 3973 1776 3994 sans
1801 3967 1916 4000 enfant,
1945 3969 1982 3996 de
2007 3968 2039 3996 20
2055 3969 2073 3996 à
2091 3969 2127 3996 30
2138 3976 2205 4003 ans,

1307 4001 1402 4033 ayant
1417 4001 1479 4027 dot.
1498 4016 1531 4020 —
1545 4001 1584 4028 N'
1601 4001 1683 4031 4704.

1343 4053 1500 4081 Monsieur
1516 4054 1548 4080 34
1573 4062 1639 4088 ans,
1661 4056 1828 4090 distingué,
1844 4057 1986 4084 habitant
2004 4065 2079 4092 pays
2094 4058 2135 4086 du
2154 4065 2205 4086 so¬

1306 4088 1366 4120 leil,
1384 4089 1478 4115 situât
1491 4097 1531 4116 on
1549 4090 1685 4117 d'avenir
1709 4092 1788 4119 dans
1805 4093 1851 4120 les
1881 4093 2013 4127 affaires,
2029 4095 2206 4127 épouserait

1306 4123 1484 4151 demoiselle
1508 4132 1547 4152 ou
1568 4133 1663 4154 veuve
1685 4127 1887 4163 intelligente,
1904 4130 2052 4157 situation
2068 4137 2104 4157 en
2133 4137 2204 4165 rap¬

1308 4161 1386 4192 port.
1404 4175 1431 4180 —
1450 4160 1488 4187 N’
1508 4161 1587 4189 4712.

1341 4223 1439 4250 Jeune
1468 4224 1591 4252 homme
1619 4224 1654 4251 30
1685 4233 1751 4258 ans,
1783 4227 1928 4254 situation
1967 4229 2203 4263 indépendante,

1306 4258 1482 4292 épouserait
1497 4261 1663 4295 ménagère
1677 4262 1716 4288 de
1730 4261 1764 4288 20
1783 4262 1802 4288 à
1816 4262 1851 4289 30
1865 4270 1931 4296 ans,
1955 4271 1994 4291 ou
2013 4271 2108 4292 veuve
2128 4272 2205 4293 avec

1306 4301 1344 4321 ou
1360 4301 1433 4322 sans
1452 4296 1566 4324 enfant.
1584 4312 1615 4316 —
1630 4296 1667 4326 N*
1684 4296 1763 4324 4730.

1302 4376 1305 4380 •
1342 4358 1537 4391 Célibataire,
1554 4358 1722 4393 distingué:
1737 4359 1772 4386 56
1786 4366 1852 4392 ans,
1877 4362 2089 4392 américanisé,
2104 4364 2203 4391 excel¬

1306 4393 1401 4420 lentes
1420 4395 1577 4426 aptitudes
1602 4396 1755 4428 agricoles
1787 4397 1817 4421 et
1849 4397 2075 4429 viti-vinicoles,
2103 4399 2203 4426 désire

1304 4429 1539 4457 collaboratrice
1554 4431 1738 4458 affectueuse
1756 4435 1850 4459 avant
1870 4434 1959 4460 avoir
1978 4440 2019 4460 ou
2034 4435 2202 4467 propriété.

1305 4479 1334 4483 -
1352 4465 1388 4491 N-
1405 4464 1484 4493 4737.

1339 4523 1505 4551 Indust'iel
1521 4523 1554 4550 33
1571 4531 1635 4553 ans,
1651 4524 1836 4560 catholique,
1853 4526 2033 4560 honorable,
2057 4527 2203 4555 brillante

1304 4558 1448 4587 situation
1466 4560 1502 4587 de
1518 4559 1648 4591 fortune,
1666 4561 1754 4591 brun,
1773 4561 1841 4588 bien
1857 4569 1930 4588 sous
1950 4565 2021 4589 tous
2045 4567 2200 4597 rapports,

1304 4595 1479 4627 épouserait
1491 4595 1584 4630 jeune
1603 4594 1666 4623 tille
1690 4595 1722 4622 20
1739 4596 1755 4622 à
1771 4595 1803 4622 24
1819 4603 1885 4630 ans,
1903 4601 1996 4632 ayant
2012 4598 2133 4626 fortune
2167 4614 2202 4619 —

1303 4629 1338 4657 N-
1357 4629 1435 4658 4746.

1339 4699 1524 4726 Demoiselle
1535 4698 1637 4726 bonre
1649 4698 1779 4728 famille,
1797 4698 1832 4726 32
1846 4707 1912 4734 ans,
1929 4700 1992 4727 très
2007 4701 2200 4734 alîectueose,

1303 4735 1378 4767 petit
1404 4734 1489 4761 avoir
1515 4736 1544 4760 et
1569 4735 1723 4761 intérieur,
1752 4735 1899 4763 situation
1933 4738 1941 4763 1
1957 4737 2069 4766 bèrale,
2098 4738 2201 4763 désire

1303 4771 1433 4803 épouser
1448 4770 1604 4796 monsieur
1625 4770 1804 4798 affectueux,
1832 4772 1931 4798 bonne
1946 4772 2119 4802 éducation,
2134 4773 2200 4798 mê¬

1302 4813 1351 4831 me
1365 4806 1464 4837 grand
1485 4805 1593 4832 mutilé
1604 4806 1643 4832 de
1658 4811 1777 4839 guerre,
1794 4805 1829 4833 30
1843 4808 1859 4833 A
1875 4806 1909 4833 50
1922 4814 1987 4837 ans,
2005 4809 2199 4840 ayant.com-

1303 4847 1404 4867 mrree
1429 4848 1469 4866 ou
1498 4842 1598 4867 bonne
1617 4841 1762 4868 situation
1781 4841 1878 4868 môme
1895 4843 1930 4869 de
1951 4843 2124 4875 l’étranger.
2143 4843 2201 4868 Pas

1301 4876 1421 4902 sérieux
1437 4874 1609 4903 s’abstenir.
1625 4891 1659 4898 —
1674 4876 1701 4903 N
1708 4884 1714 4890 -
1730 4875 1809 4903 4764.

1337 4936 1524 4965 Célibataire
1542 4936 1574 4964 30
1591 4945 1657 4972 ans,
1674 4939 1774 4966 bonne
1789 4937 1914 4971 famille,
1941 4939 2070 4967 sérieux,
2093 4938 2198 4972 physi¬

1300 4980 1360 5007 que
1390 4972 1546 5006 agréable,
1572 4975 1714 5009 employé
1749 4974 1834 5007 PLM,
1861 4976 1874 5002 1
1890 4974 1941 5001 500
1959 4973 1992 5000 fr.
2009 4975 2196 5005 économies,

1300 5007 1476 5041 épouserait
1491 5007 1581 5040 jeune
1598 5009 1658 5037 fille
1685 5009 1717 5036 20
1741 5010 1758 5037 à
1775 5008 1808 5036 30
1824 5017 1891 5041 ans,
1913 5009 2059 5036 situation
2077 5016 2112 5036 en
2130 5016 2199 5043 rap¬

1300 5042 1382 5078 port.
1408 5059 1436 5063 —
1458 5041 1494 5070 N'
1511 5041 1594 5072 4765.

1335 5109 1416 5136 Veuf
1426 5110 1459 5136 53
1478 5117 1543 5143 ans,
1562 5112 1640 5138 deux
1654 5111 1774 5139 enfants
1789 5119 1848 5140 non
1867 5113 1883 5139 à
1900 5118 1935 5138 sa
1950 5111 2076 5145 charge,
2087 5117 2198 5137 revenu

1299 5147 1412 5172 annuel
1429 5145 1536 5173 11.000
1550 5145 1597 5174 fr..
1614 5148 1792 5180 épouserait
1803 5154 1956 5180 personne
1983 5147 2019 5174 35
2042 5148 2058 5172 é
2077 5146 2110 5172 50
2130 5153 2196 5179 ans,

1299 5187 1376 5214 pour
1393 5181 1512 5209 habiter
1529 5180 1684 5216 l’Algérie.
1704 5182 1826 5210 Donner
1841 5184 1978 5211 adresse,
2000 5196 2028 5202 —
2048 5181 2073 5208 N
2079 5187 2084 5194 -
2099 5180 2177 5210 4766.

2285 3323 2381 3351 Jeune
2401 3324 2524 3352 homme
2539 3327 2669 3359 sérieux,
2687 3329 2720 3357 32
2739 3339 2806 3363 ans,
2830 3334 2973 3363 situation
3001 3336 3083 3364 6.000
3110 3338 3165 3372 fr.,

2268 3359 2443 3392 épouserait
2462 3362 2550 3392 jeune
2572 3363 2644 3398 fille,
2661 3364 2777 3394 famille
2802 3368 2979 3405 honorable,
3005 3374 3166 3402 éducation

2266 3395 2401 3429 soignée,
2423 3399 2652 3433 sympathique,
2678 3401 2712 3428 22
2728 3403 2745 3429 à
2774 3403 2805 3430 31
2834 3412 2900 3436 ans,
2929 3410 3021 3439 ayant
3051 3410 3111 3438 dot.
3134 3426 3166 3431 —

2267 3429 2302 3457 N'
2321 3430 2400 3458 4784.

2300 3475 2486 3505 Célibataire
2500 3478 2630 3509 sérieux,
2648 3484 2742 3515 ayant
2755 3491 2925 3514 commerce
2936 3488 2954 3514 à
2968 3488 3065 3522 Paris,
3079 3491 3165 3518 avoir

2265 3510 2389 3538 100.000
2407 3512 2462 3544 fr.,
2483 3514 2658 3548 liquiderait
2673 3525 2712 3544 au
2741 3519 2856 3555 besoin,
2887 3522 3062 3556 épouserait
3090 3533 3161 3559 per¬

2264 3553 2360 3573 sonne
2371 3548 2519 3581 agréable
2534 3556 2629 3585 ayant
2650 3555 2798 3581 situation
2823 3564 2859 3584 en
2883 3562 3017 3591 rapport,
3041 3560 3077 3588 30
3090 3563 3110 3588 à
3129 3562 3163 3589 35

2264 3588 2330 3609 ans.
2352 3597 2383 3603 —
2400 3584 2438 3611 N'
2459 3584 2537 3612 4785.

2300 3627 2483 3656 Demoiselle
2501 3629 2535 3657 23
2554 3639 2621 3663 ans,
2644 3636 2737 3668 ayant
2753 3638 2886 3664 certaine
2903 3640 3035 3672 aisance,
3060 3641 3162 3670 désire

2263 3666 2484 3697 correspondre
2494 3673 2531 3693 en
2547 3674 2602 3695 vue
2618 3669 2655 3695 de
2671 3672 2819 3705 mariage,
2843 3680 2916 3702 avec
2926 3676 3016 3708 jeune
3035 3677 3162 3706 homme

2263 3698 2450 3733 catholique,
2469 3702 2596 3738 sérieux,
2615 3709 2707 3739 ayant
2723 3709 2883 3737 situation.
2901 3724 2935 3729 —
2957 3710 2982 3736 N
2988 3718 2993 3724 -
3005 3711 3087 3739 4786.

2298 3743 2481 3773 Demoiselle
2503 3746 2536 3773 34
2557 3755 2623 3781 ans,
2648 3751 2709 3776 séri
2731 3759 2794 3783 use,
2826 3753 3009 3788 catholique,
3035 3756 3162 3785 affectu¬

2261 3785 2344 3811 euse,
2359 3780 2542 3815 économies,
2556 3786 2751 3817 espérances,
2768 3789 2914 3816 situation
2926 3790 3009 3818 5.400
3019 3791 3068 3824 fr.,
3082 3800 3163 3820 com¬

2261 3820 2362 3841 merce
2379 3817 2495 3847 modes,
2512 3822 2685 3853 épouserait
2702 3823 2858 3851 monsieur
2873 3823 2906 3852 35
2922 3826 2940 3852 à
2954 3825 2987 3853 42
2998 3834 3054 3854 ans
3068 3830 3163 3863 ayant

2262 3849 2362 3877 bonne
2378 3852 2537 3882 situation.
2557 3870 2590 3875 —
2606 3851 2638 3884 N’
2661 3856 2739 3885 4788.

2288 3904 2470 3934 Demoiselle
2489 3907 2524 3935 28
2539 3915 2603 3936 ans.
2619 3910 2771 3945 physique
2787 3912 2942 3946 agréable,
2959 3916 3158 3951 musicienne,

2261 3938 2311 3966 125
2326 3939 2380 3967 000
2395 3941 2429 3967 fr.
2447 3944 2475 3970 et
2491 3945 2643 3972 mobilier,
2663 3946 2839 3979 épouserait
2867 3948 2981 3976 officier
3007 3958 3045 3977 ou
3072 3955 3160 3981 autre

2260 3977 2352 4009 ayant
2370 3977 2448 4004 belle
2463 3979 2619 4012 situation,
2639 3982 2671 4008 40
2686 3989 2753 4015 ans,
2772 3982 2950 4011 affectueux.
2965 4000 2998 4005 —
3014 3986 3049 4013 N-
3068 3987 3136 4015 4789

2295 4033 2376 4060 Veuf
2391 4036 2423 4062 50
2439 4043 2504 4070 ans,
2520 4040 2614 4073 ayant
2631 4040 2691 4065 très
2715 4039 2762 4066 bel
2777 4047 2793 4065 e
2822 4042 2978 4075 situation,
3004 4043 3104 4073 25.000
3115 4047 3155 4073 fr.

2260 4075 2316 4102 par
2333 4077 2382 4102 an,
2399 4072 2575 4101 é:ouserait
2592 4074 2770 4102 demoiselle
2785 4082 2824 4103 ou
2842 4083 2938 4104 veuve
2954 4082 3047 4114 ayant
3062 4082 3160 4110 situa¬

2259 4104 2323 4131 tion
2338 4112 2376 4133 en
2390 4109 2529 4141 rapport.
2549 4125 2581 4129 —
2597 4110 2637 4136 N’
2655 4109 2738 4139 4790.

2294 4157 2478 4188 Célibataire
2494 4162 2526 4188 42
2557 4170 2625 4195 ans,
2655 4164 2847 4193 mécanicien,
2880 4169 2973 4199 ayant
3001 4170 3159 4204 situation,

2259 4193 2434 4227 épouserait
2447 4198 2623 4225 demoiselle
2635 4198 2669 4225 25
2683 4200 2696 4224 A
2712 4198 2746 4225 32
2761 4207 2827 4234 ans,
2840 4200 2991 4236 physique
3002 4207 3158 4242 agréable,

2259 4232 2414 4263 passerait
2429 4239 2481 4260 sur
2496 4234 2595 4261 tache.
2613 4249 2642 4254 —
2660 4235 2698 4261 N'
2717 4235 2783 4262 4791

2295 4282 2442 4314 Divorcée
2458 4287 2473 4313 A
2490 4294 2544 4314 son
2561 4287 2660 4320 profit,
2677 4294 2751 4314 sans
2771 4288 2904 4323 enfants,
2915 4291 2948 4318 45
2973 4299 3040 4326 ans,
3067 4296 3158 4323 affec¬

2259 4319 2377 4352 tueuse,
2405 4320 2516 4351 femme
2549 4323 2735 4355 d’intérieur,
2758 4325 2842 4350 avoir
2873 4325 2961 4354 6.000
2995 4328 3030 4355 fr.
3059 4333 3087 4356 et
3118 4339 3156 4359 nn

2258 4355 2428 4386 trousseau,
2444 4358 2619 4392 épouserait
2630 4359 2784 4385 monsieur
2794 4358 2830 4387 45
2842 4361 2861 4387 à
2875 4361 2911 4388 50
2923 4369 3026 4390 ans.—
3039 4365 3074 4392 N'
3087 4366 3160 4394 4792

2293 4400 2390 4427 Jeune
2403 4401 2464 4429 fille
2481 4403 2580 4429 bonne
2594 4401 2719 4430 famil'e,
2735 4402 2820 4436 jolie,
2837 4406 2982 4440 sérieuse,
2998 4411 3158 4438 musicien¬

2258 4442 2305 4463 ne,
2319 4435 2354 4461 25
2369 4443 2438 4469 ans,
2454 4439 2549 4472 ayant
2565 4438 2643 4464 beau
2658 4438 2832 4470 trousseau,
2849 4443 3042 4475 espérances,
3059 4446 3157 4479 épou¬

2258 4473 2349 4497 serait
2376 4472 2467 4506 jeune
2496 4474 2618 4499 homme
2648 4475 2739 4506 ayant
2770 4475 2869 4502 bonne
2908 4479 3064 4512 situation,
3096 4483 3158 4510 très

2258 4507 2432 4534 sérieux.—
2449 4508 2474 4535 N
2481 4516 2487 4523 -
2509 4508 2578 4534 4793

2292 4550 2373 4577 Veuf
2387 4552 2417 4578 55
2432 4559 2498 4584 ans,
2515 4558 2588 4578 sans
2602 4551 2720 4585 enfant,
2745 4555 2820 4588 seul,
2850 4556 2983 4591 sérieux,
3016 4559 3158 4590 habitant

2257 4585 2391 4618 Algérie,
2407 4589 2547 4620 employé
2565 4587 2682 4618 Mairie,
2700 4590 2792 4620 ayant
2806 4591 2950 4618 intérieur
2964 4595 2993 4620 et
3005 4596 3156 4629 mobilier,

2257 4622 2357 4648 désire
2373 4623 2463 4648 union
2480 4629 2554 4647 avec
2570 4629 2663 4649 veuve
2684 4630 2723 4650 ou
2737 4624 2800 4651 tille
2815 4626 2848 4653 36
2864 4628 2882 4653 à
2908 4627 2943 4654 46
2969 4636 3034 4663 ans,
3062 4635 3160 4666 ayant

2256 4657 2417 4683 situa'ion.
2440 4671 2470 4676 —
2486 4657 2521 4684 N'
2537 4656 2622 4685 3599.

2291 4699 2502 4728 Sous-officier
2517 4702 2555 4729 de
2567 4703 2712 4734 carrière,
2728 4703 2761 4729 24
2775 4711 2843 4738 ans,
2859 4707 2931 4734 bien
2944 4715 3017 4736 sous
3030 4712 3101 4739 tous
3115 4713 3158 4740 les

2257 4738 2409 4768 rapports,
2432 4736 2610 4769 affectueux,
2629 4739 2729 4765 désire
2743 4742 2881 4775 mariage
2896 4750 2968 4770 avec
2982 4745 3073 4778 jeune
3094 4748 3157 4777 fille

2256 4777 2295 4797 ou
2308 4777 2403 4798 veuve
2419 4774 2512 4806 ayant
2528 4773 2627 4799 bonne
2642 4774 2803 4805 situation.
2823 4784 2854 4803 —
2871 4784 2905 4804 n-
2924 4779 3004 4809 4795.

2291 4814 2395 4841 Veuve
2410 4816 2526 4842 certain
2542 4817 2609 4849 Age,
2626 4817 2804 4854 honorable,
2819 4821 2898 4849 belle
2924 4825 3081 4860 situation,
3104 4830 3155 4856 dé¬

2256 4849 2317 4876 sire
2332 4851 2491 4877 connaître
2506 4852 2661 4878 monsieur
2677 4854 2735 4887 âge
2751 4856 2780 4881 et
2796 4858 2941 4886 situation
2967 4868 3003 4888 en
3029 4867 3158 4898 rapport

2255 4887 2306 4920 qui
2321 4886 2525 4912 consentirait
2540 4887 2559 4913 â
2571 4887 2655 4914 vivre
2668 4888 2755 4917 hiver
2768 4891 2891 4926 Algérie
2906 4894 2973 4924 l’été
2988 4905 3024 4926 en
3039 4899 3121 4928 Fran
3140 4909 3157 4929 e

2255 4937 2286 4943 -
2304 4921 2328 4948 N
2363 4919 2445 4948 4797.

2290 4964 2410 4999 Officier
2425 4964 2460 4992 30
2475 4972 2541 4997 ans,
2560 4967 2639 4994 brun
2655 4969 2808 5005 physique
2823 4975 2978 5011 agréable,
3005 4980 3157 5009 demande

2252 5000 2343 5034 jeune
2359 5000 2419 5027 fille
2433 5007 2469 5027 ou
2487 5000 2577 5034 jeune
2592 5010 2686 5032 veuve
2699 5005 2708 5040 j
2724 5008 2779 5036 /lie,
2799 5012 3016 5041 sentimentale
3042 5019 3071 5042 et
3105 5018 3153 5043 sé¬

2256 5038 2366 5066 rieuse,
2384 5042 2460 5069 pour
2475 5038 2625 5072 mariage,
2644 5045 2738 5075 ayant
2756 5044 2855 5073 bonne
2869 5048 3067 5078 situation.N-
3086 5052 3156 5079 4800

2291 5081 2446 5107 Monsieur
2460 5081 2493 5108 49
2508 5089 2573 5112 ans,
2594 5089 2818 5122 ex-capitaine,
2839 5092 2939 5126 légion
2970 5094 3153 5129 d’honneur,

2254 5122 2269 5142 s
2283 5115 2400 5142 tuation
2423 5117 2505 5144 9.000
2532 5117 2581 5152 fr.,
2596 5127 2634 5148 en
2658 5124 2798 5152 instance
2825 5127 2863 5153 de
2892 5128 3022 5162 divorce,
3053 5131 3156 5158 désire

2253 5151 2363 5178 liaison
2382 5153 2566 5190 immédiate,
2581 5157 2712 5192 sérieux,
2730 5160 2783 5187 dot
2795 5168 2833 5189 ou
2854 5163 3002 5192 situation
3018 5172 3054 5192 en
3081 5174 3153 5198 rap¬

2253 5189 2322 5221 port
2339 5202 2370 5207 —
2385 5188 2423 5216 N’
2442 5189 2524 5217 4801.
