3536 5552
424 489 533 518 Jeune
549 488 685 518 homme
713 489 752 517 32
781 496 853 521 ans,
878 488 971 518 6.000
999 488 1041 517 fr.
1072 483 1289 517 économies’

389 529 458 557 très
474 528 623 564 sérieux,
655 529 744 558 doux
774 529 886 559 désire
916 527 1173 567 correspondre
1202 534 1276 566 pou
1283 518 1300 538 r

391 567 543 606 mariage
558 576 642 599 avec
657 568 856 599 demoiselle
872 576 915 598 ou
931 576 1044 599 veuve
1071 571 1173 607 ayant
1189 569 1301 598 situa¬

394 608 465 638 tion
482 616 525 638 ou
543 608 749 639 économies.
767 626 785 631 -
800 609 840 639 N-
854 609 946 639 6109.

440 666 643 697 Célibataire
670 667 708 697 23
739 675 811 703 ans,
843 668 999 706 employé
1029 667 1160 703 textile,
1191 666 1304 696 désire

402 707 486 737 faire
503 707 751 737 connaissance
768 707 867 738 d’une
894 710 1001 744 jeune
1031 707 1100 737 fille
1128 715 1172 738 ou
1198 708 1305 745 jeune

401 754 512 778 veuve
527 755 616 786 pour
630 748 794 785 mariage.
810 763 825 769 -
837 748 867 777 N
896 748 989 778 6110.

444 807 553 835 Jeune
569 805 705 835 homme
720 805 893 844 indigène,
908 807 946 835 23
963 813 1035 840 ans,
1065 804 1307 844 propriétaire-

406 845 620 882 cultivateur,
638 845 750 875 bonne
766 845 905 881 famille,
924 846 1090 876 demande
1102 853 1144 875 en
1156 844 1308 882 mariage

403 888 509 924 jeune
525 885 603 921 fille,
623 885 663 915 de
673 887 710 915 18
725 887 744 916 à
754 887 793 916 25
804 893 877 921 ans,
889 889 990 924 ayant
999 886 1147 921 fortune,
1159 892 1309 922 envoyer

408 927 524 963 photo.
540 942 553 947 -
565 926 605 955 N-
626 926 717 957 6111.

450 984 603 1014 Cavalier
632 984 690 1013 des
720 984 885 1020 douanes,
929 983 1139 1018 célibataire,
1167 983 1206 1011 28
1236 990 1308 1017 ans,

411 1024 609 1055 traitement
623 1024 715 1053 7.000
730 1024 785 1060 fr.,
798 1032 841 1054 ne
853 1025 944 1054 fume
960 1032 1032 1062 pas,
1044 1024 1195 1058 sérieux,
1207 1024 1311 1060 épou¬

412 1064 518 1095 serait
529 1066 635 1102 jeune
652 1063 720 1095 fille
739 1065 837 1103 jolie,
865 1064 1027 1099 honnête,
1059 1064 1163 1099 aisée,
1182 1063 1222 1092 de
1240 1064 1276 1092 18
1293 1063 1311 1092 à

411 1105 450 1135 25
463 1112 536 1140 ans,
553 1105 715 1135 situation
731 1112 774 1135 en
789 1109 941 1143 rapport.
959 1121 978 1127 -
992 1105 1022 1135 N
1026 1113 1033 1119 -
1050 1105 1141 1134 6112.

454 1153 543 1185 Veuf
553 1154 592 1183 63
607 1161 679 1189 ans,
699 1153 903 1190 affectueux,
916 1154 1010 1184 idées
1027 1153 1152 1191 larges,
1167 1152 1261 1182 5.000
1271 1151 1310 1181 fr.

415 1194 455 1224 de
471 1196 600 1230 rentes,
631 1194 820 1225 recherche
849 1194 1000 1232 mariage
1030 1201 1112 1223 avec
1140 1199 1313 1232 personne

415 1234 569 1266 sérieuse
586 1241 668 1265 avec
684 1234 857 1268 situation,
875 1234 915 1264 de
931 1235 969 1264 45
985 1235 1003 1264 à
1019 1234 1058 1264 60
1069 1242 1142 1264 ans.
1159 1248 1172 1254 -
1187 1234 1216 1262 N
1220 1240 1227 1248 -
1234 1232 1314 1261 6113

450 1292 540 1325 Jeune
556 1292 613 1319 fille
630 1301 663 1327 25
681 1302 743 1325 ans,
761 1292 933 1326 comptable,
951 1294 1008 1319 très
1026 1292 1207 1323 affectueuse,
1219 1290 1314 1316 bonne

416 1328 579 1361 éducation,
596 1330 775 1362 espérances,
792 1327 885 1355 désire
906 1338 979 1362 pour
1008 1327 1136 1361 marfage
1166 1325 1315 1352 monsieur

416 1370 504 1399 ayant
521 1363 662 1391 situation
679 1367 805 1398 assurée,
819 1363 1041 1394 fonctionnaire,
1055 1361 1188 1390 aimerait
1204 1361 1314 1395 s’expa¬

417 1400 497 1428 trier.
514 1414 528 1419 -
544 1399 580 1427 N‘
596 1402 669 1434 6114.

453 1448 603 1481 Adjudant
617 1449 653 1476 de
668 1448 817 1481 cavalerie,
834 1458 867 1481 32
882 1458 946 1481 ans,
956 1447 1062 1483 grand,
1073 1447 1141 1480 fort,
1152 1445 1314 1478 distingué,

418 1484 483 1512 bien
500 1493 567 1511 sous
585 1491 650 1512 tous
667 1491 811 1518 rapports,
828 1484 896 1518 gain
924 1483 1054 1511 mensuel
1071 1492 1146 1510 1.000
1162 1481 1209 1514 fr.,
1234 1481 1316 1508 avoir

420 1529 523 1549 20.000
538 1520 584 1551 ir.,
603 1519 720 1547 retraité
735 1520 807 1548 dans
837 1530 852 1554 4
867 1529 930 1554 ans,
962 1528 1043 1552 3.000
1073 1518 1120 1551 fr.,
1151 1516 1317 1550 épouserait

419 1556 500 1589 jeune
516 1565 615 1586 veuve,
634 1555 708 1589 jolie,
726 1555 908 1588 affectueuse,
926 1561 1014 1590 ayant
1030 1553 1154 1588 qualités
1176 1552 1210 1579 de
1226 1562 1315 1585 coeur,

419 1591 558 1619 intérieur
572 1597 598 1618 et
614 1591 756 1619 situation
764 1601 798 1618 en
814 1596 944 1625 rapport,
957 1589 1130 1624 accepterait
1142 1598 1181 1616 un
1193 1598 1229 1615 ou
1241 1588 1315 1615 deux

418 1626 545 1655 enfants.
560 1642 575 1646 -
590 1627 624 1654 N’
642 1627 721 1660 6113.

456 1680 615 1714 Orpheline
631 1689 663 1715 35
680 1690 742 1715 ans,
760 1679 948 1713 institutrice,
966 1680 1057 1707 brune
1073 1677 1217 1712 agréable,
1245 1677 1318 1711 petit

419 1716 500 1744 avoir
516 1726 549 1743 en
565 1715 736 1750 propriétés,
756 1717 849 1743 bonne
863 1719 955 1748 santé,
985 1714 1080 1742 désire
1109 1713 1317 1747 correspondre

420 1761 492 1786 pour
504 1753 632 1786 mariage
648 1762 713 1779 avec
727 1751 940 1779 fonctionnaire
969 1750 1091 1779 colonial
1122 1760 1157 1777 ou
1188 1748 1316 1782 retraité,

420 1787 487 1816 irait
500 1797 555 1815 aux
571 1787 706 1815 colonies.
723 1802 736 1806 -
753 1788 790 1816 N'
810 1789 890 1815 6116.

456 1841 554 1869 Veuve
569 1840 705 1869 d’officier
721 1851 750 1876 31
769 1850 832 1875 ans,
849 1850 918 1868 sans
935 1839 1044 1873 enfant,
1062 1839 1128 1867 bien
1152 1848 1220 1866 sous
1252 1844 1318 1865 tous

422 1883 567 1912 rapports,
586 1887 667 1912 2.400
679 1877 713 1904 fr.
730 1877 764 1904 de
780 1883 870 1909 rente,
887 1885 1004 1911 grosses
1034 1878 1214 1909 espérances,
1230 1877 1318 1907 épou¬

422 1913 511 1941 serait
527 1913 675 1940 monsieur
690 1919 777 1947 ayant
793 1912 935 1940 situation
951 1919 987 1939 Ou
1010 1910 1115 1938 officier
1147 1910 1255 1937 France
1282 1919 1318 1936 ou

420 1949 556 1977 colonies.
573 1964 586 1967 -
601 1949 637 1976 N’
655 1950 731 1982 6117.

458 2002 671 2035 Lieutenant3o
681 2012 743 2035 ans,
753 2002 864 2029 bientôt
874 2001 1027 2035 capitaine,
1039 1999 1133 2035 légion
1144 1999 1318 2031 d’honneur,

422 2049 436 2073 7
452 2037 598 2071 citations,
616 2038 703 2070 doux,
721 2038 917 2070 sentimental,
936 2036 1014 2064 taille
1030 2045 1181 2071 moyenne,
1202 2034 1319 2061 chatain

421 2070 512 2106 foncé,
526 2083 598 2108 yeux
620 2073 721 2106 bruns,
738 2073 819 2101 avoir
833 2082 930 2108 50,000
946 2073 993 2106 fr.,
1006 2071 1099 2099 désire
1110 2070 1237 2105 mariage
1253 2080 1320 2097 avec

423 2110 504 2142 jeune
520 2109 577 2136 fille
592 2119 628 2137 ou
646 2109 727 2142 jeune
752 2119 843 2137 veuve
873 2109 966 2136 bonne
995 2107 1147 2134 éducation
1177 2112 1205 2133 et
1229 2106 1289 2133 dot.
1306 2120 1320 2124 -

422 2146 457 2173 N‘
474 2147 552 2180 6119.

459 2198 684 2226 Fonctionnaire
699 2198 806 2231 d’Etat,
823 2208 857 2233 44
872 2207 935 2231 ans,
965 2206 1033 2225 sans
1063 2196 1172 2229 enfant,
1203 2194 1321 2222 retraité

423 2235 495 2262 dans
512 2235 585 2261 deux
603 2243 667 2267 ans,
684 2234 765 2262 avoir
792 2243 891 2261 20.000
911 2233 964 2261 fr..
995 2230 1229 2266 correspondrait
1254 2240 1321 2258 avec

423 2270 589 2298 demoiselle
604 2280 641 2298 ou
657 2280 758 2303 veuve,
788 2273 840 2305 âge
868 2276 896 2296 et
925 2268 1066 2296 situation
1097 2278 1132 2294 en
1159 2273 1290 2301 rapport.
1307 2281 1320 2285 -

422 2306 458 2334 N’
474 2307 553 2333 6120.

461 2359 636 2386 Demoiselle
650 2369 681 2393 27
696 2369 759 2393 ans,
773 2359 823 2386 dot
834 2365 862 2386 et
883 2361 1064 2393 espérances,
1084 2356 1188 2384 femme
1217 2355 1322 2382 d’inté¬

424 2395 512 2429 rieur,
532 2395 726 2426 travailleuse,
757 2394 921 2429 épouserait
949 2394 1031 2427 jeune
1061 2393 1176 2419 homme
1197 2391 1320 2424 sérieux,

423 2431 553 2465 employé
566 2431 600 2458 de
616 2430 787 2465 préférence,
806 2430 913 2458 France
928 2440 965 2457 ou
976 2428 1113 2457 colonies.
1132 2428 1167 2456 N'
1185 2428 1266 2454 6121.

459 2484 547 2517 Jeune
564 2485 691 2517 homme,
707 2494 740 2518 24
755 2494 819 2517 ans,
835 2484 965 2518 employé
973 2482 1008 2510 de
1018 2490 1186 2514 commerce,
1199 2481 1322 2514 appoin¬

425 2526 548 2548 tements
564 2522 580 2547 6
594 2529 646 2548 000
662 2519 707 2551 fr.,
725 2519 806 2547 avoir
825 2529 922 2547 12.000
939 2519 985 2551 fr.,
1003 2517 1095 2545 désire
1112 2516 1241 2551 mariage
1257 2526 1324 2544 avec

426 2556 508 2588 jeune
524 2555 581 2583 fille
600 2557 630 2583 18
645 2558 660 2583 à
690 2565 721 2582 22
748 2566 812 2589 ans,
841 2555 915 2588 jolie,
946 2553 1129 2586 affectueuse,
1160 2552 1322 2586 préférence

426 2592 538 2619 blonde.
555 2606 570 2610 -
586 2591 619 2619 N’
637 2592 711 2618 6118.

460 2645 550 2678 Jeune
579 2645 694 2672 homme
721 2654 754 2679 24
783 2654 846 2677 ans,
874 2644 939 2671 bien
967 2642 1204 2677 physiquement,
1235 2647 1323 2676 ayant

426 2690 531 2715 agence
546 2680 660 2708 maison
676 2679 812 2714 Sénégal,
829 2679 993 2713 épouserait
1009 2679 1091 2711 jeune
1107 2677 1164 2704 fille
1185 2677 1322 2710 honnête,

426 2717 566 2749 fortunée,
584 2726 709 2751 envoyer
725 2717 824 2750 photo-
842 2730 854 2734 -
870 2715 905 2743 N‘
922 2717 1002 2742 6122.

462 2761 637 2788 Célibataire
678 2770 709 2795 35
740 2770 803 2792 ans,
846 2760 916 2792 seul,
959 2758 1147 2793 agriculteur,
1188 2756 1323 2784 domaine

426 2798 525 2824 28.000
533 2796 579 2830 fr.,
587 2796 674 2830 petite
685 2796 773 2828 taille,
783 2795 950 2829 énergique,
960 2797 1041 2821 santé
1049 2794 1083 2820 de
1093 2793 1144 2825 fer,
1154 2792 1321 2826 passionné,

426 2831 596 2859 travailleur
612 2837 639 2859 et
655 2835 797 2860 économe,
815 2830 870 2857 dur
885 2826 1039 2862 d’oreilles,
1057 2828 1164 2856 service
1180 2833 1207 2854 et
1224 2827 1321 2854 muni-

426 2867 566 2895 tionniste
582 2870 597 2894 à
613 2868 638 2895 la
654 2877 768 2902 guerre,
784 2865 878 2893 désire
895 2866 1023 2898 mariage
1042 2874 1108 2892 avec
1131 2865 1234 2891 femme
1256 2866 1324 2897 âgée

425 2904 459 2930 de
476 2903 540 2936 plus
555 2903 590 2930 de
619 2912 651 2929 22
666 2912 730 2935 ans,
761 2905 904 2934 économe,
922 2901 1058 2932 sérieuse,
1072 2900 1149 2926 taille
1171 2908 1321 2933 moyenne,

425 2935 591 2972 catholique
605 2944 693 2970 ayant
709 2938 768 2970 dot,
785 2943 851 2971 apte
867 2940 881 2964 à
893 2936 981 2970 aider,
999 2945 1062 2963 sera
1079 2939 1137 2963 très
1153 2934 1255 2968 aimée,
1273 2937 1323 2961 née

425 2984 459 3002 en
477 2974 544 3008 mai,
562 2974 633 3008 juin,
654 2974 815 3008 septembre
831 2982 867 2999 ou
883 2973 1009 3004 octobre,
1024 2975 1165 2998 caractère
1179 2970 1323 2997 s’harmo¬

425 3010 567 3043 niseront,
583 3010 714 3038 divorcée
729 3008 895 3040 s’abstenir,
911 3023 924 3027 -
940 3008 975 3035 N’
993 3009 1065 3041 6123.

463 3063 579 3091 Officier
591 3074 624 3091 en
642 3063 769 3096 retraite,
787 3061 930 3090 chevalier
946 3061 979 3088 de
996 3060 1022 3087 la
1038 3060 1133 3095 légion
1149 3058 1322 3092 d’honneur,

425 3101 459 3135 48
470 3109 534 3133 ans,
545 3099 639 3126 bonne
649 3101 740 3131 santé,
753 3097 846 3125 désire
858 3096 985 3132 mariage
997 3106 1064 3123 avec
1075 3096 1168 3126 dame,
1181 3094 1323 3121 situation

425 3146 459 3163 en
476 3141 604 3169 rapport.
617 3150 631 3154 -
647 3134 681 3162 N'
699 3136 778 3168 6124.

460 3188 547 3221 Veuf,
562 3199 597 3223 47
612 3198 674 3220 ans,
692 3187 838 3222 physique
864 3186 1008 3220 agréable,
1038 3195 1054 3212 2
1078 3185 1205 3215 fillettes,
1218 3185 1234 3210 6
1251 3190 1278 3210 et
1301 3194 1322 3210 u

425 3234 487 3256 ans,
504 3224 676 3256 économies,
699 3222 856 3251 immeuble
883 3224 981 3249 26.000
1011 3220 1058 3253 fr,,
1089 3219 1281 3254 propriétaire
1297 3226 1325 3247 et

426 3260 580 3293 industrie,
603 3259 768 3294 épouserait
787 3258 964 3291 demoiselle,
994 3266 1084 3283 veuve
1114 3266 1150 3283 ou
1179 3255 1322 3288 divorcée,

426 3296 594 3324 honorable.
611 3311 623 3315 -
640 3295 675 3322 N'
692 3296 765 3329 6125.

461 3349 637 3376 Célibataire
663 3348 707 3376 fils
728 3349 847 3383 unique,
867 3349 900 3382 36
915 3357 978 3382 ans,
999 3345 1140 3373 situation
1153 3354 1263 3372 100.000
1275 3344 1323 3378 fr.,

428 3396 459 3421 25
475 3395 527 3412 000
541 3384 578 3412 fr.
605 3384 780 3412 association
804 3383 878 3412 dans
903 3382 1013 3417 grande
1037 3382 1121 3409 usine
1148 3380 1324 3408 association

424 3426 544 3456 rapport
561 3430 662 3448 20.000
678 3420 713 3447 fr.
727 3419 892 3454 épouserait
905 3420 1009 3446 femme
1020 3418 1123 3451 brune,
1136 3415 1278 3444 situation
1289 3426 1324 3443 en

424 3463 554 3492 rapport.
570 3472 582 3475 -
599 3457 634 3484 N'
651 3457 730 3484 6126.

460 3514 637 3543 Célibataire
666 3524 698 3549 32
724 3524 787 3547 ans,
814 3513 945 3547 employé
968 3511 1003 3539 de
1033 3512 1152 3544 bureau,
1181 3509 1324 3537 situation

426 3560 512 3586 5.400
526 3550 622 3578 francs
634 3560 685 3585 par
696 3560 743 3583 an,
756 3553 814 3577 très
826 3548 951 3582 sérieux,
963 3547 1134 3579 affectueux,
1146 3545 1324 3580 catholique,

424 3586 589 3621 épouserait
603 3585 769 3613 demoiselle
791 3595 827 3612 ou
848 3594 939 3611 veuve
955 3582 1127 3616 catholique,
1154 3581 1188 3609 de
1215 3581 1324 3608 famille

424 3623 510 3655 aisée,
528 3622 639 3650 aimant
655 3622 680 3648 la
696 3630 865 3656 campagne,
882 3620 1014 3647 bonheur
1030 3621 1140 3645 assuré.
1159 3632 1166 3635 -
1192 3617 1227 3644 N'
1244 3618 1320 3650 6127.

461 3671 636 3700 Célibataire
661 3680 691 3705 52
716 3680 779 3704 ans,
803 3669 876 3702 seul,
904 3667 994 3696 établi
1017 3666 1199 3698 cordonnier,
1229 3665 1324 3693 désire

424 3708 550 3742 mariage
567 3717 633 3734 avec
648 3706 814 3734 demoiselle
829 3714 865 3732 ou
883 3714 973 3731 veuve
989 3709 1077 3737 ayant
1101 3701 1203 3729 métier
1223 3711 1324 3728 secon¬

423 3743 513 3777 daire,
538 3743 625 3777 petite
647 3742 707 3775 dot,
735 3745 787 3776 âge
818 3739 993 3770 indifférent,
1026 3748 1062 3766 ou
1090 3748 1126 3765 en
1154 3742 1284 3771 rapport.
1311 3752 1325 3756 -

424 3781 458 3808 N‘
476 3780 554 3807 6128.

459 3837 669 3870 Ex-adjudant,
695 3845 722 3870 41
749 3845 811 3869 ans,
841 3834 972 3861 médaille
1003 3831 1149 3864 militaire,
1182 3830 1260 3857 croix
1290 3830 1324 3857 de

422 3883 536 3908 guerre,
562 3871 683 3907 pension
710 3881 792 3898 2.200
820 3869 868 3903 fr.,
896 3869 982 3896 établi
1015 3867 1167 3899 armurier,
1193 3873 1325 3900 gagnant

423 3911 505 3937 8.000
521 3908 556 3936 fr.
580 3918 630 3942 par
650 3917 696 3937 an,
721 3906 816 3934 désire
846 3913 1004 3939 compagne
1027 3903 1063 3930 de
1092 3913 1124 3937 33
1148 3905 1164 3930 à
1196 3911 1230 3936 40
1260 3911 1323 3935 ans,

423 3949 512 3980 ayant
528 3944 618 3971 avoir.
636 3958 650 3962 -
665 3942 700 3970 N'
717 3944 791 3978 6129.

459 3993 557 4022 Veuve
589 4002 616 4027 51
650 4001 713 4025 ans,
743 3992 880 4023 honnête,
908 3989 1013 4016 femme
1042 3987 1222 4020 d’intérieur,
1254 3996 1323 4014 sans

423 4029 533 4061 enfant,
556 4028 637 4056 avoir
665 4036 758 4060 15.000
782 4026 829 4059 fr.,
853 4026 918 4059 plus
945 4023 1086 4055 mobilier,
1113 4022 1207 4051 désire
1231 4022 1325 4050 s’unir

422 4075 490 4093 avec
518 4064 650 4100 employé
679 4064 815 4097 honnête,
844 4061 970 4094 sérieux,
997 4062 1050 4094 âge
1076 4069 1111 4087 en
1147 4064 1280 4093 rapport.
1311 4074 1324 4078 -

424 4102 458 4129 N’
476 4102 549 4134 6130.

460 4148 637 4177 Célibataire
654 4147 724 4177 seul,
741 4156 775 4181 45
792 4155 854 4178 ans,
873 4144 1040 4179 paraissant
1063 4143 1129 4170 bien
1146 4142 1211 4177 plus
1229 4142 1322 4175 jeune,

424 4185 541 4213 châtain
557 4184 648 4216 foncé,
666 4182 746 4209 avoir
774 4190 871 4216 50.000
888 4180 935 4214 fr.,
965 4178 1130 4213 épouserait
1158 4177 1325 4205 demoiselle

422 4231 514 4249 veuve
528 4230 563 4247 ou
579 4219 721 4251 divorcée,
735 4217 851 4244 fortune
862 4215 1041 4250 réciproque,
1057 4214 1156 4241 lettres
1171 4212 1297 4246 signées.
1311 4227 1324 4231 -

423 4257 449 4285 N
455 4265 460 4270 -
476 4258 556 4291 6131.

457 4310 558 4338 Veuve
575 4318 603 4344 55
618 4317 682 4341 ans,
700 4317 733 4334 ne
747 4307 787 4334 les
799 4304 966 4341 paraissant
976 4313 1037 4338 pas,
1050 4303 1144 4330 bonne
1155 4301 1320 4336 éducation,

421 4345 540 4374 retraite
558 4354 638 4373 1.000
653 4343 700 4377 fr.,
718 4341 859 4371 situation
877 4350 958 4375 3.000
974 4338 1009 4366 fr.
1023 4349 1075 4373 par
1087 4348 1146 4372 an.,
1157 4337 1323 4371 épouserait

423 4381 573 4409 monsieur
589 4379 713 4409 sérieux,
729 4379 802 4413 petit
827 4376 935 4404 rentier
964 4385 1000 4403 ou
1030 4372 1233 4409 propriétaire,
1250 4383 1324 4408 pour

421 4420 482 4445 être
498 4418 651 4444 heureuse.
667 4430 681 4434 -
696 4415 731 4442 N'
748 4416 830 4449 6132.

457 4469 680 4498 Fonctionnaire
697 4478 726 4503 53
743 4478 807 4502 ans,
837 4467 930 4493 bonne
961 4467 1054 4498 santé,
1085 4461 1323 4498 appointements

423 4516 519 4534 10.000
536 4506 582 4539 fr.,
600 4515 629 4532 se
646 4503 795 4531 marierait
811 4512 878 4529 avec
907 4510 998 4529 veuve
1026 4510 1062 4527 ou
1091 4500 1236 4531 divorcée,
1254 4508 1323 4526 sans

419 4553 452 4570 en
458 4543 470 4558 r
469 4548 529 4576 ant,
546 4551 598 4575 pas
614 4540 679 4575 plus
696 4549 729 4574 47
743 4549 806 4573 ans,
824 4543 912 4573 ayant
929 4545 1009 4572 2.500
1026 4535 1061 4563 fr.
1078 4536 1112 4563 de
1129 4540 1238 4562 rentes.
1256 4549 1269 4553 -
1285 4534 1322 4562 N'

417 4580 497 4612 6133.

456 4629 632 4658 Demoiselle
650 4638 677 4660 31
694 4638 757 4659 ans,
778 4636 857 4660 1.500
882 4626 917 4654 fr.
948 4626 981 4653 de
1012 4630 1119 4657 rentes,
1150 4626 1323 4657 espérances

418 4666 555 4701 quelques
574 4663 721 4693 centaines
737 4663 772 4690 de
789 4662 866 4690 mille
880 4662 986 4694 francs,
1003 4660 1074 4687 belle
1091 4662 1185 4692 santé,
1203 4658 1321 4692 simple,

416 4703 552 4734 aimante,
572 4700 706 4731 cultivée,
736 4698 830 4726 désire
861 4697 988 4732 mariage
1017 4694 1220 4723 d’inclination
1251 4704 1321 4721 avec

418 4738 566 4766 monsieur
583 4737 618 4764 de
636 4746 666 4768 32
683 4739 698 4762 à
712 4744 745 4769 40
761 4744 824 4762 ans.
842 4748 853 4752 -
872 4733 904 4760 N'
921 4733 1002 4767 6136.

450 4791 538 4823 Veuf,
555 4801 590 4825 44
605 4799 668 4821 ans,
684 4798 750 4816 avec
766 4798 805 4814 un
831 4786 876 4813 fils
905 4786 940 4813 de
973 4795 1003 4812 10
1032 4794 1095 4816 ans,
1128 4783 1321 4817 propriétaire

415 4829 489 4856 deux
506 4826 669 4860 propriétés
687 4833 699 4858 5
717 4824 858 4854 hectares,
881 4821 984 4855 vignes
1010 4826 1037 4847 et
1064 4819 1193 4846 cultures
1211 4823 1319 4846 maraî¬

415 4864 526 4893 chères,
543 4860 702 4896 possédant
715 4860 862 4893 logement
875 4867 909 4884 en
924 4856 1010 4895 ville,_
1022 4853 1187 4888 épouserait
1207 4854 1319 4881 demoi¬

416 4898 485 4926 selle
500 4908 536 4925 ou
554 4906 643 4924 veuve
660 4904 727 4923 sans
741 4894 852 4925 enfant,
870 4890 1064 4919 honorabilité
1080 4889 1213 4923 parfaite,
1235 4890 1270 4917 de
1287 4899 1318 4925 35

414 4938 429 4961 à
444 4944 479 4969 40
494 4943 560 4960 ans.
579 4930 743 4960 Habiterait
759 4929 785 4957 la
800 4937 960 4962 compagne
972 4926 1035 4953 l’été
1050 4932 1077 4953 et
1087 4926 1113 4953 la
1123 4925 1190 4952 ville
1203 4925 1317 4954 l’hiver.

414 4969 449 4998 N'
469 4971 500 4996 6i
511 4979 552 5002 37.

448 5021 624 5050 Demoiselle
640 5022 673 5055 46
688 5029 752 5052 ans,
782 5017 931 5051 instruite,
962 5016 1066 5043 femme
1094 5015 1133 5042 du
1167 5015 1273 5041 monde
1290 5021 1318 5042 et

409 5057 593 5090 d’intérieur,
606 5061 794 5090 protestante,
814 5053 870 5080 fille
899 5053 933 5080 de
963 5050 1178 5079 fonctionnaire
1208 5050 1318 5077 estimé

410 5097 588 5121 récemment
601 5091 712 5124 décédé,
730 5089 910 5124 portefeuille
942 5096 1039 5122 50.000
1067 5086 1113 5120 fr.,
1145 5085 1316 5118 épouserait

410 5128 623 5157 fonctionnaire
639 5136 674 5154 en
704 5125 821 5153 activité
850 5134 886 5152 ou
916 5133 951 5150 en
977 5122 1105 5154 retraite,
1135 5116 1244 5149 officier
1275 5131 1316 5148 ou

410 5163 602 5198 propriétaire
618 5163 652 5189 de
667 5163 701 5196 46
716 5165 729 5188 à
750 5163 781 5194 58
796 5170 848 5188 ans
866 5170 872 5192 ;
889 5159 983 5186 désire
1000 5161 1092 5190 santé,
1104 5157 1315 5188 honorabilité,

409 5198 582 5228 distinction
599 5206 670 5232 pour
686 5197 786 5224 fonder
803 5196 882 5230 foyer
899 5193 1100 5222 harmonieux.
1117 5208 1130 5212 -
1146 5192 1180 5220 N'
1198 5193 1278 5226 6138.

1392 487 1565 514 Instituteur
1581 487 1709 519 retraité,
1729 496 1761 522 57
1777 496 1841 519 ans,
1859 486 1924 513 n’en
1941 486 2108 520 paraissant
2135 494 2186 519 pas
2211 493 2253 517 50,

1356 525 1432 554 veut,
1442 524 1507 550 bien
1518 529 1645 556 portant,
1654 532 1722 550 sans
1730 524 1846 556 charge,
1859 522 1981 555 pension
1988 521 2122 549 annuelle
2129 529 2210 555 4.050
2219 519 2253 545 fr.

1357 558 1520 592 épouserait
1536 568 1627 586 veuve
1642 559 1676 586 de
1688 568 1800 592 guerre,
1818 558 2037 591 enseignement
2053 567 2089 584 ou
2112 555 2255 584 adminis¬

1360 594 1479 628 tration,
1495 594 1530 621 de
1543 604 1577 629 40
1594 598 1608 621 à
1627 604 1656 628 55
1673 603 1736 628 ans,
1748 594 1884 625 sérieuse,
1894 593 2078 625 affectueuse,
2090 591 2256 620 demoiselle

1359 640 1395 657 ou
1411 631 1494 657 dame
1508 630 1638 657 divorcée
1655 633 1669 657 à
1686 639 1738 657 son
1755 630 1851 664 profit,
1867 629 2009 657 situation
2039 638 2073 656 en
2096 632 2226 662 rapport.
2244 641 2257 645 -

1360 666 1395 693 N'
1414 669 1495 701 6139.

1396 720 1486 752 Jeune
1503 719 1617 747 homme
1635 730 1666 754 27
1683 729 1746 752 ans,
1777 719 1854 752 parle
1886 718 2032 745 marocain
2064 723 2091 744 et
2120 715 2257 751 algérien,

1364 755 1553 783 connaissant
1566 755 1688 787 culture,
1718 755 1813 783 désire
1840 755 2051 788 correspondre
2080 763 2148 780 avec
2176 753 2258 785 jeune

1364 791 1419 818 fille
1435 792 1469 818 de
1488 791 1518 818 18
1533 794 1548 818 à
1565 800 1598 818 20
1613 801 1676 825 ans,
1690 797 1777 825 ayant
1788 790 1837 818 dot
1852 801 1859 824 ;
1873 799 1906 816 ne
1918 790 2026 824 répond
2040 789 2146 823 qu’aux
2158 788 2259 815 lettres

1363 827 1488 862 signées.
1505 841 1518 846 -
1535 827 1558 854 N
1565 833 1570 840 -
1587 828 1666 862 6140.

1403 880 1578 908 Demoiselle
1594 890 1624 913 25
1643 889 1705 913 ans,
1718 885 1907 913 protestante,
1924 879 2099 913 distinguée,
2112 876 2260 909 instruite,

1365 919 1422 943 très
1439 916 1566 943 aimante
1592 922 1619 943 et
1648 916 1783 948 dévouée,
1812 916 1863 943 dot
1891 921 1991 948 30.000
2021 914 2067 943 fr.,
2098 911 2262 948 épouserait

1368 952 1515 979 monsieur
1531 952 1645 979 sérieux
1661 957 1688 979 et
1711 951 1818 978 cultivé
1841 956 1930 985 ayant
1946 949 2097 978 situation.
2110 964 2124 968 -
2135 949 2261 982 N'6141.

1404 1005 1559 1033 Industriel
1575 1011 1602 1032 et
1618 1011 1825 1038 entrepreneur
1840 1005 1874 1040 48
1887 1014 1949 1036 ans,
1968 1003 2134 1038 paraissant
2157 1001 2262 1034 moins,

1366 1041 1481 1069 divorcé
1497 1045 1511 1068 à
1535 1051 1588 1068 son
1617 1039 1704 1074 profit
1733 1050 1783 1073 par
1814 1040 1888 1068 suite
1917 1040 1951 1067 de
1980 1049 2092 1075 guerre,
2120 1037 2264 1072 physique

1368 1078 1511 1112 agréable,
1527 1076 1698 1110 affectueux,
1713 1076 1836 1107 sérieux,
1854 1075 1932 1109 actif,
1948 1075 2025 1104 idées
2038 1075 2142 1108 larges,
2153 1074 2264 1101 aimant

1367 1113 1517 1144 intérieur,
1535 1112 1677 1140 situation
1692 1122 1788 1140 10.000
1799 1111 1846 1144 fr.,
1864 1118 1966 1146 argent
1977 1118 2004 1138 et
2016 1110 2096 1138 avoir
2110 1119 2206 1143 50.000
2215 1108 2263 1142 fr.,

1367 1148 1461 1176 désire
1476 1158 1549 1183 pour
1566 1149 1704 1176 terminer
1719 1148 1765 1175 vie
1781 1148 1933 1181 heureuse,
1951 1147 2040 1174 union
2056 1156 2124 1173 avec
2152 1143 2263 1172 demoi¬

1369 1185 1447 1218 selle,
1465 1194 1554 1212 veuve
1570 1194 1606 1210 ou
1622 1184 1765 1216 divorcée,
1782 1183 1965 1215 affectueuse,
1983 1181 2108 1216 qualités
2125 1181 2158 1207 de
2174 1190 2261 1210 coeur,

1369 1220 1471 1247 femme
1487 1219 1666 1253 d’intérieur,
1683 1221 1770 1254 goûts
1787 1219 1942 1252 modestes,
1960 1224 2048 1253 ayant
2076 1224 2149 1252 petit
2172 1216 2264 1247 avoir,

1370 1256 1493 1290 qualités
1523 1265 1557 1282 en
1587 1261 1707 1290 rapport
1735 1266 1742 1287 ;
1772 1255 1868 1282 aurait
1905 1253 2070 1282 l’intention
2101 1252 2201 1280 d’aller
2230 1261 2266 1278 au

1371 1292 1477 1319 Maroc.
1494 1306 1507 1311 -
1523 1291 1559 1318 N’
1575 1287 1657 1327 6*142.

1406 1350 1486 1377 Veuf
1500 1359 1524 1385 51
1540 1359 1603 1383 ans,
1620 1349 1706 1377 belles
1723 1349 1847 1383 qualités
1871 1349 1904 1375 de
1933 1358 2022 1381 cœur,
2053 1353 2141 1382 ayant
2169 1345 2269 1373 enfant

1373 1396 1430 1413 non
1460 1389 1475 1413 à
1501 1395 1532 1413 sa
1561 1386 1676 1419 charge,
1708 1384 1876 1412 traitement
1905 1394 1986 1416 3.000
2016 1384 2063 1416 fr.,
2093 1383 2158 1416 plus
2188 1380 2269 1408 avoir

1370 1421 1555 1453 (immeubles
1569 1421 1681 1448 maison
1693 1426 1720 1447 et
1735 1421 1914 1455 campagne),
1923 1418 2088 1454 épouserait
2103 1416 2269 1445 demoiselle

1371 1467 1408 1484 ou
1423 1467 1514 1484 veuve
1528 1458 1563 1484 de
1579 1457 1613 1491 38
1628 1459 1644 1484 à
1658 1466 1691 1492 45
1708 1466 1772 1489 ans,
1788 1462 1877 1491 ayant
1891 1455 1984 1483 avoir.
2001 1470 2015 1475 -
2029 1454 2064 1482 N'
2081 1456 2162 1488 6143.

1408 1519 1493 1551 Veuf,
1512 1528 1524 1551 3
1540 1518 1655 1546 enfants
1671 1518 1786 1545 ouvrier
1802 1517 1927 1552 agricole
1939 1522 2069 1551 gagnant
2082 1526 2133 1550 300
2150 1516 2199 1547 fr.,
2217 1525 2268 1549 par

1373 1555 1460 1589 mois,
1477 1553 1572 1582 désire
1588 1554 1717 1587 mariage
1731 1563 1797 1581 avec
1812 1553 1978 1581 demoiselle
1994 1562 2029 1580 ou
2052 1562 2143 1579 veuve
2159 1561 2190 1586 35
2206 1554 2221 1577 à
2237 1560 2271 1585 40

1379 1601 1441 1622 ans,
1458 1600 1532 1625 pour
1547 1590 1639 1617 élever
1655 1590 1769 1617 entants
1784 1595 1812 1616 et
1826 1588 1900 1617 tenir
1916 1588 2067 1616 intérieur.
2084 1603 2097 1606 -
2113 1588 2147 1615 N'
2165 1589 2242 1622 6144.

1408 1649 1486 1676 Veut
1500 1658 1534 1684 40
1549 1658 1612 1680 ans,
1630 1657 1697 1676 avec
1706 1647 1780 1674 deux
1792 1646 1899 1681 gentils
1909 1646 2024 1674 enfants
2034 1645 2068 1672 de
2083 1646 2100 1672 8
2115 1651 2142 1672 et
2161 1655 2190 1672 12
2207 1654 2270 1678 ans,

1373 1691 1462 1720 ayant
1477 1683 1550 1719 petit
1566 1693 1722 1711 commerce
1739 1689 1766 1710 et
1782 1682 1886 1711 travail
1902 1686 2004 1710 assuré
2020 1691 2087 1709 avec
2102 1684 2271 1715 espérances

1373 1721 1407 1748 de
1424 1729 1520 1755 15.000
1534 1720 1569 1747 fr.
1595 1719 1726 1749 environ,
1758 1718 1923 1753 épouserait
1949 1717 2115 1745 demoiselle
2131 1727 2166 1744 ou
2182 1725 2272 1744 veuve

1374 1766 1442 1784 sans
1458 1755 1567 1789 enfant,
1584 1756 1618 1783 de
1633 1764 1664 1791 35
1681 1758 1695 1781 à
1722 1764 1756 1790 42
1785 1764 1848 1788 ans,
1880 1753 2022 1781 situation
2051 1762 2085 1779 en
2113 1757 2241 1786 rapport.
2259 1766 2272 1770 -

1374 1792 1408 1820 N'
1426 1794 1507 1826 6145.

1411 1848 1611 1878 Sous-officier
1626 1850 1660 1876 de
1676 1849 1808 1881 carrière,
1840 1847 1976 1875 libérable
2003 1848 2076 1874 dans
2092 1846 2165 1873 deux
2182 1855 2233 1873 ans
2248 1851 2275 1872 et

1374 1886 1477 1917 demie,
1494 1895 1561 1913 avec
1577 1885 1699 1919 pension
1711 1890 1738 1911 et
1755 1885 1810 1911 bon
1827 1883 1943 1917 emploi,
1960 1883 2055 1911 désire
2066 1881 2274 1916 correspondre

1375 1932 1442 1948 avec
1457 1921 1623 1949 demoiselle
1653 1921 1687 1948 de
1715 1930 1748 1947 22
1775 1924 1789 1947 à
1817 1922 1850 1947 26
1879 1929 1942 1952 ans,
1973 1924 2063 1954 ayant
2090 1917 2242 1945 situation.
2262 1932 2275 1935 -

1375 1958 1410 1985 N"
1427 1959 1507 1992 6146.

1411 2016 1501 2048 Jeune
1517 2015 1633 2042 homme
1650 2023 1682 2047 30
1698 2024 1761 2047 ans,
1778 2014 1867 2048 petite
1880 2013 2033 2046 situation,
2045 2011 2140 2039 désire
2149 2010 2277 2045 mariage

1376 2062 1443 2078 avec
1457 2050 1623 2078 demoiselle
1639 2050 1672 2077 de
1686 2060 1717 2084 23
1735 2052 1751 2076 à
1765 2059 1797 2084 30
1807 2058 1869 2083 ans,
1880 2058 1917 2076 ou
1930 2059 2020 2076 veuve
2036 2048 2071 2075 de
2083 2057 2116 2081 23
2133 2051 2147 2074 à
2164 2058 2198 2081 30
2212 2056 2274 2078 ans,

1375 2102 1389 2106 -
1405 2087 1429 2114 N
1435 2094 1440 2099 -
1457 2089 1526 2122 6147

1412 2145 1552 2172 Divorcée
1567 2147 1582 2170 à
1596 2153 1650 2171 son
1665 2143 1764 2178 profit,
1780 2153 1813 2178 39
1828 2152 1891 2173 ans,
1910 2152 1980 2170 sans
1997 2141 2109 2174 enfant,
2126 2141 2192 2168 bien
2208 2150 2277 2167 sous

1379 2187 1447 2208 tous
1464 2181 1504 2208 les
1522 2185 1667 2214 rapports,
1684 2179 1788 2206 femme
1803 2178 1982 2210 d’intérieur,
1999 2187 2098 2205 20.000
2115 2177 2161 2210 fr.,
2176 2182 2278 2210 argent

1380 2216 1446 2250 plus
1463 2215 1600 2243 mobilier
1620 2221 1647 2243 et
1672 2223 1789 2249 grosses
1819 2217 1999 2249 espérances,
2028 2212 2123 2241 désire
2152 2211 2279 2246 mariage

1377 2261 1448 2280 avec
1465 2251 1623 2285 monsieur,
1641 2250 1712 2285 petit
1727 2250 1844 2283 rentier,
1861 2259 1897 2277 ou
1913 2256 2002 2284 ayant
2029 2248 2180 2281 situation,
2196 2247 2229 2276 de
2245 2256 2277 2282 45

1377 2292 1391 2315 à
1407 2290 1440 2322 65
1457 2297 1519 2319 ans,
1537 2288 1665 2314 honnête
1681 2292 1708 2313 et
1722 2286 1816 2313 bonne
1832 2288 1922 2313 santé.
1938 2301 1952 2304 -
1967 2286 1992 2313 N
1995 2293 2003 2300 -
2021 2285 2100 2319 6148.

1412 2346 1494 2373 Veuf
1503 2347 1536 2374 62
1553 2355 1615 2377 ans,
1633 2344 1734 2372 ancien
1746 2349 1950 2377 commerçant,
1972 2344 2067 2371 bonne
2085 2345 2176 2373 santé,
2192 2341 2279 2369 habi¬

1380 2388 1444 2409 tant
1460 2381 1526 2415 jolie
1541 2381 1609 2408 ville
1625 2381 1663 2408 du
1681 2380 1763 2414 midi,
1778 2380 1891 2407 fortune
1908 2389 2025 2407 200.000
2040 2378 2087 2410 fr.,
2119 2378 2278 2405 affectueux

1378 2423 1405 2445 et
1434 2416 1610 2450 catholique,
1639 2416 1804 2450 épouserait
1846 2425 1989 2449 personne
2019 2420 2107 2449 ayant
2136 2413 2278 2441 situation

1378 2454 1529 2487 analogue.
1545 2468 1558 2471 -
1575 2452 1609 2480 N‘
1626 2454 1706 2488 6149.

1416 2519 1592 2548 Célibataire
1621 2518 1756 2551 français,
1788 2519 1822 2545 28
1858 2527 1920 2549 ans,
1959 2517 2123 2552 ingénieur,
2163 2517 2279 2545 homme

1378 2555 1533 2588 d’affaires,
1558 2554 1750 2589 propriétaire
1780 2564 1815 2581 en
1846 2553 2017 2587 Roumanie,
2046 2552 2150 2587 grand,
2182 2552 2278 2585 blond,

1379 2595 1461 2620 santé
1476 2590 1610 2625 parfaite,
1627 2590 1720 2618 désire
1739 2589 1866 2624 mariage
1881 2599 1948 2616 avec
1971 2589 2053 2621 jeune
2071 2588 2128 2615 fille
2143 2597 2180 2615 ou
2198 2588 2280 2621 jeune

1380 2638 1471 2655 veuve
1488 2628 1580 2654 même
1595 2629 1647 2661 âge
1662 2636 1698 2653 ou
1715 2625 1821 2659 moins,
1839 2624 1940 2657 brune,
1970 2624 2005 2651 de
2020 2623 2184 2659 préférence
2199 2623 2233 2651 de
2251 2623 2276 2649 la

1380 2672 1550 2698 campagne,
1567 2662 1709 2690 situation
1730 2671 1765 2688 en
1794 2666 1913 2695 rapport
1930 2671 1937 2694 ;
1954 2660 2074 2687 timbrer
2091 2663 2105 2686 à
2122 2669 2195 2695 0,50.
2212 2674 2225 2678 -
2241 2659 2277 2686 N"

1379 2701 1453 2734 6151.

1416 2758 1554 2791 Employé
1570 2756 1604 2783 de
1619 2756 1733 2783 chemin
1749 2756 1786 2782 de
1802 2754 1852 2788 fer,
1870 2754 1976 2788 Maroc,
1999 2763 2032 2788 40
2049 2763 2112 2786 ans,
2130 2753 2280 2788 appointe¬

1380 2799 1473 2819 ments
1490 2792 1611 2818 annuels
1628 2792 1709 2825 4.800
1725 2790 1772 2823 fr.,
1791 2789 1952 2817 économies
1975 2798 2055 2816 2.000
2073 2789 2137 2821 frs.,
2154 2788 2279 2820 sérieux,

1379 2826 1544 2862 épouserait
1559 2826 1725 2854 demoiselle
1742 2836 1777 2853 ou
1795 2826 1879 2853 dame
1895 2835 1963 2852 avec
1978 2824 2106 2856 fortune,
2124 2827 2175 2859 âge
2192 2823 2279 2851 indit-

1378 2863 1481 2891 férent.
1500 2877 1514 2882 -
1528 2862 1564 2890 N’
1581 2864 1661 2895 6152.

1414 2917 1500 2950 Veuf,
1519 2917 1551 2950 58
1566 2925 1629 2949 ans,
1653 2915 1711 2950 gai,
1729 2918 1813 2943 santé
1829 2916 1863 2942 de
1890 2914 1941 2947 fer,
1973 2913 2054 2941 avoir
2071 2923 2170 2947 70.000
2187 2912 2236 2940 frs.
2254 2916 2282 2939 et

1379 2952 1529 2985 intérieur,
1543 2951 1708 2986 épouserait
1724 2951 1818 2984 dame,
1836 2954 1888 2985 âge
1904 2956 1932 2977 et
1946 2949 2088 2977 situation
2112 2959 2146 2975 en
2163 2948 2231 2976 ville
2247 2958 2282 2975 ou

1379 2992 1393 3015 à
1410 2989 1437 3015 la
1453 2997 1621 3021 campagne.
1640 3002 1652 3006 -
1668 2987 1793 3021 N'6153.

1416 3051 1507 3082 Jeune
1526 3049 1643 3077 homme
1668 3059 1699 3084 33
1730 3059 1792 3081 ans,
1825 3048 1925 3075 mutilé
1953 3048 1988 3075 de
2017 3056 2129 3082 guerre,
2161 3046 2283 3081 pension

1381 3088 1451 3121 3860
1472 3086 1534 3117 frs.,
1554 3085 1722 3112 traitement
1737 3094 1819 3119 4.400
1835 3084 1886 3111 frs.
1914 3083 2035 3110 sérieux,
2055 3083 2113 3110 bon
2129 3085 2281 3115 caractère,

1381 3121 1552 3153 affectueux,
1569 3121 1662 3148 désire
1681 3120 1808 3153 mariage
1833 3129 1899 3147 avec
1928 3119 2010 3152 jeune
2041 3117 2097 3145 fille
2127 3128 2161 3145 ou
2193 3128 2281 3145 veuve

1381 3161 1432 3191 âge
1448 3167 1481 3184 en
1498 3162 1629 3190 rapport.
1649 3171 1660 3176 -
1676 3155 1701 3184 N
1706 3162 1711 3168 -
1729 3157 1803 3191 6154.

1415 3211 1506 3244 Jeune
1521 3210 1639 3237 homme
1662 3211 1696 3237 26
1725 3219 1788 3242 ans,
1819 3207 2003 3242 cordonnier,
2034 3207 2123 3240 petite
2150 3206 2281 3241 pension,

1384 3257 1462 3274 1.100
1479 3246 1525 3279 fr.,
1544 3246 1638 3273 blessé
1653 3255 1688 3273 au
1705 3244 1770 3279 pied
1786 3244 1875 3275 droit,
1891 3244 2020 3277 robuste,
2039 3243 2185 3277 physique
2199 3245 2282 3276 agré¬

1381 3283 1452 3315 able,
1467 3282 1591 3316 qualités
1608 3280 1732 3308 morales
1749 3287 1776 3308 et
1792 3279 1966 3308 sentiments
1995 3279 2101 3306 élevés.
2119 3293 2132 3297 -
2148 3279 2182 3306 N'
2200 3279 2280 3312 6155.

1416 3336 1539 3364 Divorcé
1555 3338 1570 3362 à
1586 3345 1639 3362 son
1657 3333 1755 3369 profit,
1768 3344 1800 3368 37
1817 3343 1880 3366 ans,
1898 3343 1938 3359 un
1957 3332 2057 3359 enfant
2071 3342 2093 3358 ri
2113 3342 2176 3365 ans,
2194 3341 2251 3359 non
2267 3334 2282 3358 à

1382 3383 1414 3400 sa
1429 3373 1546 3406 charge,
1562 3372 1677 3398 fortune
1703 3379 1802 3397 20.000
1817 3369 1881 3402 frs.,
1913 3368 2009 3395 désire
2036 3367 2141 3394 femme
2155 3368 2190 3394 de
2205 3377 2282 3394 com¬

1382 3418 1483 3441 merce,
1500 3417 1590 3434 veuve
1606 3416 1642 3433 ou
1657 3405 1799 3439 divorcée,
1830 3414 1897 3433 sans
1933 3409 2043 3437 entant,
2074 3403 2146 3437 petit
2162 3402 2252 3430 avoir.
2270 3418 2283 3421 -

1383 3443 1416 3472 N’
1434 3445 1510 3479 6156.

1416 3497 1590 3525 Demoiselle
1620 3496 1653 3523 28
1682 3504 1745 3527 ans,
1775 3494 1923 3528 employée
1949 3503 2000 3527 300
2028 3491 2091 3525 frs.,
2119 3502 2170 3526 par
2197 3491 2280 3524 mois,

1380 3534 1468 3569 petite
1483 3534 1544 3566 dot,
1560 3535 1729 3566 espérances
1751 3539 1849 3564 30.000
1867 3530 1932 3563 frs.,
1949 3532 2032 3563 après
2049 3534 2179 3562 parents,
2196 3530 2284 3561 épou¬

1381 3570 1468 3597 serait
1492 3568 1641 3596 monsieur
1660 3567 1695 3594 de
1710 3575 1744 3600 30
1763 3568 1777 3592 à
1793 3576 1829 3600 40
1849 3574 1911 3596 ans,
1935 3565 2067 3599 employé
2089 3573 2126 3591 ou
2142 3573 2283 3591 commer¬

1384 3612 1459 3639 çant.
1477 3620 1491 3624 -
1507 3604 1541 3633 N'
1559 3605 1640 3637 6157.

1414 3659 1504 3692 Jeune
1535 3658 1599 3688 fille,
1628 3658 1662 3684 28
1691 3665 1754 3688 ans,
1783 3653 1929 3690 physique
1959 3654 2102 3689 agréable,
2130 3653 2283 3681 excellente

1379 3694 1498 3727 famille,
1516 3693 1704 3724 musicienne,
1721 3690 1844 3725 peintre,
1872 3690 2036 3724 épouserait
2051 3688 2167 3724 officier,
2183 3695 2282 3717 avocat

1380 3740 1416 3757 ou
1432 3729 1600 3761 industriel,
1616 3743 1630 3747 -
1645 3728 1680 3755 N'
1697 3727 1779 3762 6158.

1416 3789 1815 3827 Propriétaire-agriculteur,
1828 3788 2005 3822 célibataire,
2029 3788 2102 3821 seul,
2120 3788 2186 3815 bien
2213 3797 2281 3815 sous

1381 3834 1446 3855 tous
1462 3834 1608 3862 rapports,
1625 3828 1711 3861 goûts
1728 3821 1859 3859 simples,
1890 3824 1971 3851 avoir
1986 3834 2019 3851 20
2033 3833 2085 3850 000
2108 3823 2171 3857 frs.,
2189 3823 2282 3851 désire

1381 3863 1510 3897 mariage
1525 3873 1592 3890 avec
1608 3863 1712 3889 femme
1737 3860 1916 3893 d’intérieur,
1943 3859 2054 3887 aimant
2070 3859 2095 3885 la
2112 3868 2278 3893 campagne,

1380 3900 1414 3927 de
1428 3909 1463 3934 40
1478 3903 1496 3927 à
1512 3908 1544 3933 50
1560 3907 1612 3925 ans
1629 3900 1720 3925 même
1737 3906 1805 3924 avec
1820 3906 1859 3924 un
1875 3895 1986 3923 enfant.
2005 3910 2018 3914 -
2030 3895 2065 3922 N"
2080 3896 2161 3930 6159.

1417 3953 1515 3980 Veuve
1530 3951 1599 3978 d’un
1615 3950 1769 3978 architecte
1784 3951 1819 3985 48
1834 3958 1896 3982 ans,
1927 3951 2071 3976 caractère
2102 3947 2193 3981 jeune,
2224 3950 2281 3976 très

1381 3989 1454 4024 gaie,
1472 3987 1600 4023 position
1616 3987 1691 4014 aisée
1713 3986 1846 4014 aimerait
1876 3988 2025 4011 connaître
2054 3993 2198 4017 personne
2211 3993 2282 4010 ana¬

1381 4026 1474 4060 logue.
1493 4023 1655 4051 Désirerait
1669 4022 1827 4049 au-dessus
1843 4021 1877 4048 de
1903 4026 1966 4047 tout
1982 4020 2115 4047 bonheur
2134 4019 2279 4053 conjugal.

1380 4061 1515 4089 Timbrer
1530 4059 1630 4087 lettres
1646 4062 1661 4086 à
1677 4066 1742 4092 0,50
1758 4068 1766 4090 ;
1782 4061 1926 4089 étranger.
1943 4070 1956 4074 -
1972 4056 2009 4083 N‘
2022 4056 2102 4082 6160.

1416 4122 1589 4150 Demoiselle
1606 4123 1639 4155 38
1655 4130 1717 4153 ans,
1741 4120 1807 4147 bien
1833 4128 1901 4147 sous
1935 4124 1999 4145 tous
2027 4123 2174 4151 rapports,
2192 4116 2280 4151 petite

1380 4158 1531 4189 situation,
1548 4156 1711 4184 économies
1729 4165 1761 4189 30
1777 4165 1829 4182 000
1853 4153 1919 4186 frs.,
1952 4152 2088 4180 s’unirait
2101 4156 2116 4179 à
2133 4152 2280 4181 monsieur

1381 4197 1439 4221 très
1455 4192 1580 4226 sérieux,
1594 4192 1765 4224 affectueux,
1782 4193 1834 4225 âge
1849 4199 1884 4218 en
1901 4196 2033 4223 rapport.
2052 4204 2058 4206 -
2076 4188 2112 4216 N"
2129 4191 2208 4217 6161.

1415 4249 1566 4278 Monsieur
1595 4248 1894 4284 horloger-bijoutier,
1924 4246 1987 4274 seul
2016 4245 2098 4274 avoir
2119 4256 2215 4280 17.000
2231 4245 2278 4280 fr.,

1380 4286 1473 4314 désire
1491 4285 1618 4319 mariage
1634 4294 1701 4311 avec
1715 4283 1891 4315 demoiselle,
1908 4292 2000 4310 veuve
2011 4292 2047 4310 ou
2058 4282 2190 4309 divorcée
2201 4291 2235 4309 en
2248 4292 2278 4309 sa

1381 4322 1491 4354 faveur,
1508 4330 1542 4347 en
1554 4326 1674 4354 rapport
1690 4319 1771 4354 d’âge
1787 4327 1814 4347 et
1829 4320 1863 4347 de
1879 4317 2031 4346 situation.
2049 4333 2062 4337 -
2079 4318 2113 4346 N'
2128 4319 2207 4352 6163.

1415 4380 1515 4407 Veuve
1530 4388 1563 4412 42
1579 4387 1641 4410 ans,
1659 4386 1726 4404 sans
1739 4377 1857 4409 famille,
1875 4375 2020 4410 physique
2036 4376 2179 4410 agréable,
2197 4379 2278 4403 santé

1380 4422 1408 4443 et
1437 4413 1591 4442 éducation
1619 4412 1769 4447 parfaites,
1797 4412 1892 4440 désire
1921 4421 2064 4445 personne
2092 4410 2278 4445 affectueuse,

1382 4451 1449 4479 irait
1464 4451 1499 4478 de
1513 4449 1675 4483 préférence
1700 4451 1714 4474 à
1728 4448 1755 4474 la
1778 4449 1948 4482 Campagne
1972 4458 2009 4475 ou
2031 4447 2167 4478 colonies,
2192 4446 2279 4474 écrire

1381 4497 1454 4521 pour
1470 4492 1534 4513 tous
1552 4484 1800 4519 renseignements
1818 4483 2005 4512 nécessaires.
2020 4497 2053 4503 —
2070 4483 2105 4510 N'
2122 4484 2202 4517 6164.

1417 4543 1602 4576 Célibataire,
1641 4551 1674 4577 44
1704 4550 1767 4574 ans,
1797 4542 1920 4574 sérieux,
1944 4547 2160 4575 entrepreneur,
2192 4546 2280 4574 ayant

1380 4590 1486 4615 40.000
1501 4579 1549 4613 fr.,
1565 4578 1658 4605 désire
1680 4577 1818 4611 mariage,
1841 4586 1907 4604 avec
1935 4586 2024 4604 veuve
2048 4585 2084 4603 ou
2108 4576 2273 4603 demoiselle

1380 4617 1413 4644 de
1430 4617 1462 4651 38
1477 4619 1493 4643 à
1508 4625 1541 4649 44
1555 4624 1618 4646 ans,
1632 4612 1779 4644 instruite,
1790 4612 1932 4640 situation
1944 4622 1978 4639 en
1988 4617 2118 4646 rapport.
2129 4626 2141 4630 -
2158 4612 2192 4639 N'
2203 4613 2276 4646 6165.

1414 4674 1501 4706 Veuf,
1520 4681 1550 4707 55
1574 4682 1637 4703 ans,
1667 4669 1879 4698 fonctionnaire
1907 4669 1941 4696 de
1972 4669 2069 4700 l’Etat,
2099 4669 2177 4696 droit
2206 4672 2220 4696 à
2251 4670 2276 4697 la

1380 4710 1508 4742 retraite,
1525 4718 1579 4735 une
1595 4707 1653 4734 fille
1677 4706 1711 4734 de
1737 4715 1770 4733 20
1799 4716 1862 4737 ans,
1893 4705 2067 4738 catholique,
2095 4705 2276 4738 pratiquant,

1379 4750 1436 4774 très
1454 4743 1612 4772 honorable
1630 4741 1749 4774 famille,
1766 4741 1906 4768 situation
1924 4744 2052 4771 assurée,
2076 4740 2275 4773 propriétaire,

1380 4791 1484 4816 30.000
1498 4780 1534 4807 fr.
1552 4784 1665 4813 argent,
1683 4780 1742 4803 très
1759 4777 1882 4808 sérieux,
1897 4776 1992 4803 désire
2009 4779 2156 4803 connaître
2165 4776 2278 4803 demoi¬

1378 4818 1446 4845 selle
1461 4825 1498 4843 ou
1510 4824 1600 4841 veuve
1615 4813 1649 4839 de
1666 4821 1698 4846 35
1713 4816 1729 4838 à
1745 4821 1777 4845 45
1806 4822 1868 4844 ans,
1899 4811 2075 4844 catholique,
2107 4812 2277 4845 pratiquant

1378 4854 1470 4880 bonne
1487 4852 1577 4880 santé,
1594 4848 1731 4880 sérieuse,
1749 4843 1864 4875 fortune
1879 4857 1914 4874 en
1930 4852 2060 4880 rapport.
2077 4861 2090 4865 -
2107 4846 2141 4874 N'
2158 4848 2237 4875 6166.

1413 4907 1551 4940 Retraité,
1568 4907 1667 4934 décoré
1685 4905 1793 4939 Région
1810 4905 1982 4936 d’honneur,
2007 4913 2037 4938 57
2061 4914 2125 4938 ans,
2148 4913 2271 4932 revenus

1376 4948 1464 4973 6.000
1480 4944 1528 4975 fr.,
1544 4941 1618 4976 petit
1645 4940 1762 4975 capital,
1787 4939 1953 4976 épouserait
1975 4949 2119 4973 personne
2142 4940 2224 4974 d’âge
2248 4945 2276 4966 et

1376 4979 1517 5008 situation
1533 4988 1568 5005 en
1585 4982 1714 5011 rapport,
1733 4986 1801 5004 sans
1818 4975 1927 5004 enfant.
1946 4990 1978 4994 —
1996 4975 2030 5003 N'
2048 4977 2128 5009 6167.

1409 5045 1559 5073 Monsieur
1572 5043 1784 5077 seul,divorcéà
1808 5051 1860 5070 son
1873 5041 1969 5075 profit,
1986 5043 2020 5076 48
2035 5051 2098 5072 ans,
2116 5046 2211 5074 aspect
2231 5049 2273 5073 40,

1375 5081 1517 5110 situation
1538 5088 1620 5113 4.500
1646 5079 1693 5111 fr.;
1722 5076 1961 5105 administration
1991 5076 2148 5109 Marseille,
2180 5075 2273 5103 désire

1374 5117 1502 5150 mariage
1520 5114 1698 5145 demoiselle,
1719 5123 1810 5140 veuve
1825 5122 1861 5140 ou
1883 5112 2025 5144 divorcée,
2050 5122 2082 5143 32
2110 5115 2126 5138 à
2147 5113 2181 5143 38
2206 5119 2272 5143 ans,

1374 5153 1448 5184 bien,
1467 5151 1569 5180 mince,
1586 5150 1760 5184 distinguée,
1780 5148 1942 5182 préférence
1958 5147 2070 5177 blonde,
2085 5147 2226 5174 situation
2239 5155 2273 5172 en

1373 5193 1502 5222 rapport.
1520 5201 1553 5205 —
1570 5186 1605 5214 N'
1624 5187 1701 5221 6169.

2347 484 2521 513 Demoiselle
2542 494 2573 518 27
2590 493 2653 517 ans,
2672 481 2780 510 famille
2806 477 2974 510 honorable,
3006 473 3209 510 propriétaire,

2309 521 2360 548 dot
2376 530 2456 548 assez
2473 521 2652 554 importante
2668 529 2702 546 en
2719 516 2878 552 prévision,
2890 513 2984 541 désire
3002 511 3130 544 mariage
3144 518 3214 535 avec

2312 557 2393 588 jeune
2408 556 2523 583 homme
2539 556 2572 583 de
2589 565 2622 589 30
2638 558 2652 581 à
2669 555 2702 589 38
2715 563 2778 586 ans,
2797 552 2933 582 honnête,
2950 554 3038 583 ayant
3054 545 3212 573 situation.

2311 593 2347 620 N‘
2364 595 2448 625 6170.

2350 642 2439 673 Jeune
2455 640 2512 667 fille
2530 650 2561 675 24
2577 649 2639 672 ans,
2657 637 2777 673 grande,
2790 637 2892 665 brune,
2907 633 2982 666 jolie,
2996 635 3053 659 très
3069 629 3212 657 instruite

2315 675 2503 707 musicienne,
2549 682 2652 703 lemme
2695 672 2876 701 d’intérieur,
2920 669 3028 700 brevet,
3059 666 3218 699 diplômée,

2313 712 2596 744 comptable-teneur
2611 711 2644 738 de
2670 710 2767 739 livres,
2784 706 2910 741 dactylo,
2941 701 3108 737 épouserait
3137 711 3216 728 com¬

2315 753 2445 780 merçant
2460 756 2497 774 ou
2517 746 2685 780 industriel,
2709 743 2799 773 serait
2824 744 2918 770 bonne
2943 737 3173 766 collaboratrice.

2316 784 2352 811 N'
2370 786 2444 817 6171.

2352 832 2504 864 Adjudant
2542 830 2736 863 d’infanterie,
2768 829 2800 855 28
2838 836 2901 859 ans,
2941 827 3024 851 santé
3054 822 3219 855 excellente,

2317 877 2422 898 30.000
2439 867 2472 894 fr.
2496 867 2669 900 économies,
2693 863 2859 900 épouserait
2882 859 3047 889 demoiselle
3070 868 3106 886 ou
3129 867 3220 884 veuve

2316 905 2350 931 de
2368 913 2400 931 20
2416 906 2431 929 à
2448 903 2481 930 28
2497 912 2559 933 ans,
2575 902 2712 935 sérieuse,
2728 907 2755 927 et
2770 900 2857 927 d’une
2875 895 3007 925 moralité
3036 893 3170 929 parfaite.
3186 908 3220 912 —

2318 940 2354 968 N'
2370 941 2451 973 6172.

2354 987 2434 1016 Veuf
2445 987 2561 1014 divorcé
2576 989 2590 1013 à
2609 995 2661 1014 son
2678 986 2773 1021 profit,
2791 993 2877 1011 cause
2899 981 2933 1009 de
2954 990 3068 1015 guerre,
3100 980 3132 1011 36
3158 988 3221 1011 ans,

2320 1024 2417 1056 blond,
2436 1023 2500 1049 bien
2517 1032 2584 1049 sous
2600 1028 2665 1049 tous
2683 1027 2829 1056 rapports,
2847 1017 2907 1046 seul
2920 1027 2987 1044 avec
3003 1025 3058 1042 une
3075 1014 3146 1041 belle
3163 1013 3222 1040 fille

2319 1062 2353 1087 de
2375 1070 2397 1086 11
2422 1068 2486 1091 ans,
2504 1059 2560 1085 bon
2572 1061 2724 1090 caractère,
2747 1056 2775 1083 ni
2791 1055 2917 1082 cafetier,
2946 1052 2975 1079 ni
3002 1052 3125 1082 fumeur,
3153 1059 3220 1082 pro¬

2322 1096 2423 1130 priété,
2435 1094 2540 1127 capital
2553 1103 2658 1125 32.000
2670 1094 2715 1120 fr.:
2731 1092 2853 1119 bénéfice
2865 1088 2971 1117 annuel
2981 1088 3015 1114 de
3026 1090 3042 1114 6
3052 1089 3067 1114 à
3079 1087 3162 1113 8.000
3175 1085 3223 1119 fr.,

2320 1130 2485 1165 épouserait
2501 1129 2677 1162 demoiselle,
2695 1138 2786 1156 veuve
2797 1137 2833 1154 ou
2845 1126 2986 1156 divorcée,
3000 1123 3034 1150 de
3047 1131 3078 1149 22
3088 1125 3103 1148 à
3116 1131 3148 1155 34
3159 1131 3223 1154 ans,

2323 1166 2466 1202 physique
2487 1165 2630 1199 agréable,
2658 1165 2713 1192 bon
2739 1173 2827 1196 cœur,
2854 1161 2989 1192 honnête,
3018 1159 3086 1186 sanà
3113 1160 3222 1187 entant,

2323 1205 2414 1230 même
2433 1211 2551 1235 pauvre.
2569 1215 2581 1219 -
2597 1201 2632 1228 N'
2650 1202 2730 1235 6173.

2324 1273 2849 1341 Renseignements

2325 1357 2452 1380 sonnes
2482 1352 2516 1378 et
2548 1348 2641 1378 leurs
2671 1347 2830 1377 familles.
2861 1364 2900 1369 —
2931 1345 3057 1381 Agents
3087 1344 3121 1371 et
3150 1340 3228 1370 fila¬

2325 1393 2420 1421 tures
2437 1389 2519 1418 dans
2535 1391 2612 1418 tous
2629 1396 2722 1426 pays.
2739 1404 2778 1409 —
2794 1387 2923 1417 Marins
2953 1385 3112 1418 Beaume,
3129 1381 3148 1411 5
3166 1383 3224 1417 bis,

2326 1437 2389 1460 rue
2405 1427 2634 1466 Henry-Ding,
2652 1429 2671 1457 à
2686 1428 2857 1458 Grenoble
2873 1423 3006 1466 (Isère).

2468 1549 2616 1605 Avis
2657 1563 2774 1603 aux
2809 1546 3085 1602 Abonnés

2369 1661 2465 1689 Nous
2494 1658 2697 1687 conseillons
2725 1664 2800 1686 aux
2824 1660 3017 1691 personnes
3030 1653 3188 1688 pouvant
3202 1654 3231 1681 le

2328 1699 2431 1735 faire,
2459 1700 2499 1727 de
2526 1699 2700 1728 souscrire
2728 1698 2768 1726 de
2781 1696 2988 1731 préférence
3002 1700 3052 1723 un
3075 1693 3228 1721 abonne¬

2328 1739 2424 1769 ment
2439 1737 2479 1768 dé
2494 1741 2515 1768 6
2530 1739 2629 1767 mois.
2652 1739 2742 1767 Elles
2763 1738 2895 1766 auront
2918 1734 3117 1768 l'avantage
3132 1734 3172 1761 de
3187 1739 3232 1760 ne

2326 1786 2391 1815 pas
2404 1780 2532 1813 perdre
2547 1779 2586 1807 de
2601 1785 2666 1807 vue
2681 1784 2731 1807 un
2741 1778 2814 1807 seul
2829 1775 2965 1806 abonné
2980 1775 3012 1804 et
3027 1776 3067 1803 de
3081 1773 3231 1802 réaliser

2330 1826 2399 1849 une
2414 1819 2590 1848 économie
2605 1820 2645 1847 de
2660 1820 2706 1848 20
2720 1816 2769 1852 %•

2371 1923 2474 1952 AVIS.
2507 1939 2543 1944 —
2571 1924 2634 1951 Les
2663 1922 2821 1953 Abonnés
2848 1921 2888 1951 de
2917 1920 2949 1949 la
2967 1919 3106 1949 REVUE
3122 1918 3233 1947 MEN¬

2331 1963 2500 1998 SUELLE,
2526 1962 2677 1993 désirant
2706 1961 2864 1991 recevoir
2887 1961 2919 1990 la
2945 1971 2963 1987 «
2979 1962 3095 1990 Revue
3111 1969 3127 1985 »
3151 1964 3232 1987 sous

2332 2003 2540 2041 enveloppes
2570 2003 2717 2032 fermées
2748 2004 2825 2032 sont
2858 2000 2950 2039 priés
2979 2000 3171 2029 d’adresser
3200 1997 3230 2026 la

2333 2050 2463 2074 somme
2481 2043 2521 2072 de
2536 2043 2556 2072 2
2571 2042 2610 2071 fr.
2628 2051 2669 2072 en
2685 2043 2762 2081 plus
2779 2049 2867 2080 pour
2890 2040 2941 2070 les
2972 2039 3054 2069 frais
3085 2039 3125 2067 de
3152 2038 3233 2068 tim¬

2333 2083 2412 2113 bres
2429 2091 2436 2118 ;
2470 2083 2518 2113 les
2545 2082 2696 2113 abonnés
2725 2084 2801 2112 sont
2831 2080 3026 2119 également
3054 2079 3146 2118 priés
3192 2078 3233 2106 de

2333 2123 2477 2153 timbrer
2506 2124 2599 2153 leurs
2629 2123 2749 2152 lettres
2779 2123 2798 2151 à
2825 2122 2865 2151 25
2880 2122 2969 2152 cent,
2996 2126 3084 2158 pour
3099 2125 3233 2148 corres¬

2334 2163 2466 2202 pondre
2476 2166 2575 2193 entre
2590 2162 2753 2192 abonnés.

2374 2274 2499 2302 Jeunes
2517 2279 2612 2308 gens,
2632 2273 2759 2306 jeunes
2786 2271 2871 2305 filles
2899 2270 2931 2299 et
2959 2276 3044 2298 vous
3072 2269 3148 2298 tous
3177 2267 3236 2302 gui

2333 2313 2465 2342 désirez
2504 2319 2589 2342 vous
2625 2313 2774 2343 marier,
2814 2311 3006 2339 demandez
3044 2311 3072 2337 le
3103 2308 3236 2337 GUIDE

2335 2354 2561 2384 PRATIQUE
2594 2353 2658 2382 DU
2690 2351 2902 2381 BONHEUR
2936 2351 3000 2378 EN
3034 2340 3235 2379 MÉNAGE,

2335 2394 2525 2423 contenant
2539 2393 2595 2422 des
2610 2393 2754 2421 conseils
2767 2391 2835 2420 très
2850 2390 2950 2419 utiles
2958 2396 3052 2424 pour
3061 2391 3090 2418 le
3101 2388 3237 2417 maria¬

2334 2440 2387 2469 ge,
2404 2434 2433 2462 le
2447 2434 2584 2463 volume
2595 2439 2667 2466 par
2681 2434 2709 2460 J.
2731 2423 2960 2460 PÉLISSIER
2982 2429 3141 2463 pouvant
3163 2425 3237 2456 être

2335 2476 2371 2502 lu
2383 2480 2453 2507 par
2469 2474 2542 2502 tout
2557 2473 2586 2501 le
2599 2473 2734 2502 monde.

2376 2514 2545 2543 Adressez
2561 2514 2594 2541 la
2608 2518 2741 2541 somme
2753 2512 2793 2539 de
2803 2513 2824 2540 3
2835 2510 2884 2545 fr.
2901 2511 2947 2539 50
2961 2509 2985 2538 à
2997 2511 3033 2538 la
3047 2508 3238 2538 Directrice

2335 2555 2376 2582 de
2390 2555 2425 2582 la
2441 2554 2588 2583 REVUE
2603 2552 2883 2583 MENSUELLE,
2901 2550 2959 2585 qui
2980 2556 3065 2578 vous
3091 2546 3238 2576 tadres¬

2334 2600 2415 2623 sera
2430 2594 2559 2627 franco
2573 2594 2613 2621 de
2623 2592 2717 2626 port.

2459 2643 2611 2647 .
3192 2636 3229 2644 —

2377 2690 2441 2718 Les
2469 2693 2646 2717 annonces
2672 2687 2762 2715 dans
2789 2686 2824 2713 la
2840 2686 2857 2713 «
2873 2685 2988 2713 Revue
3004 2690 3020 2711 »
3047 2682 3125 2711 sont
3156 2683 3196 2710 de
3217 2683 3239 2711 4

2338 2730 2449 2764 lignes
2464 2735 2512 2756 au
2527 2728 2726 2757 maximun.
2742 2726 2803 2754 Les
2807 2730 3000 2759 personnes
3015 2724 3074 2758 qui
3089 2723 3240 2751 désirent

2337 2770 2415 2797 leur
2441 2773 2602 2796 annonce
2625 2767 2702 2799 plus
2718 2766 2843 2799 longue
2856 2764 3021 2798 paieront
3035 2769 3084 2791 un
3100 2763 3239 2795 supplé¬

2337 2807 2434 2837 ment
2446 2808 2486 2835 de
2501 2809 2521 2836 3
2537 2805 2585 2841 fr.
2605 2807 2638 2834 la
2654 2806 2755 2840 ligne.

2380 2902 2429 2930 La
2444 2902 2460 2930 «
2473 2902 2587 2930 Revue
2602 2899 2786 2928 Mensuelle
2795 2905 2811 2926 »
2828 2897 2964 2930 accepte
2980 2897 3090 2925 toutes
3105 2902 3240 2924 annon¬

2339 2946 2392 2971 ces
2421 2940 2682 2970 commerciales
2707 2944 2752 2967 ou
2767 2938 2898 2970 autres,
2916 2937 2981 2965 soit
2991 2937 3109 2965 ventes
3113 2935 3119 2969 ,
3137 2935 3240 2969 fonds

2338 2984 2378 3011 de
2391 2986 2584 3010 commerce
2598 2986 2643 3008 ou
2658 2979 2839 3008 industrie.

2366 3101 2776 3161 ANNONCES
2833 3097 3212 3154 DIVERSES

2343 3238 2366 3291 A
2402 3234 2554 3291 LOUER

2601 3225 2732 3255 maison
2754 3220 2971 3252 d’habitation
3002 3222 3020 3250 à
3048 3220 3079 3250 la
3110 3227 3240 3257 campa¬

2601 3273 2679 3303 gne,
2697 3265 2738 3294 de
2749 3264 2768 3293 6
2783 3264 2802 3292 à
2817 3263 2836 3291 8
2853 3262 2967 3300 pièces
2993 3259 3143 3298 garnies,
3172 3261 3241 3296 jar¬

2339 3309 2406 3344 din,
2422 3308 2580 3338 banlieue
2596 3306 2695 3335 d’uue
2717 3303 2821 3342 petite
2843 3302 2933 3336 ville,
2946 3308 3028 3339 pays
3054 3302 3095 3330 de
3119 3299 3241 3329 chasse

2341 3353 2375 3380 et
2391 3350 2431 3379 de
2446 3348 2567 3387 pêche.
2585 3362 2603 3367 -
2619 3347 2659 3376 N'
2679 3345 2727 3374 10.

2342 3415 2366 3469 A
2402 3414 2406 3443 l
2432 3413 2471 3449 fil
2486 3412 2557 3449 IFR
2606 3400 2845 3442 appartement
2879 3400 2897 3429 4
2929 3398 3046 3437 pièces
3089 3397 3240 3434 garnies,

2402 3433 2558 3469 LUULn
2603 3445 2623 3473 2
2638 3442 2830 3476 chambres,
2849 3440 2933 3470 salle
2949 3442 2967 3468 à
2984 3445 3137 3476 manger,
3166 3438 3241 3466 cui¬

2339 3488 2425 3522 sine,
2444 3484 2623 3520 vestibule,
2632 3482 2877 3516 water-closet,
2889 3479 3024 3510 cabinet
3041 3479 3081 3508 de
3097 3476 3239 3507 toilette.

2338 3544 2356 3550 -
2372 3528 2412 3558 N-
2432 3528 2480 3556 11.

2342 3592 2366 3648 A
2405 3592 2428 3626 \/
2438 3592 2460 3626 F
2472 3592 2495 3626 M
2508 3591 2531 3624 R
2541 3591 2563 3626 R
2575 3590 2597 3625 F
2644 3580 2773 3620 grande
2807 3577 2983 3618 propriété
3017 3577 3242 3613 comprenant

2409 3611 2425 3647 V
2439 3611 2461 3647 L
2472 3611 2496 3647 IM
2509 3611 2531 3647 L)
2542 3610 2564 3646 H
2575 3618 2598 3645 L
2645 3622 2795 3651 maisons
2811 3620 2851 3648 de
2861 3617 2983 3648 maître
2994 3618 3027 3645 et
3037 3617 3077 3645 de
3087 3615 3238 3644 fermier.

2339 3666 2419 3696 Prix
2436 3667 2453 3695 à
2471 3665 2636 3695 débattre.
2654 3678 2673 3684 -
2688 3663 2715 3691 N
2722 3669 2727 3676 -
2747 3661 2795 3689 12.

2341 3732 2365 3786 A
2404 3728 2598 3786 VENDRE
2642 3729 2664 3759 P
2667 3728 2686 3750 e
2688 3718 2729 3750 ^
2731 3726 2750 3748 e
2778 3717 2790 3746 f
2792 3724 2888 3747 0rme
2918 3714 3145 3751 comprenant
3173 3715 3241 3742 ter-

2339 3804 2491 3836 fermier.
2510 3802 2590 3833 Prix

2340 3870 2365 3925 A
2407 3867 2601 3924 VENDRE

2645 3760 2738 3790 rains
2755 3761 2788 3787 et
2804 3757 2936 3786 maison
2963 3752 3182 3783 d’habitation
3200 3753 3241 3782 de

2612 3810 2614 3830 ;
2632 3799 2745 3830 20.000
2758 3797 2798 3826 fr.
2816 3812 2835 3818 -
2850 3797 2890 3825 N'
2910 3795 2958 3823 13.

2647 3857 2778 3887 maison
2788 3851 3007 3884 d’habitation
3016 3850 3098 3880 dans
3106 3850 3240 3888 village,

2647 3904 2731 3928 avec
2745 3896 2764 3924 4
2777 3896 2797 3924 à
2810 3895 2830 3923 5
2845 3894 3005 3923 hectares
3020 3891 3062 3920 de
3077 3891 3238 3920 terrains.

2339 3942 2419 3973 Prix
2435 3945 2451 3972 à
2469 3942 2634 3972 débattre.
2651 3954 2671 3960 -
2686 3938 2726 3966 N-
2746 3936 2792 3964 14.

2340 4005 2534 4064 GRANDS
2564 4002 2672 4058 VINS
2708 3995 2972 4058 MOUSSEUX
3018 3995 3112 4018 mar
3124 3995 3142 4031 ’
3156 3995 3240 4017 ues

2381 4088 2421 4109 ec
2444 4079 2495 4109 les
2520 4079 2595 4116 plus
2625 4074 2750 4113 grands

2376 4120 2505 4151 odérés.
2523 4134 2542 4140 -
2557 4117 2585 4146 N
2591 4125 2597 4132 -
2617 4116 2665 4145 15.

3016 4027 3240 4058 rivalisant

2782 4071 3026 4107 champagnes.
3057 4068 3138 4097 Prix
3168 4069 3239 4098 très

2402 4180 2595 4215 \/FMnRF
2641 4169 2790 4201 terrains
2812 4174 2899 4205 pour
2928 4165 2959 4194 la
2989 4164 3235 4194 construction.

2405 4200 2423 4239 V
2436 4200 2458 4240 L
2470 4200 2494 4239 IM
2506 4200 2562 4238 L)Il
2573 4209 2596 4236 L
2641 4205 2940 4244 Paris-Plage,site
2956 4205 3140 4234 ravissant.
3153 4205 3183 4234 N
3201 4206 3238 4234 16

2405 4282 2429 4296 11
2439 4277 2599 4310 pm(IRF
2644 4266 2860 4299 lotissement
2876 4264 2917 4293 de
2932 4262 3080 4292 terrains
3105 4263 3123 4291 à
3137 4264 3239 4292 Arca-

2408 4296 2426 4337 V
2439 4311 2461 4337 L
2472 4296 2496 4336 ni
2509 4296 2531 4335 L)
2542 4303 2565 4335 n
2576 4307 2600 4333 L
2644 4309 2744 4338 chon.
2761 4321 2799 4326 —
2815 4303 3009 4333 S’adresser
3025 4304 3044 4331 à
3064 4303 3154 4332 Mme
3171 4303 3238 4332 Vve

2390 4354 2538 4385 ABAUD.

2402 4414 2597 4475 VENDRE

2636 4404 2727 4435 belle
2756 4401 2909 4431 carrière
2945 4399 2985 4430 de
3020 4400 3156 4438 pierres
3195 4400 3235 4430 de

2411 4467 2596 4475 __
2637 4444 2730 4475 taille
2747 4442 2787 4471 de
2796 4441 2885 4470 belle
2895 4439 3032 4478 qualité.
3042 4439 3238 4470 S’adresser

2386 4489 2570 4523 Directrice
2599 4489 2713 4517 Revue
2746 4483 2930 4512 Mensuelle
2933 4502 2939 4514 ,
2971 4481 2990 4509 à
3019 4480 3238 4510 Montélimar

2354 4531 2496 4568 Drôme).

2354 4595 2442 4626 ffllll
2468 4593 2521 4625 ZI
2549 4589 2672 4625 \/nilQ
2717 4582 2860 4610 trouver
2887 4585 2934 4608 un
2962 4577 3138 4614 logement
3163 4579 3183 4607 à
3204 4578 3238 4608 la

2369 4611 2524 4654 UULlZ.
2557 4610 2567 4645 v
2581 4610 2673 4645 UUo
2719 4625 2907 4656 campagne
2948 4624 2993 4646 ou
3035 4623 3078 4646 en
3115 4617 3194 4646 ville
3217 4617 3238 4647 ?

2363 4671 2604 4701 dressez-vous
2628 4663 2646 4692 à
2673 4660 2758 4690 Mme
2789 4660 2857 4688 Vve
2881 4657 3085 4691 GHABAUD,
3116 4656 3234 4688 Direc-

2360 4712 2419 4740 ■ice
2448 4708 2489 4736 de
2516 4706 2548 4734 la
2576 4705 2594 4732 «
2618 4705 2732 4732 Revue
2746 4698 2930 4729 Mensuelle
2953 4707 2970 4723 »
3013 4697 3069 4733 qui
3108 4704 3236 4734 pourra

2355 4752 2511 4785 'occuper
2528 4742 2734 4779 moyennant
2749 4737 2967 4772 rétribution,
2985 4736 3025 4766 de
3042 4743 3125 4766 vous
3135 4739 3235 4767 trou¬

2356 4797 2394 4820 er
2409 4795 2452 4817 un
2470 4784 2654 4822 logement.

2357 4861 2417 4928 A
2455 4844 2863 4925 DIRECTRICE
2907 4844 3011 4922 S.H
3047 4843 3237 4915 IX.

2356 4934 2411 4964 ilia
2427 4934 2445 4962 à
2460 4933 2494 4961 la
2515 4937 2703 4967 campagne
2717 4934 2800 4958 avec
2814 4924 2924 4963 grand
2935 4922 3064 4960 jardin,
3082 4924 3146 4952 site
3163 4923 3233 4952 très

2357 4972 2506 5012 gréable,
2535 4977 2619 5009 pays
2649 4968 2690 4998 de
2718 4967 2839 4997 chasse
2865 4967 2899 4994 et
2929 4968 2969 4992 de
2996 4963 3113 4999 pêche.
3128 4963 3235 4992 Sous-

2357 5012 2479 5043 merait
2495 5009 2736 5049 appartement
2749 5004 2849 5044 garni
2867 5012 2873 5040 ;
2892 5001 3100 5033 détaillerait
3116 5002 3232 5038 pièces

2369 5107 2415 5135 La
2430 5102 2789 5135 Directrice-Gérante
2806 5107 2815 5129 :
2851 5099 2965 5128 Veuve
2990 5097 3192 5126 GHABAUD.
