3536 5552
857 417 872 434 «

420 479 529 508 Jeune
544 475 692 509 homme,
707 471 747 501 25
763 477 835 503 ans,
853 465 971 498 mutilé
986 465 1026 494 de
1036 468 1173 501 guerre,
1185 466 1283 490 exer¬

383 521 461 556 çant
496 517 526 546 la
563 511 755 553 profession
795 505 1036 540 d’électricien,
1068 502 1152 532 mais
1183 500 1284 536 ayant

384 558 574 589 l’intention
582 555 623 585 de
632 552 782 593 prendre
792 553 996 581 commerce,
1007 538 1286 580 correspondrait

386 607 468 629 avec
484 595 682 626 demoiselle
699 594 739 623 de
757 592 793 620 18
808 591 827 620 à
841 589 881 619 26
895 596 968 623 ans,
995 582 1216 615 connaissant
1239 586 1286 609 un

386 647 453 678 peu
469 638 500 667 le
516 641 720 667 commerce.
738 648 754 654 -
774 632 803 661 N
808 639 814 646 -
831 629 920 660 6037.

428 717 641 750 Célibataire,
657 714 697 744 59
713 720 785 748 ans,
796 708 989 750 paraissant
999 706 1074 744 plus
1081 705 1200 742 jeune,
1210 699 1289 730 bien

391 767 471 790 sous
488 761 564 788 tous
579 756 749 794 rapports,
764 750 860 781 avoir
875 746 1005 779 100.000
1019 744 1051 775 fr
1072 743 1228 782 espèces,
1257 740 1292 768 et

392 798 520 839 grande
539 796 629 831 villa,
656 790 854 832 épouserait
883 784 1082 819 demoiselle
1111 791 1154 813 ou
1183 786 1292 811 veuve

394 848 472 870 sans
490 837 617 871 enfant,
635 835 676 865 de
692 833 730 863 40
746 833 764 863 à
779 832 817 861 48
833 837 905 864 ans,
927 827 1051 858 femme
1080 820 1292 854 d’intérieur,

393 879 622 919 pratiquante,
639 873 766 905 famille
780 868 978 903 honorable,
997 864 1164 905 physique
1175 860 1295 900 agréa¬

395 921 461 954 ble,
478 917 640 949 situation
656 923 698 944 en
713 913 864 952 rapport,
890 909 931 939 de
960 905 1163 947 préférence
1192 902 1234 932 de
1263 899 1296 929 la

396 960 516 998 région
533 958 573 988 de
588 957 748 988 Valence.
765 968 782 974 -
804 952 832 983 N
838 960 843 966 -
861 950 953 980 6038.

437 1037 641 1070 Demoiselle
655 1036 695 1065 33
705 1041 778 1067 ans,
792 1033 848 1063 dot
857 1029 970 1061 25.000
979 1028 1018 1058 fr.
1032 1028 1067 1057 et
1077 1025 1297 1062 espérances,

398 1080 570 1114 instruite,
588 1073 785 1115 épouserait
800 1069 997 1103 célibataire
1011 1075 1054 1098 ou
1071 1064 1158 1097 veuf,
1170 1061 1300 1093 officier

400 1129 443 1152 ou
461 1116 723 1151 fonctionnaire,
740 1111 963 1150 échangerait
976 1108 1091 1148 photo.
1109 1106 1138 1135 N
1143 1113 1149 1120 -
1167 1103 1259 1134 6039.

441 1196 705 1231 Fonctionnaire
719 1196 758 1225 33
774 1201 846 1228 ans,
862 1190 956 1221 7.500
971 1189 1011 1219 fr.
1029 1185 1226 1217 traitement
1235 1189 1301 1212 non

403 1240 551 1280 compris
590 1235 808 1270 indemnités,
849 1231 961 1262 25.000
998 1228 1041 1257 fr.
1080 1226 1302 1264 espérances,

405 1279 603 1321 épouserait
615 1280 721 1316 jeune
736 1275 806 1305 fille
822 1280 865 1303 ou
878 1277 987 1302 veuve
1015 1269 1055 1298 de
1078 1267 1119 1297 24
1142 1266 1161 1296 à
1175 1264 1215 1294 28
1231 1270 1303 1297 ans,

404 1321 613 1359 accepterait
635 1316 762 1352 enfant,
790 1322 851 1354 pas
880 1311 1040 1349 exigeant
1068 1315 1129 1338 sur
1155 1305 1305 1335 fortune.

404 1364 444 1393 N-
474 1360 568 1391 6040.

446 1444 559 1473 Veuve
576 1441 616 1470 de
632 1444 769 1477 guerre,
784 1435 824 1465 34
839 1441 912 1469 ans,
927 1432 1049 1465 brune,
1066 1428 1191 1458 femme
1221 1422 1307 1453 d’in¬

406 1483 550 1519 térieur,
557 1480 618 1510 800
624 1479 665 1508 fr.
677 1479 717 1509 de
724 1475 869 1516 pension
879 1476 913 1503 et
922 1472 1086 1510 quelques
1096 1466 1306 1499 économies,

408 1522 606 1563 épouserait
633 1518 809 1549 monsieur
840 1514 881 1545 de
909 1513 948 1543 35
977 1512 996 1542 à
1024 1509 1063 1540 40
1092 1514 1164 1542 ans,
1194 1504 1308 1535 bonne

409 1562 582 1594 situation.
600 1577 617 1582 -
633 1560 660 1590 N
667 1567 673 1574 1
689 1558 783 1589 6041.

449 1639 652 1669 Lieutenant
691 1630 906 1664 d’infanterie
943 1625 1123 1659 colaniale,
1158 1622 1197 1652 30
1235 1627 1308 1654 ans,

411 1680 547 1714 décoré,
566 1677 661 1707 avoir
687 1673 799 1705 25.000
827 1671 881 1707 fr.,
912 1665 1110 1708 épouserait
1137 1667 1310 1702 personne

412 1727 494 1751 avec
511 1719 578 1754 dot,
596 1717 670 1755 âge,
688 1712 891 1746 antécédent
916 1707 1125 1740 indifférent.
1141 1719 1160 1726 -
1172 1703 1202 1733 N
1209 1710 1214 1717 1
1231 1700 1312 1731 6042

451 1802 560 1830 Jeune
574 1798 711 1829 homme
726 1795 798 1825 très
814 1791 965 1825 sérieux,
987 1780 1310 1826 ajusteur-mécani¬

414 1840 501 1876 cien,
517 1839 555 1869 23
572 1846 643 1871 ans,
662 1835 774 1866 désire
789 1829 1039 1870 correspondre
1069 1834 1151 1857 avec
1180 1821 1312 1854 demoi¬

414 1881 509 1916 selle,
522 1879 620 1918 jolie,
637 1876 793 1910 aimable,
810 1873 852 1904 de
865 1872 902 1902 18
918 1871 936 1902 à
950 1870 990 1900 22
1005 1876 1077 1899 ans.
1091 1882 1110 1889 -
1124 1865 1154 1896 N
1160 1873 1166 1880 -
1181 1863 1275 1894 6043.

454 1954 668 1987 Demoiselle,
685 1952 721 1982 31
740 1958 811 1986 ans,
829 1945 1031 1987 comptable,
1048 1942 1138 1973 7.000
1159 1940 1199 1970 fr.
1231 1940 1313 1968 éco¬

416 1996 547 2028 nomies
563 2000 596 2025 et
613 1996 830 2033 espérances,
848 1990 948 2027 ayant
963 1989 1145 2016 trousseau
1162 1983 1196 2011 et
1209 1977 1314 2010 mobi¬

415 2037 492 2074 lier,
509 2033 706 2075 épouserait
721 2029 898 2063 monsieur
913 2027 1015 2065 ayant
1042 2021 1204 2055 situation
1232 2017 1313 2049 sûre

416 2081 450 2110 et
463 2078 577 2108 bonne
592 2073 785 2106 éducation.
801 2087 813 2093 -
826 2070 857 2100 N
861 2078 868 2085 -
885 2068 978 2098 6044.

456 2159 570 2188 Veuve
580 2155 656 2185 d’un
665 2151 858 2192 ingénieur,
871 2150 969 2180 rente
979 2145 1069 2176 1.700
1077 2144 1132 2179 fr.,
1148 2140 1261 2173 49.000
1271 2138 1313 2169 fr.

417 2200 614 2234 dommages
630 2196 670 2225 de
686 2200 824 2232 guerre,
841 2191 904 2229 âge
919 2189 958 2219 57
973 2195 1046 2222 ans,
1059 2184 1172 2216 désire
1182 2188 1315 2219 compa¬

418 2246 506 2278 gnon
525 2238 637 2268 bonne
652 2232 844 2266 éducation.
861 2247 879 2253 -
893 2230 935 2261 N*
951 2227 1044 2258 6045.

457 2315 659 2349 Célibataire
673 2315 712 2344 35
729 2321 800 2348 ans,
818 2310 957 2342 sérieux
979 2308 1079 2346 ayant
1107 2303 1210 2335 étude
1239 2299 1317 2331 d’un

420 2359 562 2398 rapport
576 2357 618 2387 de
631 2357 650 2385 8
665 2357 685 2385 à
699 2353 811 2384 10.000
825 2351 867 2381 fr.
897 2347 1096 2388 épouserait
1122 2350 1245 2376 veuve,
1274 2348 1319 2370 ou

421 2397 620 2430 demoiselle
636 2396 860 2428 affectueuse,
876 2389 975 2430 goûts
992 2386 1130 2426 simples
1157 2381 1319 2415 situation

422 2448 463 2471 en
479 2439 629 2478 rapport.
646 2451 666 2459 -
680 2437 708 2466 N
714 2443 719 2451 -
737 2434 829 2465 6046.

462 2517 668 2550 Demoiselle
683 2515 722 2546 35
737 2522 810 2550 ans,
840 2511 1017 2550 employée
1033 2503 1319 2538 administration,

423 2561 571 2599 gagnant
586 2557 678 2588 4.800
693 2558 733 2586 fr.
750 2563 813 2594 par
832 2561 886 2587 an,
905 2549 1011 2581 12.000
1040 2549 1079 2578 fr.
1112 2544 1322 2577 économies,

424 2600 620 2639 épouserait
635 2595 811 2627 monsieur
826 2594 867 2623 de
881 2592 920 2623 35
935 2592 954 2622 à
967 2590 1006 2621 45
1022 2595 1094 2623 ans,
1111 2585 1266 2624 employé
1280 2590 1324 2613 ou

424 2643 523 2671 autre
538 2638 711 2670 situation.
728 2651 747 2658 -
760 2636 801 2667 N*
814 2634 907 2664 6047.

464 2719 568 2747 Dame
584 2714 755 2747 divorcée,
771 2711 810 2741 50
839 2716 912 2744 ans,
943 2707 1067 2738 femme
1098 2704 1139 2734 de
1167 2702 1324 2738 ménage,

426 2759 525 2797 ayant
538 2755 720 2789 intérieur,
738 2752 851 2782 désire
867 2748 1019 2785 mariage
1042 2752 1124 2776 avec
1150 2741 1327 2773 monsieur

426 2795 638 2829 mécanicien
653 2801 698 2824 ou
713 2792 885 2823 militaire,
895 2796 940 2819 ou
950 2792 1125 2826 personne
1133 2781 1328 2813 travaillant

427 2840 445 2869 à
456 2838 487 2868 la
503 2841 701 2874 campagne,
717 2848 736 2855 -
750 2834 777 2863 N
785 2839 790 2846 1
807 2830 899 2860 6048.

465 2910 683 2945 Demoiselle,
711 2908 752 2938 50
779 2914 853 2942 ans,
883 2913 927 2935 ne
955 2903 1006 2934 les
1032 2899 1226 2940 paraissant
1252 2904 1327 2935 pas,

428 2952 599 2984 exellente
614 2949 742 2980 famille
757 2946 942 2986 possédant
961 2942 1092 2974 maison
1122 2936 1328 2976 bourgeoise

429 2991 737 3025 confortablement
764 2988 900 3018 montée
930 2992 972 3015 en
1002 2980 1167 3016 meubles,
1197 2978 1328 3015 bijoux,

429 3032 634 3072 argenterie,
649 3029 741 3060 belle
757 3026 918 3058 situation
933 3025 974 3054 de
989 3023 1127 3053 fortune
1155 3021 1189 3050 et
1217 3019 1328 3052 rente,

429 3072 627 3113 épouserait
653 3068 830 3100 monsieur
858 3064 1065 3103 catholique,
1101 3058 1244 3091 retraité
1285 3063 1330 3087 ou

429 3114 570 3146 rentier.
587 3128 605 3134 -
621 3112 648 3141 N
654 3120 660 3126 -
675 3109 767 3140 6050.

468 3189 676 3222 Demoiselle
685 3189 725 3217 38
738 3193 809 3223 ans,
819 3182 983 3215 situation
992 3180 1076 3210 dans
1084 3178 1118 3208 le
1131 3180 1330 3207 commerce

430 3231 522 3262 8.000
535 3230 575 3260 fr.
590 3237 652 3268 par
668 3236 722 3264 an,
739 3226 835 3256 avoir
859 3222 972 3254 30.000
999 3220 1056 3257 fr.,
1086 3219 1207 3252 brune,
1230 3213 1328 3252 jolie,

430 3273 501 3303 très
517 3271 636 3305 douce,
654 3266 850 3306 épouserait
865 3262 1042 3294 monsieur
1057 3257 1207 3293 sérieux,
1237 3254 1328 3289 bien,

432 3313 495 3350 âge
511 3319 553 3342 en
568 3310 708 3350 rapport
722 3323 741 3330 -
755 3307 785 3337 N
791 3315 796 3321 -
813 3304 906 3335 6051.

471 3389 585 3418 Veuve
601 3386 638 3415 48
655 3392 726 3417 ans,
743 3381 855 3413 60.000
866 3380 907 3410 fr.
933 3381 965 3409 et
981 3375 1174 3417 propriétés
1192 3372 1233 3402 de
1248 3377 1331 3408 rap¬

432 3433 520 3468 port,
537 3427 660 3461 bonne,
687 3422 907 3459 affectueuse,
934 3415 1133 3457 épouserait
1159 3411 1332 3443 fonction¬

432 3469 528 3499 naire
543 3474 587 3498 ou
602 3462 831 3505 propriétaire
846 3461 929 3496 aisé,
944 3457 1137 3499 protestant
1152 3454 1193 3484 de
1214 3451 1333 3491 préfé¬

432 3515 548 3540 rence.
564 3523 583 3528 -
598 3507 628 3537 N
632 3514 637 3521 -
655 3504 749 3536 6052.

472 3582 649 3615 Monsieur
663 3582 735 3612 très
750 3579 840 3613 bien,
859 3577 960 3615 ayant
981 3575 1022 3605 de
1050 3571 1158 3603 belles
1187 3568 1334 3606 qualités

434 3624 594 3659 morales,
619 3622 769 3654 sérieux,
798 3617 949 3652 instruit,
979 3612 1162 3650 distingué,
1191 3609 1233 3639 36
1259 3615 1333 3643 ans,

433 3664 661 3704 propriétaire
678 3659 873 3692 viticulteur
897 3659 932 3686 et
960 3652 1153 3694 publiciste,
1183 3655 1334 3679 revenus

435 3704 546 3735 10.000
570 3703 625 3739 fr.,
649 3701 798 3734 divorcé,
828 3693 1026 3736 épouserait
1053 3689 1261 3723 institutrice
1291 3694 1335 3717 ou

435 3743 634 3776 demoiselle
651 3743 753 3780 ayant
767 3737 940 3770 situation.
959 3752 972 3757 -
987 3735 1029 3765 N-
1045 3733 1135 3764 6053.

473 3822 584 3851 Jeune
599 3819 736 3848 homme
751 3816 786 3846 31
805 3822 878 3848 ans,
895 3811 1046 3843 sérieux,
1064 3807 1154 3844 actif,
1178 3806 1230 3836 fils
1256 3804 1338 3835 uni¬

438 3869 512 3899 que,
541 3859 725 3895 ingénieur
753 3857 813 3886 des
853 3853 975 3888 mines,
1016 3849 1112 3880 avoir
1150 3844 1338 3887 personnel

434 3900 568 3932 200.000
581 3899 637 3934 fr.,
653 3895 852 3937 épouserait
865 3899 1038 3933 personne
1053 3889 1210 3921 sérieuse
1236 3886 1339 3924 ayant

436 3949 504 3972 une
520 3941 588 3971 dot.
604 3955 624 3962 -
639 3938 676 3968 N-
693 3937 785 3968 6054.

474 4023 585 4052 Jeune
600 4020 737 4050 homme
751 4017 790 4047 33
805 4023 879 4049 ans,
895 4015 997 4051 ayant
1006 4009 1180 4045 situation,
1191 4005 1338 4046 pension

438 4063 479 4092 de
495 4068 622 4100 guerre
636 4058 695 4089 720
708 4058 752 4087 fr.
767 4064 830 4096 par
845 4063 888 4084 an
913 4060 1002 4092 pour
1028 4050 1136 4090 petite
1163 4045 1337 4081 infirmité,

439 4104 539 4140 ayant
554 4101 726 4138 logement
741 4100 776 4127 et
787 4095 900 4135 jardin
916 4096 951 4124 et
967 4091 1044 4122 1500
1058 4089 1099 4119 fr.
1129 4085 1337 4120 économies,

438 4141 635 4179 épouserait
644 4136 840 4169 demoiselle
851 4142 894 4165 ou
902 4139 1013 4165 veuve
1023 4132 1063 4161 de
1074 4128 1175 4168 goûts
1185 4125 1337 4165 simples.

438 4181 586 4214 N-6049.

478 4254 681 4288 Célibataire
709 4254 748 4284 43
776 4259 848 4288 ans,
878 4250 931 4281 fils
960 4247 1099 4286 unique,
1130 4245 1266 4276 homme
1297 4243 1340 4274 du

440 4297 575 4332 monde,
605 4296 743 4327 fortune
774 4291 908 4323 500.000
932 4290 974 4319 fr.
1002 4296 1064 4318 sur
1087 4284 1290 4316 immeubles
1321 4285 1341 4313 à

439 4337 535 4368 Paris
551 4338 586 4367 et
600 4334 793 4374 propriétés
809 4339 853 4362 en
867 4329 1042 4370 province,
1067 4326 1221 4356 habitant
1244 4323 1343 4354 hiver

439 4377 549 4413 Paris,
565 4378 620 4407 été
635 4375 667 4405 la
682 4372 857 4413 province,
874 4369 1072 4409 épouserait
1088 4364 1287 4397 demoiselle
1297 4371 1341 4394 ou

440 4425 548 4449 veuve
563 4417 602 4447 de
618 4415 731 4446 bonne
743 4412 870 4443 famille
879 4411 980 4449 ayant
993 4417 1036 4439 au
1049 4407 1158 4438 moins
1166 4404 1300 4437 300.000
1308 4404 1340 4433 fr

440 4459 481 4490 N-
497 4457 590 4488 6055.

480 4534 563 4563 Très
574 4531 660 4569 jolie
675 4529 809 4564 blonde,
819 4534 939 4561 veuve,
955 4526 995 4556 40
1004 4533 1075 4561 ans,
1093 4531 1136 4554 ne
1149 4523 1198 4553 les
1215 4521 1343 4561 parais¬

443 4577 518 4604 sant
531 4581 603 4611 pas,
621 4574 721 4608 ayant
728 4568 818 4600 belle
828 4567 990 4597 situation
999 4565 1040 4595 de
1051 4565 1199 4598 fortune,
1211 4561 1343 4592 maison

442 4616 590 4648 montée,
633 4611 763 4649 bijoux,
803 4605 1009 4646 argenterie,
1049 4603 1271 4638 musicienne,
1303 4601 1345 4631 de

442 4654 553 4684 bonne
561 4651 740 4683 éducation
751 4648 863 4680 désire
875 4645 979 4677 union
987 4644 1071 4674 libre
1079 4651 1160 4674 avec
1168 4642 1345 4673 monsieur

443 4695 544 4731 ayant
555 4692 639 4730 jolie
656 4690 817 4721 situation
833 4695 877 4719 ou
893 4685 1041 4720 fortune,
1059 4684 1238 4721 n’importe
1264 4681 1342 4720 quel

442 4733 517 4772 âge.
534 4749 551 4754 -
565 4733 608 4764 N-
623 4731 716 4761 6056.

481 4810 589 4838 Jeune
604 4807 741 4837 homme
757 4807 928 4843 étranger,
938 4803 978 4832 27
987 4808 1059 4836 ans,
1077 4799 1147 4829 très
1160 4796 1342 4834 distingué,

442 4847 555 4879 20.000
590 4848 631 4877 fr.
662 4848 704 4877 de
735 4848 862 4880 rentes,
893 4843 1005 4874 désire
1035 4838 1212 4871 connaître
1239 4838 1344 4874 jeune

443 4889 512 4919 fille
527 4895 572 4918 ou
586 4894 694 4917 veuve
710 4887 748 4916 18
763 4888 782 4916 à
796 4885 835 4915 25
850 4892 923 4919 ans,
936 4883 1050 4914 bonne
1065 4878 1258 4913 éducation,
1275 4885 1345 4907 mu¬

445 4928 610 4963 sicienne,
626 4927 736 4957 même
747 4933 824 4956 sans
833 4925 981 4958 fortune,
993 4922 1172 4959 acceptant
1181 4925 1328 4956 voyages
1338 4927 1346 4954 ;

444 4968 580 5008 plaisirs
596 4967 643 4997 lui
659 4969 777 4997 seront
792 4964 921 4997 offerts.
938 4979 957 4985 -
971 4964 1000 4994 N
1006 4972 1011 4978 -
1028 4962 1121 4992 6057.

485 5038 587 5067 Dame
617 5033 775 5064 divorcée
805 5034 821 5062 à
850 5038 911 5062 son
940 5027 1051 5068 profit,
1078 5028 1118 5056 42
1133 5035 1204 5062 ans,
1236 5033 1279 5056 ne
1296 5024 1345 5054 les

445 5075 638 5115 paraissant
661 5081 734 5112 pas,
764 5071 916 5110 gentille,
935 5068 1158 5103 affectueuse,
1183 5064 1346 5096 situation

443 5117 579 5147 variant
594 5114 635 5144 de
649 5112 743 5143 6.000
764 5113 807 5142 fr.
823 5113 843 5142 à
857 5110 950 5141 7.000
965 5108 1006 5138 fr.
1023 5115 1087 5146 par
1102 5114 1157 5143 an,
1174 5114 1234 5144 pas
1251 5105 1347 5135 d’en¬

443 5157 527 5192 fant,
544 5154 658 5186 désire
674 5152 828 5191 mariage
844 5159 886 5183 en
901 5150 1057 5189 rapport.
1075 5163 1093 5171 -
1109 5146 1150 5178 N-
1167 5145 1272 5176 6.059.

1376 459 1486 487 Jeune
1503 454 1638 488 femme,
1657 449 1696 479 28
1713 455 1785 482 ans,
1803 446 1860 476 dot
1873 442 1987 474 50.000
2002 442 2057 476 fr.,
2074 439 2242 478 espéran¬

1340 506 1397 529 ces
1415 492 1545 526 150.000
1559 492 1615 527 fr.,
1631 488 1760 520 famille
1774 484 1974 521 honorable,
1987 489 2065 512 sans
2082 479 2241 513 relation,

1340 538 1501 568 divorcée
1543 535 1563 563 à
1589 539 1651 562 son
1688 528 1792 568 profit
1817 533 1900 556 avec
1927 521 2071 563 pension
2100 519 2159 549 600
2186 518 2242 553 fr.,

1342 576 1484 617 grande,
1504 575 1626 608 brune,
1656 569 1879 602 musicienne,
1893 565 2017 594 femme
2035 559 2244 594 d’intérieur,

1343 618 1511 650 sérieuse,
1543 609 1739 652 épouserait
1768 606 1943 637 monsieur
1973 604 2013 633 de
2028 602 2066 630 35
2083 604 2101 630 à
2116 600 2154 629 48
2171 606 2242 633 ans,

1345 656 1464 698 grand,
1494 654 1585 685 belle
1602 649 1762 681 situation
1793 650 1826 678 et
1855 645 2003 679 fortune,
2034 643 2165 671 France
2201 645 2244 669 ou

1344 697 1512 730 Colonies.
1530 711 1550 716 -
1568 693 1596 724 N
1602 701 1607 707 -
1625 690 1715 722 6060.

1388 781 1593 815 Demoiselle
1607 778 1646 809 46
1675 785 1747 813 ans,
1778 773 1910 813 pieuse,
1941 769 2108 803 sérieuse,
2125 767 2247 801 brune,

1349 824 1477 856 famille
1515 819 1716 853 honorable,
1759 812 1884 845 femme
1923 810 2135 844 d’intérieur,
2194 806 2251 836 dot

1350 864 1463 897 40.000
1478 863 1519 892 fr.
1537 864 1571 891 et
1586 859 1693 890 belles
1710 858 1930 895 espérances,
1951 848 2149 890 épouserait
2177 853 2251 876 em¬

1352 906 1451 945 ployé
1481 897 1797 935 d’administration,
1835 895 1997 926 douanes,
2039 888 2250 928 professeur,

1354 942 1653 983 enregistrement,
1667 940 1747 977 juré
1764 944 1806 967 ou
1823 931 2062 974 propriétaire.
2071 945 2090 952 -
2105 930 2133 959 N
2139 937 2144 943 -
2162 926 2252 957 6061.

1394 1029 1597 1061 Lieutenant
1611 1023 1830 1055 intendance,
1847 1020 1886 1050 40
1901 1026 1975 1052 ans,
1991 1024 2036 1046 ne
2050 1016 2102 1045 les
2117 1012 2254 1050 parais¬

1357 1073 1431 1102 sant
1439 1077 1512 1109 pas,
1521 1065 1714 1098 économies
1723 1061 1831 1093 30.000
1840 1061 1898 1096 frs,
1909 1057 2069 1089 situation
2079 1053 2190 1085 15.000
2200 1051 2256 1088 frs,

1358 1111 1471 1142 désire
1488 1111 1606 1138 entrer
1621 1113 1664 1136 en
1689 1103 1853 1134 relations
1879 1107 1966 1138 pour
1994 1096 2144 1133 mariage
2175 1099 2257 1123 avec

1354 1155 1462 1191 jeune
1477 1149 1546 1179 fille
1562 1155 1605 1178 ou
1616 1148 1726 1185 jeune
1742 1149 1849 1173 veuve
1863 1147 1942 1170 sans
1959 1137 2088 1171 enfant,
2110 1135 2151 1165 de
2175 1134 2216 1163 27
2240 1134 2258 1162 à

1357 1192 1398 1223 30
1412 1200 1485 1225 ans,
1501 1189 1614 1219 mince
1629 1186 1671 1215 de
1686 1182 1903 1224 préférence,
1933 1179 2061 1208 aimant
2074 1175 2256 1208 intérieur,

1361 1232 1523 1263 situation
1540 1236 1583 1259 en
1598 1227 1740 1265 rapport
1754 1239 1772 1245 -
1787 1224 1816 1254 N
1822 1232 1827 1237 -
1845 1220 1934 1251 6062.

1401 1315 1492 1347 Veuf
1501 1315 1541 1345 58
1556 1321 1628 1346 ans,
1644 1310 1724 1341 bien
1741 1315 1820 1339 sous
1835 1309 1913 1337 tous
1928 1305 2099 1343 rapports,
2122 1300 2260 1331 fortune

1361 1356 1495 1389 500.000
1502 1355 1562 1385 frs.
1575 1354 1676 1390 ayant
1684 1356 1805 1388 grosse
1814 1346 1932 1377 affaire
1942 1352 1984 1375 en
1994 1344 2103 1373 mains
2113 1340 2263 1379 pouvant

1363 1399 1546 1437 rapporter
1560 1391 1731 1433 plusieurs
1748 1389 1908 1422 millions,
1926 1381 2122 1424 épouserait
2135 1379 2262 1410 demoi¬

1364 1438 1449 1470 selle
1466 1444 1509 1467 ou
1524 1441 1631 1466 veuve
1648 1433 1748 1470 ayant
1763 1429 1910 1459 fortune.
1928 1442 1945 1448 -
1961 1426 1990 1456 N
1996 1433 2001 1439 -
2018 1422 2109 1453 6063.

1403 1517 1512 1545 Jeune
1526 1511 1664 1542 homme
1680 1508 1830 1540 sérieux,
1847 1503 2000 1537 instruit,
2031 1498 2123 1534 actif,
2142 1497 2262 1536 appelé

1365 1557 1383 1587 à
1399 1553 1507 1594 grand
1523 1551 1640 1583 avenir
1658 1546 1841 1579 industriel
1857 1547 1890 1576 et
1919 1539 2153 1574 commercial,
2184 1537 2263 1567 bien

1365 1594 1637 1636 physiquement,
1655 1587 1860 1622 affectueux,
1890 1583 2004 1615 désire
2040 1579 2145 1611 union
2181 1584 2265 1608 avec

1362 1639 1469 1675 jeune
1478 1633 1557 1668 fille,
1563 1631 1659 1670 jolie,
1669 1629 1747 1659 bien
1756 1624 2030 1668 physiquement,
2041 1618 2265 1654 musicienne,

1366 1675 1535 1710 sérieuse,
1552 1680 1630 1703 sans
1646 1673 1734 1705 tare,
1749 1669 1850 1706 ayant
1865 1667 2012 1696 fortune.
2029 1677 2048 1685 -
2062 1661 2103 1692 N'
2120 1658 2210 1690 6064.

1406 1765 1515 1793 Jeune
1523 1755 1750 1790 sous-officier
1758 1750 1966 1788 d’artillerie,
1973 1750 2013 1780 25
2022 1756 2092 1785 ans,
2106 1743 2266 1777 situation

1366 1802 1459 1833 7.000
1474 1801 1515 1832 fr.
1533 1799 1647 1830 désire
1663 1792 1916 1833 correspondre
1924 1798 2012 1830 pour
2021 1788 2173 1825 mariage
2182 1791 2266 1815 avec

1368 1840 1570 1874 demoiselle
1586 1839 1626 1869 de
1641 1838 1678 1868 18
1693 1838 1712 1867 à
1727 1835 1765 1866 20
1781 1843 1856 1871 ans,
1864 1833 1961 1872 jolie,
1971 1830 2093 1865 brune,
2107 1825 2267 1857 situation

1370 1892 1413 1915 en
1431 1882 1581 1922 rapport.
1600 1895 1617 1901 -
1632 1879 1673 1909 N-
1690 1876 1780 1908 6065.

1409 1958 1593 1998 Employée
1609 1955 1650 1985 de
1664 1954 1810 1991 banque,
1827 1951 1867 1980 24
1881 1957 1953 1987 ans,
1964 1946 2163 1985 présentant
2176 1942 2268 1977 bien,

1369 2000 1482 2031 désire
1498 1997 1677 2029 connaître
1694 1992 1869 2024 monsieur
1885 1990 1926 2019 de
1938 1989 1977 2018 25
1994 1988 2013 2018 à
2023 1986 2062 2017 40
2072 1994 2143 2019 ans,
2155 1984 2269 2014 bonne

1368 2039 1560 2074 éducation,
1578 2037 1679 2075 ayant
1694 2032 1856 2065 situation
1878 2029 1998 2064 stable,
2026 2025 2230 2063 catholique.
2252 2038 2268 2045 -

1369 2082 1411 2113 N-
1427 2080 1519 2111 6066.

1412 2162 1617 2196 Demoiselle
1632 2161 1671 2190 34
1687 2168 1760 2195 ans,
1778 2156 1955 2195 employée
1966 2149 2272 2184 d’administration

1373 2206 1414 2236 de
1429 2205 1537 2240 l’Etat,
1555 2202 1723 2235 mobilier,
1742 2197 1949 2231 économies,
1976 2193 2091 2224 désire
2120 2190 2273 2227 mariage

1373 2253 1434 2277 ave
1439 2254 1456 2276 c
1463 2242 1640 2275 monsieur
1646 2241 1708 2280 âge
1715 2242 1751 2270 et
1756 2239 1919 2270 situation
1926 2243 1968 2267 en
1976 2235 2126 2273 rapport.
2132 2233 2161 2263 N
2164 2240 2170 2247 -
2176 2248 2189 2253 -
2194 2230 2274 2261 6067

1413 2327 1523 2356 Jeune
1561 2323 1697 2354 homme
1726 2320 1764 2350 25
1793 2326 1865 2352 ans,
1896 2315 1990 2347 avoir
2017 2313 2129 2344 30.000
2158 2311 2199 2341 fr.
2230 2317 2274 2341 en

1375 2367 1497 2405 argent
1512 2366 1546 2395 et
1559 2363 1649 2394 belle
1664 2359 1840 2401 propriété
1849 2355 2019 2396 vignoble,
2031 2353 2159 2384 famille
2168 2352 2276 2381 hono¬

1374 2407 1482 2442 rable,
1500 2405 1613 2435 désire
1628 2401 1781 2439 mariage
1796 2406 1879 2430 avec
1889 2400 1997 2436 jeune
2011 2394 2082 2425 fille
2112 2392 2276 2424 situation

1377 2455 1420 2478 en
1436 2447 1588 2485 rapport.
1606 2460 1623 2466 -
1638 2443 1668 2474 N
1674 2451 1680 2457 -
1696 2441 1787 2472 6068.

1415 2529 1527 2558 Jeune
1554 2522 1737 2555 industriel
1764 2521 1804 2552 24
1832 2527 1905 2554 ans,
1936 2516 2050 2548 désire
2087 2516 2207 2546 entrer
2234 2519 2278 2542 en

1378 2568 1543 2600 relations
1559 2573 1642 2596 avec
1652 2566 1761 2603 jeune
1776 2560 1846 2591 fille
1862 2559 1903 2589 de
1917 2558 1957 2588 20
1971 2558 1991 2588 à
2005 2557 2044 2587 25
2062 2563 2134 2585 ans.
2151 2554 2181 2585 N
2183 2561 2189 2568 1
2199 2552 2279 2583 6069

1420 2645 1625 2679 Demoiselle
1640 2645 1680 2675 36
1694 2651 1767 2678 ans,
1784 2642 1861 2672 bien
1882 2638 2156 2679 physiquement,
2186 2633 2281 2664 fonc¬

1381 2687 1553 2720 tionnaire
1569 2686 1687 2718 d’Etat,
1702 2682 1796 2714 6.000
1818 2681 1874 2717 fr.,
1905 2681 2025 2714 douce,
2055 2675 2279 2707 affectueuse,

1380 2728 1555 2763 instruite,
1568 2725 1793 2758 musicienne,
1807 2721 1921 2752 désire
1930 2716 2181 2754 correspondre
2193 2720 2281 2752 pour

1382 2770 1534 2805 mariage
1551 2775 1633 2797 avec
1648 2764 1823 2796 monsieur
1849 2762 1888 2791 de
1917 2760 1955 2790 35
1984 2760 2003 2789 à
2031 2758 2070 2788 45
2099 2763 2171 2790 ans,
2202 2753 2280 2784 bien

1383 2810 1492 2844 élevé,
1508 2805 1658 2840 instruit,
1676 2803 1811 2838 cultivé,
1831 2800 1992 2831 situation
2016 2797 2122 2831 aisée,
2146 2793 2283 2833 profes¬

1382 2856 1476 2885 seur,
1494 2847 1624 2881 artiste,
1642 2842 1826 2875 industriel
1842 2848 1886 2872 ou
1901 2837 2145 2873 commerçant,
2159 2833 2284 2864 céliba¬

1382 2890 1482 2925 taire,
1505 2887 1584 2918 veuf
1598 2893 1642 2917 ou
1672 2884 1808 2914 divorcé
1840 2888 1923 2912 avec
1952 2878 2081 2913 enfant,
2106 2874 2185 2906 irait
2216 2880 2283 2903 aux

1385 2928 1549 2960 colonies.
1565 2943 1578 2949 -
1594 2927 1621 2958 N
1627 2935 1633 2941 -
1651 2924 1741 2956 6070.

1422 3006 1628 3040 Demoiselle
1643 3006 1682 3036 42
1697 3012 1770 3040 ans,
1787 3002 1872 3042 petit
1887 3000 1994 3035 avoir,
2012 2995 2223 3029 couturière,
2246 3000 2284 3023 se

1384 3047 1586 3080 dévouerait
1614 3048 1633 3077 à
1661 3046 1773 3076 blessé
1803 3044 1844 3074 de
1877 3046 2004 3081 guerre
2019 3045 2063 3069 ou
2092 3035 2173 3067 veuf
2200 3041 2282 3064 avec

1385 3089 1515 3122 enfant.
1532 3105 1545 3111 -
1559 3089 1599 3119 N-
1617 3087 1706 3117 6072.

1424 3172 1528 3201 Dame
1556 3168 1715 3198 divorcée
1745 3172 1788 3196 en
1816 3172 1855 3194 sa
1881 3162 2013 3195 faveur,
2044 3166 2124 3189 sans
2153 3155 2284 3190 enfant,

1383 3212 1422 3242 37
1431 3219 1503 3245 ans,
1515 3209 1593 3240 bien
1603 3216 1683 3239 sous
1693 3210 1769 3237 tous
1782 3206 1950 3244 rapports,
1965 3202 2077 3232 bonne
2089 3196 2281 3230 éducation,

1385 3252 1441 3282 dot
1457 3249 1568 3280 12.000
1587 3249 1641 3284 fr.,
1674 3246 1786 3277 désire
1814 3243 1966 3281 mariage
1996 3248 2078 3271 avec
2108 3236 2286 3268 monsieur

1384 3291 1536 3327 sérieux,
1553 3291 1654 3328 ayant
1667 3287 1780 3318 bonne
1796 3283 1971 3316 situation.
1988 3297 2000 3304 -
2014 3282 2044 3312 N
2048 3288 2054 3295 1
2072 3279 2163 3310 6073.

1426 3371 1602 3403 Monsieur
1616 3369 1655 3399 45
1675 3375 1748 3402 ans,
1775 3365 1941 3405 physique
1970 3360 2142 3401 agréable,
2172 3359 2286 3389 bonne

1384 3412 1525 3447 famille,
1568 3409 1718 3444 sérieux,
1757 3405 2004 3444 sympathique,
2039 3399 2285 3436 commerçant,

1385 3451 1584 3492 épouserait
1599 3446 1798 3480 demoiselle
1813 3445 1989 3477 ordonnée
2006 3443 2048 3474 de
2061 3442 2102 3472 28
2117 3443 2136 3471 à
2149 3440 2190 3470 36
2213 3445 2287 3469 ans.

1388 3509 1408 3517 -
1423 3491 1464 3524 N-
1482 3491 1570 3522 6074.

1428 3570 1634 3604 Demoiselle
1674 3568 1808 3604 blonde,
1838 3567 1875 3596 19
1914 3573 1986 3601 ans,
2026 3564 2129 3602 ayant
2155 3559 2288 3593 brevet,

1389 3611 1589 3653 épouserait
1597 3609 1774 3641 monsieur
1782 3606 1987 3644 catholique,
2001 3606 2103 3642 ayant
2114 3599 2289 3634 situation,

1389 3662 1450 3694 pas
1468 3652 1607 3683 sérieux
1622 3648 1813 3680 s’abstenir.
1831 3664 1850 3670 -
1862 3648 1891 3678 N
1896 3655 1902 3661 -
1920 3645 2009 3676 6076.

1429 3736 1541 3764 Jeune
1554 3732 1692 3762 homme
1706 3730 1743 3760 21
1761 3737 1835 3765 ans,
1862 3727 1941 3758 bien
1971 3726 2013 3756 de
2042 3732 2079 3754 sa
2105 3727 2290 3762 personne,

1389 3770 1850 3815 propiiétaire-viticulteur,
1875 3766 2010 3798 500.000
2038 3764 2080 3794 fr.
2110 3764 2150 3793 de
2179 3761 2290 3795 biens,

1391 3822 1530 3854 grosses
1546 3813 1764 3851 espérances,
1781 3808 1946 3840 demande
1959 3808 2065 3844 jeune
2079 3803 2146 3834 fille
2165 3802 2206 3832 de
2224 3802 2260 3830 18
2274 3801 2293 3830 à

1391 3856 1430 3886 20
1446 3863 1516 3893 ans,
1533 3853 1628 3884 avoir
1644 3859 1687 3882 en
1703 3852 1858 3890 rapport.
1874 3865 1888 3871 -
1902 3849 1942 3879 N’
1960 3846 2051 3876 6077.

1431 3939 1529 3969 Deux
1544 3935 1776 3968 demoiselles,
1792 3933 1832 3963 20
1847 3934 1881 3962 et
1894 3931 1931 3960 21
1948 3937 2023 3964 ans,
2040 3925 2235 3966 employées
2252 3923 2293 3952 de

1393 3979 1542 4016 banque,
1571 3976 1685 4007 bonne
1714 3972 1905 4008 éducation,
1922 3978 2000 4000 sans
2017 3967 2122 4002 avoir,
2141 3965 2295 3996 désirent

1394 4019 1547 4055 mariage
1557 4024 1639 4047 avec
1648 4015 1826 4046 monsieur
1833 4011 1923 4043 belle
1932 4008 2107 4044 situation,
2121 4015 2164 4037 au
2176 4007 2294 4036 Maroc

1394 4059 1436 4089 de
1450 4058 1669 4096 préférence.
1684 4070 1704 4077 -
1717 4056 1748 4086 N
1752 4063 1758 4069 -
1775 4053 1866 4083 6075.

1435 4137 1551 4168 Mutilé
1567 4136 1607 4166 de
1623 4142 1763 4174 guerre,
1779 4133 1817 4163 35
1842 4140 1914 4167 ans,
1944 4129 2089 4170 pension
2118 4126 2210 4157 1.440
2238 4126 2293 4161 fr.,

1394 4176 1593 4218 épouserait
1607 4173 1806 4206 demoiselle
1819 4180 1864 4204 ou
1879 4179 1986 4203 veuve
1997 4166 2293 4207 ayantpropriétô.

1394 4235 1413 4242 -
1427 4219 1468 4250 N-
1486 4218 1574 4249 6078.

1436 4298 1555 4330 Mutilé
1572 4297 1612 4327 de
1627 4302 1766 4335 guerre,
1781 4294 1821 4324 30
1836 4300 1909 4328 ans,
1935 4289 2032 4322 avoir
2058 4287 2169 4320 10.000
2188 4287 2229 4317 fr.
2262 4288 2296 4317 et

1396 4339 1572 4380 propriété
1581 4340 1682 4376 après
1691 4337 1843 4374 parents,
1853 4330 2052 4372 épouserait
2057 4332 2166 4369 jeune
2175 4327 2244 4358 fille
2254 4327 2296 4358 de

1396 4381 1436 4411 20
1450 4381 1470 4410 à
1484 4378 1524 4409 30
1538 4386 1611 4414 ans,
1627 4378 1699 4407 très
1715 4374 1882 4405 sérieuse.
1898 4389 1918 4395 -
1932 4373 1963 4404 N
1967 4381 1973 4387 -
1990 4371 2081 4402 6079.

1437 4457 1653 4492 Célibataire,
1670 4456 1824 4491 docteur,
1843 4455 1926 4485 dans
1941 4452 2071 4492 grande
2085 4450 2178 4485 ville,
2187 4449 2228 4480 40
2237 4455 2297 4479 ans

1396 4503 1530 4541 passés,
1546 4498 1636 4529 belle
1660 4495 1836 4532 situation,
1863 4494 1983 4533 grand,
2000 4494 2071 4524 très
2082 4492 2172 4528 bien,
2188 4490 2298 4519 allure

1394 4544 1514 4580 jeune,
1533 4539 1646 4569 désire
1662 4536 1814 4574 mariage
1830 4543 1912 4566 avec
1927 4540 2101 4574 personne
2128 4530 2296 4562 sérieuse,

1398 4581 1499 4617 belle,
1517 4581 1617 4615 forte,
1633 4577 1744 4608 même
1760 4584 1838 4606 sans
1856 4575 1922 4606 dot.
1938 4591 1957 4597 -
1972 4575 2001 4605 N
2006 4582 2012 4589 -
2030 4572 2119 4602 6080.

1438 4663 1553 4693 Veuve
1566 4660 1606 4689 35
1621 4667 1694 4693 ans,
1709 4665 1789 4687 sans
1805 4657 1934 4692 enfant,
1951 4654 2113 4686 situation
2135 4651 2229 4682 7.000
2243 4650 2298 4686 fr.,

1399 4702 1597 4734 économies
1613 4698 1725 4729 10.000
1740 4696 1794 4733 fr.,
1809 4697 1979 4728 intérieur
2007 4693 2179 4733 agréable,
2197 4693 2300 4730 épou¬

1400 4742 1507 4774 serait
1523 4739 1699 4771 monsieur
1714 4740 1816 4775 ayant
1831 4737 2005 4768 situation.
2022 4750 2042 4757 -
2056 4735 2098 4765 N-
2114 4732 2204 4764 6081.

1439 4821 1618 4853 Monsieur
1629 4821 1669 4850 38
1684 4826 1757 4853 ans,
1771 4825 1813 4848 en
1825 4818 1983 4848 instance
1992 4815 2034 4845 de
2043 4813 2193 4848 divorce,
2203 4813 2301 4850 brun,

1400 4863 1567 4902 physique
1584 4859 1755 4899 agréable,
1773 4861 1873 4896 ayant
1889 4855 2046 4888 mobilier
2061 4857 2097 4885 et
2117 4853 2298 4889 intérieur,

1400 4901 1650 4942 gagnant7.000
1659 4900 1832 4937 fr.paran,
1847 4898 1941 4929 avoir
1951 4895 2044 4927 6.000
2052 4895 2093 4929 fr,
2105 4895 2301 4933 épouserait

1401 4942 1610 4978 demoiselle,
1624 4947 1734 4971 veuve
1748 4946 1793 4969 ou
1808 4939 1979 4972 divorcée,
1996 4936 2038 4965 de
2052 4935 2092 4964 25
2112 4935 2130 4965 à
2157 4934 2198 4964 30
2226 4942 2299 4970 ans,

1401 4985 1473 5014 très
1489 4981 1711 5015 affectueuse,
1729 4979 1990 5018 physiquement
2004 4975 2096 5010 bien,
2119 4975 2160 5004 de
2187 4974 2301 5006 bonne

1401 5025 1518 5059 tenue,
1562 5023 1627 5052 soit
1670 5019 1812 5056 dactylo,
1855 5016 2058 5056 comptable,
2091 5015 2299 5051 couturière,

1400 5064 1546 5102 lingôre,
1564 5061 1676 5092 même
1702 5066 1781 5089 sans
1810 5059 1877 5096 dot,
1904 5056 2074 5095 passerait
2103 5063 2162 5086 sur
2187 5055 2299 5091 tache,

1401 5101 1611 5141 accepterait
1624 5099 1731 5132 union
1746 5098 1834 5130 libre
1849 5106 1892 5129 en
1905 5096 2083 5128 attendant
2104 5094 2266 5131 mariage.
2282 5110 2297 5119 -

1401 5143 1442 5175 N-
1460 5143 1551 5174 6082.

2435 427 2586 487 Avis
2627 442 2743 485 aux
2777 422 3052 483 Abonnés

2338 557 2435 585 Nous
2464 553 2668 583 conseillons
2694 559 2769 581 aux
2795 553 2987 585 personnes
3000 542 3157 580 pouvant
3171 543 3200 571 le

2299 596 2401 631 faire,
2430 596 2470 624 de
2496 594 2671 623 souscrire
2699 594 2738 622 de
2752 590 2958 627 préférence
2973 592 3021 615 un
3045 584 3198 613 abonne¬

2299 637 2396 665 ment
2410 633 2451 664 dé
2465 636 2487 663 6
2501 635 2601 663 mois.
2623 634 2713 662 Elles
2735 630 2866 662 auront
2889 625 3088 660 l'avantage
3103 625 3143 652 de
3158 628 3202 650 ne

2297 682 2364 712 pas
2376 676 2504 710 perdre
2519 675 2559 702 de
2573 680 2638 702 vue
2653 680 2702 702 un
2712 675 2785 702 seul
2801 669 2937 701 abonné
2952 668 2984 697 et
2999 666 3038 695 de
3052 665 3202 694 réaliser

2303 723 2371 746 une
2387 715 2563 745 économie
2578 714 2618 741 de
2633 715 2678 743 20
2693 715 2741 750 %.

2345 820 2448 850 AVIS.
2482 834 2517 839 —
2546 818 2608 847 Les
2639 816 2795 846 Abonnés
2822 815 2861 844 de
2891 813 2922 842 la
2941 809 3078 841 REVUE
3095 806 3205 836 MEN¬

2307 860 2475 894 SUELLE,
2501 856 2653 887 désirant
2680 856 2839 886 recevoir
2861 855 2893 883 la
2919 864 2937 880 «
2952 853 3068 882 Revue
3084 858 3101 875 »
3124 853 3204 876 sous

2308 900 2515 937 enveloppes
2544 897 2692 927 fermées
2721 898 2800 927 sont
2832 894 2924 933 priés
2953 890 3144 921 d’adresser
3173 885 3203 915 la

2309 947 2438 972 somme
2456 939 2496 968 de
2511 939 2531 968 2
2545 937 2585 966 fr.
2602 944 2644 966 en
2660 936 2736 974 plus
2752 944 2840 974 pour
2864 934 2914 964 les
2945 931 3026 962 frais
3058 928 3098 958 de
3125 927 3206 958 tim¬

2309 981 2388 1011 bres
2405 987 2412 1017 ;
2444 979 2494 1009 les
2520 977 2671 1008 abonnés
2701 979 2777 1006 sont
2806 974 3000 1013 également
3027 969 3119 1008 priés
3165 966 3206 995 de

2310 1021 2455 1051 timbrer
2483 1020 2576 1048 leurs
2606 1017 2725 1046 lettres
2755 1018 2773 1046 à
2800 1017 2840 1045 25
2855 1017 2944 1045 cent,
2971 1018 3058 1050 pour
3073 1015 3206 1038 corres¬

2310 1061 2442 1101 pondre
2453 1061 2551 1089 entre
2566 1057 2729 1087 abonnés.

2351 1144 2477 1173 Jeunes
2496 1145 2590 1176 gens,
2609 1140 2737 1173 jeunes
2762 1138 2848 1173 filles
2875 1137 2908 1166 et
2936 1139 3021 1164 vous
3047 1133 3124 1161 tous
3151 1129 3211 1165 qui

2312 1184 2444 1213 désirez
2482 1187 2568 1210 vous
2603 1179 2752 1212 marier,
2791 1177 2984 1208 demandez
3020 1174 3050 1202 le
3078 1170 3213 1201 GUIDE

2314 1222 2539 1254 PRATIQUE
2573 1220 2637 1249 DU
2667 1219 2880 1248 BONHEUR
2913 1217 2977 1245 EN
3010 1204 3211 1243 MÉNAGE,

2315 1262 2504 1293 contenant
2519 1261 2575 1290 des
2590 1259 2733 1289 conseils
2747 1259 2815 1288 Irès
2829 1258 2929 1288 utiles
2937 1260 3030 1291 pour
3039 1254 3068 1282 le
3078 1251 3214 1281 maria¬

2315 1311 2367 1340 ge,
2384 1305 2413 1333 le
2427 1303 2565 1332 volume
2575 1306 2648 1335 par
2660 1300 2690 1328 J.
2710 1291 2940 1329 PÉLISSIER
2960 1292 3120 1331 pouvant
3139 1288 3214 1320 être

2316 1346 2353 1374 lu
2363 1350 2435 1378 par
2450 1342 2524 1372 tout
2538 1342 2568 1370 le
2579 1340 2716 1370 monde.

2356 1385 2525 1414 Adressez
2541 1382 2575 1410 la
2589 1386 2721 1410 somme
2734 1380 2772 1408 de
2783 1380 2804 1408 3
2816 1379 2863 1413 fr.
2881 1379 2926 1408 50
2941 1376 2964 1406 à
2978 1377 3011 1405 la
3026 1371 3215 1403 Directrice

2317 1425 2357 1454 de
2371 1425 2406 1453 la
2421 1422 2570 1453 REVUE
2584 1420 2863 1452 MENSUELLE,
2881 1418 2940 1454 qui
2960 1421 3044 1446 vous
3072 1411 3216 1442 l'adres¬

2315 1471 2398 1494 sera
2411 1464 2540 1499 franco
2554 1463 2595 1491 de
2604 1461 2698 1496 port.

2359 1556 2422 1585 Les
2450 1557 2627 1582 annonces
2655 1551 2742 1580 dans
2771 1550 2805 1578 la
2820 1550 2837 1578 «
2853 1549 2967 1578 Revue
2982 1556 2999 1572 »
3026 1544 3104 1574 sont
3135 1544 3174 1571 de
3195 1542 3217 1571 4

2321 1596 2431 1631 lignes
2446 1599 2494 1622 au
2508 1592 2708 1622 maximun.
2723 1590 2980 1625 Lespersonnes
2996 1586 3054 1622 qui
3068 1582 3219 1614 désirent

2320 1637 2398 1665 leur
2423 1637 2584 1662 annonce
2607 1631 2686 1665 plus
2700 1631 2826 1665 longue
2837 1627 3002 1664 paieront
3014 1632 3064 1655 un
3077 1622 3217 1659 supplé¬

2320 1675 2418 1706 ment
2429 1675 2470 1703 de
2484 1674 2505 1702 3
2520 1671 2569 1707 fr.
2587 1672 2622 1700 la
2637 1671 2738 1706 ligne.

2361 1778 2413 1808 La
2427 1778 2444 1806 «
2456 1777 2569 1806 Revue
2585 1774 2768 1803 Mensuelle
2777 1781 2793 1798 »
2810 1770 2946 1805 accepte
2962 1768 3070 1798 toutes
3085 1772 3219 1796 annon¬

2322 1824 2375 1848 ces
2404 1815 2665 1847 commerciales
2690 1819 2735 1842 ou
2750 1811 2881 1845 autres,
2897 1810 2963 1840 soit
2973 1809 3100 1842 ventes,
3118 1806 3220 1842 fonds

2322 1860 2362 1888 de
2375 1862 2569 1888 commerce
2584 1860 2628 1884 ou
2641 1852 2824 1883 industrie.

2351 2009 2762 2072 ANNONCES
2818 2002 3197 2064 DIVERSES

2331 2147 2354 2202 A
2390 2143 2543 2202 LOUER

2589 2133 2720 2165 maison
2740 2130 2958 2162 d’habitation
2988 2130 3006 2158 à
3033 2127 3066 2157 la
3096 2131 3227 2163 campa¬

2588 2181 2667 2213 gne,
2684 2173 2726 2203 de
2736 2173 2756 2203 6
2770 2174 2789 2202 à
2803 2172 2823 2202 8
2839 2170 2955 2210 pièces
2981 2167 3131 2206 garnies,
3158 2166 3228 2202 jar¬

2328 2220 2396 2255 din,
2410 2217 2570 2249 banlieue
2586 2215 2683 2245 d’une
2705 2213 2809 2251 petite
2830 2211 2922 2247 ville,
2934 2217 3016 2248 pays
3041 2208 3082 2238 de
3107 2205 3228 2237 chasse

2329 2263 2362 2291 et
2378 2260 2418 2290 de
2433 2257 2554 2297 pêche.
2573 2271 2592 2278 -
2608 2256 2636 2286 N
2642 2263 2647 2271 -
2667 2253 2716 2284 10.

2331 2334 2355 2389 A
2391 2334 2396 2364 i
2421 2331 2461 2374 fil
2475 2330 2546 2373 IFR
2594 2331 2610 2352 a
2613 2330 2658 2361 PP
2662 2320 2832 2351 artement
2865 2318 2884 2347 4
2914 2316 3031 2355 pièces
3073 2311 3225 2352 garnies,

2391 2355 2445 2389 LU
2456 2355 2479 2388 U
2490 2360 2546 2387 Lu
2592 2363 2611 2392 2
2626 2360 2818 2394 chambres,
2837 2358 2920 2388 salle
2937 2360 2954 2386 à
2971 2361 3124 2392 manger,
3152 2351 3228 2382 cui¬

2331 2408 2417 2443 sine,
2435 2403 2612 2439 vestibule,
2622 2400 2866 2434 water-closet,
2877 2397 3014 2428 cabinet
3029 2396 3069 2425 de
3085 2392 3228 2425 toilette.

2330 2464 2349 2470 -
2364 2448 2405 2479 N-
2423 2447 2473 2476 11.

2340 2521 2353 2545 A
2397 2519 2421 2562 \/
2430 2519 2454 2561 P
2464 2518 2488 2561 |\|
2499 2518 2524 2560 n
2532 2517 2556 2560 R
2566 2517 2590 2559 F
2635 2507 2765 2549 graad®
2797 2504 2974 2545 propriété
3008 2501 3232 2540 comprenant

2336 2544 2359 2577 H
2404 2542 2591 2576 VLlNUnL
2637 2548 2788 2579 maisons
2802 2546 2844 2576 de
2852 2545 2975 2575 maître
2985 2545 3020 2573 et
3028 2542 3069 2573 de
3078 2539 3229 2571 fermier.

2333 2594 2414 2625 Prix
2429 2595 2448 2623 à
2465 2592 2630 2623 débattre.
2647 2605 2665 2612 -
2680 2588 2720 2619 N'
2740 2588 2787 2617 12.

2338 2669 2362 2724 A
2401 2667 2424 2708 \/
2434 2667 2457 2707 F
2468 2667 2492 2707 M
2503 2666 2527 2706 Fl
2536 2665 2559 2706 R
2570 2663 2594 2705 F
2639 2664 2660 2695 P
2663 2658 2697 2686 et
2699 2655 2710 2685 *
2712 2657 2745 2685 te
2774 2653 2882 2684 kbrme
2913 2650 3138 2688 comprenant
3166 2649 3234 2677 ter-

2406 2691 2420 2723 V
2434 2696 2458 2723 L
2469 2689 2492 2722 IN
2504 2689 2527 2721 U
2538 2694 2560 2721 n
2571 2692 2595 2720 L
2641 2696 2733 2726 rains
2750 2697 2784 2725 et
2799 2694 2930 2723 maison
2958 2687 3175 2721 d’habitation
3194 2686 3234 2717 de

2335 2740 2487 2773 fermier.
2505 2738 2587 2770 Prix
2603 2745 2610 2767 :
2626 2735 2740 2767 20.000
2752 2734 2793 2764 fr.
2813 2749 2832 2756 -
2845 2733 2875 2763 N
2881 2741 2887 2748 -
2906 2732 2955 2762 13.

2643 2801 2775 2832 maison
2783 2797 3002 2829 d’habitation
3011 2796 3093 2825 dans
3100 2793 3236 2830 village,

2644 2849 2727 2873 avec
2740 2842 2760 2871 4
2773 2841 2792 2870 à
2806 2839 2826 2869 5
2840 2839 3000 2869 hectares
3016 2835 3057 2866 de
3072 2831 3233 2866 terrains!

2336 2887 2419 2918 Prix
2433 2886 2452 2916 à
2469 2885 2633 2915 débattre.
2649 2898 2668 2905 -
2682 2882 2713 2912 N
2718 2890 2724 2896 -
2742 2881 2791 2910 14.

2340 2814 2363 2870 A
2405 2810 2598 2869 VENDRE

2340 2959 2534 3019 GRANDS
2563 2955 2670 3013 VINS
2704 2950 2967 3012 MOUSSEUX
3012 2947 3236 2984 mar?ues

2339 3042 2422 3065 avec
2446 3033 2496 3063 les
2520 3032 2596 3071 plus
2625 3028 2750 3068 grands

2340 3075 2508 3106 modérés.
2526 3088 2544 3095 -
2558 3072 2588 3102 N
2593 3079 2599 3087 -
2618 3070 2666 3101 15.

3013 2981 3238 3013 rivalisant

2780 3026 3023 3064 champagnes.
3055 3022 3135 3052 Prix
3165 3021 3236 3051 très

2644 3134 2792 3167 terrains
2813 3140 2900 3172 pour
2928 3131 2960 3161 la
2989 3127 3234 3161 construction.

2644 3175 2873 3212 Paris-Plage,
2913 3171 2977 3202 site
3005 3170 3186 3201 ravissant.
3220 3183 3239 3189 -

2648 3282 2864 3314 lotissement
2879 3279 2921 3310 de
2935 3276 3083 3308 terrains
3106 3277 3126 3306 à
3140 3277 3241 3306 Arca-

2649 3324 2748 3355 chon.
2765 3338 2802 3343 —
2818 3319 3014 3351 S’adresser
3028 3318 3048 3348 à
3067 3318 3157 3347 Mme
3173 3317 3241 3346 Vve

2343 3149 2366 3204 A
2406 3144 2599 3204 VENDRE

2340 3224 2381 3254 N-
2400 3222 2448 3252 16.

2345 3297 2368 3353 A
2411 3291 2606 3351 VENDRE

2341 3368 2544 3400 GHABAUD.

2349 3443 2366 3479 A
2410 3442 2434 3478 \/
2442 3442 2466 3477 F
2476 3441 2500 3477 M
2512 3441 2537 3476 R
2546 3439 2568 3475 R
2579 3438 2602 3475 F
2644 3428 2736 3461 b®u®
2765 3427 2919 3459 carrière
2954 3426 2995 3456 de
3029 3424 3164 3464 pierres
3202 3422 3243 3452 de

2347 3467 2369 3499 A
2416 3472 2467 3499 VL
2478 3464 2501 3497 IN
2513 3463 2604 3496 UilL
2646 3469 2738 3501 taille
2755 3469 2796 3498 de
2805 3467 2894 3498 belle
2904 3466 3039 3505 qualité.
3049 3464 3243 3494 S’adresser

2345 3519 2364 3548 à
2392 3514 2580 3546 Directrice
2608 3514 2723 3543 Revue
2756 3509 2950 3541 Mensuelle,
2980 3506 3000 3537 à
3027 3503 3244 3536 Montélimar

2344 3554 2506 3597 (Drôme).

2348 3629 2451 3668 WHI||
2479 3618 2681 3666 F7_\/nilQ
2727 3618 2869 3647 trouver
2896 3621 2942 3644 un
2969 3611 3146 3651 logement
3171 3609 3191 3640 à
3212 3609 3245 3639 la

2354 3654 2536 3687 vUULLL
2565 3651 2684 3687 VUUo
2729 3662 2917 3693 campagne
2958 3661 3003 3684 ou
3044 3660 3087 3682 en
3123 3648 3246 3681 ville?

2346 3704 2616 3734 Adressez-vous
2639 3700 2658 3728 à
2684 3697 2770 3727 Mme
2799 3696 2868 3726 Vve
2891 3693 3096 3728 GHABAUD,
3125 3690 3243 3721 Direc¬

2345 3743 2431 3775 trice
2462 3743 2501 3772 de
2528 3741 2561 3771 la
2589 3742 2606 3769 «
2630 3741 2744 3769 Revue
2756 3736 2941 3767 Mensuelle
2964 3744 2981 3761 »
3024 3732 3081 3771 qui
3118 3737 3246 3770 pourra

2348 3785 2525 3822 s’occuper
2541 3779 2746 3818 moyennant
2761 3775 2979 3810 rétribution,
2996 3773 3037 3804 de
3053 3779 3137 3803 vous
3146 3773 3246 3802 trou¬

2346 3832 2408 3855 ver
2421 3831 2468 3854 un
2483 3822 2669 3860 logement.

2349 3884 2863 3961 APPARTEMENT
2891 3881 3103 3953 GARNI
3227 3873 3250 3941 ?

2348 3967 2474 4006 pièces,
2490 3972 2572 3996 avec
2584 3961 2708 4002 jardin,
2725 3961 2789 3991 site
2801 3957 2971 3998 agréable,
2984 3956 3037 3987 vie
3053 3956 3072 3985 à
3085 3955 3144 3985 bas
3160 3951 3247 3992 prix,

2349 4008 2432 4038 dans
2448 4006 2584 4037 localité
2601 4001 2779 4033 desservie
2804 4007 2866 4039 par
2881 3998 2971 4029 deux
2986 3996 3095 4034 lignes
3112 3994 3154 4024 de
3170 3993 3249 4023 che¬

2349 4048 2418 4079 min
2435 4047 2478 4078 de
2492 4046 2556 4077 fer.
2571 4061 2592 4066 -
2614 4042 2810 4074 S’adresser
2832 4041 2851 4070 à
2865 4040 2956 4069 Mme
2971 4038 3003 4068 la
3017 4033 3248 4076 propriétaire

2350 4089 2392 4119 du
2408 4088 2482 4118 Clos
2498 4084 2665 4121 Ghabaud,
2680 4084 2699 4113 à
2714 4077 2984 4118 Pont-St-Esprit
3003 4075 3132 4115 (Gard).

2353 4174 2490 4247 UNE
2522 4168 2748 4242 BONNE

2791 4162 2844 4191 est
2856 4158 3045 4190 demandée
3068 4162 3157 4195 pour
3172 4159 3249 4183 ser¬

2790 4200 2866 4231 vice
2900 4200 2942 4230 de
2978 4198 3069 4228 deux
3102 4199 3249 4234 person¬

2350 4257 2424 4280 nes.
2441 4264 2452 4271 -
2467 4247 2661 4277 S’adresser
2676 4244 2695 4273 à
2709 4243 2798 4273 Mme
2814 4241 2846 4271 la
2869 4235 3099 4278 progriôtaire
3114 4235 3157 4264 du
3173 4232 3247 4262 Clos

2349 4287 2515 4323 Ghabaud,
2532 4289 2549 4316 à
2564 4281 2836 4321 Pont-St-Esprit
2850 4279 2977 4319 (Gard).

2352 4377 2370 4417 T
2406 4376 2427 4416 A
2473 4360 2878 4415 nTDCTTQïrt:
2925 4359 2967 4389 de
2996 4357 3027 4387 la
3061 4356 3212 4385 iiRevue
3230 4349 3248 4363 "

2353 4398 2437 4443 LA
2474 4389 2879 4439 UmCiLiirvILL
2925 4400 3028 4436 ayant
3068 4395 3145 4425 loué
3182 4398 3250 4422 une

2352 4449 2430 4480 villa
2447 4449 2466 4478 à
2479 4448 2513 4478 la
2535 4453 2722 4484 campagne
2736 4451 2819 4474 avec
2834 4439 2943 4480 grand
2953 4435 3082 4476 jardin,
3098 4433 3163 4463 site
3179 4431 3250 4461 très

2352 4488 2526 4528 agréable,
2553 4494 2638 4526 pays
2668 4485 2709 4515 de
2736 4483 2858 4514 chasse
2883 4483 2918 4511 et
2947 4481 2987 4508 de
3014 4474 3132 4514 pêche.
3145 4472 3251 4501 Sous-

2352 4529 2498 4561 louerait
2514 4526 2752 4566 appartement
2766 4521 2865 4562 garni
2882 4528 2890 4558 ;
2907 4513 3114 4549 détaillerait
3135 4510 3252 4550 pièces

2520 4650 2584 4685 .A.
2586 4649 2681 4684 vis
2729 4637 3094 4689 Important

2394 4734 2556 4764 Madame
2577 4732 2643 4761 Vve
2660 4729 2720 4759 CH
2717 4728 2778 4758 AB
2781 4723 2871 4754 AUD
2886 4720 2936 4750 est
2952 4717 3043 4747 seule
3057 4713 3254 4744 directrice-

2351 4768 2756 4811 propriétaire-aêrante
2769 4766 2810 4795 de
2825 4762 3010 4792 la*Revue
3023 4754 3208 4785 Mensuelle
3222 4761 3252 4780 ».

2354 4817 2426 4845 Elle
2440 4813 2500 4845 n'a
2507 4819 2575 4848 pas
2589 4813 2629 4841 de
2643 4804 2853 4839 succursale,
2869 4800 2902 4829 et
2916 4797 3009 4827 toute
3023 4794 3200 4825 imitation
3215 4792 3254 4821 de

2355 4856 2439 4886 cette
2480 4855 2594 4884 Revue
2639 4854 2721 4879 sera
2753 4839 2957 4879 poursuivie
2985 4841 3060 4866 aux
3087 4833 3199 4869 règles
3222 4832 3255 4861 et

2354 4897 2520 4930 rigueurs
2534 4893 2574 4921 de
2590 4892 2624 4919 la
2640 4888 2695 4918 loi.

2840 4918 2905 4948 Vve
2920 4918 2982 4947 CH
2979 4916 3040 4946 AB
3041 4915 3145 4945 AUD.

2395 5038 2442 5067 La
2456 5025 2814 5064 Directrice-Gérante
2830 5028 2838 5051 :
2874 5020 2989 5050 Veuve
3013 5015 3215 5047 GHABAUD.

2452 5120 2466 5165 I
2482 5116 2518 5158 /<
2552 5129 2625 5162 lmp.
2647 5120 2840 5158 BAFFERT,
2860 5116 2983 5147 Montéli
