3536 5552
279 503 321 600 nos

1476 444 1576 492 PRIX
1629 455 1637 493 :
1698 444 1795 493 50
1853 444 2048 493 Centimes

2514 272 2844 321 Septembre
2881 275 3033 314 1922

1500 596 3140 808 MENSUELLE

663 847 854 903 Liste
884 845 1330 902 dAnnonces
1360 845 1933 903 Matrimoniales
1964 852 2029 903 et
2058 847 2505 905 d’Annonces
2535 849 2862 908 Diverses

397 942 531 981 (Fonds
569 941 615 972 de
651 948 877 979 commerce,
923 940 1116 979 industrie,
1155 942 1262 972 vente
1304 940 1572 979 d’immeubles,
1617 941 1784 980 location,
1822 942 2016 981 échange).
2125 940 2162 972 —
2265 940 2509 973 Paraissant
2546 941 2583 974 le
2620 943 2638 974 1
2644 948 2679 966 er
2712 943 2758 975 de
2801 944 2956 986 chaque
2990 944 3104 976 mois.

545 1009 579 1048 U
582 1009 858 1048 Abonnement
872 1011 911 1047 et
928 1009 976 1047 de
996 1009 1046 1047 25
1065 1008 1192 1059 francs
1208 1020 1315 1059 pour
1332 1008 1357 1046 4
1377 1010 1493 1058 mois,
1516 1009 1566 1047 45
1587 1008 1712 1059 francs
1728 1021 1835 1059 pour
1851 1010 1880 1048 8
1897 1012 1999 1048 mois
2020 1012 2059 1048 et
2076 1011 2125 1049 65
2146 1010 2271 1061 francs
2286 1023 2393 1061 pour
2414 1012 2433 1050 1
2456 1024 2509 1050 an
2530 1013 2717 1052 donnant
2735 1014 2841 1052 droit
2860 1018 2884 1053 à
2904 1027 2982 1054 une

359 1079 591 1127 inscription
610 1077 786 1126 gratuite
804 1088 876 1114 sur
893 1087 957 1114 ma
978 1076 1078 1114 liste.
1104 1076 1144 1113 —
1163 1076 1233 1114 Les
1248 1087 1450 1113 annonces
1463 1078 1557 1114 sont
1575 1076 1624 1114 de
1643 1078 1781 1126 quatre
1800 1079 1928 1127 lignes
1948 1080 2179 1116 maximum.
2202 1101 2240 1105 —
2266 1078 2308 1123 Le:
2322 1077 2399 1137 lignes
2415 1078 2624 1136 supplémentaires
2641 1083 2692 1126 sont
2708 1087 2793 1138 payées
2810 1083 2823 1126 à,
2839 1082 2916 1126 raison
2935 1081 2960 1127 lie
2977 1082 2989 1128 3
3007 1082 3028 1128 lr
3052 1082 3075 1128 h
3090 1082 3164 1141 ligne.

861 1141 958 1172 Pour
988 1141 1195 1180 l’Etranger
1212 1153 1217 1171 :
1258 1141 1282 1171 4
1301 1141 1405 1179 mois,
1435 1139 1490 1171 30
1521 1141 1663 1172 francs.
1705 1160 1743 1164 —
1786 1142 1810 1173 8
1834 1143 1938 1181 mois,
1957 1142 2010 1173 50
2038 1143 2181 1174 francs.
2222 1162 2261 1165 —
2308 1144 2316 1175 I
2350 1154 2408 1183 an,
2437 1144 2488 1175 70
2516 1145 2660 1177 francs.

521 1210 701 1249 Adresser
722 1209 858 1249 Lettres
874 1211 908 1248 et
927 1209 1104 1248 Mandats
1125 1210 1146 1248 à
1166 1209 1273 1247 Mme
1300 1209 1429 1248 Veuve
1449 1209 1716 1258 CHABAUD,
1740 1210 1940 1250 Directrice
1969 1211 2016 1250 de
2045 1211 2077 1252 la
2107 1211 2243 1252 Revue
2271 1213 2502 1257 Mensuelle,
2536 1214 2595 1258 18,
2629 1214 2709 1255 Rue
2738 1215 3009 1264 Sainte-Croix,

1509 1277 1751 1320 Montêlimar
1783 1278 1955 1329 (Drôme)

394 1386 485 1414 Notre
499 1395 596 1413 œuvre
612 1395 629 1412 a
643 1388 716 1420 pour
732 1384 779 1411 but
795 1384 827 1410 de
843 1384 925 1411 venir
938 1393 971 1410 en
987 1383 1051 1410 aide
1061 1393 1120 1410 aux
1125 1383 1260 1416 familles

359 1423 409 1456 qui
424 1422 550 1448 défirent
564 1421 672 1447 marier
689 1421 766 1447 leurs
783 1422 906 1452 enfants,
924 1428 983 1445 aux
1000 1428 1106 1446 veuves
1122 1419 1172 1453 qui
1187 1428 1259 1445 vou¬

358 1458 472 1484 draient
486 1467 516 1483 se
531 1456 680 1488 remarier,
697 1465 757 1482 aux
785 1455 935 1489 orphelins
965 1458 990 1481 et
1019 1464 1079 1480 aux
1106 1455 1260 1481 messieurs

359 1494 410 1528 qui
424 1496 524 1520 rêvent
538 1493 570 1518 de
585 1502 615 1518 se
622 1492 729 1525 fonder
744 1500 783 1517 un
790 1493 879 1526 fuyer
882 1500 889 1524 ,
904 1500 958 1516 une
965 1491 1097 1523 famille.

395 1529 485 1556 Notre
500 1538 598 1555 œuvre
612 1537 677 1554 sera
697 1530 860 1561 approuvée
879 1530 932 1561 par
948 1530 1013 1553 tous
1043 1535 1093 1552 nos
1122 1525 1257 1552 abonnés,

362 1564 509 1599 lorsqu'ils
524 1568 647 1590 sauront
659 1563 745 1597 qu'ils
761 1566 886 1597 peuvent
901 1566 1017 1589 trouver
1042 1564 1132 1597 grâce
1148 1564 1165 1587 à
1180 1565 1261 1587 notre

359 1609 510 1632 concours,
529 1601 554 1626 le
570 1608 670 1633 moyen
685 1598 718 1625 de
732 1599 874 1624 semarier
885 1598 965 1624 selon
977 1598 1054 1624 leurs
1069 1600 1166 1632 goûts,
1182 1597 1260 1623 leurs

363 1645 430 1663 vues
446 1640 471 1662 et
486 1635 565 1662 selon
582 1635 646 1661 leur
660 1634 815 1660 condition.

397 1671 478 1698 Nous
494 1671 594 1705 prions
611 1671 651 1696 les
668 1669 767 1696 Dames
783 1674 808 1696 et
824 1670 864 1695 les
879 1669 1036 1695 Messieurs
1061 1668 1094 1694 de
1115 1677 1186 1695 nous
1211 1677 1261 1693 en¬

363 1716 450 1741 voyer
466 1707 492 1733 le
507 1707 574 1740 plus
589 1705 740 1732 d’abonnés
755 1705 892 1738 possible,
909 1703 969 1739 afin
983 1713 1037 1739 que
1056 1708 1136 1730 notre
1164 1712 1261 1730 œuvre

363 1742 561 1777 s’agrandisse
576 1745 602 1768 et
617 1742 712 1776 puisse
722 1744 776 1776 par
791 1750 821 1767 ce
836 1749 935 1774 moyen
944 1740 1083 1772 Jaciliter
1097 1739 1214 1766 nombre
1229 1739 1262 1765 de

363 1779 510 1812 mariages
526 1784 552 1803 et
559 1778 643 1810 faire
659 1778 686 1803 le
700 1777 767 1811 plus
791 1775 948 1802 d'heureux
963 1775 1099 1810 possible,
1116 1784 1166 1801 car
1194 1774 1262 1801 c'est

363 1824 418 1840 une
431 1814 521 1840 bonne
537 1813 634 1839 action
649 1822 702 1847 que
715 1821 785 1839 vous
793 1814 880 1846 ferez;
909 1821 941 1837 en
970 1814 1151 1846 propageant
1182 1815 1262 1837 notre

362 1860 385 1876 œ
397 1859 467 1881 -vre,
485 1858 554 1876 vous
562 1858 633 1875 nous
653 1848 767 1882 aiderez;
785 1847 863 1874 ainsi
878 1849 895 1873 à
909 1847 1074 1873 contribuer
1087 1856 1123 1873 au
1135 1846 1263 1872 bonheur

362 1886 409 1911 des
417 1886 554 1918 familles
568 1884 619 1918 qui
628 1884 753 1910 désirent
763 1888 879 1910 trouver
889 1892 928 1909 un
938 1886 1033 1917 époux
1044 1892 1079 1908 ou
1091 1892 1145 1908 une
1156 1886 1263 1916 épouse

363 1926 436 1955 pour
457 1922 535 1947 leurs
550 1922 674 1953 enfants,
693 1928 752 1945 aux
768 1928 873 1945 veuves
893 1928 931 1944 un
946 1918 1072 1950 soutien,
1103 1920 1120 1944 à
1139 1917 1261 1952 l'orphe¬

363 1957 407 1983 lin
423 1966 461 1982 un
468 1958 558 1990 foyer
573 1960 599 1982 et
614 1965 651 1981 au
666 1955 838 1981 relèvement
852 1954 885 1980 de
901 1955 929 1980 la
946 1954 1054 1980 France
1083 1953 1133 1987 qui
1161 1954 1262 1986 donne,

364 1997 417 2027 par
433 1993 472 2018 les
488 2000 633 2018 mitlaoes
641 1990 774 2024 féconds,
791 1990 837 2016 des
852 1990 961 2016 soldats
976 1992 992 2016 à
1009 1990 1037 2016 la
1053 1989 1157 2016 Patrie
1172 1993 1198 2015 et
1212 1990 1264 2024 qui

362 2031 423 2059 font
438 2028 485 2054 des
502 2030 616 2056 femmes
631 2027 664 2053 de
679 2026 784 2053 bonnes
794 2028 883 2052 mères
899 2025 931 2051 de
938 2025 1070 2058 famille.

399 2063 474 2091 C'est
490 2063 560 2089 dans
576 2072 607 2089 ce
622 2062 671 2089 but
685 2071 738 2097 que
753 2070 824 2088 nous
843 2070 932 2088 avons
940 2061 1034 2094 fondé
1050 2061 1079 2087 la
1095 2060 1108 2088 «
1125 2059 1264 2088 REVUE

363 2098 606 2127 MENSUELLE
622 2105 647 2124 ».

399 2134 483 2162 Nous
500 2144 534 2160 ne
549 2138 647 2160 tenons
663 2137 715 2168 pas
730 2142 786 2159 une
798 2141 908 2168 agence
920 2132 1134 2158 matrimoniale
1154 2135 1179 2158 et
1192 2140 1264 2157 nous

365 2180 398 2197 ne
412 2174 536 2204 prenons
549 2179 661 2196 aucune
675 2169 857 2195 commission
870 2177 920 2194 sur
936 2168 965 2194 la
984 2168 1038 2194 dot.
1077 2167 1160 2194 Voici
1187 2176 1264 2193 com¬

364 2211 438 2232 ment
453 2215 525 2232 nous
538 2205 693 2240 procédons
708 2216 713 2231 :

406 2242 482 2268 Vous
498 2250 568 2267 nous
588 2241 755 2275 indiquerez
768 2239 882 2266 d'abord
898 2243 976 2266 votre
990 2241 1057 2274 âge,
1075 2243 1155 2266 votre
1169 2238 1264 2264 situa-

365 2278 600 2310 tiondefortune,
609 2281 686 2305 votre,
698 2276 870 2310 profession,
883 2275 1026 2308 votredot,
1035 2284 1084 2302 vos
1095 2278 1264 2309 espérances

365 2318 390 2339 et
405 2323 436 2340 ce
450 2322 504 2347 que
519 2322 589 2339 vous
617 2312 740 2346 désirez;,
771 2316 797 2337 et
825 2320 895 2337 nous
923 2319 992 2337 vous
1021 2310 1186 2337 inscrivons
1214 2319 1265 2336 sur

365 2353 444 2376 notre
460 2349 537 2381 liste,
548 2352 622 2381 pour
633 2357 652 2382 4
667 2348 749 2379 mois,
761 2347 781 2373 8
795 2346 866 2373 mois
883 2355 920 2373 ou
939 2356 950 2372 1
963 2355 1009 2379 an,
1021 2349 1076 2380 par
1088 2355 1143 2372 une
1153 2355 1263 2372 annon¬

364 2394 395 2411 ce
410 2394 463 2419 que
471 2385 504 2420 je
512 2384 578 2417 fais
589 2384 750 2410 moi-même
761 2387 787 2408 et
796 2391 866 2408 nous
878 2391 947 2408 vous
960 2382 1087 2408 donnons
1098 2391 1136 2407 un
1148 2384 1263 2407 numéro

357 2421 475 2453 faisant
494 2420 571 2446 suite
592 2422 609 2445 à
629 2423 701 2445 cette
719 2427 855 2444 annonce.
873 2416 948 2444 C'est
961 2423 1015 2449 par
1030 2418 1055 2444 le
1070 2426 1170 2452 moyen
1185 2417 1218 2443 de
1232 2426 1265 2443 ce

364 2459 480 2482 numéro
506 2465 559 2490 que
584 2464 654 2481 vous
678 2458 788 2488 pouvez
808 2453 1015 2487 correspondre
1041 2462 1110 2479 avec
1137 2457 1199 2479 tous
1223 2453 1264 2478 les

367 2492 491 2518 abonnés
507 2491 540 2517 de
555 2495 633 2517 notre
649 2491 725 2516 liste.

399 2528 528 2561 Lorsque
544 2535 614 2553 vous
629 2525 740 2551 désirez
753 2524 956 2558 correspondre
972 2533 1041 2550 avec
1051 2533 1091 2549 un
1106 2523 1215 2550 abonné
1238 2527 1264 2549 et

363 2572 417 2597 que
432 2572 502 2589 vous
518 2571 592 2597 ave;;
606 2561 705 2588 choisi
719 2561 789 2587 dans
814 2560 843 2586 la
862 2559 987 2586 Revue
1012 2559 1210 2586 Mensuelle
1238 2559 1265 2584 le

364 2599 443 2633 parti
457 2598 508 2632 qui
518 2607 586 2624 vous
596 2597 775 2631 plaîtleplus
789 2596 866 2622 voici
881 2599 1018 2622 comment
1033 2594 1248 2629 vousprocédez
1257 2606 1264 2620 :

701 2648 892 2676 EXEMPLE
909 2660 915 2674 :

408 2699 522 2729 Jeune
538 2695 696 2734 homme,
722 2694 765 2725 30
786 2702 862 2731 ans,
884 2694 955 2725 très
983 2693 1077 2725 belle
1097 2692 1264 2725 situation

366 2742 454 2773 dans
475 2738 663 2778 industrie,
686 2741 831 2780 rapport
847 2738 889 2768 10
901 2737 917 2769 à
936 2737 1060 2769 12.000
1076 2737 1134 2776 fr.,
1148 2736 1265 2769 désire

366 2784 524 2825 mariage
545 2792 587 2815 en
609 2785 766 2824 rapport.
784 2800 826 2804 —
847 2780 966 2813 Ecrire
986 2782 1027 2812 N-
1052 2780 1086 2812 2.

542 2836 588 2859 ou

409 2870 621 2904 Demoiselle
647 2870 691 2902 25
728 2878 804 2911 ans,
839 2867 1006 2901 situation
1042 2868 1085 2900 de
1123 2868 1265 2901 fortune

363 2916 488 2949 25.000
507 2915 640 2954 francs,
658 2917 725 2946 etc.
749 2932 790 2936 —
810 2912 930 2945 Ecrire
946 2913 987 2944 N-
1012 2915 1044 2945 4.

408 2970 507 3001 Vous
520 2967 568 3000 lui
580 2967 716 3000 écrivez
731 2967 956 2999 vous-même
970 2974 1015 2998 ou
1033 2964 1135 2998 faites
1150 2964 1263 2998 écrire

364 3023 428 3055 par
448 3013 643 3055 quelqu’un
674 3012 718 3044 de
744 3015 843 3044 votre
868 3010 1016 3049 famille,
1045 3019 1089 3042 en
1119 3008 1264 3051 signant

364 3059 408 3091 de
429 3062 528 3090 votre
545 3056 704 3089 numéro,
725 3059 758 3088 et
774 3064 860 3088 vous
875 3058 1000 3086 mettez
1016 3063 1077 3086 sur
1092 3053 1263 3086 l’adresse

364 3101 534 3135 cachetée
550 3104 583 3133 et
594 3100 741 3133 timbrée
754 3100 788 3132 le
801 3099 950 3131 numéro
964 3099 1006 3131 de
1021 3099 1054 3130 la
1069 3107 1261 3140 personne,

365 3146 553 3179 deuxième
573 3145 783 3186 enveloppe,
806 3153 892 3176 avec
912 3152 970 3176 ces
983 3143 1156 3185 quelques
1173 3146 1264 3175 mots

366 3200 427 3223 sur
437 3200 505 3223 une
518 3194 615 3223 carte
630 3198 675 3221 ou
689 3198 733 3221 un
748 3189 832 3221 bout
844 3189 887 3220 de
897 3187 1020 3229 papier
1030 3187 1118 3219 ainsi
1130 3186 1262 3219 libellé:

367 3247 384 3266 «
403 3234 583 3268 Monsieur
599 3243 645 3266 ou
660 3234 835 3271 Madame,
849 3241 894 3264 ou
907 3231 1175 3264 Mademoiselle
1187 3233 1262 3263 X...

365 3280 478 3322 (votre
503 3288 585 3311 nom
603 3282 637 3311 et
657 3281 754 3310 votre
776 3276 938 3319 numéro)
953 3275 1027 3318 prie
1047 3276 1210 3308 Madame
1230 3276 1265 3307 la

366 3323 557 3356 Directrice
578 3324 622 3355 de
639 3323 672 3355 la
689 3323 806 3354 Revue
815 3322 858 3353 de
879 3321 967 3353 faire
989 3320 1153 3362 parvenir
1172 3322 1264 3352 cette

366 3370 469 3401 lettre
486 3368 505 3400 à
525 3368 571 3400 tel
594 3367 743 3399 numéro
764 3378 782 3396 »
800 3370 833 3398 et
850 3375 935 3397 vous
956 3365 1122 3398 cachetez
1140 3368 1173 3396 et
1184 3364 1264 3396 tim¬

365 3413 446 3445 brez
474 3415 566 3445 cette
603 3410 791 3443 deuxième
822 3410 1017 3451 enveloppe
1053 3409 1071 3441 à
1108 3409 1264 3451 laquelle

365 3466 453 3489 vous
474 3459 600 3488 mettez
618 3464 699 3487 mon
723 3455 879 3492 adresse,
902 3457 935 3486 et
960 3452 1108 3486 aussitôt
1142 3462 1262 3492 reçue,

367 3501 398 3537 je
420 3500 533 3533 défais
550 3500 582 3532 la
613 3499 788 3541 première
815 3499 1023 3539 enveloppe,
1056 3497 1200 3539 j’efface
1230 3497 1264 3529 le

366 3545 515 3577 numéro
538 3545 581 3576 de
603 3544 635 3576 la
656 3544 844 3575 deuxième
864 3547 899 3575 et
919 3547 1008 3574 mets
1029 3542 1198 3574 l’adresse
1220 3542 1264 3574 de

364 3590 398 3621 la
420 3598 597 3631 personne
613 3591 647 3620 et
665 3586 853 3629 réexpédie
870 3587 905 3619 la
920 3587 1034 3619 lettre.
1056 3586 1155 3618 Vous
1172 3595 1264 3627 pou¬

365 3643 425 3666 vez
442 3633 702 3675 correspondre
718 3641 804 3664 avec
815 3635 894 3663 tous
915 3640 978 3662 nos
1000 3630 1159 3662 abonnés
1181 3639 1264 3662 sans

366 3687 452 3710 vous
469 3677 557 3710 faire
574 3678 773 3710 connaître.
811 3676 858 3708 Ce
893 3675 981 3707 n’est
1013 3684 1081 3716 que
1118 3674 1263 3716 lorsque

365 3731 453 3754 vous
472 3731 577 3754 aurez
598 3721 661 3753 fait
681 3724 779 3753 votre
800 3719 918 3758 choix,
954 3728 1022 3760 que
1060 3728 1148 3751 vous
1175 3728 1263 3751 vous

366 3767 503 3798 donnez
526 3765 797 3798 mutuellement
813 3768 911 3796 votre
931 3762 1102 3796 véritable
1117 3764 1263 3795 adresse

366 3814 400 3843 et
421 3819 489 3852 que
524 3819 611 3841 vous
650 3819 737 3841 vous
776 3808 946 3850 ménagez
986 3817 1054 3839 une
1093 3811 1263 3840 entrevue

365 3864 455 3897 pour
472 3853 617 3886 décider
637 3854 680 3885 de
697 3856 795 3885 votre
815 3856 900 3885 sort.

403 3907 441 3934 Le
456 3907 528 3942 prix
541 3906 574 3932 de
585 3910 666 3933 notre
680 3905 867 3932 abonnement
881 3909 921 3931 est
933 3904 967 3931 de
982 3913 1018 3937 2$
1023 3907 1068 3938 fr.
1085 3908 1157 3939 pour
1166 3913 1183 3938 4
1192 3905 1264 3931 mois

365 3952 403 3978 45
412 3945 437 3976 f
433 3954 446 3968 r
451 3964 456 3969 -
472 3946 545 3976 pour
558 3942 577 3968 8
592 3943 676 3972 mois;
692 3941 728 3974 65
737 3943 781 3973 fr.
797 3944 869 3975 pour
889 3950 899 3967 /
918 3950 963 3970 an,
982 3944 1007 3966 et
1024 3949 1093 3966 vous
1109 3949 1179 3967 avez
1189 3940 1265 3967 droit

366 3982 383 4005 à
398 3981 457 4005 être
472 3978 576 4004 inscrit
590 3977 798 4012 gratuitement
812 3986 863 4001 sur
878 3986 923 4001 ma
938 3976 1014 4002 liste.

408 4013 485 4039 Vous
502 4022 595 4046 voyez;
609 4011 727 4045 qu'avec
741 4016 814 4037 cette
829 4010 959 4044 modique
971 4020 1084 4041 somme,
1102 4020 1171 4036 vous
1186 4014 1263 4043 pou¬

366 4057 417 4075 vez
428 4057 498 4075 vous
513 4048 629 4079 marier,
644 4055 711 4072 sans
727 4047 810 4072 avoir
825 4048 842 4071 à
865 4049 965 4079 passer
992 4048 1047 4079 par
1064 4046 1110 4071 des
1140 4054 1264 4081 agences

364 4084 416 4118 qui
429 4093 459 4110 se
472 4086 535 4114 font
551 4092 648 4108 verser
662 4082 800 4108 d’avance
813 4081 846 4107 de
859 4088 972 4114 grosses
987 4077 1153 4114 provisions
1174 4085 1199 4106 et
1214 4081 1265 4115 qui

365 4122 538 4153 escomptent
552 4118 585 4143 de
599 4126 716 4152 grosses
733 4117 939 4148 commissions,
970 4119 1043 4150 pour
1064 4116 1208 4142 n’arriver
1237 4117 1265 4142 le

365 4155 432 4188 plus
446 4157 567 4180 souvent
581 4153 597 4179 à
613 4161 709 4179 aucun
724 4153 855 4178 résultat.
880 4151 962 4178 Nous
990 4152 1109 4178 n’avons
1139 4152 1202 4177 rien
1231 4152 1264 4177 de

364 4199 495 4216 commun
512 4198 582 4215 avec
599 4189 639 4214 les
654 4197 786 4223 agences,
805 4196 855 4213 car
871 4196 940 4213 nous
956 4196 990 4213 ne
1005 4190 1128 4221 prenons
1152 4196 1264 4213 aucune

364 4224 547 4252 commission
561 4233 612 4249 sur
628 4224 658 4249 la
674 4224 729 4249 dot.
757 4222 802 4250 Un
830 4222 950 4249 modeste
979 4223 1166 4249 abonnement
1192 4231 1264 4248 nous

365 4270 404 4287 se•
414 4267 423 4287 t
437 4261 471 4286 de
481 4260 635 4294 paiement.

402 4295 560 4329 Lorsqu’un
577 4294 686 4320 abonné
700 4293 766 4320 s'est
773 4292 873 4328 fiancé
888 4297 915 4319 et
926 4293 999 4327 qu’il
1015 4293 1059 4318 n’a
1076 4293 1143 4327 plus
1166 4292 1263 4319 besoin

363 4331 397 4357 de
408 4335 487 4357 notre
497 4339 593 4362 revue,
607 4330 631 4355 il
646 4338 717 4355 nous
730 4330 755 4355 le
765 4329 822 4360 fait
832 4330 929 4355 savoir
940 4327 1000 4363 afin
1012 4337 1065 4362 que
1077 4337 1146 4354 nous
1158 4337 1264 4361 rayons

363 4376 414 4392 son
430 4375 558 4392 annonce
571 4368 644 4399 pour
660 4374 694 4390 ne
706 4368 758 4398 pas
764 4365 849 4397 Jaire
862 4365 1065 4398 correspondre
1081 4363 1264 4390 inutilement

364 4411 414 4428 nos
430 4401 566 4428 abonnés.

402 4437 475 4465 Tout
489 4436 598 4462 abonné
613 4435 672 4461 doit
685 4435 823 4469 répondre
839 4437 855 4460 à
870 4438 960 4460 toutes
977 4434 1017 4460 les
1043 4434 1140 4460 lettres
1153 4434 1202 4468 qui
1219 4434 1264 4460 lui

363 4476 425 4498 sont
440 4472 583 4498 adressées
599 4481 605 4503 ;
624 4471 653 4496 la
668 4471 804 4504 politesse
820 4470 935 4504 l’exige,
967 4479 1000 4496 ne
1008 4472 1126 4502 fussent
1154 4479 1206 4504 que
1216 4479 1262 4496 ces

362 4508 433 4534 trois
452 4517 486 4534 ou
498 4511 599 4541 quatre
614 4510 684 4532 mots
695 4505 700 4531 :
719 4505 836 4537 Inutile,
848 4509 910 4531 tous
923 4514 979 4531 mes
990 4509 1112 4540 regrets.
1123 4505 1156 4531 —
1168 4505 1261 4532 N'...»

404 4569 501 4599 Pour
510 4569 634 4598 toutes
646 4566 898 4597 lesannonces
909 4566 1088 4603 ci-après,
1097 4565 1262 4596 s’adres¬

362 4626 428 4648 ser
445 4618 465 4647 à
492 4616 662 4647 Madame
679 4614 798 4646 Veuve
815 4613 1029 4652 CHABAUD,
1054 4614 1261 4645 Directrice

362 4667 406 4697 de
422 4665 453 4696 la
478 4666 496 4683 “
515 4665 638 4696 Revue
658 4663 858 4695 Mensuelle
874 4662 903 4692 ”.

400 4770 514 4799 Veuve
530 4769 568 4797 43
584 4775 656 4800 ans,
671 4775 748 4796 sans
762 4767 889 4799 enfant,
905 4765 1041 4796 fortune
1056 4765 1188 4795 300.000
1204 4768 1259 4801 tr.,

361 4817 508 4840 revenus
525 4807 637 4837 20.000
653 4806 694 4836 fr.
708 4815 769 4843 par
793 4815 847 4841 an,
871 4805 1069 4843 épouserait
1086 4807 1261 4836 monsieur

360 4852 462 4887 ayant
473 4848 558 4886 jolie
575 4846 737 4877 situation
754 4854 797 4877 ou
814 4847 961 4876 fortune.
978 4861 997 4867 -
1012 4846 1041 4875 N
1046 4854 1052 4859 -
1068 4845 1158 4875 2100.

398 4904 604 4937 Demoiselle
632 4904 671 4933 29
695 4912 768 4937 ans,
799 4911 877 4933 sans
894 4910 1098 4936 commerce,
1116 4904 1260 4939 épouse¬

358 4948 424 4976 rait
437 4952 564 4984 garçon
581 4944 645 4981 âge
661 4952 704 4972 en
721 4946 871 4979 rapnort,
898 4944 937 4973 de
953 4943 1076 4972 beauté
1103 4942 1257 4980 exquise,

358 4988 453 5017 avoir
470 4985 527 5015 100
542 4984 601 5014 000
616 4984 657 5013 fr.
673 4991 716 5013 ou
734 4982 924 5012 s’abstenir.
947 4999 966 5004 -
982 4983 1009 5012 N
1020 4992 1025 4997 -
1047 4982 1135 5012 4966.

398 5037 602 5069 Demoiselle
631 5038 670 5065 28
686 5044 758 5071 ans,
790 5036 902 5065 bonne
918 5035 1056 5070 famille,
1074 5035 1153 5065 bien
1176 5044 1257 5066 sous

357 5084 433 5111 tous
451 5081 621 5117 rapports,
654 5077 710 5105 dot
726 5079 758 5105 et
771 5076 855 5113 jolie
878 5076 1039 5105 situation
1063 5076 1103 5105 de
1120 5075 1257 5106 fortune

358 5122 459 5157 après
475 5121 627 5158 parents,
640 5115 837 5154 épouserait
853 5116 1028 5145 monsieur
1042 5116 1081 5145 30
1095 5117 1112 5145 à
1128 5116 1167 5145 45
1182 5124 1255 5151 ans,

358 5160 508 5194 sérieux,
515 5157 605 5192 actif,
616 5155 798 5186 industriel
807 5163 851 5185 ou
861 5157 1104 5193 commerçant.
1115 5157 1156 5186 N-
1165 5156 1254 5186 4970.

1354 1384 1558 1414 Demoiselle
1595 1385 1634 1414 36
1669 1393 1741 1417 ans,
1786 1384 1952 1416 sérieuse,
1990 1385 2211 1421 affectueuse,

1315 1422 1439 1452 femme
1458 1424 1666 1459 d’intérieur,
1684 1425 1888 1463 catholique,
1906 1426 2071 1464 physique
2088 1428 2212 1462 agréa¬

1315 1463 1381 1498 ble,
1400 1465 1467 1496 dot,
1498 1464 1612 1494 désire
1628 1465 1778 1500 mariage
1795 1473 1876 1494 avec
1893 1465 2071 1496 monsieur
2085 1466 2124 1495 38
2141 1466 2159 1495 à
2174 1466 2212 1495 45

1315 1511 1388 1539 ans,
1406 1508 1506 1541 ayant
1523 1505 1696 1535 situation.
1712 1520 1730 1527 -
1745 1505 1786 1534 N-
1802 1505 1891 1535 4976.

1354 1572 1462 1600 Jeune
1472 1570 1540 1600 fille
1548 1572 1587 1600 29
1603 1579 1675 1607 ans,
1694 1573 1933 1609 représentant
1949 1573 1990 1603 de
2006 1580 2212 1608 commerce,

1316 1613 1419 1647 ayant
1433 1611 1620 1649 propriété,
1639 1612 1825 1642 cherchant
1836 1612 2007 1648 affection,
2017 1621 2053 1642 se
2070 1613 2213 1642 dévoue¬

1317 1651 1382 1680 rait
1412 1652 1429 1680 à
1452 1653 1557 1689 grand
1587 1651 1699 1682 blessé
1724 1653 1765 1681 de
1781 1660 1917 1689 guerre,
1943 1661 1986 1683 ou
2004 1656 2021 1682 à
2039 1654 2214 1683 monsieur

1317 1690 1486 1728 distingué
1517 1691 1664 1728 fortuné,
1696 1692 1923 1722 recherchant
1944 1693 2045 1731 appui
2063 1693 2182 1723 moral.
2200 1708 2213 1714 -

1316 1732 1356 1760 N'
1374 1731 1462 1760 4978.

1357 1792 1529 1832 Capitaine
1545 1794 1667 1830 active,
1684 1795 1723 1824 34
1735 1802 1806 1830 ans,
1832 1803 1874 1825 au
1891 1797 2006 1825 Maroc
2022 1798 2214 1825 momenta¬

1317 1836 1467 1866 nément,
1479 1834 1591 1864 désire
1608 1835 1857 1874 correspondre
1868 1843 1954 1873 pour
1964 1836 2115 1874 mariage
2132 1844 2214 1866 avec

1313 1876 1420 1912 jeune
1437 1874 1505 1904 fille
1534 1875 1738 1913 catholique,
1767 1875 1879 1906 bonne
1895 1876 2033 1912 famille,
2052 1876 2213 1906 situation

1318 1922 1360 1944 en
1377 1918 1528 1953 rapport.
1544 1930 1563 1937 -
1578 1917 1618 1945 N-
1637 1916 1725 1945 4981.

1357 1977 1561 2008 Demoiselle
1589 1979 1628 2007 48
1653 1986 1722 2016 ans,
1751 1987 1829 2008 sans
1855 1978 2057 2017 profession,
2090 1978 2215 2008 femme

1319 2017 1530 2051 d’intérieur,
1541 2019 1653 2048 bonne
1663 2019 1853 2054 éducation,
1863 2018 2031 2059 physique
2040 2018 2213 2057 agréable,

1319 2057 1459 2095 capable
1472 2058 1513 2088 de
1530 2058 1766 2093 dévouement,
1776 2059 1973 2097 épouserait
1985 2059 2160 2089 monsieur
2171 2066 2214 2088 ou

1318 2098 1460 2128 retraité
1475 2101 1576 2136 ayant
1592 2099 1703 2129 bonne
1720 2099 1891 2129 situation.
1914 2115 1933 2121 -
1950 2101 1977 2129 N
1983 2107 1989 2113 -
2008 2099 2096 2128 4986.

1358 2162 1467 2190 Jeune
1505 2161 1641 2191 homme
1683 2162 1721 2191 25
1762 2169 1833 2196 ans,
1865 2161 2025 2191 situation
2056 2161 2215 2190 annuelle

1318 2200 1430 2230 60.000
1443 2200 1496 2235 fr.,
1528 2209 1568 2230 au
1586 2203 1714 2234 Maroc,
1737 2203 1831 2231 avoir
1845 2202 1884 2231 30
1899 2201 1958 2230 000
1976 2202 2014 2231 fr.
2034 2205 2068 2230 et
2085 2201 2214 2230 maison

1319 2241 1542 2274 confortable,
1574 2242 1770 2278 épouserait
1798 2242 1901 2279 jeune
1924 2241 1995 2272 fille
2013 2242 2049 2271 18
2066 2242 2084 2271 à
2099 2242 2139 2271 22
2154 2249 2215 2270 ans

1319 2281 1456 2310 voulant
1471 2281 1604 2311 habiter
1622 2283 1748 2312 Maroc.
1765 2298 1777 2303 -
1788 2283 1816 2311 N
1822 2290 1827 2296 -
1845 2282 1935 2311 4991.

1360 2347 1563 2378 Demoiselle
1585 2349 1624 2377 35
1652 2356 1723 2384 ans,
1737 2348 1832 2386 jolie,
1851 2348 2055 2386 distinguée,
2073 2347 2216 2378 affectu¬

1319 2396 1414 2422 euse,
1429 2389 1621 2423 éducation,
1639 2388 1733 2418 avoir
1754 2392 1786 2418 et
1816 2388 1989 2424 situation,
2021 2388 2218 2427 épouserait

1320 2428 1496 2458 monsieur
1512 2430 1659 2465 sérieux,
1673 2429 1712 2458 38
1728 2430 1747 2458 à
1763 2429 1801 2458 40
1817 2436 1889 2464 ans,
1916 2429 2078 2458 situation
2107 2428 2215 2463 Paris,

1319 2470 1390 2498 très
1407 2469 1555 2498 sérieux.
1573 2485 1585 2490 -
1601 2469 1642 2498 N-
1659 2469 1749 2498 4992.

1357 2532 1467 2561 Jeune
1479 2530 1548 2561 fille
1564 2532 1602 2560 23
1619 2539 1690 2566 ans,
1709 2531 1897 2569 employée,
1913 2531 2034 2566 brune,
2053 2530 2217 2568 physique

1320 2571 1491 2609 agréable,
1520 2571 1632 2600 20.000
1645 2571 1699 2606 fr.,
1731 2572 1800 2601 très
1830 2570 2051 2604 affectueuse,
2069 2574 2217 2609 épouse¬

1320 2612 1386 2641 rait
1400 2619 1571 2650 personne
1602 2612 1764 2641 situation
1784 2619 1826 2641 en
1842 2615 1993 2649 rapport.
2025 2627 2042 2633 -
2069 2611 2204 2640 N-4996

1359 2674 1448 2704 Veuf
1459 2674 1496 2703 58
1513 2682 1584 2708 ans,
1614 2673 1818 2711 catholique,
1848 2673 1925 2703 bien
1958 2680 2038 2703 sous
2069 2676 2144 2703 tous
2169 2675 2216 2703 les

1320 2717 1489 2751 rapports,
1508 2714 1602 2744 avoir
1616 2714 1727 2743 60.000
1743 2715 1783 2743 fr.
1808 2713 2006 2751 épouserait
2024 2713 2217 2750 catholique

1319 2754 1546 2791 pratiquante,
1577 2752 1799 2788 affectueuse,
1829 2753 1928 2791 goûts
1945 2753 2096 2791 simples,
2115 2752 2217 2782 situa¬

1320 2793 1391 2822 tion
1407 2800 1449 2821 en
1466 2795 1616 2831 rapport.
1634 2793 1674 2822 N-
1689 2792 1778 2822 5002.

1360 2853 1563 2884 Demoiselle
1586 2854 1624 2883 46
1653 2862 1724 2890 ans,
1755 2854 1961 2892 catholique,
1991 2854 2117 2883 famille
2145 2854 2216 2883 très

1320 2893 1520 2925 honorable,
1537 2896 1607 2923 très
1631 2894 1797 2930 sérieuse,
1827 2894 1918 2928 b'en,
1949 2895 2071 2924 femme
2102 2893 2217 2923 d’inté¬

1321 2934 1426 2968 rieur,
1438 2934 1494 2964 dot
1502 2934 1614 2964 40.000
1624 2934 1677 2970 fr,.
1688 2936 1885 2973 épouserait
1896 2934 2053 2973 employé
2065 2933 2215 2968 sérieux,

1319 2976 1429 3012 poste,
1448 2975 1591 3010 douane,
1609 2975 1785 3011 P.-L.-M.,
1804 2975 2087 3010 administration,
2105 2974 2217 3004 même

1319 3014 1408 3043 veuf.
1425 3030 1445 3036 -
1459 3015 1487 3044 N
1492 3023 1499 3029 -
1516 3015 1604 3045 4931.

1357 3077 1465 3106 Jeune
1481 3076 1616 3106 homme
1629 3078 1668 3106 32
1683 3085 1756 3112 ans,
1774 3078 1968 3111 sud-ouest,
1995 3076 2045 3106 fils
2075 3076 2213 3114 unique,

1319 3116 1452 3146 300.000
1467 3116 1521 3151 fr.,
1537 3117 1637 3152 brun,
1648 3126 1709 3156 pas
1721 3118 1868 3153 fumeur,
1882 3116 2079 3156 épouserait
2089 3117 2215 3146 demoi¬

1321 3157 1404 3186 selle
1427 3164 1470 3186 ou
1492 3165 1602 3187 veuve
1632 3158 1798 3191 sérieuse,
1829 3158 1891 3196 âge
1920 3163 1954 3187 et
1981 3156 2143 3187 situation
2173 3165 2214 3186 en

1320 3199 1471 3235 rapport.
1487 3213 1507 3219 -
1523 3199 1562 3227 N-
1580 3197 1683 3227 5.004.

1359 3255 1563 3285 Demoiselle
1578 3256 1617 3284 33
1633 3263 1705 3285 ans.
1723 3256 1780 3285 dot
1803 3256 1913 3285 15.000
1941 3255 1997 3289 fr.,
2026 3255 2104 3284 bien
2135 3261 2215 3284 sous

1319 3297 1488 3331 rapports,
1520 3297 1717 3332 épouserait
1752 3296 2001 3326 fonctionnaire
2040 3296 2146 3324 d’Etat
2172 3302 2215 3325 ou

1320 3333 1398 3363 veuf
1414 3333 1560 3370 fortuné,
1579 3336 1642 3374 âge
1658 3344 1723 3374 peu
1739 3336 1897 3374 importe.
1914 3352 1933 3358 -
1948 3336 1988 3365 N-
2005 3335 2095 3369 5019,

1360 3400 1570 3432 Institutrice
1586 3402 1684 3437 libre,
1700 3404 1738 3432 32
1754 3411 1826 3439 ans,
1851 3403 2061 3441 parisienne,
2092 3401 2213 3438 brune,

1320 3449 1446 3478 garçon
1461 3442 1479 3471 5
1495 3450 1567 3474 ans,
1585 3443 1774 3473 recherche
1790 3451 1877 3475 pour
1900 3442 2049 3480 mariage
2079 3442 2215 3472 homme

1320 3483 1360 3510 de
1391 3489 1495 3515 cœur,
1523 3483 1722 3512 sentiments
1751 3482 1902 3517 délicats,
1920 3483 1977 3520 qui
1999 3482 2098 3512 ferait
2114 3483 2216 3512 situa¬

1319 3523 1401 3556 tion,
1419 3521 1481 3559 âge
1497 3522 1702 3558 indifférent,
1720 3524 1937 3553 seconderait
1952 3523 2034 3551 dans
2051 3530 2216 3552 commer¬

1319 3569 1370 3595 ce,
1387 3552 1569 3592 habiterait
1585 3563 1615 3591 la
1632 3571 1829 3601 campagne.
1846 3579 1866 3585 -
1881 3563 1909 3592 N
1914 3571 1920 3578 -
1938 3563 2027 3592 5023.

1358 3619 1560 3649 Célibataire
1576 3621 1615 3650 35
1631 3629 1702 3657 ans,
1728 3622 1867 3656 aimant,
1884 3621 2034 3654 instruit,
2053 3620 2215 3651 situation

1318 3659 1461 3688 libérale
1502 3660 1766 3698 indépendante,
1798 3662 1851 3691 bel
1882 3662 1987 3697 avoir,
2018 3662 2216 3699 épouserait

1318 3707 1491 3737 personne
1509 3702 1578 3729 très
1596 3700 1755 3735 aimante,
1772 3701 1846 3738 âge.
1865 3702 1992 3737 enfant,
2010 3705 2094 3736 tare,
2115 3703 2215 3731 anté¬

1320 3739 1459 3769 cédents
1474 3739 1700 3772 indifférents.
1712 3758 1751 3763 —
1766 3743 1795 3771 N
1800 3750 1806 3756 -
1824 3741 1913 3771 5006.

1357 3798 1466 3827 Jeune
1496 3798 1593 3827 dame
1620 3799 1660 3828 30
1684 3807 1756 3834 ans,
1788 3807 1912 3837 garçon
1943 3801 1962 3829 4
1990 3808 2063 3833 ans,
2093 3799 2214 3835 brune,

1319 3842 1583 3875 commerçante,
1601 3839 1763 3872 dévouée,
1781 3839 2002 3873 affectueuse,
2016 3842 2116 3877 ayant
2131 3839 2216 3869 inté¬

1319 3879 1424 3912 rieur,
1442 3886 1520 3907 sans
1537 3879 1684 3913 fortune,
1702 3880 1900 3918 épouserait
1924 3880 2099 3910 monsieur
2129 3880 2168 3908 35
2197 3882 2214 3909 à

1317 3917 1356 3946 50
1373 3926 1444 3953 ans,
1462 3922 1564 3955 ayant
1579 3920 1739 3949 situation
1757 3919 1847 3949 sûre.
1866 3936 1902 3941 —
1919 3920 1947 3949 N
1954 3928 1959 3934 -
1976 3920 2066 3949 5031.

1358 3972 1467 4001 Jeune
1493 3980 1612 4008 veuve,
1645 3973 1765 4007 douce,
1789 3972 2011 4008 affectueuse,
2029 3972 2215 4002 sentimen¬

1319 4011 1399 4044 tale,
1414 4011 1525 4040 désire
1535 4013 1787 4048 correspondre
1804 4021 1885 4042 avec
1895 4014 2071 4043 monsieur
2084 4013 2125 4042 30
2140 4021 2212 4048 ans,

1318 4050 1524 4085 gentleman,
1570 4055 1671 4089 ayant
1713 4060 1907 4082 commerce
1951 4060 1994 4085 ou
2038 4053 2212 4089 situation,

1319 4090 1455 4127 dispose
1469 4090 1603 4129 photos.
1621 4109 1658 4112 —
1671 4094 1711 4123 N-
1724 4093 1814 4122 5032.

1358 4148 1561 4179 Demoiselle
1590 4151 1629 4180 26
1653 4159 1725 4182 ans,
1752 4150 1877 4180 femme
1893 4150 2106 4185 d’intérieur,
2123 4150 2212 4188 gaie,

1319 4188 1541 4224 musicienne,
1556 4190 1613 4219 dot
1630 4191 1759 4221 100.000
1776 4191 1829 4224 fr.,
1857 4195 2076 4229 espérances,
2108 4194 2211 4229 épou¬

1318 4228 1424 4256 serait
1444 4229 1618 4259 monsieur
1634 4230 1783 4265 sérieux,
1802 4231 1954 4267 docteur,
1972 4231 2153 4261 industriel
2170 4239 2213 4261 ou

1318 4271 1560 4305 commerçant.
1578 4286 1615 4290 —
1631 4271 1670 4300 N"
1683 4271 1773 4300 5034.

1357 4325 1526 4362 Adjudant
1554 4328 1730 4362 artillerie,
1761 4328 1799 4357 29
1828 4337 1900 4364 ans,
1935 4329 2085 4363 sérieux,
2118 4329 2214 4358 avoir

1316 4365 1428 4395 20.000
1444 4366 1482 4395 fr.
1502 4371 1533 4396 et
1550 4371 1769 4403 espérances,
1787 4369 1985 4405 épouserait
2014 4369 2213 4399 demoiselle

1317 4406 1354 4434 18
1370 4408 1387 4435 à
1403 4407 1441 4434 25
1457 4414 1529 4438 ans,
1546 4407 1565 4435 b
1582 4415 1625 4436 en
1642 4417 1721 4438 sous
1738 4414 1813 4438 tous
1829 4409 1878 4438 les
1906 4413 2076 4448 rapports,
2107 4409 2213 4439 fortu¬

1316 4447 1392 4481 née,
1408 4445 1476 4476 fille
1488 4451 1720 4484 commerçant
1729 4456 1772 4478 ou
1786 4448 2004 4479 institutrice.
2017 4466 2051 4470 —
2064 4450 2091 4479 N
2097 4458 2103 4465 -
2121 4449 2210 4479 5100.

1354 4503 1524 4540 Adjudant
1551 4505 1728 4542 artillerie,
1759 4506 1797 4535 29
1824 4514 1897 4539 ans,
1928 4507 2080 4541 sérieux,
2118 4507 2213 4537 avoir

1314 4542 1353 4571 20
1368 4543 1427 4572 000
1444 4544 1482 4574 fr.
1500 4548 1533 4574 et
1549 4548 1768 4583 espérances,
1786 4547 1985 4584 épouserait
2014 4547 2212 4577 demoiselle

1317 4583 1353 4610 18
1370 4585 1384 4611 â
1400 4583 1438 4612 25
1450 4584 1521 4618 ans,
1536 4584 1612 4613 bien
1623 4593 1703 4615 sous
1715 4589 1791 4616 tous
1802 4586 1850 4616 les
1861 4587 2026 4625 rapports,
2039 4586 2211 4624 fortunée,

1316 4621 1384 4651 fille
1401 4627 1633 4661 commerçant
1643 4633 1686 4655 ou
1702 4626 1919 4656 institutrice.
1938 4644 1977 4647 —
1994 4629 2034 4657 N.
2052 4627 2143 4657 5040.

1354 4680 1555 4711 Célibataire
1584 4683 1623 4712 40
1652 4691 1722 4719 ans,
1767 4683 1948 4723 distingué,
1992 4686 2063 4715 très
2099 4686 2212 4716 bonne

1316 4718 1454 4754 famille,
1472 4722 1559 4751 belle
1576 4723 1748 4757 situation,
1767 4726 1861 4754 avoir
1875 4725 1987 4755 30.000
2003 4726 2055 4759 fr.,
2069 4727 2212 4763 épouse¬

1316 4760 1381 4789 rait
1397 4762 1595 4792 demoiselle
1621 4770 1664 4792 ou
1694 4771 1799 4793 veuve
1829 4765 1891 4803 âge
1916 4768 1951 4795 et
1975 4765 2137 4795 situation
2167 4774 2210 4795 en

1315 4803 1466 4837 rapport.
1482 4817 1522 4821 —
1536 4802 1576 4831 N-
1593 4802 1683 4833 5042.

1353 4858 1461 4887 Jeune
1486 4858 1621 4888 homme
1650 4862 1688 4890 28
1716 4870 1788 4894 ans,
1819 4862 1917 4897 brun,
1936 4863 2049 4893 bonne
2075 4863 2210 4896 famille,

1315 4897 1537 4934 mécanicien,
1555 4900 1650 4929 avoir
1664 4901 1776 4931 40.000
1796 4900 1849 4936 fr.,
1882 4903 2078 4940 épouserait
2103 4905 2210 4940 jeune

1314 4936 1512 4967 demoiselle
1526 4946 1568 4968 ou
1585 4947 1702 4976 veuve,
1720 4941 1944 4977 musicienne,
1975 4943 2138 4973 situation
2168 4951 2210 4973 en

1314 4981 1465 5015 rapport.
1482 4995 1519 4999 —
1535 4979 1575 5008 N-
1592 4979 1632 5009 50
1638 4981 1682 5010 45.

1353 5035 1607 5069 Ex-industriel,
1626 5037 1763 5069 divorcé
1791 5039 1810 5068 à
1835 5047 1895 5068 son
1925 5040 2038 5078 profit,
2069 5041 2107 5070 40
2136 5049 2208 5072 ans,

1313 5079 1420 5111 santé,
1439 5078 1628 5114 caractère,
1646 5080 1811 5118 physique
1830 5080 2001 5118 agréable.
2020 5081 2151 5110 110.000
2167 5081 2207 5110 fr.

1313 5118 1347 5145 et
1361 5115 1438 5145 villa
1455 5117 1566 5147 35.000
1581 5119 1633 5153 fr.,
1664 5121 1861 5155 épouserait
1873 5122 1980 5157 jeune
1997 5120 2066 5150 fille
2080 5121 2119 5149 25
2136 5129 2207 5156 ans,

1313 5156 1370 5185 dot
1384 5156 1495 5186 50.000
1512 5158 1551 5186 fr.
1569 5174 1608 5177 —
1624 5160 1662 5188 N-
1681 5159 1770 5188 5048.

2309 1387 2547 1418 Sous-officier
2560 1389 2596 1418 31
2615 1397 2688 1424 ans,
2704 1389 2782 1428 prêt
2798 1390 2838 1419 de
2854 1389 2885 1418 la
2905 1389 3047 1420 retraite
3077 1390 3167 1419 1.800

2268 1426 2309 1456 fr.
2327 1435 2390 1465 par
2405 1435 2459 1463 an,
2477 1429 2672 1459 économies
2688 1429 2781 1459 9.000
2796 1429 2851 1464 fr.,
2868 1429 2979 1460 bonne
3005 1430 3166 1460 situation

2269 1468 2309 1496 de
2326 1467 2465 1503 famille,
2478 1468 2675 1507 épouserait
2688 1470 2792 1506 jeune
2808 1469 2876 1499 fille
2890 1472 2992 1508 ayant
3004 1469 3165 1500 situation

2268 1515 2311 1537 en
2327 1511 2479 1547 rapport.
2498 1525 2533 1529 —
2549 1509 2590 1538 N-
2605 1509 2695 1539 5058.

2308 1570 2522 1606 Lieutenant,
2539 1571 2653 1609 légion
2671 1571 2872 1602 d’honneur.
2901 1573 2940 1602 37
2969 1581 3037 1608 sus,
3071 1572 3166 1602 avoir

2269 1610 2379 1640 13.000
2395 1611 2448 1645 fr.,
2467 1611 2628 1642 situation
2645 1613 2756 1642 13.000
2771 1611 2826 1647 fr.,
2848 1613 2998 1648 sérieux,
3016 1616 3166 1652 épouse¬

2268 1651 2334 1680 rait
2348 1658 2521 1689 personne
2535 1652 2575 1681 20
2590 1653 2609 1681 à
2623 1653 2662 1681 28
2692 1660 2763 1687 ans,
2790 1652 2869 1682 bien
2899 1661 2979 1683 sous
3009 1656 3084 1683 tous
3114 1654 3163 1683 les

2268 1692 2439 1728 rapports,
2469 1695 2570 1729 ayant
2598 1692 2760 1722 situation
2791 1693 3095 1731 correspondante.
3127 1710 3165 1715 —

2268 1732 2308 1760 N-
2339 1731 2428 1760 5062.

2309 1793 2520 1824 Institutrice
2545 1794 2584 1823 35
2613 1802 2686 1830 ans,
2711 1794 2833 1830 brune,
2864 1796 3036 1834 agréable,
3067 1795 3167 1826 affec¬

2268 1836 2402 1866 tueuse,
2418 1834 2531 1864 désire
2548 1837 2666 1864 entrer
2682 1842 2725 1865 en
2742 1835 2888 1866 relation
2901 1844 2983 1866 avec
2999 1844 3165 1866 commer¬

2270 1876 2348 1910 çant
2363 1882 2407 1904 ou
2424 1874 2651 1905 sous-officier
2673 1875 2768 1906 franc
2783 1879 2816 1906 et
2832 1876 2930 1914 loyal.
2947 1893 2986 1898 —
3002 1878 3040 1907 N'
3053 1876 3144 1906 5063.

2309 1936 2525 1967 Cultivatrice
2540 1938 2579 1967 32
2593 1946 2665 1972 ans,
2680 1938 2851 1973 divorcée,
2864 1947 2909 1969 un
2926 1939 3043 1969 enfant
3058 1940 3076 1968 7
3092 1947 3165 1975 ans,

2270 1984 2349 2006 sans
2366 1977 2502 2007 fortune
2519 1978 2603 2007 mais
2620 1978 2851 2014 travailleuse,
2874 1979 3071 2018 épouserait
3084 1988 3168 2018 per¬

2271 2024 2379 2047 sonne
2395 2018 2549 2048 sérieuse
2566 2022 2666 2056 ayant
2682 2019 2855 2049 situation.
2872 2036 2910 2041 —
2924 2021 2954 2050 N
2959 2028 2965 2034 -
2983 2019 3072 2049 5059.

2310 2065 2377 2095 Fils
2394 2066 2520 2104 unique
2533 2068 2572 2096 28
2587 2075 2659 2100 ans,
2677 2068 2811 2106 peintre
2829 2076 2871 2098 en
2887 2068 3032 2103 voiture,
3049 2068 3152 2098 800fr.

2270 2114 2333 2144 par
2349 2106 2445 2142 mois,
2463 2106 2558 2137 avoir
2574 2107 2611 2137 10
2626 2108 2685 2137 000
2701 2109 2740 2137 fr.
2760 2111 2794 2138 et
2808 2109 2996 2147 propriété,
3012 2108 3163 2142 instruit,

2271 2146 2468 2184 épouserait
2494 2147 2692 2178 demoiselle
2715 2156 2759 2178 ou
2785 2156 2892 2178 veuve
2922 2156 3000 2178 sans
3030 2148 3160 2179 enfant.

2270 2202 2309 2207 —
2325 2187 2364 2216 N-
2380 2186 2469 2216 5060.

2311 2235 2515 2266 Lieutenant
2531 2236 2651 2272 active,
2668 2238 2707 2266 29
2723 2245 2795 2273 ans,
2820 2237 2990 2267 stationné
3017 2236 3096 2267 ville
3127 2238 3167 2267 de

2271 2275 2301 2303 la
2320 2275 2395 2305 côte
2411 2278 2537 2309 Maroc,
2556 2277 2669 2307 désire
2699 2278 2877 2307 ardement
2904 2279 3055 2316 mariage
3085 2286 3168 2308 avec

2272 2315 2471 2345 demoiselle
2498 2317 2538 2347 20
2562 2318 2581 2347 à
2604 2318 2643 2346 28
2661 2325 2733 2353 ans,
2765 2317 2968 2356 distinguée,
2986 2325 3068 2348 avec
3098 2318 3165 2348 dot.

2271 2372 2308 2376 —
2325 2356 2365 2385 N-
2382 2356 2471 2386 5069.

2310 2405 2420 2434 Jeune
2435 2405 2572 2436 homme
2587 2407 2622 2435 21
2642 2414 2714 2442 ans,
2741 2405 2794 2436 fils
2818 2406 2956 2445 unique,
2975 2406 3167 2445 négociant,

2271 2444 2361 2475 belle
2377 2446 2539 2476 situation
2556 2447 2656 2485 après
2673 2446 2817 2482 service,
2844 2447 2940 2477 avoir
2968 2447 3096 2477 120.000
3112 2447 3168 2482 fr.,

2272 2485 2469 2523 épouserait
2481 2488 2586 2523 jeune
2600 2485 2669 2516 fille
2686 2487 2851 2522 sérieuse,
2865 2487 2976 2517 bonne
2993 2487 3168 2517 situation.

2272 2541 2310 2546 —
2325 2526 2365 2555 N-
2383 2525 2473 2555 5030.

2312 2573 2515 2605 Lieutenant
2531 2575 2572 2605 de
2588 2575 2771 2605 chasseurs
2788 2578 2805 2605 à
2822 2576 2911 2614 pied,
2936 2577 2974 2605 32
2990 2584 3063 2608 ans,
3080 2575 3168 2614 phy¬

2272 2613 2368 2652 sique
2385 2615 2545 2652 agréable
2561 2615 2675 2645 désire
2692 2618 2809 2645 entrer
2840 2623 2882 2645 en
2906 2616 3069 2646 relations
3086 2623 3168 2645 avec

2272 2654 2470 2684 demoiselle
2487 2663 2529 2684 ou
2546 2663 2652 2685 veuve
2669 2664 2748 2685 sans
2776 2655 2904 2691 enfant,
2936 2655 3096 2686 situation
3128 2664 3169 2685 en

2272 2697 2424 2732 rapport.
2441 2711 2480 2716 —
2494 2696 2524 2725 N
2528 2704 2534 2710 -
2552 2696 2643 2729 4859,
3150 2721 3161 2735 ,

2312 2751 2514 2782 Célibataire
2556 2753 2609 2782 fils
2651 2753 2789 2790 unique,
2830 2753 2870 2782 36
2904 2761 2977 2788 ans,
3009 2753 3168 2783 situation

2272 2791 2385 2820 40.000
2396 2792 2436 2821 fr.
2449 2792 2525 2830 plus
2538 2792 2648 2822 15.000
2659 2792 2700 2822 fr.
2712 2793 2918 2823 association
2931 2793 3060 2830 grande
3071 2794 3170 2822 usine

2272 2834 2412 2869 rapport
2450 2832 2543 2861 8.000
2572 2832 2626 2867 fr.,
2668 2834 2866 2871 épouserait
2895 2832 3017 2863 femme
3046 2833 3166 2868 brune,

2273 2871 2435 2901 situation
2452 2879 2494 2901 en
2512 2875 2662 2911 rapport.
2680 2889 2718 2893 —
2733 2873 2773 2902 N-
2791 2873 2880 2902 4557.

2311 2929 2420 2958 Jeune
2431 2928 2500 2959 fille
2509 2930 2547 2958 22
2559 2937 2630 2965 ans,
2644 2930 2771 2960 famille
2783 2930 2982 2965 honorable,
2995 2929 3168 2963 instruite,

2273 2968 2496 3000 musicienne,
2514 2969 2592 2999 bien
2610 2978 2690 3000 sous
2703 2973 2778 3000 tous
2791 2973 2961 3009 rapports,
2972 2971 3169 3009 épouserait

2272 3010 2448 3039 monsieur
2476 3010 2515 3039 28
2544 3011 2563 3039 à
2591 3010 2630 3039 35
2658 3018 2719 3040 ans
2750 3015 2852 3048 ayant
2881 3010 3041 3041 situation
3075 3010 3166 3041 sûre.

2271 3065 2310 3069 —
2325 3049 2365 3078 N-
2383 3049 2471 3079 5075.

2311 3098 2513 3128 Lieutenant
2536 3099 2576 3128 32
2604 3107 2677 3133 ans,
2708 3099 2803 3129 avoir
2830 3099 2943 3129 40.000
2969 3100 3024 3133 fr.,
3055 3099 3168 3129 désire

2272 3138 2422 3174 mariage
2439 3147 2522 3168 avec
2536 3147 2709 3177 personne
2728 3140 2883 3170 sérieuse
2899 3144 2933 3169 et
2949 3140 3108 3170 situation
3126 3147 3168 3169 en

2272 3182 2423 3216 rapport.
2440 3195 2477 3200 —
2491 3180 2530 3209 N-
2548 3179 2637 3209 5076.

2312 3236 2516 3266 Demoiselle
2551 3238 2589 3266 33
2630 3245 2703 3272 ans,
2746 3237 2952 3268 institutrice
2994 3237 3166 3276 publique,

2270 3275 2391 3311 brune,
2428 3277 2594 3315 physique
2630 3277 2802 3315 agréable,
2847 3279 3025 3308 caractère
3066 3277 3166 3313 doux,

2270 3318 2469 3347 énouserait
2498 3317 2750 3348 fonctionnaire
2778 3326 2822 3348 ou
2843 3318 2998 3357 employé
3016 3318 3056 3347 de
3073 3325 3168 3347 com¬

2272 3364 2397 3386 merce.
2416 3373 2453 3378 —
2468 3358 2511 3387 N'
2527 3357 2617 3387 5079.

2310 3414 2512 3445 Célibataire
2522 3415 2561 3445 49
2570 3423 2641 3451 ans,
2654 3416 2767 3446 60.000
2782 3416 2822 3446 fr.
2840 3416 3048 3449 économies,
3066 3415 3168 3445 situa¬

2270 3453 2340 3484 tion
2372 3455 2482 3484 10.000
2512 3456 2551 3484 fr.
2588 3463 2649 3492 par
2678 3464 2732 3490 an,
2764 3456 2877 3486 désire
2906 3458 3056 3494 mariage
3086 3464 3167 3486 avec

2271 3494 2469 3524 demoiselle
2487 3503 2528 3524 ou
2546 3503 2652 3524 veuve
2670 3500 2769 3533 ayant
2785 3496 2895 3526 12.000
2905 3497 2944 3526 fr.
2960 3496 3001 3526 de
3014 3498 3111 3526 rente
3125 3503 3167 3526 ou

2271 3536 2475 3573 propriétés.
2493 3551 2512 3557 -
2524 3536 2554 3565 N
2559 3544 2565 3550 -
2582 3535 2672 3565 5081.

2310 3592 2512 3623 Célibataire
2539 3593 2579 3622 35
2594 3601 2667 3627 ans,
2698 3593 2853 3632 employé
2883 3594 3017 3624 chemin
3047 3593 3087 3624 de
3117 3593 3169 3623 fer

2270 3632 2420 3669 Tunisie,
2436 3633 2495 3663 600
2511 3633 2550 3662 fr.
2568 3641 2631 3672 par
2646 3633 2744 3667 mois,
2763 3634 2876 3665 désire
2887 3636 2995 3672 jeune
3008 3634 3077 3664 fille
3092 3634 3133 3663 30
3148 3636 3166 3663 à

2269 3674 2308 3702 35
2352 3681 2425 3709 ans,
2472 3678 2573 3711 ayant
2618 3673 2761 3708 qualités
2805 3674 2845 3704 de
2887 3682 2992 3709 cœur,
3029 3674 3167 3704 voulant

2270 3713 2484 3752 s’expatrier.
2501 3729 2520 3735 -
2534 3714 2564 3744 N
2569 3722 2575 3728 -
2591 3713 2682 3743 5082.

2310 3771 2513 3802 Demoiselle
2541 3771 2580 3801 30
2604 3779 2678 3804 ans,
2716 3772 2856 3808 grande,
2901 3772 3000 3805 forte,
3043 3772 3165 3801 femme

2270 3811 2482 3846 d’intérieur,
2531 3812 2755 3845 musicienne,
2794 3812 2922 3841 famille
2962 3812 3164 3845 honorable,

2270 3851 2374 3884 aisée,
2406 3851 2463 3881 dot
2497 3851 2609 3881 30.000
2633 3851 2688 3884 fr.,
2732 3855 2939 3890 espérances
2980 3852 3163 3886 certaines,

2270 3893 2467 3930 épouserait
2483 3892 2659 3921 monsieur
2676 3891 2825 3928 sérieux,
2843 3892 2972 3930 grande
2989 3892 3161 3922 situation.

2268 3947 2285 3953 —
2301 3933 2341 3962 N-
2359 3932 2448 3961 5083.

2308 3988 2540 4019 Sous-officier
2557 3989 2596 4019 de
2613 3988 2776 4024 carrière,
2794 3997 2878 4019 onze
2894 3998 2953 4019 ans
2966 3990 3007 4020 de
3019 3989 3162 4024 service,

2269 4030 2338 4058 très
2356 4029 2507 4063 sérieux,
2521 4030 2560 4058 28
2576 4037 2647 4062 ans,
2666 4030 2864 4066 épouserait
2893 4030 3090 4059 demoiselle
3121 4037 3164 4059 ou

2268 4077 2375 4098 veuve
2392 4069 2502 4099 même
2518 4077 2596 4098 sans
2613 4068 2761 4105 fortune,
2779 4070 2946 4104 sérieuse,
2959 4069 3163 4106 catholique.

2267 4124 2284 4131 —
2301 4110 2341 4139 N-
2358 4110 2448 4139 5085.

2307 4169 2415 4197 Jeune
2431 4167 2567 4197 homme
2582 4167 2621 4196 30
2637 4175 2709 4202 ans,
2727 4167 2816 4198 belle
2838 4167 3011 4201 situation,
3041 4165 3164 4205 capital

2269 4208 2400 4237 100.000
2417 4208 2469 4242 (r.,
2488 4207 2600 4237 désire
2615 4207 2719 4237 union
2737 4216 2818 4238 avec
2842 4207 3040 4238 demoiselle
3065 4206 3166 4235 musi¬

2268 4248 2390 4278 cienne
2406 4248 2446 4277 de
2462 4247 2677 4286 préférence,
2694 4247 2751 4278 dot
2766 4256 2808 4278 en
2824 4250 2975 4287 rapport.
2989 4263 3007 4269 -
3020 4247 3060 4276 N-
3074 4247 3163 4275 4767.

2309 4305 2512 4334 Demoiselle
2528 4305 2694 4339 sérieuse,
2705 4305 2816 4335 bonne
2828 4305 3020 4340 éducation,
3037 4304 3163 4333 famille

2268 4347 2338 4375 très
2359 4345 2559 4380 honorable,
2587 4346 2748 4376 situation
2775 4346 2868 4376 4.000
2883 4346 2936 4379 fr.,
2966 4346 3165 4383 épouserait

2267 4385 2448 4415 industriel
2459 4393 2503 4415 ou
2516 4385 2766 4416 fonctionnaire
2777 4387 2815 4416 40
2827 4389 2843 4415 à
2855 4386 2894 4415 50
2905 4393 2976 4415 ans.
2990 4400 3006 4406 -
3018 4384 3058 4413 N-
3072 4383 3162 4412 5054.

2307 4434 2640 4473 Expert-comptable
2653 4436 2692 4465 46
2707 4443 2779 4469 ans,
2804 4434 2954 4469 sérieux,
2972 4431 3164 4462 affectueux

2268 4473 2393 4503 aimant
2408 4474 2461 4503 vie
2478 4474 2518 4503 de
2534 4474 2672 4510 famille,
2692 4475 2801 4505 15.000
2825 4474 2866 4503 fr.
2896 4481 2958 4512 par
2986 4480 3040 4505 an,
3071 4471 3166 4501 avoir

2266 4515 2304 4543 25
2320 4514 2379 4544 000
2394 4513 2448 4549 fr.,
2466 4515 2663 4552 épouserait
2677 4514 2875 4544 demoiselle
2887 4521 2927 4542 pu
2942 4519 3048 4542 veuve
3064 4514 3165 4549 ayant

2268 4554 2429 4584 situation
2446 4561 2489 4583 ou
2506 4554 2653 4585 fortune.
2671 4571 2688 4577 -
2704 4556 2732 4584 N
2738 4563 2744 4570 -
2761 4554 2851 4584 5020.

2310 4604 2435 4637 Maroc,
2453 4603 2704 4633 fonctionnaire
2719 4604 2759 4633 35
2770 4611 2843 4636 ans,
2862 4600 3057 4631 traitement
3071 4600 3163 4629 7.000

2267 4642 2322 4678 fr.,
2339 4643 2481 4673 retraite
2498 4643 2588 4673 1.600
2604 4645 2657 4675 fr.,
2676 4641 2875 4682 épouserait
2903 4639 3102 4670 demoiselle
3120 4648 3162 4669 ou

2267 4691 2374 4713 veuve
2388 4684 2426 4712 28
2442 4684 2459 4713 à
2474 4684 2514 4713 35
2529 4692 2601 4713 ans.
2619 4700 2637 4706 -
2652 4686 2680 4714 N
2687 4693 2693 4699 -
2709 4684 2799 4712 4943.

2306 4742 2419 4771 Veuve
2434 4742 2472 4770 54
2485 4750 2557 4777 ans,
2575 4741 2780 4778 catholique,
2798 4747 2877 4769 sans
2894 4737 3049 4773 charges,
3068 4738 3162 4767 avoir

2266 4781 2378 4811 20.000
2394 4782 2446 4818 fr.,
2474 4783 2618 4818 pension
2644 4781 2739 4811 ‘1.500
2755 4780 2809 4815 fr.,
2827 4778 2962 4808 valeurs
2993 4777 3083 4806 1.500
3106 4779 3161 4811 fr.,

2266 4822 2320 4851 bel
2347 4822 2529 4857 intérieur,
2569 4821 2682 4851 désire
2724 4819 2876 4856 mariage
2904 4824 2946 4846 en
2975 4820 3126 4855 rapport.
3143 4833 3162 4839 -

2267 4862 2306 4890 N-
2324 4862 2412 4891 5084.

2306 4910 2509 4940 Demoiselle
2520 4910 2557 4939 40
2570 4918 2641 4944 ans,
2655 4909 2733 4939 bien
2747 4915 2826 4937 sous
2841 4908 2916 4935 tous
2930 4903 2978 4933 les
2992 4907 3161 4942 rapports,

2267 4949 2427 4979 situation
2453 4951 2544 4980 7.000
2559 4949 2613 4984 fr.,
2640 4947 2837 4986 épouserait
2867 4943 3042 4973 monsieur
3072 4944 3162 4977 bien,

2266 4993 2367 5025 ayant
2383 4989 2543 5019 situation
2560 4997 2603 5019 ou
2620 4989 2767 5022 fortune,
2778 4986 2816 5015 40
2827 4986 2844 5014 à
2856 4984 2895 5013 50
2906 4991 2977 5012 ans.
2991 4998 3009 5004 -
3020 4983 3060 5011 N-
3071 4983 3161 5012 5086.

2305 5038 2537 5068 Sous-officier
2549 5038 2589 5067 de
2606 5036 2771 5067 carrière,
2782 5032 2946 5062 libérable
2958 5031 3041 5060 dans
3054 5032 3071 5060 4
3087 5039 3158 5066 ans,

2266 5085 2346 5107 avec
2362 5078 2506 5113 pension
2523 5081 2555 5107 et
2572 5077 2637 5106 bon
2653 5073 2791 5110 emploi,
2809 5071 2922 5101 désire
2952 5079 3163 5110 correspon¬

2266 5118 2326 5147 dre
2340 5125 2426 5148 avec
2442 5116 2640 5147 demoiselle
2664 5115 2703 5144 22
2718 5115 2737 5143 à
2752 5113 2790 5142 26
2819 5119 2892 5145 ans,
2924 5114 3024 5149 ayant
3054 5113 3163 5142 situa¬

2265 5158 2346 5188 tion.
2362 5174 2376 5180 -
2388 5159 2428 5187 N-
2446 5157 2535 5186 5087.

3050 5310 3058 5332 >
