3536 5552
146 2632 150 2636 ■

1498 343 1599 395 PRIX
1652 346 1661 396 :
1722 347 1819 399 50
1876 350 2072 400 Centimes

2570 144 2658 172 WWW

2606 172 2621 187 V

2585 194 2643 229 Ker

2543 380 2582 416 R
2583 381 2643 419 A,
2636 378 2682 429 J

2580 409 2667 442 o/

2902 267 2990 308 Hr*V

2842 320 2920 373 7t~

2923 386 2982 426 Lé/

393 476 1292 700 REVUE
1512 493 3155 739 MENSUELLE

672 734 864 793 Liste
893 736 1340 799 dAnnonces
1370 743 1943 809 Matrimoniales
1974 759 2040 811 et
2068 755 2516 823 d’Annonces
2545 768 2872 832 Diverses

405 824 539 864 (Fonds
577 826 622 858 de
659 836 885 870 commerce,
931 833 1125 874 industrie,
1163 838 1270 869 vente
1313 838 1581 879 d’immeubles,
1627 842 1795 884 location,
1833 846 2027 887 échange).
2136 851 2173 884 —
2275 853 2521 892 Paraissant
2556 860 2593 892 le
2630 862 2649 893 1
2655 868 2689 886 er
2722 864 2768 897 de
2811 868 2966 911 chaque
3000 872 3114 906 mois.

417 893 730 935 LAbonnement
744 900 782 936 et
800 899 847 937 de
866 899 978 947 TRENTE
1000 901 1111 954 FRANCS
1125 916 1232 955 pour
1248 906 1276 945 3
1294 908 1409 957 mois,
1431 907 1587 965 QUARANTE
1606 909 1717 962 FRANCS
1733 924 1840 963 pour
1856 913 1881 953 4
1900 918 2002 955 mois
2022 920 2061 957 et
2077 917 2240 977 CINQUANTE
2258 921 2370 977 FRANCS
2384 939 2491 977 pour
2507 931 2535 969 6
2551 934 2654 970 mois
2672 934 2860 977 donnant
2876 940 2983 980 droit
3001 947 3026 982 à
3045 956 3123 984 une

363 961 597 1011 inscription
613 966 790 1013 gratuite
808 978 880 1005 sur
897 979 963 1006 ma
982 969 1083 1008 liste.
1110 973 1148 1010 —
1167 973 1238 1011 Les
1252 985 1455 1013 annonces
1468 978 1563 1014 sont
1581 977 1630 1016 de
1648 981 1788 1028 quatre
1806 982 1935 1031 lignes
1954 987 2185 1026 maximum.
2208 989 2247 1035 —
2274 990 2317 1036 Les
2331 991 2408 1050 lignes
2423 995 2633 1053 supplémentaires
2649 1003 2701 1045 sont
2715 1009 2801 1059 payées
2816 1007 2832 1050 à
2846 1006 2924 1052 raison
2941 1008 2967 1053 lie
2983 1008 2996 1055 3
3013 1008 3042 1056 fr.
3058 1010 3082 1056 la
3097 1011 3171 1071 ligne.

828 1032 927 1063 Pour
956 1033 1165 1076 l’Etranger
1180 1049 1187 1067 :
1215 1036 1238 1068 3
1271 1040 1375 1078 mois,
1406 1038 1459 1071 35
1489 1041 1632 1074 francs.
1674 1062 1714 1066 —
1754 1044 1780 1076 4
1804 1047 1907 1086 mois,
1924 1047 1978 1079 45
2007 1049 2151 1083 francs.
2193 1072 2232 1076 —
2276 1056 2298 1087 6
2326 1060 2430 1100 mois,
2472 1061 2524 1093 55
2552 1064 2695 1098 francs.

521 1095 701 1136 Adresser
721 1098 858 1139 Lettres
875 1103 910 1139 et
929 1102 1106 1144 Mandats
1126 1106 1148 1144 à
1167 1105 1274 1145 Mme
1301 1106 1431 1147 Veuve
1451 1108 1720 1159 CHABAUD,
1744 1112 1945 1155 Directrice
1973 1117 2020 1156 de
2049 1119 2082 1162 la
2111 1120 2248 1163 Revue
2276 1126 2507 1175 Mensuelle,
2541 1133 2600 1178 18,
2634 1134 2714 1175 Rue
2741 1136 3012 1191 Sainte-Croix,

1507 1178 1751 1222 Montélimar
1784 1180 1955 1234 (Drôme)

390 1267 482 1295 Notre
496 1278 593 1297 œuvre
608 1281 625 1297 a
639 1275 712 1306 pour
727 1272 775 1300 but
791 1274 823 1301 de
838 1275 922 1302 venir
934 1286 968 1303 en
984 1277 1048 1304 aide
1058 1288 1117 1305 aux
1121 1280 1256 1312 familles

354 1304 405 1337 qui
419 1304 545 1332 défrent
559 1307 666 1334 marier
683 1308 760 1336 leurs
776 1312 901 1344 enfants,
917 1321 978 1339 aux
995 1322 1102 1341 veuves
1116 1316 1168 1349 qui
1182 1326 1253 1342 vou¬

354 1339 467 1366 draient
482 1350 512 1367 se
526 1343 674 1375 remarier,
692 1353 752 1371 aux
780 1347 931 1380 orphelins
960 1353 986 1375 et
1014 1358 1074 1376 aux
1102 1352 1254 1379 messieurs

353 1374 405 1409 qui
418 1378 518 1403 révent
531 1378 565 1403 de
578 1388 610 1404 se
616 1379 724 1412 fonder
737 1389 778 1406 un
784 1383 883 1416 f.yer,
898 1392 953 1409 une
960 1385 1091 1417 famille.

387 1418 479 1447 Notre
493 1430 591 1448 œuvre
605 1431 671 1449 sera
689 1427 854 1459 approuvée
872 1430 928 1460 par
941 1430 1008 1455 tous
1036 1438 1087 1456 nos
1115 1429 1242 1458 abonnés

355 1454 502 1489 lorsqu'ils
517 1462 640 1485 sauront
651 1459 738 1493 qu'ils
754 1464 879 1494 peuvent
894 1466 1010 1491 trouver
1035 1467 1125 1500 grâce
1141 1469 1157 1493 à
1173 1472 1253 1495 notre

351 1499 502 1524 concours,
520 1493 547 1519 le
561 1502 661 1528 moyen
676 1494 709 1522 de
723 1505 753 1522 se
759 1497 865 1524 marier
877 1499 957 1525 selon
969 1500 1046 1527 leurs
1061 1505 1158 1537 goûts,
1174 1503 1251 1531 leurs

353 1535 421 1552 vues
438 1531 463 1554 et
477 1528 557 1555 selon
574 1530 637 1556 leur
651 1531 807 1559 condition.

386 1569 468 1598 Nous
484 1573 583 1606 prions
600 1574 641 1601 les
657 1575 756 1603 Dames
772 1581 798 1603 et
814 1578 854 1604 les
870 1579 1026 1607 Messieurs
1052 1581 1084 1608 de
1105 1591 1176 1609 nous
1201 1593 1250 1610 en¬

352 1615 439 1641 voyer
455 1607 481 1633 le
496 1609 563 1642 plus
578 1609 729 1637 d’abonnés
745 1613 881 1647 possible,
898 1614 958 1650 afin
973 1625 1026 1650 que
1046 1622 1125 1644 notre
1152 1627 1250 1646 œuvre

350 1641 550 1677 s’agrandisse
564 1649 590 1671 et
604 1646 700 1679 puisse
709 1650 765 1681 par
777 1657 810 1675 ce
823 1658 924 1684 moyen
932 1651 1071 1682 Jaciliter
1085 1654 1202 1681 nombre
1216 1655 1250 1682 de

350 1678 498 1713 mariages
514 1689 528 1706 e
532 1686 538 1698 1
547 1681 630 1713 faire
646 1682 673 1708 le
688 1683 754 1717 plus
778 1684 936 1712 d'heureux
951 1687 1087 1722 possible,
1104 1698 1154 1715 car
1182 1690 1249 1717 c'est

349 1722 405 1739 une
417 1713 508 1740 bonne
523 1717 621 1742 action
635 1726 689 1751 que
701 1727 771 1745 vous
778 1721 867 1756 fere\
894 1730 928 1748 en
956 1724 1138 1759 propageant
1169 1731 1248 1753 notre

348 1757 453 1781 oeuvre,
471 1760 539 1777 vous
548 1760 618 1778 nous
638 1753 752 1788 aiderez
770 1754 849 1782 ainsi
864 1759 880 1782 à
895 1758 1060 1785 contribuer
1073 1769 1110 1786 au
1121 1760 1248 1788 bonheur

347 1784 393 1810 des
401 1786 538 1817 familles
552 1788 603 1821 qui
612 1788 737 1815 désirent
747 1795 864 1818 trouver
874 1802 913 1818 un
923 1796 1018 1827 époux
1029 1804 1064 1821 ou
1075 1805 1130 1822 une
1140 1800 1248 1831 épouse

347 1823 420 1854 pour
440 1821 519 1849 leurs
533 1825 656 1857 enfants,
675 1834 735 1851 aux
750 1836 855 1854 veuves
875 1837 915 1854 un
929 1830 1054 1863 soutien,
1085 1834 1103 1857 à
1121 1831 1242 1868 l'orphe¬

347 1855 390 1881 lin
405 1866 444 1882 un
451 1858 541 1892 foyer
557 1863 581 1885 et
597 1869 634 1885 au
649 1861 821 1888 relèvement
835 1863 868 1890 de
884 1864 913 1890 la
930 1864 1038 1892 France
1065 1867 1116 1901 qui
1143 1868 1244 1903 donne,

345 1895 399 1925 par
415 1893 455 1918 les
470 1895 615 1930 mariages
623 1897 755 1929 féconds,
770 1898 818 1925 des
833 1899 942 1926 soldats
958 1903 975 1927 à
991 1902 1019 1928 la
1036 1902 1138 1930 Patrie
1154 1909 1180 1930 et
1194 1905 1245 1939 qui

343 1928 406 1957 Pont
419 1928 467 1955 des
481 1931 597 1959 femmes
612 1931 645 1957 de
659 1931 764 1959 bonnes
774 1937 865 1961 mères
880 1936 913 1962 de
920 1937 1051 1969 famille.

380 1970 455 1999 C'est
471 1973 541 2000 dans
557 1983 587 2001 ce
602 1975 651 2002 but
665 1985 718 2010 que
734 1986 805 2005 nous
824 1988 914 2007 avons
921 1982 1015 2014 fondé
1031 1983 1060 2009 la
1076 1983 1090 2010 «
1105 1983 1243 2013 REVUE

344 2007 585 2037 MENSUELLE
601 2017 626 2038 ».

377 2051 462 2080 Nous
478 2063 513 2080 ne
527 2059 625 2082 tenons
640 2059 693 2090 pas
708 2066 763 2084 une
775 2067 886 2094 agence
897 2062 1112 2090 matrimoniale
1131 2069 1157 2091 et
1171 2074 1241 2092 nous

343 2096 376 2113 ne
390 2091 516 2122 prenons
528 2099 638 2118 aucune
652 2094 835 2121 commission
847 2104 898 2122 sur
914 2097 943 2123 la
961 2098 1016 2124 dot.
1053 2098 1138 2126 Voici
1164 2110 1242 2128 com¬

342 2129 416 2150 ment
432 2133 503 2151 nous
516 2127 670 2160 procédons
685 2140 690 2155 :

381 2167 457 2195 Vous
473 2179 544 2196 nous
564 2170 730 2206 indiquerez
743 2172 859 2201 d'abord
873 2180 952 2202 votre
966 2179 1033 2213 âge,
1051 2183 1130 2206 votre
1144 2181 1239 2207 situa-

341 2203 439 2229 tionde
442 2205 575 2238 fortune,
584 2211 663 2233 votre
672 2209 846 2243 profession,
857 2212 1002 2246 votredot,
1009 2223 1060 2241 vos
1071 2219 1239 2249 espérances

340 2242 366 2264 et
380 2248 411 2265 ce
425 2249 478 2274 que
493 2241 563 2268 vous
591 2242 771 2271 désireet
799 2255 870 2272 nous
897 2256 967 2275 vous
996 2249 1160 2278 inscrivons
1188 2262 1239 2278 sur

338 2278 419 2301 notre
434 2275 511 2310 liste,
527 2280 600 2309 pour
613 2279 685 2306 trois
699 2281 780 2312 mois,
792 2284 846 2316 par
859 2292 914 2309 une
929 2293 1056 2311 annonce
1071 2296 1124 2320 que
1130 2288 1164 2323 je
1171 2289 1238 2321 fais

338 2309 499 2338 moi-méme
512 2317 538 2338 et
553 2322 623 2339 nous
640 2323 709 2341 vous
721 2315 848 2344 donnons
864 2327 903 2343 un
915 2323 1030 2347 numéro
1031 2322 1150 2353 faisant
1162 2324 1238 2350 suite

338 2347 354 2371 à
369 2350 440 2373 cette
453 2356 589 2375 annonce.
608 2348 684 2376 C'est
697 2357 750 2382 par
764 2352 790 2378 le
805 2362 905 2387 moyen
920 2354 953 2380 de
981 2364 1013 2382 ce
1041 2360 1155 2385 numéro
1184 2369 1237 2394 que

337 2389 408 2407 vous
423 2385 534 2416 pouvez
547 2386 756 2419 correspondre
767 2396 838 2414 avec
850 2393 913 2415 tous
925 2391 966 2417 les
981 2391 1105 2419 abonnés
1114 2393 1148 2420 de
1158 2400 1237 2422 notre

336 2416 411 2443 liste.

369 2460 499 2497 Lorsque
515 2473 584 2490 vous
599 2464 709 2491 désirez
724 2469 928 2502 correspondre
943 2479 1012 2497 avec
1023 2481 1062 2498 un
1077 2472 1185 2501 abonné
1208 2479 1235 2501 et

333 2505 387 2530 que
401 2507 472 2524 vous
487 2508 562 2534 ave^
576 2499 675 2527 choisi
688 2501 759 2528 dans
784 2503 814 2529 la
832 2503 958 2533 Revue
983 2506 1181 2537 Mensuelle
1208 2511 1235 2536 le

333 2533 413 2566 parti
427 2534 478 2567 qui
487 2543 556 2561 vous
564 2535 744 2571 plaîtleplus
758 2539 837 2565 voici
851 2546 988 2568 comment
1003 2545 1217 2578 vousprocédez
1226 2558 1233 2571 :

670 2598 860 2628 EXEMPLE
876 2614 884 2628 :

375 2645 489 2677 Jeune
503 2645 661 2687 homme,
688 2648 731 2680 30
752 2658 828 2688 ans,
851 2651 922 2684 très
949 2652 1044 2686 belle
1064 2655 1230 2690 situation

332 2688 420 2720 dans
440 2688 627 2731 industrie,
650 2697 795 2735 rapport
812 2695 853 2727 10
866 2695 883 2727 à
902 2697 1025 2730 12.000
1042 2699 1099 2739 fr.,
1114 2701 1230 2734 désire

331 2732 489 2774 mariage
510 2743 552 2765 en
574 2740 730 2776 rapport.
747 2754 790 2761 —
810 2739 931 2772 Ecrire
951 2742 979 2773 N
985 2751 991 2758 -
1017 2743 1050 2774 2.

506 2795 551 2818 ou

371 2838 584 2872 Demoiselle
610 2840 654 2873 25
689 2851 765 2884 ans,
801 2843 968 2878 situation
1003 2847 1046 2880 de
1085 2849 1225 2884 fortune

325 2881 451 2914 25.000
469 2883 601 2924 francs,
619 2888 686 2918 etc.
709 2904 752 2910 —
771 2888 892 2921 Ecrire
907 2891 936 2922 N
944 2899 950 2906 1
974 2893 1006 2923 4.

369 2935 469 2968 Vous
480 2936 530 2968 lui
541 2936 677 2970 écrivez
691 2944 919 2975 vous-même
931 2952 978 2975 ou
994 2945 1097 2978 faites
1111 2946 1224 2981 écrire

325 2988 389 3020 par
409 2981 604 3022 quelqu’un
635 2983 678 3015 de
706 2988 804 3017 votre
829 2985 977 3028 famille,
1006 2998 1050 3022 en
1081 2991 1223 3034 signant

325 3023 368 3055 de
390 3029 488 3056 votre
506 3027 667 3066 numéro,
685 3032 717 3060 et
734 3038 820 3061 vous
835 3035 961 3064 mettez
976 3042 1037 3066 sur
1053 3034 1222 3070 l’adresse

323 3067 493 3101 cachetée
509 3073 544 3101 et
553 3070 699 3104 timbrée
712 3072 746 3106 le
759 3075 908 3109 numéro
922 3077 964 3110 de
979 3078 1013 3110 la
1027 3088 1217 3122 personne,

323 3111 512 3146 deuxième
531 3116 741 3158 enveloppe,
763 3127 850 3152 avec
869 3129 929 3153 ces
940 3124 1113 3165 quelques
1130 3130 1219 3159 mots

323 3164 384 3188 sur
393 3166 463 3190 une
474 3162 572 3191 carte
586 3168 631 3191 ou
645 3170 690 3192 un
703 3161 789 3195 bout
800 3164 843 3196 de
852 3165 977 3207 papier
986 3167 1077 3201 ainsi
1085 3168 1217 3205 libellé:

323 3211 341 3230 «
359 3202 539 3234 Monsieur
556 3212 600 3235 ou
616 3206 791 3245 Madame,
805 3217 850 3240 ou
863 3210 1131 3246 Mademoiselle
1143 3216 1216 3248 X...

321 3243 433 3285 (votre
458 3256 540 3279 nom
557 3252 590 3280 et
612 3252 709 3282 votre
729 3252 893 3295 numéro)
907 3255 981 3296 prie
1002 3256 1163 3291 Madame
1184 3261 1217 3292 la

320 3289 510 3323 Directrice
532 3292 574 3324 de
592 3293 625 3326 la
641 3294 759 3327 Revue
768 3297 811 3328 de
832 3296 920 3330 faire
942 3302 1105 3341 parvenir
1125 3307 1215 3337 cette

319 3333 422 3367 lettre
438 3335 458 3367 à
477 3336 525 3368 tel
545 3338 695 3370 numéro
715 3350 734 3370 »
751 3343 786 3372 et
801 3350 888 3374 vous
907 3344 1075 3378 cachetez
1091 3350 1126 3379 et
1135 3347 1214 3380 tim¬

317 3378 398 3410 brez
425 3383 518 3412 cette
553 3380 742 3415 deuxième
771 3386 968 3429 enveloppe
1003 3388 1023 3422 à
1058 3391 1213 3434 laquelle

316 3431 403 3454 vous
425 3427 551 3456 mettez
568 3435 648 3458 mon
673 3428 829 3467 adresse,
852 3434 886 3462 et
910 3433 1059 3466 aussitôt
1093 3445 1211 3476 reçue,

315 3465 349 3501 îe
370 3467 482 3500 défais
500 3469 532 3501 la
562 3470 737 3510 première
763 3475 973 3517 enveloppe,
1006 3477 1149 3520 j’efface
1179 3482 1211 3513 le

315 3511 465 3543 numéro
486 3512 530 3544 de
551 3513 584 3545 la
604 3514 791 3549 deuxième
812 3521 847 3549 et
867 3524 957 3552 mets
977 3521 1147 3556 l’adresse
1168 3526 1210 3558 de

313 3554 348 3587 la
367 3564 545 3597 personne
561 3560 595 3589 et
613 3558 802 3600 réexpédie
817 3561 852 3594 la
867 3563 981 3596 lettre.
1004 3567 1103 3599 Vous
1120 3578 1209 3610 pou¬

313 3607 374 3630 vez
390 3602 649 3642 correspondre
665 3611 752 3636 avec
762 3608 841 3638 tous
861 3616 926 3639 nos
946 3609 1105 3643 abonnés
1127 3622 1209 3645 sans

314 3652 399 3675 vous
417 3644 504 3677 faire
521 3649 718 3679 connaître.
758 3649 804 3682 Ce
838 3651 928 3683 n’est
958 3663 1027 3695 que
1065 3656 1208 3699 lorsque

311 3696 399 3719 vous
418 3697 523 3721 aurez
544 3690 606 3722 fait
625 3696 723 3725 votre
744 3693 863 3734 choix,
898 3706 967 3738 que
1005 3708 1092 3731 vous
1120 3711 1206 3734 vous

312 3730 449 3764 donnez
469 3735 741 3769 mutuellement
757 3742 856 3771 votre
876 3740 1046 3776 véritable
1062 3745 1205 3778 adresse

309 3778 344 3807 et
364 3785 433 3818 que
466 3786 554 3810 vous
591 3788 680 3812 vous
718 3781 890 3825 ménagez
928 3794 999 3819 une
1036 3793 1206 3824 entrevue

307 3828 398 3861 pour
415 3820 559 3854 décider
579 3823 622 3856 de
639 3827 736 3858 votre
757 3831 841 3860 sort.

341 3890 382 3917 Le
395 3891 467 3926 prix
497 3893 530 3919 de
540 3898 621 3921 notre
647 3896 835 3925 abonnement
865 3904 906 3926 est
931 3900 965 3927 de
986 3906 1077 3930 trente
1097 3907 1204 3939 francs

304 3929 378 3959 pour
404 3928 475 3955 trois
491 3929 562 3956 mois
589 3934 614 3956 et
634 3931 787 3965 cinquante
792 3936 897 3966 francs
921 3939 994 3970 pour
1015 3939 1065 3966 six
1087 3942 1158 3967 mois
1179 3947 1203 3968 et

304 3970 374 3988 vous
386 3972 456 3990 avez
465 3963 541 3991 droit
556 3968 572 3991 à
587 3968 645 3992 être
661 3966 764 3994 inscrit
778 3971 985 4005 gratuitement
1000 3983 1050 4000 sur
1065 3985 1110 4001 ma
1125 3977 1200 4004 liste.

344 4004 423 4033 Vous
439 4017 532 4043 voye\
545 4009 664 4044 qu’avec
678 4015 752 4038 cette
765 4014 897 4049 modique
909 4025 1021 4050 somme,
1040 4028 1110 4046 vous
1124 4024 1199 4055 pou¬

305 4050 354 4067 vez
365 4051 435 4069 vous
451 4045 566 4077 marier,
580 4055 647 4072 sans
664 4049 747 4073 avoir
762 4051 778 4083 à
803 4053 903 4083 passer
931 4055 985 4087 par
1001 4055 1048 4080 des
1077 4065 1200 4091 agences

301 4076 353 4108 qui
366 4086 395 4102 se
409 4081 471 4107 font
487 4089 583 4106 verser
597 4081 735 4109 d’avance
749 4084 781 4110 de
795 4092 908 4119 grosses
925 4089 1088 4120 provisions
1110 4096 1135 4117 et
1149 4093 1199 4126 qui

301 4116 474 4146 escomp'ent
488 4115 521 4140 de
534 4124 651 4151 grosses
668 4119 876 4153 commissions,
905 4126 979 4157 pour
999 4125 1143 4153 n’arriver
1173 4129 1199 4154 le

302 4146 368 4179 plus
383 4155 502 4176 souvent
517 4151 532 4176 à
549 4161 643 4178 aucun
658 4155 789 4182 résultat.
815 4155 897 4184 Nous
926 4159 1044 4186 n’avons
1073 4162 1136 4188 rien
1165 4163 1197 4189 de

298 4190 431 4208 commun
446 4194 517 4212 avec
532 4186 572 4213 les
587 4197 719 4223 agences,
738 4199 789 4216 car
804 4201 875 4219 nous
890 4203 925 4220 ne
939 4197 1062 4229 prenons
1085 4207 1196 4225 aucune

298 4218 480 4245 commission
496 4230 546 4247 sur
562 4223 590 4248 la
607 4219 662 4251 dot.
690 4224 734 4253 Un
763 4227 884 4254 modeste
911 4229 1099 4259 abonnement
1124 4243 1196 4261 nous

297 4259 355 4278 se-t
370 4253 403 4279 de
413 4255 567 4288 paiement.

332 4296 490 4332 Lorsqu’un
508 4300 616 4328 abonné
630 4302 696 4330 s'est
703 4303 805 4340 fiancé
819 4312 845 4334 et
857 4309 931 4342 qu’il
946 4311 991 4337 n’a
1007 4312 1074 4345 plus
1096 4312 1192 4341 besoin

294 4331 327 4357 de
338 4336 417 4359 notre
428 4343 523 4368 revue,
536 4338 562 4362 il
577 4347 647 4365 nous
659 4339 686 4366 le
695 4341 752 4371 fait
760 4345 861 4370 savoir
871 4343 931 4379 afin
942 4356 996 4380 que
1006 4357 1077 4374 nous
1086 4358 1192 4383 rayons

292 4375 343 4393 son
359 4377 487 4395 annonce
500 4374 572 4405 pour
588 4382 622 4399 ne
634 4377 687 4408 pas
692 4378 777 4408 faire
791 4382 995 4415 correspondre
1009 4384 1192 4413 inutilement

293 4411 344 4428 nos
359 4403 495 4432 abonnés.

330 4446 402 4473 Tout
417 4448 525 4476 abonné
540 4450 600 4477 dent
611 4455 750 4488 répondre
765 4459 782 4483 à
797 4462 888 4487 toutes
904 4461 945 4488 les
970 4462 1068 4490 lettres
1079 4465 1130 4498 qui
1145 4465 1190 4492 lui

291 4485 352 4508 ■'ont
368 4482 511 4511 adressées
527 4486 533 4518 ;
552 4487 580 4512 la
595 4489 731 4521 politesse
748 4492 864 4529 l’exige,
894 4506 928 4522 ne
941 4499 1053 4528 fussent
1080 4510 1133 4534 que
1142 4510 1188 4529 ces

289 4518 362 4543 trois
380 4528 415 4544 ou
427 4524 527 4553 quatre
541 4526 612 4549 mots
622 4534 627 4550 :
645 4524 763 4559 Inutile,
774 4533 836 4556 tous
849 4540 906 4558 mes
917 4538 1039 4569 regrets.
1050 4535 1081 4562 —
1093 4535 1186 4564 N’...))

330 4578 427 4609 Pour
435 4582 559 4612 toutes
571 4582 625 4614 les
633 4594 823 4618 annonces
834 4591 1012 4630 ci-après,
1022 4596 1186 4629 s’adres¬

286 4633 353 4656 ser
371 4627 391 4656 à
418 4627 587 4660 Madame
605 4631 724 4665 Veuve
741 4635 953 4679 CHABAUD,
979 4642 1183 4679 Directrice

284 4674 329 4705 de
345 4674 377 4705 la
401 4675 420 4692 “
438 4676 561 4709 Revue
580 4679 782 4715 Mensuelle
798 4685 825 4716 ”.

320 4783 434 4813 Veuve
449 4784 488 4814 43
503 4792 575 4816 ans,
589 4795 668 4817 sans
681 4791 808 4825 enfant,
824 4792 962 4826 fortune
976 4798 1109 4831 280.000
1123 4805 1176 4840 tr.,

279 4829 427 4852 revenus
444 4824 556 4854 20.000
572 4825 612 4856 fr.
627 4836 688 4860 par
711 4838 765 4863 an,
790 4834 988 4869 épouserait
1004 4843 1179 4873 monsieur

278 4865 380 4899 ayant
391 4864 475 4900 jolie
493 4865 653 4896 situation
671 4875 713 4898 ou
731 4870 879 4902 fortune.
896 4890 914 4896 -
930 4876 970 4906 N‘
986 4877 1075 4909 2100.

316 4919 499 4958 Disposant
528 4922 603 4952 d’un
622 4926 752 4955 certain
770 4929 891 4966 capital
918 4933 955 4968 je
981 4934 1175 4967 m’intéres¬

275 4959 366 4988 serai
382 4961 401 4990 à
417 4960 536 4990 affaire
549 4963 704 4994 sérieuse
720 4967 737 4995 à
755 4966 874 4998 lancer
887 4977 1033 5008 pouvant
1044 4974 1174 5008 donner

273 5006 354 5035 gros
371 4999 554 5031 bénéfices.
573 5003 598 5032 Il
616 5012 657 5034 ne
670 5013 746 5035 sera
757 5010 910 5039 répondu
918 5012 1042 5049 qu’aux
1053 5015 1171 5048 lettres

273 5039 500 5078 susceptibles
517 5041 749 5075 d’intéresser.
766 5062 784 5068 -
800 5048 841 5077 N°
857 5050 946 5081 4947.

1349 1287 1459 1316 Jeune
1476 1288 1612 1319 homme
1627 1290 1663 1319 31
1682 1298 1755 1328 ans,
1781 1292 2069 1334 situations.000
2090 1298 2130 1328 fr.
2148 1308 2211 1337 par

1310 1334 1363 1362 an,
1383 1327 1496 1357 désire
1512 1336 1683 1367 personne
1698 1331 1830 1371 simple,
1845 1336 2015 1372 agréable.
2033 1353 2044 1359 -
2059 1339 2089 1368 N
2094 1348 2100 1354 -
2117 1339 2205 1370 4955.

1348 1384 1552 1416 Célibataire
1579 1388 1619 1416 38
1646 1396 1719 1422 ans,
1746 1391 1842 1420 avoir
1855 1391 1969 1423 40.000
1984 1395 2026 1423 fr.
2048 1397 2126 1433 gain
2144 1405 2207 1428 an¬

1309 1424 1400 1458 nuel,
1420 1425 1530 1456 10.000
1542 1427 1580 1455 fr.
1600 1428 1682 1457 dans
1698 1437 1891 1461 commerce
1907 1435 2079 1471 agréable,
2097 1440 2208 1473 épou¬

1308 1465 1414 1494 serait
1429 1473 1602 1504 personne
1624 1467 1812 1501 honorable
1829 1476 1929 1510 ayant
1946 1474 2013 1505 dot.
2030 1491 2042 1498 -
2057 1477 2097 1506 N-
2115 1478 2204 1510 4960.

1345 1523 1581 1554 Sous-officier
1597 1525 1637 1555 de
1655 1527 1819 1562 carrière,
1837 1530 1996 1568 aviation,
2023 1533 2061 1563 29
2078 1542 2150 1571 ans,
2169 1536 2206 1566 10

1306 1570 1367 1591 ans
1406 1563 1446 1592 de
1483 1564 1627 1601 service,
1658 1568 1854 1599 économies
1883 1571 1976 1601 7.000
2005 1573 2058 1608 fr.,
2090 1575 2203 1607 désire

1305 1602 1469 1633 relations
1497 1612 1586 1642 pour
1609 1607 1716 1637 union
1751 1617 1834 1639 avec
1855 1611 1964 1649 jeune
1992 1612 2062 1644 fille
2078 1615 2116 1644 18
2131 1617 2151 1646 à
2164 1616 2205 1646 26

1305 1650 1377 1677 ans,
1394 1651 1455 1682 pas
1473 1645 1613 1675 sérieux
1630 1648 1821 1679 s’abstenir.
1845 1666 1861 1672 -
1877 1652 1918 1680 N-
1940 1652 2030 1683 4961.

1342 1701 1509 1738 Adjudant
1519 1704 1620 1741 génie
1636 1705 1671 1734 31
1690 1713 1762 1741 ans,
1781 1708 1875 1738 solde
1889 1712 2079 1742 mensuelle
2090 1713 2150 1743 537
2159 1714 2200 1745 fr.

1303 1740 1415 1770 bonne
1432 1742 1624 1776 éducation,
1643 1747 1800 1776 médaille
1830 1749 2001 1785 militaire,
2034 1754 2130 1783 croix
2160 1755 2200 1785 de

1302 1782 1439 1818 guerre,
1456 1782 1476 1812 2
1489 1784 1686 1820 citations,4
1700 1787 1875 1818 médailles
1891 1790 2070 1822 deuxième
2083 1794 2197 1831 ordre,

1301 1821 1414 1851 désire
1429 1823 1581 1861 mariage
1603 1832 1645 1854 en
1657 1830 1807 1865 rapport.
1828 1844 1836 1849 -
1851 1830 1893 1860 N‘
1915 1830 2005 1862 4962.

1337 1879 1447 1909 Jeune
1463 1881 1624 1912 militaire
1639 1883 1763 1915 faisant
1776 1894 1836 1915 son
1860 1889 1993 1919 service
2009 1898 2052 1920 au
2069 1892 2195 1929 Maroc,

1299 1919 1337 1947 22
1353 1920 1523 1954 ans,belle
1540 1921 1710 1959 situation,
1730 1925 1785 1955 dot
1800 1926 1907 1957 20.000
1922 1928 1961 1958 fr.
1987 1931 2081 1961 avoir
2096 1935 2197 1970 après

1299 1964 1449 1996 parents,
1474 1964 1673 2000 épouserait
1689 1965 1888 1998 demoiselle
1903 1973 2005 2007 ayant
2034 1971 2196 2003 situation

1297 2005 1340 2028 en
1356 2006 1507 2039 rapport,
1523 2018 1541 2024 -
1556 2002 1586 2032 N
1592 2011 1598 2017 -
1608 2003 1696 2034 4964.

1335 2058 1501 2089 Brunette
1522 2061 1562 2089 22
1585 2069 1657 2096 ans,
1689 2063 1818 2098 artiste,
1846 2066 2012 2105 sérieuse,
2033 2070 2195 2102 situation

1297 2097 1387 2127 1.000
1403 2097 1443 2127 fr.
1461 2107 1523 2136 par
1538 2101 1635 2136 mois,
1652 2104 1849 2135 économies
1863 2107 1883 2136 4
1897 2107 1956 2138 000
1972 2109 2014 2138 fr.
2033 2113 2067 2140 et
2081 2112 2194 2142 mobi¬

1296 2136 1370 2172 lier,
1400 2141 1606 2176 espérances
1623 2143 1724 2180 après
1741 2146 1833 2182 père,
1865 2149 2064 2185 épouserait
2088 2153 2193 2188 jeune

1294 2176 1430 2208 homme
1446 2178 1541 2217 d’âge
1558 2184 1592 2210 et
1607 2182 1769 2214 situation
1785 2193 1825 2215 en
1840 2191 1990 2227 rapport,
2008 2206 2026 2213 -
2043 2192 2082 2221 N'
2101 2192 2190 2222 4965.

1333 2236 1536 2267 Demoiselle
1564 2239 1604 2269 29
1628 2248 1700 2275 ans,
1732 2250 1809 2273 sans
1826 2252 2031 2283 commerce,
2049 2250 2192 2287 épouse¬

1292 2274 1359 2305 rait
1371 2284 1499 2313 garçon
1514 2277 1578 2316 âge
1593 2287 1637 2309 en
1652 2287 1803 2318 rapport,
1829 2285 1870 2315 de
1885 2285 2009 2316 beauté
2036 2289 2188 2327 exquise,

1293 2318 1387 2345 avoir
1404 2316 1534 2347 100.000
1549 2318 1589 2348 fr.
1605 2327 1647 2350 ou
1665 2321 1856 2353 s’abstenir.
1880 2341 1897 2346 -
1914 2327 1942 2355 N
1951 2335 1957 2341 -
1980 2327 2067 2357 4966.

1330 2373 1628 2406 Sous-lieutenant
1642 2378 1824 2411 infanterie
1841 2383 2020 2417 coloniale,
2038 2386 2187 2422 divorcé,

1289 2412 1328 2441 32
1344 2421 1416 2445 ans,
1442 2414 1540 2451 brun,
1572 2418 1767 2449 épouserait
1790 2422 1892 2456 jeune
1918 2423 1997 2458 fille,
2022 2434 2128 2457 veuve
2144 2435 2187 2458 ou

1290 2452 1461 2487 divorcée,
1478 2455 1518 2484 25
1534 2459 1551 2485 à
1572 2457 1613 2486 30
1627 2465 1698 2491 ans,
1717 2460 1870 2499 échange
1888 2465 2186 2504 renseignements

1289 2495 1323 2522 et
1338 2493 1441 2530 photo
1456 2503 1610 2533 premier
1624 2500 1792 2530 courrier.
1809 2517 1827 2522 -
1849 2503 1889 2533 N'
1907 2503 1996 2534 4967.

1328 2554 1442 2585 Mutilé
1458 2556 1500 2586 de
1514 2565 1642 2595 guerre
1656 2561 1696 2590 42
1711 2569 1783 2597 ans,
1801 2565 1940 2595 ouvrier
1955 2574 2087 2605 maçon,
2106 2577 2185 2599 sans

1287 2592 1434 2630 fortune,
1464 2597 1576 2628 désire
1606 2607 1715 2631 veuve
1737 2602 1777 2632 de
1802 2612 1928 2641 guerre
1950 2607 1990 2636 30
2004 2608 2022 2637 à
2051 2609 2089 2638 45
2112 2617 2184 2644 ans,

1287 2634 1397 2665 même
1412 2644 1493 2667 avec
1509 2638 1636 2669 enfant.
1661 2642 1718 2671 -N
1725 2650 1731 2656 -
1749 2643 1837 2672 4968.

1325 2698 1529 2730 Demoiselle
1557 2702 1596 2730 28
1612 2710 1684 2738 ans,
1716 2704 1828 2735 bonne
1845 2706 1982 2744 famille,
2000 2709 2079 2740 bien
2103 2719 2183 2742 sous

1285 2738 1360 2765 tous
1378 2744 1548 2776 rapports,
1579 2742 1635 2770 dot
1651 2746 1782 2779 etjo.it’
1803 2747 1964 2776 situation
1989 2750 2030 2778 de
2046 2750 2182 2780 fortune

1284 2777 1385 2811 après
1401 2781 1552 2815 parents,
1564 2781 1762 2818 épouserait
1778 2786 1953 2816 monsieur
1966 2787 2006 2817 30
2019 2789 2039 2818 à
2053 2789 2092 2819 45
2108 2798 2180 2822 ans,

1283 2814 1528 2851 sériaux,actif,
1539 2819 1718 2852 industriel
1731 2831 1773 2853 ou
1785 2831 2028 2863 commerçant.
2039 2830 2068 2859 N
2073 2838 2080 2846 -
2091 2830 2179 2860 4970.

1321 2873 1482 2913 Employé
1493 2876 1532 2906 de
1545 2878 1695 2916 Banque,
1707 2881 1745 2910 28
1758 2889 1829 2914 ans,
1845 2883 2006 2915 situation
2017 2886 2178 2924 d’avenir,

1279 2911 1372 2942 6.000
1400 2913 1454 2949 fr.,
1486 2918 1595 2953 grand
1623 2927 1728 2954 cœur,
1750 2920 1955 2958 affectueux,
1981 2928 2178 2964 épouserait

1279 2953 1480 2985 demoiselle
1494 2956 1534 2986 20
1548 2958 1566 2986 à
1580 2959 1620 2987 25
1642 2967 1714 2995 ans,
1729 2961 1825 2999 jolie,
1850 2963 2054 3002 distinguée,
2078 2971 2181 3004 ayant

1278 2995 1372 3022 avoir
1388 3001 1432 3024 ou
1449 3003 1642 3027 commerce
1656 3002 1847 3037 papeterie.
1864 3020 1876 3024 -
1887 3004 1928 3034 N'
1945 3005 2036 3036 4971.

1316 3056 1425 3087 Jeune
1440 3057 1575 3090 homme
1590 3060 1631 3090 30
1652 3069 1724 3097 ans,
1747 3065 1966 3099 cordonnier,
1990 3076 2069 3098 sans
2105 3069 2178 3100 for¬

1276 3097 1369 3129 tune,
1401 3097 1513 3128 désire
1538 3103 1689 3139 mariage
1721 3111 1803 3134 avec
1832 3106 1934 3140 jeune
1959 3107 2027 3138 fille
2042 3110 2080 3139 24
2104 3112 2122 3140 à
2137 3112 2176 3140 30

1276 3142 1349 3165 ans.
1367 3151 1379 3158 -
1393 3137 1433 3167 N'
1451 3138 1541 3169 4972.

1314 3202 1404 3233 Veuf
1421 3204 1460 3234 59
1476 3213 1547 3240 ans,
1565 3205 1663 3243 libre,
1681 3210 1776 3239 avoir
1791 3211 1830 3241 50
1844 3212 1903 3242 000
1916 3213 1969 3250 fr.,
1997 3214 2076 3245 bien
2092 3224 2172 3247 sous

1275 3245 1350 3272 tous
1367 3244 1416 3273 les
1433 3248 1603 3284 rapports,
1632 3251 1829 3286 épouserait
1858 3261 2031 3291 personne
2046 3256 2085 3286 35
2100 3258 2116 3286 à
2134 3258 2172 3287 48

1273 3289 1345 3317 ans,
1363 3283 1534 3317 instruite,
1559 3291 1660 3323 ayant
1681 3290 1845 3321 situation
1860 3300 1903 3322 ou
1920 3296 2016 3324 avoir
2031 3304 2074 3326 en
2090 3305 2171 3335 rap¬

1270 3325 1360 3361 port.
1377 3339 1395 3344 -
1412 3325 1440 3354 N
1445 3332 1451 3339 -
1470 3326 1559 3355 4973.

1310 3383 1563 3417 Lieutenant38
1580 3398 1652 3424 ans,
1674 3390 1773 3428 brun,
1790 3395 1940 3427 sérieux,
1958 3397 2050 3433 actif,
2068 3407 2170 3437 pour¬

1269 3425 1335 3454 rait
1350 3427 1498 3463 prendre
1512 3437 1548 3458 sa
1565 3431 1706 3461 retraite
1723 3439 1811 3471 pour
1825 3442 1862 3464 se
1877 3435 1983 3467 livrer
2004 3445 2046 3468 au
2072 3447 2168 3469 com¬

1269 3472 1395 3498 merce,
1421 3467 1532 3497 désire
1549 3471 1651 3500 union
1671 3478 1752 3501 a'ec
1769 3473 1965 3506 demoiselle
1981 3485 2023 3507 ou
2046 3486 2164 3515 veuve,

1267 3503 1429 3536 situation
1442 3513 1486 3536 en
1501 3513 1652 3547 rapport.
1669 3526 1686 3532 -
1702 3513 1732 3541 N
1739 3522 1744 3527 -
1759 3513 1850 3544 4974.

1305 3562 1422 3592 Suisse
1439 3564 1478 3593 45
1488 3572 1560 3601 ans,
1572 3568 1667 3597 avoir
1683 3570 1794 3601 12.000
1808 3572 1860 3607 fr.,
1874 3573 2161 3614 cuisinier.épou-

1266 3602 1483 3639 seraitjeune
1493 3603 1562 3635 fille
1572 3606 1743 3645 française
1752 3618 1796 3641 ou
1810 3611 1878 3642 fille
1893 3613 2028 3647 d’hôtel,
2040 3615 2164 3647 femme

1264 3641 1473 3681 d’intérieur,
1490 3645 1568 3675 bien
1581 3655 1661 3678 sous
1678 3653 1753 3680 tous
1763 3651 1812 3681 les
1827 3657 2042 3692 rapports.-N
2047 3664 2053 3671 -
2071 3658 2160 3687 4975.

1302 3708 1506 3740 Demoiselle
1543 3713 1582 3742 36
1618 3722 1689 3748 ans,
1734 3718 1899 3751 sérieuse,
1938 3721 2159 3760 affectueuse,

1263 3746 1386 3778 femme
1405 3750 1614 3787 d’intérieur,
1632 3756 1836 3795 catholique,
1854 3760 2019 3799 physique
2036 3766 2160 3801 agréa¬

1261 3786 1327 3822 ble,
1346 3790 1414 3823 dot.
1445 3790 1558 3822 désire
1573 3795 1726 3832 mariage
1742 3805 1823 3828 avec
1839 3801 2018 3832 monsieur
2031 3804 2070 3834 38
2086 3805 2106 3834 à
2120 3805 2159 3835 45

1262 3835 1334 3863 ans,
1352 3833 1452 3866 ayant
1469 3832 1641 3864 situation.
1659 3851 1678 3857 -
1693 3836 1733 3865 N-
1750 3837 1837 3868 4976.

1297 3887 1406 3918 Jeune
1435 3888 1570 3920 homme
1599 3893 1638 3922 24
1663 3901 1734 3930 ans,
1767 3896 1917 3934 sérieux,
1942 3901 2099 3940 employé
2115 3902 2157 3933 de

1258 3925 1392 3956 chemin
1431 3929 1471 3957 de
1511 3929 1574 3966 fer,
1604 3937 1705 3970 ayant
1742 3938 1929 3973 propriété,
1959 3942 2157 3978 épouserait

1258 3965 1456 3998 demoiselle
1485 3977 1530 3999 ou
1545 3979 1653 4002 veuve
1669 3974 1706 4003 19
1722 3975 1742 4004 à
1756 3977 1795 4005 27
1816 3985 1888 4013 ans,
1918 3983 2020 4017 ayant
2048 3982 2153 4020 petite

1258 4004 1324 4034 dot.
1342 4023 1355 4028 -
1369 4008 1399 4038 N
1408 4017 1412 4022 -
1427 4009 1516 4039 4977.

1292 4073 1526 4106 Jeunefille29
1541 4085 1613 4113 ans,
1631 4081 1872 4117 représentant
1887 4084 1929 4115 de
1944 4093 2151 4125 commerce,

1254 4117 1356 4148 ayant
1369 4122 1465 4153 prop>
1477 4116 1556 4150 iété,
1575 4118 1760 4150 cherchait'
1774 4122 1945 4160 affection,
1955 4135 1992 4155 se
2007 4127 2152 4158 dévoue¬

1254 4152 1318 4181 rait
1348 4154 1365 4182 à
1388 4156 1495 4191 grand
1522 4156 1635 4188 blessé
1662 4160 1701 4189 de
1718 4169 1855 4198 guerre,
1880 4172 1923 4194 ou
1940 4169 1956 4195 à
1975 4170 2151 4198 monsieur

1252 4190 1423 4227 distingué
1451 4195 1599 4233 fortuné,
1630 4200 1860 4233 recherchant
1879 4206 1982 4242 appui
1998 4208 2116 4237 moral.
2135 4224 2148 4230 -

1249 4231 1290 4259 N-
1307 4231 1396 4261 4978.

1285 4294 1396 4326 Jeune
1411 4299 1647 4335 sous-officier,
1678 4302 1717 4331 26
1732 4311 1804 4338 ans,
1821 4308 2012 4338 secrétaire
2028 4309 2144 4340 d’é’at-

1248 4335 1368 4371 major,
1398 4338 1595 4374 épouserait
1617 4343 1724 4378 jeune
1741 4343 1809 4374 fille
1825 4346 1997 4382 instrui'e,
2015 4349 2146 4380 intelli¬

1245 4377 1359 4410 gente,
1377 4375 1439 4414 âge
1456 4386 1496 4407 en
1514 4384 1666 4418 rapport.
1683 4399 1694 4403 -
1711 4384 1750 4413 N'
1769 4385 1847 4415 4980

1283 4437 1455 4476 Capitaine
1471 4441 1593 4477 active,
1611 4443 1649 4472 34
1662 4451 1733 4480 ans,
1758 4454 1800 4476 au
1818 4449 1932 4479 Maroc
1949 4455 2141 4482 momenta¬

1243 4477 1393 4511 nément,
1405 4479 1516 4510 désire
1533 4486 1783 4523 corre’pondre
1794 4494 1879 4524 pour
1890 4490 2041 4529 mariage
2057 4499 2140 4523 avec

1238 4517 1345 4553 jeune
1360 4517 1430 4549 fille
1457 4521 1662 4559 catholique,
1691 4524 1804 4556 bonne
1819 4528 1958 4565 famille,
1977 4531 2140 4563 situation

1242 4564 1283 4586 en
1301 4564 1451 4597 rapport.
1468 4576 1487 4582 -
1503 4562 1531 4591 N
1537 4569 1542 4575 -
1560 4563 1649 4592 4981.

1278 4621 1386 4650 Jeune
1402 4621 1538 4652 homme
1554 4624 1592 4652 24
1622 4633 1694 4660 ans,
1721 4625 1902 4659 industriel
1933 4638 1977 4660 au
2007 4634 2135 4668 Maroc,

1240 4657 1400 4690 situa’ion
1418 4662 1454 4691 16
1469 4662 1528 4692 000
1544 4662 1597 4696 fr.,
1628 4667 1825 4703 épouserait
1848 4669 2046 4701 demoiselle
2064 4674 2100 4702 16
2116 4675 2134 4703 à

1237 4698 1276 4728 20
1291 4707 1363 4736 ans,
1381 4701 1541 4732 situation
1558 4712 1600 4733 en
1625 4710 1774 4743 rapport.
1793 4724 1804 4729 -
1819 4709 1848 4739 N
1854 4719 1859 4724 -
1877 4710 1966 4740 4982.

1274 4762 1383 4791 Jeune
1413 4763 1547 4794 homme
1562 4767 1601 4795 23
1623 4775 1694 4798 ans.
1727 4770 1876 4804 sérieux,
1908 4773 2130 4810 agriculteur,

1235 4808 1314 4830 sans
1329 4801 1477 4835 fortune,
1497 4810 1705 4843 espérances
1728 4812 1830 4848 après
1846 4816 1998 4849 parents,
2030 4817 2132 4852 épou¬

1234 4842 1338 4870 serait
1368 4843 1564 4875 demoiselle
1595 4853 1637 4876 ou
1655 4855 1773 4879 veuve.
1793 4850 1828 4879 19
1845 4853 1862 4881 à
1878 4852 1916 4881 28
1932 4861 2004 4889 ans,
2029 4858 2131 4891 ayant

1233 4881 1337 4916 petite
1354 4883 1527 4914 situation.
1544 4901 1561 4907 -
1577 4887 1606 4916 N
1635 4887 1723 4917 4983.

1269 4942 1471 4974 Célibataire
1487 4946 1525 4976 35
1542 4955 1614 4982 ans,
1644 4949 1893 4983 fonctionnaire
1925 4961 1967 4983 au
1997 4955 2125 4992 Maroc,

1229 4980 1388 5012 situation
1416 4986 1509 5015 9.000
1521 4986 1575 5019 fr.,
1595 4988 1707 5018 désire
1725 4992 1875 5029 mariage
1893 5002 1975 5022 avec
1992 4995 2125 5024 demoi¬

1228 5020 1312 5050 selle
1327 5030 1371 5052 ou
1386 5033 1494 5055 veuve
1508 5027 1548 5055 25
1562 5028 1580 5056 à
1595 5028 1635 5058 30
1651 5037 1722 5063 an»,
1740 5034 1842 5068 ayant
1858 5032 2018 5064 situation
2037 5042 2045 5070 ;
2060 5043 2123 5074 pas

1226 5061 1366 5092 sérieux
1381 5063 1570 5096 s’abstenir.
1588 5083 1607 5089 -
1622 5069 1662 5098 N’
1679 5069 1768 5099 4984.

2306 1301 2511 1336 Demoiselle
2525 1306 2564 1336 35
2579 1315 2652 1345 ans,
2670 1309 2796 1341 femme
2815 1312 2858 1343 du
2879 1316 3014 1352 monde,
3031 1317 3166 1357 blonde,

2265 1339 2469 1380 distinguée,
2501 1346 2612 1377 désire
2641 1350 2746 1380 union
2763 1360 2845 1384 avec
2870 1357 3048 1389 monsieur
3063 1365 3169 1398 ayant

2262 1379 2353 1411 belle
2368 1383 2541 1416 situation.
2559 1403 2578 1408 -
2592 1388 2622 1418 N
2627 1397 2633 1403 -
2650 1390 2739 1420 4985.

2302 1439 2506 1473 Demoiselle
2535 1445 2573 1473 48
2597 1454 2666 1484 ans,
2696 1456 2775 1479 sans
2800 1451 3002 1488 profession,
3037 1455 3161 1488 femme

2263 1477 2473 1516 d’intérieur,
2486 1484 2596 1516 bonne
2607 1487 2797 1525 éducation,
2805 1491 2974 1530 physique
2984 1497 3158 1534 agréable,

2261 1519 2401 1557 capable
2416 1521 2456 1552 de
2473 1523 2709 1563 dévouement,
2718 1532 2915 1567 épouserait
2928 1536 3103 1567 monsieur
3115 1545 3158 1569 ou

2259 1560 2402 1591 retraité
2418 1567 2520 1600 ayant
2533 1564 2646 1597 bonne
2661 1567 2833 1601 situation.
2857 1587 2875 1594 -
2891 1574 2920 1603 N
2925 1581 2931 1588 -
2950 1574 3039 1605 4986.

2299 1622 2412 1653 Veuve
2426 1626 2466 1654 35
2481 1634 2552 1660 ans,
2571 1636 2648 1659 sans
2672 1631 2797 1666 enfant,
2816 1634 2977 1667 situation
2994 1638 3087 1668 7.000
3104 1640 3154 1676 fr.,

2257 1662 2454 1694 économies
2471 1666 2581 1697 10.000
2596 1668 2650 1706 fr.,
2666 1670 2836 1703 intérieur
2851 1677 3022 1714 agréable,
3054 1683 3157 1713 épou¬

2257 1702 2364 1732 serait
2379 1706 2555 1737 monsieur
2571 1713 2670 1747 ayant
2686 1711 2847 1744 situation
2864 1715 2956 1747 sûre.
2972 1732 2991 1739 -
3006 1719 3035 1748 N
3041 1728 3046 1733 -
3064 1720 3154 1751 4987.

2296 1760 2405 1792 Jeune
2420 1762 2556 1796 homme
2567 1767 2687 1804 36ans,
2698 1771 2925 1808 propriétaire
2942 1776 3153 1812 agriculteur

2255 1799 2416 1832 situation
2433 1809 2585 1839 assurée,
2604 1808 2716 1839 désire
2736 1810 2821 1841 faire
2846 1817 3093 1848 connaissance
3110 1819 3150 1849 de

2255 1839 2455 1873 demoiselle
2483 1852 2527 1875 ou
2548 1855 2656 1878 veuve
2679 1849 2718 1879 25
2733 1852 2752 1880 à
2766 1851 2806 1880 30
2829 1860 2901 1889 ans,
2921 1855 2978 1893 qui
2992 1859 3153 1890 voudrait

2255 1880 2341 1910 aller
2363 1889 2406 1912 au
2434 1885 2577 1920 Canada,
2595 1888 2730 1920 fortune
2745 1899 2805 1922 nas
2821 1892 2943 1932 exigée
2963 1897 3048 1927 mais
3065 1905 3151 1929 con¬

2254 1919 2346 1950 duite
2367 1922 2624 1962 irréprochable
2639 1945 2652 1950 -
2672 1930 2712 1960 N’
2736 1931 2827 1962 4988.

2291 1983 2401 2015 Jeune
2416 1985 2552 2019 homme
2568 1989 2738 2029 indigène,
2762 1995 2800 2024 23
2817 2003 2889 2032 ans,
2905 1999 3148 2037 propriétaire-

2252 2024 2468 2059 cultivateur,
2496 2028 2608 2059 bonne
2637 2031 2776 2070 famille,
2814 2036 2978 2068 demande
2996 2042 3147 2080 mariage

2246 2063 2355 2100 jeune
2369 2065 2438 2096 fille
2455 2068 2492 2096 18
2514 2069 2532 2097 à
2547 2070 2586 2099 25
2602 2079 2674 2106 ans,
2705 2077 2807 2111 ayant
2833 2076 2981 2115 fortune,
2999 2088 3149 2119 envoyer

2249 2102 2365 2141 photo.
2384 2121 2401 2127 -
2418 2107 2459 2136 N-
2477 2108 2566 2139 4920.

2287 2166 2648 2204 Adjuuantinfanterie
2663 2175 2843 2212 coloniale,
2858 2179 2979 2216 28ans,
2991 2183 3152 2215 médaille

2248 2206 2420 2242 militaire,
2438 2211 2634 2248 épouserait
2645 2216 2753 2252 jeune
2768 2216 2835 2247 fille
2854 2226 2898 2249 ou
2914 2229 3022 2251 veuve
3039 2223 3150 2255 même

2247 2252 2329 2276 avec
2345 2248 2472 2285 enfant,
2489 2251 2527 2280 20
2542 2253 2561 2282 à
2575 2253 2614 2283 30
2629 2262 2701 2291 ans,
2720 2255 2881 2289 situation
2904 2267 2946 2290 en
2962 2267 3118 2301 rapport.
3133 2280 3151 2287 -

2246 2286 2287 2315 N-
2304 2287 2363 2318 49*

2284 2350 2395 2380 Jeune
2432 2352 2570 2384 homme
2610 2356 2650 2386 25
2688 2365 2761 2394 ans,
2792 2359 2954 2393 situation
2983 2366 3143 2397 annuelle

2243 2387 2357 2419 60.000
2369 2390 2424 2426 fr.,
2454 2401 2496 2422 au
2513 2395 2640 2428 Maroc,
2663 2399 2759 2428 avoir
2771 2400 2811 2430 30
2825 2400 2885 2430 000
2902 2402 2941 2432 fr.
2959 2407 2994 2433 et
3012 2405 3142 2436 maison

2244 2429 2469 2465 confortable,
2500 2436 2696 2471 épouserait
2725 2439 2827 2475 jeune
2853 2440 2923 2473 fille
2941 2443 2977 2472 18
2994 2445 3013 2474 à
3028 2445 3067 2474 22
3082 2453 3142 2476 ans

2242 2470 2382 2500 voulant
2396 2472 2530 2503 habiter
2547 2476 2674 2507 Maroc.
2691 2479 2742 2508 -N
2748 2486 2754 2493 -
2772 2480 2863 2510 4991.

2283 2528 2488 2561 Demoiselle
2509 2532 2548 2561 35
2576 2541 2647 2570 ans,
2661 2536 2756 2572 jolie,
2775 2537 2978 2577 distinguée,
2997 2541 3141 2573 affectu¬

2241 2573 2337 2601 euse,
2353 2569 2544 2607 éducation,
2562 2573 2657 2604 avoir
2677 2578 2711 2604 et
2739 2577 2912 2615 situation,
2944 2583 3143 2620 épouserait

2242 2607 2420 2639 monsieur
2435 2612 2582 2649 sérieux,
2597 2614 2636 2643 38
2652 2616 2670 2644 à
2685 2615 2724 2645 40
2739 2625 2811 2653 ans,
2839 2619 3002 2651 situation
3029 2624 3137 2660 Paris,

2242 2647 2314 2677 très
2331 2650 2480 2680 sérieux.
2498 2668 2510 2673 -
2526 2652 2566 2682 N-
2584 2654 2673 2685 4992.

2279 2710 2482 2744 Célibataire
2508 2715 2545 2744 45
2562 2723 2633 2748 ans,
2665 2719 2814 2756 sérieux,
2846 2721 3007 2760 honnête,
3043 2728 3138 2757 avoir

2238 2749 2351 2779 20.000
2366 2751 2421 2786 fr.,
2440 2755 2615 2791 musicien,
2634 2757 2769 2792 cultivé,
2792 2763 2990 2798 épouserait
3006 2766 3137 2796 demoi¬

2238 2789 2323 2818 selle
2336 2799 2380 2820 ou
2396 2800 2507 2822 veuve
2518 2802 2597 2824 sans
2612 2796 2739 2833 enfant,
2759 2799 2822 2836 âge
2838 2803 2872 2831 et
2887 2802 3024 2833 fortune
3038 2804 3136 2835 indif¬

2238 2828 2360 2860 férent.
2378 2847 2394 2852 -
2411 2832 2451 2862 N’
2469 2833 2557 2864 4994.

2275 2887 2385 2918 Jeune
2398 2888 2467 2919 fille
2483 2892 2520 2920 23
2536 2901 2607 2928 ans,
2625 2896 2813 2934 employée,
2830 2898 2952 2936 brune,
2969 2902 3135 2942 physique

2236 2928 2409 2965 agréable,
2436 2930 2548 2961 20.000
2562 2932 2615 2966 fr.,
2648 2936 2717 2965 très
2746 2936 2967 2975 affectueuse,
2985 2945 3133 2980 épouse¬

2235 2967 2302 2997 rait
2315 2976 2488 3006 personne
2518 2973 2678 3005 situation
2699 2984 2741 3006 en
2757 2983 2908 3016 rapport.
2940 2997 2957 3002 -
2984 2984 3023 3012 N-
3041 2984 3119 3014 4996

2274 3025 2382 3056 Jeune
2408 3026 2477 3058 fille
2499 3030 2539 3060 25
2567 3039 2639 3065 ans,
2653 3034 2750 3070 jolie,
2767 3036 2990 3075 musicienne,
3008 3040 3133 3072 femme

2234 3063 2276 3094 du
2294 3068 2427 3103 monde,
2444 3068 2613 3105 instruite,
2628 3072 2697 3104 fille
2714 3075 2755 3104 de
2770 3075 2852 3106 haut
2867 3077 3129 3117 fonctionnaire,

2234 3105 2431 3142 épouserait
2447 3111 2621 3141 monsieur
2633 3113 2671 3142 26
2681 3116 2694 3143 à
2707 3115 2745 3143 38
2757 3124 2816 3145 ans
2832 3117 2986 3149 habitant
3001 3123 3131 3158 grande

2231 3145 2311 3176 ville
2327 3147 2458 3178 France
2475 3157 2517 3179 ou
2534 3151 2697 3183 colonies.
2715 3171 2732 3176 -
2748 3156 2789 3185 N-
2806 3157 2895 3187 4997.

2268 3214 2378 3244 Jeune
2394 3215 2530 3247 homme
2550 3219 2588 3248 24
2616 3227 2689 3254 ans,
2715 3221 2813 3258 brun,
2839 3225 2932 3255 avoir
2945 3226 3056 3257 20.000
3072 3228 3127 3264 fr.,

2230 3252 2390 3284 situation
2409 3256 2562 3293 libérale,
2581 3260 2745 3291 demande
2752 3264 2859 3298 jeune
2877 3265 2947 3296 fille
2963 3274 3007 3297 ou
3019 3276 3127 3299 veuve

2228 3293 2391 3325 situation
2408 3305 2450 3326 en
2466 3302 2617 3337 rapport.
2636 3317 2649 3322 -
2661 3301 2691 3332 N
2698 3310 2703 3317 -
2722 3303 2810 3333 4862.

2265 3352 2375 3382 Jeune
2392 3353 2540 3391 homme,
2558 3358 2751 3394 sud-ouest,
2771 3361 2824 3391 fils
2840 3363 2976 3402 unique.
2994 3365 3127 3397 300.000

2226 3390 2280 3426 fr.,
2296 3392 2395 3425 brun,
2417 3403 2478 3433 pas
2496 3396 2640 3434 fumeur,
2653 3401 2849 3438 épouserait
2865 3403 3064 3436 demoiselle
3080 3415 3124 3437 ou

2224 3439 2331 3461 veuve
2347 3435 2522 3471 sérieuse,
2552 3437 2613 3476 âge
2644 3442 2677 3469 et
2692 3440 2853 3472 situation
2870 3452 2911 3474 en
2937 3449 3124 3484 rapport.-

2222 3471 2262 3500 N-
2280 3472 2369 3502 4998.

2259 3529 2351 3559 Veuf
2373 3532 2385 3559 1
2405 3532 2531 3568 enfant,
2547 3535 2587 3564 46
2601 3543 2673 3570 ans,
2696 3538 2816 3570 maître
2838 3540 2974 3572 tailleur
2991 3546 3119 3580 armée,

2218 3568 2332 3598 30.000
2364 3570 2406 3599 fr.
2446 3574 2653 3608 économies,
2676 3579 2853 3617 propriété
2880 3581 2919 3612 20
2947 3582 3117 3620 hectares,

2220 3610 2417 3646 épouserait
2436 3612 2633 3645 demoiselle
2643 3624 2686 3646 ou
2696 3626 2802 3649 veuve
2813 3620 3006 3660 catholique
3018 3628 3119 3661 ayant

2218 3648 2323 3679 avoir.
2340 3665 2359 3671 -
2374 3652 2415 3680 N’
2435 3652 2524 3683 4999.

2254 3707 2345 3737 Veuf
2354 3708 2394 3738 50
2410 3717 2481 3742 ans,
2510 3711 2530 3740 2
2544 3712 2687 3750 enfants,
2713 3715 2878 3748 demande
2895 3719 3111 3752 cultivatrice

2215 3754 2298 3776 avec
2326 3748 2430 3785 petite
2460 3750 2526 3786 dot,
2542 3752 2583 3782 30
2597 3754 2615 3782 à
2628 3754 2667 3783 40
2681 3762 2753 3792 ans,
2783 3757 2935 3794 robuste,
2968 3768 3114 3799 envoyer

2215 3787 2333 3826 photo.
2351 3805 2361 3810 -
2377 3790 2417 3820 N'
2434 3789 2524 3820 5000.

2252 3845 2338 3875 Veuf
2352 3847 2391 3876 45
2405 3855 2479 3882 ans,
2504 3851 2707 3887 protestant,
2724 3853 2738 3881 1
2757 3855 2874 3885 enfant
2888 3857 2907 3885 9
2922 3865 2995 3889 ans,
3019 3857 3110 3890 fonc¬

2214 3884 2394 3921 tionnaire,
2431 3888 2592 3919 situation
2621 3891 2713 3921 6.000
2728 3892 2782 3925 fr.,
2807 3896 2902 3925 avoir
2929 3897 3040 3928 10.000
3054 3899 3108 3934 fr.,

2212 3925 2411 3957 épouserait
2436 3927 2634 3961 demoiselle
2662 3939 2706 3961 ou
2734 3941 2842 3964 veuve
2871 3936 2909 3966 33
2939 3939 2957 3966 à
2981 3939 3021 3968 42
3036 3947 3096 3970 ans

2209 3963 2374 3997 situation
2389 3974 2432 3997 en
2448 3973 2597 4008 rapport.
2609 3986 2622 3992 -
2641 3972 2670 4001 N
2676 3980 2681 3985 -
2698 3972 2786 4003 5001.

2247 4024 2337 4053 Veuf
2348 4025 2387 4054 58
2403 4033 2474 4059 ans,
2504 4027 2707 4066 catholique,
2735 4030 2815 4061 bien
2846 4040 2927 4063 sous
2955 4036 3032 4065 tous
3057 4038 3105 4067 les

2208 4066 2377 4100 rapports,
2396 4066 2490 4095 avoir
2504 4066 2615 4098 60.000
2632 4069 2670 4098 fr.
2696 4071 2894 4106 épouserait
2911 4075 3105 4113 catholique

2205 4103 2432 4141 pratiquante,
2464 4105 2684 4145 affectueuse,
2715 4110 2813 4148 goûts
2832 4113 2982 4151 simples,
3001 4116 3103 4146 situa¬

2205 4142 2277 4171 tion
2294 4151 2337 4173 en
2354 4149 2506 4184 rapport.
2523 4148 2564 4177 N-
2578 4148 2666 4179 5002.

2244 4206 2370 4241 Maroc,
2394 4214 2504 4238 veuve
2519 4209 2559 4239 50
2573 4218 2646 4247 ans,
2677 4212 2869 4249 paraissant
2891 4215 2965 4253 plus
2978 4217 3099 4252 jeune,

2202 4245 2273 4273 très
2306 4246 2473 4281 sérieuse,
2503 4248 2673 4284 instruite,
2704 4251 2784 4282 bien
2813 4253 2941 4290 élevée,
2973 4255 3099 4288 femme

2202 4284 2412 4320 d’intérieur,
2424 4292 2525 4326 ayant
2533 4293 2661 4328 occupé
2672 4291 2760 4322 belle
2770 4292 2942 4330 situation,
2954 4295 3099 4326 recher¬

2200 4323 2263 4353 che
2294 4326 2443 4365 mariage
2474 4337 2554 4358 avec
2571 4331 2712 4366 rentier,
2728 4331 2920 4368 industriel,
2939 4336 3092 4372 sérieux,

2201 4371 2269 4393 aux
2284 4365 2447 4397 colonies.
2467 4384 2476 4389 -
2491 4369 2533 4399 N’
2550 4370 2639 4400 4946.

2237 4427 2442 4459 Demoiselle
2463 4430 2502 4459 46
2529 4438 2600 4466 ans,
2632 4432 2836 4470 catholique,
2867 4435 2991 4465 famille
3020 4440 3090 4469 très

2195 4465 2398 4498 honorable,
2414 4471 2485 4499 très
2508 4471 2673 4504 sérieuse,
2704 4472 2794 4507 bien,
2825 4474 2948 4505 femme
2977 4476 3093 4508 d’inté-
3128 4491 3140 4501 -

2196 4505 2301 4541 rieur,
2314 4507 2490 4539 dot40.000
2501 4509 2553 4544 fr,.
2565 4512 2761 4549 épouserait
2772 4514 2928 4551 employé
2940 4516 3090 4552 sérieux,

2193 4549 2303 4583 poste,
2322 4548 2466 4585 douane,
2484 4551 2660 4587 P.-L.-M.,
2679 4552 2961 4592 administration,
2980 4557 3091 4588 même

2192 4587 2281 4616 veuf.
2299 4603 2319 4609 -
2334 4588 2374 4617 N-
2391 4589 2480 4618 4931.

2232 4648 2436 4678 Demoiselle
2451 4650 2490 4679 25
2506 4658 2577 4687 ans,
2591 4651 2687 4689 jolie,
2707 4653 2929 4690 musicienne,
2962 4657 3086 4689 femme

2191 4687 2234 4716 du
2251 4689 2385 4721 monde,
2405 4689 2461 4719 dot
2478 4690 2533 4719 150
2550 4691 2589 4719 fr.
2606 4699 2668 4729 par
2688 4694 2784 4727 mois,
2814 4694 2994 4733 instruite,"
3017 4698 3086 4728 fille

2190 4726 2230 4754 de
2246 4727 2328 4756 haut
2346 4729 2605 4761 fonctionnaire,
2623 4733 2819 4769 épouserait
2846 4736 3020 4768 monsieur
3047 4739 3086 4769 26

2189 4767 2206 4795 à
2221 4766 2260 4795 38
2276 4774 2336 4796 ans
2353 4768 2507 4798 habitant
2521 4771 2649 4807 grande
2664 4772 2755 4802 ville.
2771 4789 2790 4795 -
2806 4775 2846 4803 N’
2864 4776 2954 4806 4997.

2225 4824 2334 4853 Jeune
2349 4824 2485 4855 homme
2497 4826 2538 4856 32
2552 4835 2624 4863 ans,
2642 4830 2835 4864 sud-ouest,
2862 4833 2912 4863 fils
2943 4836 3080 4875 unique,

2184 4862 2319 4893 300.000
2333 4863 2387 4896 fr.,
2405 4865 2504 4900 brun,
2516 4875 2576 4905 pas
2590 4868 2734 4906 fumeur,
2749 4873 2946 4911 épouserait
2955 4876 3081 4907 demoi¬

2185 4903 2270 4932 selle
2292 4911 2336 4932 ou
2360 4912 2470 4934 veuve
2499 4906 2666 4943 sérieuse,
2697 4911 2759 4949 âge
2787 4917 2821 4942 et
2848 4913 3009 4946 situation
3040 4925 3081 4947 en

2184 4945 2337 4980 rapport.
2356 4959 2375 4965 -
2391 4945 2419 4974 N
2424 4953 2430 4960 -
2449 4946 2552 4976 5.004.

2221 4999 2520 5034 Sous-lieutenant
2535 5005 2742 5045 célibataire,
2756 5009 2834 5041 bien
2844 5019 2923 5043 sous
2937 5015 3012 5044 tous
3029 5014 3079 5046 les

2181 5042 2352 5077 rapports,
2397 5044 2594 5082 épouserait
2629 5049 2736 5085 jeune
2773 5049 2842 5081 fille
2871 5053 3076 5092 catholique,

2177 5079 2301 5117 brune,
2320 5081 2484 5114 situation
2499 5091 2540 5114 en
2557 5092 2709 5126 rapport.
2726 5105 2743 5112 -
2758 5091 2799 5121 N-
2813 5091 2902 5122 5004.
