3536 5552
406 472 592 504 Célibataire,
620 478 653 506 45
684 477 747 501 ans,
777 465 895 494 retraité
923 469 951 491 et
980 461 1072 492 avoir,
1103 456 1271 493 épouserait

371 509 536 538 demoiselle
566 516 602 535 ou
636 514 736 538 veuve,
773 500 923 537 orpheline
952 499 987 526 de
1024 496 1200 532 préférence.
1237 506 1272 512 —

375 547 410 575 N'
422 547 502 582 6194.

413 588 599 619 Demoiselle,
616 596 649 621 30
665 594 728 617 ans,
746 581 912 618 paraissant
928 580 993 614 plus
1016 578 1109 612 jeune,
1140 573 1273 605 modiste,

380 631 438 655 très
455 629 674 657 commerçante,
693 621 796 648 femme
818 615 997 648 d’intérieur,
1020 613 1156 644 sérieuse,
1187 614 1275 644 ayant

381 662 453 697 petit
467 660 548 688 avoir
571 665 599 687 et
622 665 786 687 trousseau,
813 650 978 687 épouserait
1007 647 1156 677 monsieur
1186 651 1276 681 ayant

383 696 536 730 situation,
553 695 661 722 France
676 701 712 720 ou
724 690 860 718 colonies.
877 702 908 707 —
925 687 960 715 N'
978 687 1050 719 6196.

423 749 627 784 Propriétaire,
657 745 739 778 Midi,
769 753 869 771 20.000
897 744 945 774 ir.,
973 738 1105 774 pension,
1136 735 1282 764 industrie

388 786 521 823 agricole,
535 795 566 821 4s
584 793 647 817 ans,
664 782 736 814 seul,
753 779 831 812 actif,
851 776 982 805 instruit,
998 775 1064 802 bien
1080 782 1148 801 sous
1158 778 1224 799 tous
1240 772 1282 799 les

387 828 533 858 rapports,
550 820 645 848 désire
660 817 750 845 union
765 825 833 842 avec
851 811 1015 841 demoiselle
1038 820 1076 838 ou
1099 818 1201 841 veuve,
1231 810 1284 842 âge

388 859 554 888 indifférent
571 854 728 890 possédant
742 851 834 879 avoir.
851 864 882 869 —
897 849 932 876 N.
949 849 1022 882 6197.

425 912 511 944 Veuf,
528 920 561 946 44
577 919 640 942 ans,
657 906 802 942 physique
818 903 961 938 agréable,
973 899 1148 934 càtholique,
1161 897 1285 929 sérieux,

391 948 507 979 ouvrier
522 943 714 980 charpentier,
729 950 811 969 2.000
825 939 862 967 fr.
887 937 1044 968 économie,
1073 936 1139 970 plus
1164 933 1287 968 pension

392 988 426 1014 de
441 992 555 1018 guerre,
585 985 673 1015 ayant
702 977 773 1006 trois
802 975 928 1007 enfants,
962 973 1061 1000 l’ainée
1090 971 1184 1005 placée
1214 969 1287 996 dans

393 1021 501 1050 atelier,
524 1015 689 1052 épouserait
717 1011 887 1041 demoiselle
915 1019 952 1037 ou
982 1017 1073 1036 veuve
1102 1006 1238 1034 honnête,
1258 1018 1288 1023 —

399 1058 435 1086 N'
450 1056 530 1091 6198.

431 1111 520 1143 Jeune
536 1108 662 1135 homme,
679 1105 712 1138 36
727 1112 790 1131 ans,
806 1099 950 1129 situation
959 1108 976 1133 9
991 1101 1007 1124 à
1025 1106 1056 1124 10
1069 1106 1122 1124 000
1132 1095 1181 1127 fr.,
1197 1095 1292 1122 bonne

401 1153 495 1177 tenue,
508 1140 672 1178 épouserait
688 1140 769 1172 jeune
781 1137 838 1164 fille
853 1145 888 1163 en
904 1140 1024 1168 rapport
1039 1132 1130 1166 d’âge,
1149 1130 1215 1158 bien
1236 1130 1292 1156 éle¬

396 1186 457 1216 vée,
473 1180 576 1209 femme
590 1176 770 1206 d’intérieur.
786 1173 857 1200 Très
868 1171 990 1200 sérieux.
1007 1184 1040 1188 —
1053 1169 1090 1196 N'
1105 1168 1186 1203 6199.

434 1232 617 1263 Demoiselle,
646 1239 677 1266 43
708 1238 771 1262 ans,
806 1224 969 1254 couturière
1003 1229 1090 1258 ayant
1125 1220 1215 1255 perdu
1249 1228 1294 1246 ses

398 1276 527 1306 parents,
543 1266 624 1295 avoir
642 1274 738 1293 10.000
753 1264 802 1297 fr.,
818 1260 926 1290 famille
951 1258 1121 1288 honorable,
1150 1254 1295 1291 physique

399 1306 541 1343 agréable,
558 1301 699 1331 demande
713 1298 861 1327 monsieur
877 1306 911 1325 en
925 1301 1096 1330 rapport.—
1113 1292 1150 1321 N”
1165 1293 1259 1319 6.200.

436 1357 621 1390 Célibataire,
643 1355 771 1385 docteur,
794 1360 826 1387 45
844 1360 906 1382 ans,
935 1349 1002 1376 ville
1032 1347 1114 1378 midi,
1144 1344 1297 1373 excellente

402 1395 552 1426 situation,
568 1391 673 1428 grand,
696 1394 793 1422 aspect
821 1387 914 1421 jeune,
944 1384 1103 1417 distingué,
1134 1378 1299 1416 épouserait

401 1440 543 1467 personne
559 1427 634 1462 jolie,
648 1420 767 1462 grande,
784 1423 866 1455 forte,
884 1420 971 1455 petite
987 1419 1046 1448 dot,
1064 1427 1190 1452 envoyer
1208 1416 1298 1451 photo

403 1468 454 1503 qui
470 1476 532 1495 sera
548 1463 684 1492 restituée
700 1459 961 1488 immédiatement.
975 1470 1006 1475 —
1022 1455 1058 1483 N'
1074 1456 1156 1482 6201.

438 1523 523 1553 Veuf,
542 1532 571 1558 31
590 1531 652 1555 ans,
669 1519 783 1547 infirme
794 1517 828 1544 de
840 1515 906 1543 l’œil
916 1513 1005 1546 droit,
1022 1514 1094 1540 beau
1115 1511 1202 1544 brun,
1227 1508 1299 1536 belle

405 1561 493 1594 taille,
515 1559 573 1586 fort
600 1563 628 1585 et
656 1554 778 1591 parfaite
803 1554 897 1585 santé,
927 1553 986 1578 très
1015 1548 1140 1578 sérieux,
1169 1550 1301 1580 gagnant

406 1606 455 1632 500
472 1596 505 1623 fr.
523 1603 575 1629 par
591 1592 675 1623 mois,
690 1590 793 1624 petites
809 1586 982 1617 économies,
1000 1588 1058 1612 très
1069 1583 1141 1610 belle
1155 1580 1298 1610 situation

406 1631 544 1665 d’avenir,
576 1625 739 1663 épouserait
763 1625 846 1658 jeune
871 1622 929 1650 fille
957 1631 993 1648 ou
1022 1628 1113 1647 veuve
1143 1616 1302 1652 possédant

405 1675 574 1697 commerce,
591 1662 736 1699 propriété
754 1671 791 1688 ou
818 1664 908 1693 ayant
935 1656 1060 1684 fortune.
1091 1654 1133 1682 Ne
1156 1652 1300 1687 répondra

406 1704 512 1739 qu’aux
529 1702 628 1729 lettres
645 1697 769 1733 signées.
783 1711 816 1715 —
828 1695 863 1722 N'
880 1695 960 1722 6202.

445 1754 627 1784 Demoiselle,
646 1762 677 1786 32
694 1760 756 1779 ans,
774 1750 876 1782 brune,
893 1749 1062 1781 présentant
1083 1744 1158 1776 bien,
1189 1747 1303 1776 protes¬

409 1799 489 1821 tante
505 1797 532 1818 et
546 1790 582 1817 de
596 1787 706 1817 famille
721 1789 779 1813 très
790 1783 960 1815 honorable,
970 1783 1058 1815 goûts
1068 1779 1187 1813 simples
1197 1778 1302 1808 bonne,

408 1827 573 1858 éducation,
591 1835 644 1859 peu
660 1820 826 1857 expansive,
850 1818 923 1846 mais
951 1820 1009 1845 très
1043 1814 1252 1850 sympathique
1277 1818 1304 1839 et

409 1864 545 1895 sérieuse,
562 1870 612 1895 pas
629 1860 663 1887 de
678 1858 804 1888 fortune,
820 1854 1022 1883 actuellement
1037 1855 1156 1886 gérante
1169 1859 1203 1876 en
1216 1849 1304 1882 phar¬

409 1899 509 1932 macie,
526 1902 614 1933 ayant
629 1905 664 1922 eu
678 1894 713 1921 de
727 1892 853 1927 grandes
882 1890 993 1924 peines,
1019 1886 1180 1922 orpheline,
1210 1879 1305 1912 désire

410 1935 538 1969 mariage
554 1941 627 1967 pour
641 1929 721 1958 avoir
736 1928 781 1956 vie
796 1928 830 1955 de
846 1925 963 1956 famille,
978 1933 1045 1951 avec
1059 1921 1206 1949 monsieur
1222 1920 1256 1947 de
1273 1927 1303 1953 35

411 1976 424 1999 à
438 1979 471 2006 4;
487 1979 550 2003 ans,
568 1967 630 1996 srul
646 1965 670 1994 si
693 1964 831 2000 possible,
856 1959 1001 1996 physique
1030 1957 1172 1993 agréable,
1201 1949 1305 1990 grand,

410 2006 534 2037 sérieux,
551 2004 618 2033 bon,
645 2000 804 2029 affectueux
835 2003 862 2025 et
890 1997 985 2029 sobre,
1014 2000 1102 2029 ayant
1128 1994 1185 2020 très
1212 1991 1307 2019 bonne

411 2041 552 2070 situation
567 2045 595 2067 et
610 2037 740 2065 désirant
752 2035 798 2062 vie
813 2035 847 2061 de
864 2031 971 2060 famille
997 2031 1139 2058 heureuse
1168 2033 1196 2055 et
1225 2033 1307 2054 tran¬

410 2078 510 2112 quille,
528 2073 667 2103 recevrait
682 2082 717 2100 en
728 2078 827 2098 retour
839 2069 1031 2096 dévouement
1045 2072 1074 2093 et
1088 2063 1223 2092 affection
1245 2063 1307 2089 sin¬

412 2116 483 2146 cère,
500 2110 589 2146 appui
606 2108 695 2136 moral
711 2113 738 2135 et
754 2106 816 2134 aide
838 2103 974 2134 sérieuse,
996 2101 1091 2129 aurait
1108 2100 1259 2127 maîtresse
1274 2097 1308 2124 de

412 2149 524 2177 maison
535 2145 652 2180 capable
663 2150 690 2171 et
701 2141 920 2176 expérimentée.
935 2135 1200 2172 Envoyerphotoet
1210 2133 1308 2161 httres

414 2185 540 2219 signées,
554 2182 580 2210 si
595 2191 647 2216 pas
664 2178 778 2207 sérieux
793 2175 959 2204 s’abstenir.
976 2173 1012 2202 N'
1028 2174 1110 2204 6203.

450 2239 652 2270 Sous-officier
667 2235 818 2264 secrétaire
833 2231 1042 2264 d’état-major,
1070 2240 1102 2265 29
1126 2237 1190 2262 ans,
1216 2227 1312 2255 bonne

413 2277 601 2309 instruction,
617 2273 784 2302 traitement
799 2269 905 2297 annuel
925 2270 1015 2302 6.900
1038 2266 1074 2293 fr.
1095 2271 1122 2292 et
1138 2263 1310 2294 économies,

413 2314 506 2342 désire
522 2309 729 2344 correspondre
744 2317 779 2334 en
794 2315 848 2333 vue
864 2305 898 2332 de
914 2303 1042 2337 mariage
1058 2311 1124 2329 avec
1145 2298 1313 2327 demoiselle

416 2347 639 2378 fonctionnaire.
656 2359 687 2365 —
703 2344 738 2371 N'
753 2345 834 2376 6204.

450 2401 531 2430 Veuf
540 2411 576 2436 40
591 2409 644 2427 ans
660 2397 739 2433 place
754 2397 833 2429 sûre,
849 2403 883 2428 30
899 2392 934 2420 fr.
956 2401 1008 2425 par
1028 2391 1102 2424 jour,
1123 2388 1206 2416 avoir
1227 2397 1314 2423 3.000

415 2439 462 2469 fr.,
479 2441 552 2465 deux
566 2435 679 2463 enfants
699 2442 727 2468 13
744 2438 772 2459 et
790 2441 819 2465 17
834 2440 886 2457 ans
903 2429 987 2456 l’aîné
1002 2431 1133 2462 gagnant
1152 2434 1182 2452 10
1204 2424 1238 2451 fr.
1263 2432 1314 2457 par

415 2475 487 2508 jour,
505 2471 599 2500 désire
615 2470 704 2497 union
721 2477 787 2496 avec
802 2474 892 2494 veuve
909 2473 977 2491 sans
1003 2462 1103 2490 enfant
1129 2467 1156 2488 et
1176 2459 1260 2486 libre.
1281 2473 1315 2478 —

417 2510 456 2538 N'
475 2511 555 2543 6205.

451 2562 531 2590 Veuf
543 2569 610 2589 sans
627 2558 742 2587 famille,
756 2555 838 2583 avoir
856 2562 970 2581 120-000
982 2552 1029 2584 fr.,
1045 2548 1210 2584 épouserait
1225 2557 1315 2575 veuve

418 2609 486 2626 sans
508 2596 607 2624 enfant
631 2595 664 2622 de
687 2603 721 2628 40
737 2596 752 2619 à
767 2601 800 2627 45
824 2600 876 2618 ans
902 2588 1045 2616 situation
1069 2596 1103 2613 en
1128 2590 1255 2619 rapport.
1283 2597 1315 2603 —

417 2635 455 2663 N‘
475 2634 567 2661 6.206.

454 2679 544 2711 Jeune
559 2676 616 2703 fille
634 2684 665 2710 19
680 2682 744 2706 ans,
760 2671 898 2703 sérieuse,
908 2667 1013 2696 femme
1028 2664 1208 2696 d’intérieur,
1222 2663 1317 2696 bijou¬

420 2715 499 2748 tière,
529 2709 695 2747 épouserait
724 2706 872 2736 monsieur
897 2705 931 2731 de
956 2713 989 2738 24
1005 2706 1019 2730 à
1034 2703 1070 2730 28
1083 2710 1146 2734 ans,
1170 2699 1317 2728 fonction¬

419 2750 499 2778 naire
516 2748 623 2775 France
639 2755 675 2772 ou
691 2744 798 2772 Maroc.
816 2756 848 2761 —
863 2741 899 2768 N"
915 2741 1009 2773 6.207.

457 2796 629 2826 Demoiselle
644 2803 678 2829 40
693 2801 757 2824 ans,
771 2791 838 2818 bien
851 2798 920 2817 sous
934 2794 1001 2815 tous
1021 2786 1063 2813 les
1086 2790 1232 2818 rapports,
1249 2781 1317 2809 reli¬

418 2834 487 2868 gion
517 2830 681 2864 catholique
711 2826 884 2855 sentiments
910 2824 1014 2855 élevés,
1044 2822 1138 2848 bonne
1164 2818 1316 2851 situation,

420 2867 585 2903 épouserait
614 2864 762 2893 monsieur
791 2859 957 2894 catholique
991 2862 1079 2893 ayant
1111 2855 1263 2884 situation.
1286 2868 1319 2873 —

420 2905 455 2934 N'
473 2905 553 2932 6208.

458 2950 632 2981 Demoiselle
653 2958 684 2984 35
700 2957 764 2981 ans,
789 2945 866 2973 taille
892 2952 1043 2979 moyenne,
1069 2941 1135 2968 bien
1158 2938 1319 2974 physique¬

423 2996 511 3021 ment,
541 2985 699 3022 possédant
731 2992 827 3017 15.000
855 2980 891 3007 fr.
920 2980 955 3006 de
983 2979 1043 3009 dot,
1070 2975 1165 3004 désire
1199 2979 1320 3009 épouser

419 3022 632 3053 fonctionnaire
660 3030 697 3048 ou
723 3021 918 3050 commerçant
952 3012 1095 3042 situation
1124 3021 1159 3038 en
1189 3015 1318 3044 rapport,

423 3061 495 3089 mais
512 3068 592 3087 assez
605 3055 698 3092 grand
711 3055 745 3082 de
759 3053 846 3083 taille,
865 3055 917 3085 âge
933 3048 1113 3078 indifférent.
1134 3047 1169 3074 N'
1187 3048 1270 3081 6209.

458 3110 546 3141 Jeune
562 3108 678 3134 homme
694 3114 725 3138 23
742 3112 805 3135 ans,
823 3100 993 3131 affectueux,
1011 3098 1104 3125 bonne
1121 3098 1214 3128 santé,
1231 3097 1321 3128 épou¬

422 3145 511 3174 serait
525 3144 559 3171 de
575 3141 651 3170 suite
665 3137 831 3168 demoiselle
854 3146 891 3163 ou
916 3144 1007 3162 veuve
1030 3131 1215 3164 affectueuse,
1238 3129 1320 3157 avoir

424 3190 539 3209 100.000
556 3178 603 3211 fr.,
619 3180 671 3211 âge
687 3174 864 3202 indifférent.
882 3186 912 3191 —
930 3170 965 3198 N'
980 3171 1061 3197 6210.

459 3227 632 3257 Demoiselle
660 3224 806 3255 italienne,
838 3231 870 3256 30
900 3229 962 3250 ans,
996 3226 1139 3252 personne
1175 3214 1319 3248 agréable,

423 3265 511 3300 petite
526 3263 613 3296 taille,
627 3261 742 3295 parlant
753 3265 780 3286 et
791 3257 920 3285 écrivant
932 3254 1136 3289 parfaitement
1147 3251 1172 3278 le
1184 3250 1320 3283 français,

426 3301 550 3329 modiste
565 3305 593 3325 et
607 3295 781 3328 couturière,
797 3292 878 3320 avoir
909 3299 1006 3325 15.000
1030 3288 1065 3316 fr.
1096 3297 1162 3315 avec
1193 3296 1232 3313 un
1263 3286 1319 3312 bon

427 3344 590 3366 trousseau,
619 3330 772 3360 désirerait
799 3327 948 3356 monsieur
976 3325 1042 3352 veut
1071 3323 1105 3350 de
1119 3332 1153 3358 40
1170 3325 1184 3349 à
1198 3332 1230 3356 45
1256 3330 1320 3352 ans,

423 3378 512 3408 ayant
527 3369 614 3405 petite
630 3366 782 3398 situation,
799 3366 892 3391 même
907 3371 974 3389 avec
990 3370 1030 3388 un
1044 3359 1145 3387 enfant
1157 3358 1198 3385 les
1209 3357 1322 3384 aimant

425 3409 583 3440 beaucoup.
603 3403 709 3432 France
725 3411 761 3429 ou
777 3399 911 3428 colonies.
928 3411 959 3417 —
976 3397 1011 3424 N'
1029 3397 1108 3429 6213.

460 3457 558 3484 Veuve
577 3456 646 3488 âgée
661 3452 695 3480 de
721 3459 749 3485 51
777 3459 840 3481 ans,
871 3457 939 3475 sans
970 3445 1080 3476 enfant,
1114 3452 1211 3478 15.000
1226 3441 1261 3469 fr.
1288 3450 1323 3468 en

425 3497 537 3527 argent,
569 3490 658 3524 linge,
690 3484 833 3515 mobilier,
868 3483 973 3511 femme
1006 3481 1141 3511 honnête,
1176 3480 1322 3510 économe,

425 3525 591 3562 épouserait
605 3523 737 3558 employé
753 3525 804 3556 âge
820 3529 855 3547 en
870 3523 1000 3552 rapport.
1017 3531 1051 3535 —
1066 3515 1102 3544 N'
1115 3516 1188 3549 6214.

465 3573 668 3604 Sous-officier
685 3581 714 3606 31
734 3580 795 3600 ans,
812 3567 949 3596 libérable
964 3566 1037 3593 dans
1056 3574 1068 3598 5
1085 3573 1137 3591 ans
1162 3572 1229 3590 avec
1254 3570 1324 3595 pen¬

425 3613 490 3640 sion
519 3618 546 3638 et
575 3610 631 3637 bon
661 3606 776 3641 emploi,
803 3603 964 3632 économies
981 3601 1080 3628 28.000
1095 3599 1143 3630 fr.,
1160 3596 1325 3632 épouserait

426 3646 594 3676 demoiselle
604 3655 641 3672 ou
653 3652 744 3671 veuve
755 3650 823 3669 sans
836 3638 935 3667 enfant
944 3637 979 3665 de
991 3646 1024 3664 20
1034 3639 1050 3663 à
1062 3645 1092 3670 31
1107 3644 1171 3667 ans,
1185 3633 1323 3666 sérieuse,

428 3683 569 3712 situation
586 3691 620 3709 en
637 3684 765 3714 rapport.
782 3691 815 3696 —
832 3675 866 3703 N'
883 3676 962 3708 6215.

467 3730 643 3760 Célibataire
658 3730 691 3756 60
707 3736 768 3757 ans,
795 3727 852 3752 très
882 3723 1001 3750 robuste
1030 3727 1056 3748 et
1083 3718 1187 3751 valide,
1216 3717 1325 3745 famille

428 3769 522 3801 noble,
547 3767 663 3794 fortune
686 3771 804 3797 700.000
826 3760 874 3794 fr.,
897 3759 1029 3786 donnant
1042 3756 1078 3783 de
1093 3765 1124 3790 35
1141 3758 1156 3781 à
1171 3763 1273 3789 40.000
1288 3752 1324 3780 fr.

426 3806 461 3832 de
476 3809 583 3835 rentes,
606 3797 770 3835 épouserait
793 3804 936 3830 personne
952 3793 985 3821 de
1002 3792 1096 3820 bonne
1111 3789 1274 3822 éducation,
1291 3788 1325 3815 de

427 3841 521 3868 bonne
535 3837 655 3869 famille,
671 3835 705 3862 de
727 3843 760 3869 30
785 3835 799 3860 à
826 3840 856 3866 35
881 3839 944 3862 ans,
974 3838 1008 3863 40
1033 3836 1084 3855 ans
1109 3836 1144 3854 au
1171 3825 1247 3860 plus,
1274 3833 1325 3858 pas

426 3875 561 3909 exigeant
577 3882 650 3907 pour
665 3872 692 3898 la
708 3870 834 3897 fortune.
850 3881 883 3885 —
898 3865 933 3894 N'
951 3864 1032 3893 6216.

464 3920 642 3951 Demoiselle
656 3928 690 3953 34
704 3927 768 3949 ans,
784 3916 835 3943 dot
850 3923 950 3948 25.000
963 3914 999 3939 fr.
1017 3917 1043 3938 et
1059 3913 1240 3944 espérances,
1263 3908 1325 3935 ins¬

428 3959 527 3991 truite,
551 3954 715 3990 épouserait
737 3950 902 3979 célibataire
926 3958 962 3975 ou
985 3946 1056 3974 veuf
1074 3952 1162 3981 ayant
1184 3944 1326 3972 situation

427 3996 501 4022 dans
517 3994 643 4025 l’armée,
659 4000 696 4017 ou
711 3985 922 4016 fonctionnaire
946 3994 953 4017 ;
975 3982 1138 4016 échangera
1152 3980 1254 4014 photo.
1293 3993 1327 3997 —

427 4031 466 4059 N°
480 4032 559 4057 6220.

465 4077 550 4110 Veuf,
568 4074 720 4110 négociant
736 4081 770 4099 en
785 4069 863 4101 vins,
881 4065 1070 4102 propriétaire
1086 4064 1120 4091 de
1132 4062 1284 4097 vignobles
1301 4067 1328 4088 et

428 4115 463 4142 de
479 4113 592 4141 maison
607 4110 707 4138 valeur
722 4115 841 4143 300.000
856 4104 892 4132 fr.
910 4112 976 4130 avec
995 4110 1110 4130 100.000
1131 4099 1167 4127 fr.
1190 4101 1328 4132 espéran¬

428 4160 485 4182 ces,
502 4159 541 4177 un
556 4147 603 4175 fils
619 4156 650 4180 17
665 4154 717 4172 ans
733 4149 761 4171 et
774 4151 831 4170 une
847 4140 904 4168 fille
919 4137 1024 4166 mariée
1038 4142 1127 4171 ayant
1140 4135 1202 4162 leur
1213 4133 1327 4161 fortune

429 4183 621 4220 personnelle,
639 4178 802 4214 épouserait
819 4185 962 4211 personne
978 4174 1012 4201 de
1029 4182 1061 4207 30
1077 4175 1092 4199 à
1108 4181 1142 4207 40
1158 4180 1221 4203 ans,
1239 4175 1328 4205 ayant

429 4220 571 4250 situation
586 4218 620 4245 de
636 4217 762 4244 fortune.
781 4228 811 4233 —
828 4212 864 4240 N'
881 4213 955 4239 6221.

466 4267 641 4297 Demoiselle
661 4274 695 4300 47
715 4273 779 4296 ans,
803 4259 953 4293 instruite,
969 4257 1146 4292 distinguée,
1162 4256 1213 4283 dot
1229 4264 1329 4289 50.000

428 4306 476 4338 fr.,
493 4301 658 4340 épouserait
674 4298 823 4327 monsieur
839 4297 961 4328 sérieux,
981 4293 1097 4325 cultivé,
1121 4297 1211 4326 ayant
1233 4290 1328 4318 bonne

430 4340 582 4370 situation.
600 4352 631 4357 —
647 4336 683 4364 N"
700 4337 779 4362 6222.

466 4388 615 4417 Monsieur
630 4395 662 4422 45
679 4394 742 4417 ans,
758 4381 890 4415 employé
905 4377 1184 4409 d’administration,
1199 4381 1331 4410 gagnant

433 4436 513 4454 1.000
528 4424 564 4452 fr.
582 4431 632 4457 par
650 4419 734 4453 mois,
751 4423 840 4453 ayant
852 4425 887 4443 en
903 4415 968 4449 plus
980 4413 1068 4448 petite
1078 4411 1167 4439 ferme
1176 4417 1203 4438 et
1213 4410 1329 4438 enfants

430 4463 465 4490 de
490 4470 520 4496 14
543 4469 595 4487 ans
622 4463 650 4485 et
672 4457 689 4484 6
714 4464 778 4488 ans,
801 4450 966 4486 épouserait
989 4447 1156 4476 demoiselle
1178 4456 1215 4475 ou
1240 4455 1330 4474 veuve

430 4496 620 4525 recherchant
637 4491 782 4520 affection.
798 4503 833 4507 —
849 4486 884 4515 N'
902 4487 983 4520 6223.

468 4546 556 4578 Jeune
580 4543 696 4570 homme
715 4549 747 4573 23
764 4547 828 4569 ans,
851 4534 983 4569 employé
1003 4534 1038 4561 de
1058 4533 1182 4566 banque,
1206 4529 1330 4562 sérieux,

432 4574 597 4616 épouserait
613 4578 694 4611 jeune
709 4574 767 4602 fille
782 4570 954 4606 comptable,
975 4569 1122 4603 employée
1138 4567 1171 4594 de
1188 4567 1276 4599 l’état,
1293 4575 1330 4593 ou

433 4622 516 4645 autre
526 4614 676 4642 situation.
696 4626 724 4630 —
743 4609 779 4637 N'
796 4610 879 4642 6224.

469 4665 558 4697 Jeune
588 4663 704 4689 homme
731 4659 768 4686 26
795 4666 859 4689 ans,
884 4654 1001 4688 parlant
1022 4651 1169 4687 plusieurs
1198 4651 1331 4684 langues,

435 4699 536 4728 mutilé
551 4699 587 4725 de
599 4706 702 4732 guerre
718 4704 785 4722 avec
806 4691 939 4726 pension,
965 4687 1081 4716 ouvrier
1106 4696 1217 4720 maçon,
1243 4691 1332 4720 ayant

434 4734 580 4771 propriété
596 4743 630 4760 en
647 4730 776 4763 Tunisie,
802 4724 967 4762 épouserait
990 4722 1156 4751 demoiselle
1170 4721 1290 4756 gentille
1305 4727 1333 4748 et

434 4772 570 4800 honnête.
587 4783 617 4787 —
636 4768 669 4794 N'
687 4768 768 4799 6225.

471 4816 646 4847 Célibataire
668 4824 702 4849 34
725 4823 789 4848 ans,
811 4811 942 4846 employé
968 4809 1003 4837 de
1027 4816 1184 4835 commerce
1206 4809 1220 4832 à
1238 4804 1331 4840 Lyon,

435 4853 578 4884 situation
593 4860 675 4888 9.000
691 4853 726 4876 Ir.
744 4858 795 4882 par
808 4858 855 4880 an,
873 4846 977 4879 petites
994 4842 1154 4871 économies
1168 4840 1332 4876 personnel¬

434 4893 486 4925 les,
503 4894 620 4925 parents
636 4884 843 4920 propriétaires
855 4880 1068 4913 d’immeubles,
1077 4878 1172 4906 désire
1184 4880 1334 4904 connaître

435 4937 508 4962 pour
524 4923 651 4956 mariage
665 4918 832 4948 demoiselle
846 4916 1009 4945 couturière
1028 4925 1064 4941 ou
1090 4913 1199 4948 lingère
1221 4912 1333 4939 aimant

435 4965 460 4991 le
476 4967 644 4990 commerce,
661 4955 742 4983 avoir
771 4955 795 4981 si
820 4953 946 4987 possible
970 4961 976 4985 ;
1001 4959 1106 4978 veuves
1128 4958 1164 4976 ou
1183 4948 1332 4976 divorcées

434 4996 600 5027 s’abstenir.
615 5008 648 5013 —
663 4991 699 5019 N‘
716 4991 797 5017 6226.

470 5056 560 5088 Jeune
573 5053 690 5080 homme
706 5057 739 5083 29
754 5055 817 5078 ans,
833 5045 938 5080 grand,
960 5044 1046 5076 brun,
1067 5041 1210 5071 situation
1234 5048 1332 5075 14.000

432 5092 481 5123 fr.,
511 5089 605 5118 désire
635 5083 762 5117 mariage
791 5091 858 5108 avec
884 5089 1027 5114 personne
1055 5078 1165 5113 grande
1180 5083 1208 5104 et
1228 5077 1330 5107 brune,

432 5125 580 5162 physique
605 5119 747 5157 agréable,
771 5115 912 5144 situation
935 5125 968 5142 en
999 5119 1117 5148 rapport
1146 5118 1173 5139 et
1202 5115 1332 5145 pouvant

432 5161 517 5190 venir
530 5170 567 5187 au
579 5158 676 5185 Maroc
690 5166 698 5188 ;
714 5155 781 5188 âgée
796 5151 831 5179 de
847 5160 879 5185 25
895 5157 909 5178 à
926 5159 959 5184 30
976 5159 1039 5176 ans.
1055 5162 1090 5168 —
1105 5148 1141 5175 N'
1155 5149 1235 5179 6227.

1363 470 1452 502 Jeune
1468 468 1584 495 homme
1600 475 1633 500 33
1644 473 1708 495 ans,
1723 462 1787 489 bien
1799 470 1868 488 sous
1879 465 1944 487 tous
1959 461 2106 491 rapports,
2117 453 2226 481 famille

1330 504 1497 536 honorable,
1521 509 1678 530 commerce
1701 509 1735 526 en
1760 505 1929 529 campagne,
1946 493 2026 521 avoir
2062 500 2162 518 20.000
2178 488 2225 523 fr.,

1329 540 1424 569 désire
1448 538 1576 572 mariage
1600 546 1667 564 avec
1690 532 1856 562 demoiselle
1880 541 1918 559 ou
1939 538 2029 558 veuve
2050 526 2227 559 catholique,

1331 577 1430 609 douce,
1447 575 1629 605 affectueuse,
1647 570 1788 599 situation
1805 577 1839 595 en
1855 571 1985 600 rapport.
2002 579 2035 583 —
2052 563 2076 591 N
2081 569 2086 575 -
2104 562 2184 590 6228.

1370 625 1469 653 Veuve
1484 623 1518 651 de
1533 631 1646 656 guerre,
1667 630 1698 652 50
1713 629 1776 647 ans.
1794 618 1930 649 honnête,
1948 624 1986 641 un
2002 613 2048 640 fils
2067 612 2101 638 de
2120 620 2147 645 15
2165 619 2227 638 ans.

1335 660 1495 689 économies
1512 668 1591 693 5.000
1606 656 1640 684 fr.
1659 662 1686 683 et
1703 653 1844 686 mobilier,
1860 651 1955 679 désire
1972 648 2061 677 union
2077 657 2144 674 avec
2164 644 2235 673 veuf

1335 700 1370 726 de
1385 706 1416 730 50
1431 700 1446 724 à
1462 698 1496 723 60
1511 704 1575 725 ans,
1592 693 1648 720 bon
1665 691 1843 720 travailleur,
1859 688 1893 714 de
1905 685 2067 720 préférence
2082 686 2097 710 à
2112 682 2138 709 la
2154 691 2232 709 cam¬

1336 742 1438 769 pagne,
1457 741 1530 766 pour
1545 729 1585 757 lui
1601 728 1679 756 aider
1695 728 1767 754 dans
1782 725 1904 752 culture.
1922 737 1934 741 -
1950 722 1986 749 N'
2000 722 2082 756 6229.

1375 780 1550 810 Célibataire
1578 787 1613 814 49
1640 786 1703 810 ans,
1734 786 1769 802 au
1800 774 1832 801 P.
1850 772 1883 800 L.
1900 771 1952 805 M.,
1969 779 2052 804 7.000
2065 768 2101 795 fr.
2119 777 2170 801 par
2186 775 2232 798 an,

1339 817 1420 845 avoir
1445 825 1544 851 25.000
1568 815 1604 841 fr.
1626 812 1720 840 désire
1744 809 1872 843 mariage
1895 804 2062 834 demoiselle
2083 813 2120 831 ou
2144 810 2236 829 veuve

1340 863 1408 881 sans
1424 855 1549 885 en'ants,
1567 851 1746 880 charmante,
1763 856 1830 874 avec
1846 843 1937 876 avoir,
1955 845 2074 876 rapport
2089 839 2181 872 d’âge.
2203 851 2234 856 —

1341 890 1377 918 N"
1393 891 1473 924 6230.

1379 935 1580 967 Sous-officier
1594 932 1777 962 d’infanterie
1792 928 1940 960 coloniale,
1959 937 1992 962 34
2007 935 2071 956 ans,
2086 922 2157 952 veuf
2168 930 2237 950 sans

1344 974 1454 1006 enfant,
1471 971 1627 1007 possédant
1643 968 1860 997 établissement
1882 964 1954 992 dans
1979 961 2088 997 grande
2112 959 2179 987 ville
2199 958 2238 984 du

1346 1012 1452 1042 Maroc,
1474 1008 1557 1036 fonds
1582 1004 1772 1040 disponibles,
1799 1001 1893 1029 désire
1918 999 2046 1031 mariage
2069 1005 2135 1023 avec
2157 995 2239 1028 jeune

1345 1046 1404 1074 fille
1417 1046 1453 1073 de
1468 1054 1501 1080 24
1516 1047 1531 1070 à
1548 1053 1580 1077 27
1593 1051 1646 1069 ans
1661 1051 1697 1068 ou
1718 1048 1810 1066 veuve
1833 1045 1902 1064 sans
1931 1034 2042 1066 enfant,
2059 1034 2150 1060 même
2176 1032 2239 1064 âge,

1346 1084 1526 1115 compétente
1542 1088 1615 1113 pour
1632 1077 1706 1104 tenir
1723 1074 1810 1106 hôtel,
1828 1071 1970 1101 situation
1986 1079 2020 1097 en
2041 1072 2171 1102 rapport,
2190 1074 2240 1099 pas

1348 1118 1460 1146 sérieux
1477 1113 1641 1143 s’abstenir.
1658 1127 1692 1132 —
1707 1111 1743 1139 N'
1759 1112 1840 1145 6195.

1385 1165 1562 1196 Célibataire
1577 1165 1610 1198 36
1626 1171 1688 1194 ans,
1714 1163 1886 1195 protestant,
1909 1155 2013 1190 grand,
2034 1153 2159 1184 sérieux,
2179 1153 2245 1184 pré¬

1350 1207 1468 1231 sentant
1483 1201 1560 1233 bien,
1576 1200 1633 1226 bon
1647 1197 1762 1230 métier,
1790 1203 1842 1230 900
1859 1193 1893 1220 fr.
1923 1201 1974 1226 par
1992 1189 2076 1222 mois,
2093 1196 2191 1220 25.000
2208 1186 2244 1213 fr.

1350 1237 1522 1270 économies,
1539 1235 1632 1263 désire
1649 1232 1776 1265 mariage
1795 1239 1861 1258 avec
1882 1229 1964 1262 jeune
1986 1225 2042 1253 fille
2058 1224 2194 1256 sérieuse,
2211 1222 2246 1249 de

1352 1286 1383 1311 25
1397 1279 1412 1303 à
1429 1274 1462 1310 36
1476 1282 1540 1300 ans.
1558 1286 1588 1290 —
1605 1270 1639 1298 N'
1657 1268 1737 1297 6218.

1389 1322 1564 1352 Demoiselle
1592 1328 1624 1355 35
1647 1327 1711 1351 ans,
1728 1314 1904 1348 catholique,
1932 1311 2069 1343 sérieuse,
2098 1307 2248 1340 instruite,

1353 1367 1441 1396 ayant
1457 1359 1516 1388 dot,
1534 1354 1699 1390 épouserait
1713 1351 1861 1380 monsieur
1877 1347 1998 1376 instruit
2020 1352 2047 1372 et
2071 1345 2135 1372 bien
2161 1343 2247 1375 élevé,

1354 1402 1442 1431 ayant
1458 1393 1599 1422 situation
1614 1395 1629 1418 à
1649 1392 1675 1417 la
1701 1388 1778 1422 ville,
1804 1395 1854 1421 pas
1883 1384 1996 1413 sérieux
2022 1380 2190 1409 s’abstenir.
2217 1392 2248 1398 —

1353 1434 1389 1462 N'
1406 1435 1486 1466 6231.

1392 1478 1567 1509 Célibataire
1584 1475 1656 1509 seul,
1673 1484 1707 1509 39
1719 1482 1783 1506 ans,
1804 1470 1926 1505 peintre,
1943 1468 2014 1496 beau
2028 1475 2146 1502 garçon,
2164 1465 2249 1497 brun,

1355 1528 1406 1553 pas
1420 1517 1545 1547 fumeur,
1565 1521 1666 1541 10.000
1683 1511 1718 1537 fr.
1735 1505 1907 1538 économies,
1924 1502 2090 1539 épouserait
2101 1502 2183 1534 jeune
2194 1500 2252 1527 fille

1355 1564 1392 1582 ou
1408 1553 1491 1586 jeune
1505 1559 1597 1577 veuve
1613 1547 1689 1582 jolie,
1705 1543 1895 1578 intelligente,
1922 1549 2037 1575 propre,
2066 1537 2195 1570 gentille,
2216 1545 2252 1563 ne

1356 1588 1512 1624 regardant
1529 1595 1579 1619 pas
1596 1588 1610 1611 à
1627 1583 1653 1610 la
1669 1580 1811 1610 situation
1826 1577 1861 1605 de
1877 1577 2001 1604 fortune.
2018 1589 2051 1593 —
2067 1573 2102 1602 N'
2117 1573 2196 1605 6232.

1393 1636 1542 1665 Monsieur
1558 1633 1681 1663 sérieux,
1699 1631 1732 1665 36
1761 1637 1823 1661 ans,
1840 1626 1905 1655 bien
1920 1624 2155 1659 physiquement,
2179 1621 2252 1649 deux

1358 1673 1445 1710 petits
1459 1679 1582 1707 garçons
1597 1670 1614 1696 6
1628 1674 1656 1694 et
1672 1677 1686 1701 7
1702 1675 1765 1693 ans.
1779 1664 1814 1692 de
1828 1665 1970 1690 caractère
1980 1662 2037 1687 très
2049 1659 2136 1691 doux,
2150 1660 2253 1685 écono¬

1357 1710 1430 1738 mies
1449 1716 1549 1735 20.000
1566 1705 1614 1737 fr.,
1630 1707 1732 1736 gérant
1748 1700 1817 1728 d’un
1830 1697 1923 1733 grand
1941 1695 2083 1729 magasin,
2101 1691 2253 1728 appointe¬

1360 1752 1454 1774 ments
1466 1752 1558 1777 15.000
1570 1741 1617 1774 fr.,
1627 1738 1720 1766 désire
1731 1735 1858 1769 mariage
1867 1743 1934 1761 avec
1942 1730 2108 1760 demoiselle
2117 1729 2251 1759 sérieuse,

1359 1783 1425 1810 bien
1440 1778 1679 1815 physiquement,
1704 1782 1778 1807 pour
1797 1771 1823 1798 le
1845 1768 1983 1797 seconder
2001 1767 2075 1794 dans
2098 1774 2151 1793 son
2175 1774 2254 1792 com¬

1359 1826 1461 1846 merce.
1478 1829 1507 1834 —
1525 1813 1551 1842 N
1556 1819 1562 1826 -
1579 1814 1645 1846 6233

1396 1862 1486 1889 Dame
1502 1858 1633 1886 divorcée
1644 1864 1677 1882 en
1695 1864 1725 1881 sa
1740 1852 1849 1884 faveur,
1867 1849 1932 1877 bien
1944 1857 2011 1876 sous
2025 1853 2090 1874 tous
2106 1850 2252 1879 rapports,

1361 1909 1395 1934 47
1407 1906 1470 1930 ans,
1486 1896 1536 1922 dot
1550 1894 1651 1921 80.000
1666 1889 1714 1921 fr.,
1732 1893 1835 1923 argent
1849 1892 1877 1913 et
1892 1884 2066 1919 propriétés,
2090 1878 2257 1916 épouserait

1362 1932 1511 1961 monsieur
1523 1930 1588 1957 bien
1600 1936 1668 1956 sous
1682 1933 1746 1953 tous
1757 1924 1796 1951 les
1808 1926 1952 1957 rapports,
1963 1919 2080 1946 retraité
2091 1927 2126 1944 ou
2137 1916 2254 1943 rentier.

1362 1985 1393 1989 —
1409 1969 1445 1997 N'
1462 1969 1543 2000 6234.

1398 2014 1488 2046 Jeune
1506 2010 1574 2040 fille,
1588 2018 1618 2042 23
1631 2016 1694 2037 ans,
1710 2004 1885 2037 distinguée,
1897 2000 1963 2028 bien
1974 2008 2043 2027 sous
2060 2004 2125 2025 tous
2136 1996 2177 2024 les
2188 2005 2258 2029 rap¬

1363 2056 1455 2084 ports,
1471 2045 1644 2078 catholique,
1664 2040 1852 2071 musicienne,
1869 2037 2005 2068 sérieuse,
2019 2033 2083 2061 bien
2098 2033 2257 2067 physique¬

1364 2091 1453 2117 ment,
1489 2085 1546 2110 très
1580 2080 1673 2107 bonne
1707 2075 1826 2108 famille,
1857 2072 2048 2105 intelligente,
2073 2068 2257 2100 affectueuse,

1364 2121 1436 2149 belle
1450 2121 1501 2147 dot
1515 2124 1543 2144 et
1557 2118 1737 2150 espérances,
1753 2108 1918 2144 épouserait
1933 2108 2015 2139 jeune
2031 2105 2146 2132 homme
2166 2106 2219 2139 âge
2231 2108 2260 2130 et

1365 2155 1507 2184 situation
1523 2163 1557 2180 en
1574 2156 1702 2185 rapport.
1719 2162 1753 2168 —
1768 2145 1803 2174 N'
1820 2147 1901 2179 6235.

1402 2201 1534 2230 Divorcé,
1552 2196 1628 2227 bien,
1645 2194 1727 2222 libre,
1750 2190 1856 2218 famille
1871 2186 2038 2217 honorable,
2065 2184 2147 2212 sobre
2176 2181 2261 2210 affec¬

1367 2244 1465 2267 tueux,
1481 2235 1576 2262 bonne
1592 2234 1684 2262 santé,
1701 2224 1905 2263 physionomie
1931 2221 2074 2258 agréable,
2104 2219 2261 2247 immeuble

1366 2274 1436 2301 d’un
1453 2274 1573 2304 rapport
1588 2267 1621 2294 de
1638 2274 1718 2300 3.400
1736 2263 1770 2290 fr.
1788 2268 1846 2295 net,
1864 2258 2029 2294 épouserait
2044 2265 2134 2284 veuve
2155 2264 2191 2282 ou
2215 2253 2261 2281 di¬

1368 2311 1468 2336 vorcée
1484 2315 1520 2333 ou
1537 2301 1703 2331 demoiselle
1719 2300 1754 2326 de
1768 2298 1802 2333 48
1818 2301 1831 2324 à
1856 2305 1885 2330 55
1911 2304 1974 2328 ans,
2003 2295 2085 2321 santé
2114 2297 2140 2318 et
2168 2291 2262 2318 bonne

1369 2351 1464 2373 tenue,
1480 2341 1585 2369 femme
1599 2335 1780 2368 d’intérieur,
1796 2338 1885 2368 ayant
1900 2329 1992 2363 avoir,
2008 2328 2034 2357 si
2049 2326 2177 2361 possible
2193 2334 2262 2353 sans

1369 2379 1478 2411 enfant,
1497 2376 1563 2404 ville
1579 2385 1614 2402 ou
1627 2380 1795 2406 campagne,
1808 2368 1970 2402 préférence
1981 2365 2118 2392 brune.—
2131 2362 2167 2389 N.
2179 2363 2261 2396 6236.

1406 2421 1579 2451 Demoiselle
1591 2429 1622 2452 35
1635 2426 1698 2449 ans,
1710 2412 1888 2443 institutrice
1897 2410 2046 2445 publique,
2055 2407 2152 2442 petite,
2160 2407 2262 2439 brune,

1371 2458 1516 2495 physique
1541 2454 1688 2490 agréable,
1717 2452 1807 2478 douce
1834 2454 1863 2475 et
1890 2446 2074 2476 affectueuse,
2099 2441 2264 2476 épouserait

1371 2494 1519 2524 monsieur
1539 2495 1590 2527 âge
1611 2499 1645 2517 en
1665 2492 1794 2521 rapport,
1819 2481 2041 2513 fonctionnaire,
2068 2477 2203 2506 militaire
2229 2476 2263 2504 de

1371 2531 1542 2567 préférence,
1559 2537 1595 2554 ou
1611 2524 1742 2559 employé
1757 2523 1790 2549 de
1803 2521 1923 2548 bureau.
1940 2531 1973 2537 —
1987 2516 2026 2544 N’
2041 2517 2122 2549 6237.

1407 2572 1583 2603 Célibataire
1618 2580 1652 2606 44
1681 2578 1744 2601 ans,
1775 2560 2010 2596 sous-brigadier
2042 2560 2093 2587 des
2123 2558 2263 2589 douanes,

1371 2613 1458 2644 brun,
1479 2608 1603 2640 sérieux,
1625 2604 1704 2633 avoir
1726 2611 1824 2636 30.000
1843 2599 1887 2627 fr.,
1911 2596 2075 2632 épouserait
2099 2592 2265 2621 demoiselle

1371 2658 1407 2675 ou
1436 2655 1526 2674 veuve
1549 2652 1617 2671 sans
1638 2639 1747 2672 enfant,
1771 2638 1806 2665 de
1830 2645 1862 2670 32
1886 2638 1900 2661 à
1921 2644 1955 2669 40
1975 2641 2038 2664 ans,
2066 2630 2201 2658 sérieuse.
2233 2643 2265 2648 —

1371 2684 1405 2712 N'
1421 2682 1503 2715 6238.

1409 2724 1584 2755 Célibataire
1601 2731 1632 2753 50
1648 2729 1711 2751 ans,
1728 2720 1920 2749 commerçant
1937 2723 1970 2740 en
1988 2711 2109 2744 Guinée,
2129 2719 2163 2736 en
2190 2708 2265 2736 train

1372 2765 1406 2791 de
1435 2765 1570 2796 préparer
1604 2755 1729 2792 grandes
1757 2751 1936 2787 plantations
1965 2748 1999 2776 de
2025 2746 2154 2777 caféiers,
2185 2743 2266 2771 avoir

1373 2807 1466 2834 15.000
1482 2797 1529 2828 fr.,
1546 2793 1640 2822 désire
1656 2790 1783 2822 mariage
1799 2797 1834 2814 en
1849 2789 1979 2820 rapport.
1995 2797 2028 2802 —
2044 2782 2070 2810 N
2074 2788 2079 2794 -
2097 2783 2181 2815 6239.

1409 2838 1613 2870 Sous-officier
1628 2836 1662 2863 de
1677 2833 1809 2865 carrière,
1821 2831 1854 2859 28
1865 2839 1930 2863 ans,
1942 2827 2120 2859 traitement,
2133 2826 2220 2859 7.600
2231 2824 2266 2850 fr.

1373 2888 1425 2913 par
1459 2887 1506 2906 an,
1541 2869 1774 2904 correspondrait
1808 2876 1874 2894 avec
1905 2862 2083 2892 institutrice
2116 2870 2152 2888 ou
2187 2865 2268 2887 autre

1374 2913 1479 2948 emploi
1494 2913 1528 2940 de
1544 2920 1577 2937 20
1588 2913 1603 2936 à
1623 2909 1653 2935 28
1668 2916 1732 2934 ans.
1749 2920 1781 2923 —
1797 2904 1831 2931 N‘
1848 2901 1928 2930 6168.

1410 2957 1526 2985 Officier
1541 2956 1576 2982 de
1590 2953 1674 2987 génie
1689 2951 1722 2977 de
1746 2949 1861 2976 l’armée
1889 2944 1993 2974 active,
2024 2952 2056 2976 33
2081 2951 2143 2973 ans,
2174 2939 2267 2966 désire

1375 2994 1503 3027 mariage
1518 3000 1585 3018 avec
1601 2990 1683 3022 jeune
1699 2986 1756 3013 fille
1771 2994 1807 3011 ou
1824 2983 1906 3016 jeune
1921 2989 2011 3007 veuve
2020 2977 2105 3005 aisée.
2119 2991 2129 2995 -
2139 2976 2268 3009 N'6240.

1410 3029 1550 3062 Employé
1575 3026 1625 3052 des
1648 3024 1761 3054 Postes,
1786 3029 1819 3054 34
1840 3027 1904 3051 ans,
1927 3014 2031 3050 grand,
2061 3013 2147 3044 brun,
2177 3011 2276 3045 plutôt

1376 3066 1478 3096 mince,
1497 3071 1597 3090 20.000
1611 3060 1659 3093 fr.,
1680 3054 1843 3089 épouserait
1868 3053 1992 3080 honnête
2017 3056 2158 3084 personne
2182 3050 2271 3081 ayant

1375 3101 1500 3136 qualités
1515 3098 1549 3126 de
1563 3105 1650 3125 cœur.
1668 3109 1680 3114 -
1694 3093 1728 3120 N'
1745 3093 1824 3126 6241.

1411 3153 1596 3182 Cultivateur
1622 3147 1780 3181 distingué,
1808 3140 1982 3174 catholique,
2013 3141 2070 3166 très
2100 3135 2269 3166 affectueux,

1374 3190 1452 3219 veuf,
1468 3190 1543 3216 deux
1558 3185 1673 3213 enfants
1690 3183 1794 3215 placés,
1811 3178 1883 3206 belle
1898 3176 2012 3204 maison
2039 3174 2074 3200 de
2102 3179 2271 3205 campagne,

1375 3226 1515 3260 quelques
1529 3228 1635 3254 rentes,
1653 3220 1677 3246 le
1694 3223 1757 3244 tout
1773 3224 1871 3250 75.000
1894 3216 1930 3239 fr.
1972 3208 2136 3245 épouserait
2162 3204 2271 3233 demoi¬

1376 3262 1443 3289 selle
1467 3270 1503 3287 ou
1535 3267 1625 3285 veuve
1650 3263 1718 3282 sans
1742 3252 1850 3283 enfant,
1880 3246 2055 3280 catholique,
2087 3243 2269 3272 affectueuse,

1374 3298 1409 3325 de
1423 3307 1456 3331 45
1472 3305 1525 3323 ans
1541 3292 1673 3321 environ.
1689 3304 1703 3308 -
1719 3289 1754 3316 N"
1771 3289 1852 3321 6242.

1413 3349 1492 3378 Veuf
1505 3358 1536 3384 50
1552 3356 1613 3374 ans.
1632 3341 1813 3374 cordonnier,
1832 3348 1900 3367 sans
1930 3335 2037 3365 enfant,
2056 3343 2124 3361 sans
2147 3331 2271 3361 fortune,

1377 3389 1519 3415 caractère
1548 3384 1635 3414 doux,
1667 3377 1844 3408 travailleur,
1884 3377 1972 3408 ayant
2001 3369 2149 3400 intérieur,
2180 3365 2273 3394 désire

1379 3422 1468 3451 union
1484 3429 1552 3448 avec
1566 3414 1732 3446 demoiselle
1747 3423 1783 3440 ou
1800 3420 1890 3439 veuve
1911 3417 1980 3436 sans
2007 3405 2117 3434 enfant,
2146 3403 2181 3430 de
2209 3412 2243 3436 30
2258 3403 2274 3427 à

1378 3468 1412 3494 40
1426 3467 1490 3491 ans,
1505 3455 1581 3489 jolie,
1597 3453 1697 3482 douce,
1714 3449 1824 3476 aimant
1840 3455 1893 3474 son
1909 3443 2059 3472 intérieur.
2077 3455 2085 3459 -
2106 3440 2129 3468 N
2135 3446 2140 3452 -
2158 3442 2237 3473 6243.

1415 3512 1518 3540 Comte
1534 3518 1568 3543 34
1583 3515 1645 3537 ans,
1661 3515 1670 3531 1
1691 3514 1729 3530 m.
1743 3513 1786 3538 71,
1799 3504 1857 3529 très
1869 3499 1933 3526 bien
1945 3495 2181 3531 physiquement,
2194 3490 2274 3519 avoir

1381 3557 1478 3582 50.000
1504 3546 1550 3573 fr..
1567 3540 1744 3574 catholique,
1769 3534 1911 3565 situation
1936 3531 2159 3565 indépendante,
2185 3530 2275 3560 épou¬

1379 3584 1468 3612 serait
1484 3582 1566 3615 jeune
1581 3577 1639 3605 fille
1653 3575 1749 3608 noble,
1767 3572 1841 3606 jolie,
1860 3569 2046 3607 distinguée,_
2054 3566 2159 3593 femme
2173 3562 2275 3590 d’inté¬

1379 3620 1466 3649 rieur,
1479 3617 1590 3645 aimant
1603 3619 1762 3646 campagne
1773 3616 1800 3637 et
1809 3612 1917 3642 sports,
1930 3601 2087 3632 discrétion
2101 3600 2273 3628 d’honneur.

1379 3670 1411 3675 —
1428 3655 1463 3682 N’
1490 3655 1569 3686 6244.

1416 3704 1608 3736 Demoiselle?
1621 3711 1653 3737 29
1680 3709 1743 3731 ans,
1771 3697 1907 3727 sérieuse,
1932 3692 2053 3729 grande,
2082 3690 2164 3721 belle,
2191 3687 2275 3719 forte,

1381 3745 1486 3775 brune,
1503 3740 1572 3769 chef
1585 3734 1834 3766 administration,
1851 3731 2017 3759 traitement
2032 3728 2114 3761 6.500
2129 3725 2176 3755 fr.,
2197 3722 2278 3750 avoir

1382 3789 1478 3808 10.000
1494 3777 1541 3806 fr.,
1558 3770 1722 3810 épouserait
1738 3767 1912 3799 célibataire,
1931 3761 2151 3792 fonctionnaire,
2168 3758 2272 3786 indus¬

1381 3815 1455 3848 triel,
1472 3812 1590 3843 officier,
1604 3807 1732 3840 retraité,
1748 3815 1780 3840 30
1795 3808 1811 3832 à
1825 3813 1860 3839 40
1875 3811 1939 3834 ans,
1963 3798 2058 3835 grand
2083 3803 2112 3824 et
2138 3795 2215 3823 bien.
2243 3808 2275 3813 —

1381 3852 1415 3880 N'
1434 3853 1513 3884 6245.

1419 3904 1479 3931 Fils
1497 3901 1615 3934 unique,
1634 3894 1833 3931 propriétaire,
1853 3901 1884 3925 23
1901 3900 1963 3921 ans,
1983 3885 2160 3915 travailleur,
2178 3883 2279 3911 catho¬

1381 3941 1469 3974 lique,
1487 3938 1573 3965 doux,
1591 3933 1712 3963 aimant,
1728 3930 1893 3963 s’occupant
1916 3923 2132 3959 d’agriculture,
2158 3923 2278 3954 épouse¬

1382 3975 1440 4003 rait
1456 3974 1539 4007 jeune
1555 3969 1612 3997 fille
1627 3967 1701 4002 jolie,
1719 3964 1902 3996 affectueuse,
1918 3959 2082 3993 catholique
2099 3957 2124 3984 si
2139 3954 2278 3990 possible,

1382 4015 1470 4046 ayant
1486 4008 1536 4035 dot
1552 4013 1579 4033 et
1594 4002 1816 4031 connaissances
1829 3997 1984 4033 agricoles.
2003 4010 2037 4015 —
2053 3994 2088 4022 N'
2105 3993 2184 4028 6246.

1419 4061 1500 4089 Veuf
1510 4060 1544 4095 48
1556 4068 1619 4091 ans,
1631 4057 1704 4085 deux
1721 4054 1845 4087 enfants,
1864 4062 1902 4080 un
1922 4061 1948 4077 11
1972 4058 2034 4080 ans,
2051 4048 2152 4074 l’autre
2176 4048 2192 4074 6
2213 4056 2282 4078 ans,

1383 4101 1477 4126 bonne
1494 4094 1646 4125 situation,
1674 4090 1835 4126 propriétés
1864 4094 1891 4115 et
1920 4084 2071 4117 intérieur,
2100 4092 2200 4118 40.000
2229 4083 2277 4112 fr.,

1383 4134 1477 4163 désire
1495 4130 1622 4163 mariage
1638 4137 1704 4155 avec
1720 4123 1884 4153 demoiselle
1899 4131 1936 4149 ou
1951 4129 2041 4147 veuve
2055 4129 2086 4153 35
2112 4123 2125 4145 à
2154 4128 2187 4153 45
2214 4127 2276 4147 ans,

1383 4169 1565 4198 affectueuse,
1584 4169 1671 4200 ayant
1688 4164 1778 4190 même
1794 4161 1881 4196 goûts
1897 4166 1932 4184 en
1956 4161 2076 4190 rapport
2090 4165 2097 4188 ;
2125 4153 2212 4182 écrire
2242 4154 2275 4181 de

1382 4206 1468 4235 suite.
1488 4219 1516 4223 —
1533 4203 1568 4230 N'
1585 4203 1665 4241 624y.

1418 4257 1578 4289 Monsieur,
1594 4254 1710 4281 divorcé
1734 4255 1750 4278 à
1771 4259 1824 4278 son
1839 4246 1938 4282 profit,
1953 4246 1989 4280 46
2002 4253 2066 4277 ans,
2083 4253 2151 4271 sans
2167 4242 2277 4276 enfant,

1385 4295 1509 4324 sérieux,
1526 4289 1668 4320 situation
1683 4287 1756 4314 dans
1773 4282 1887 4313 chemin
1902 4282 1936 4309 de
1953 4281 2004 4314 fer,
2030 4279 2134 4307 salaire
2164 4288 2214 4312 300
2241 4278 2276 4305 fr.

1384 4341 1436 4366 par
1453 4329 1536 4361 mois,
1554 4323 1726 4355 économies,
1742 4331 1824 4357 4.000
1837 4319 1886 4351 fr.,
1901 4318 1966 4352 plus
1984 4315 2071 4350 petite
2083 4315 2194 4342 maison
2211 4323 2278 4341 avec

1385 4366 1480 4401 jardin
1498 4365 1571 4392 dans
1586 4361 1703 4392 village,
1719 4357 1821 4384 valeur
1842 4363 1923 4389 3.000
1951 4353 2000 4384 fr.,
2029 4351 2123 4378 désire
2152 4349 2279 4384 mariage

1385 4412 1452 4430 avec
1466 4409 1555 4428 veuve
1571 4406 1638 4425 sans
1654 4393 1763 4424 enfant,
1780 4393 1815 4420 de
1830 4400 1862 4425 35
1879 4392 1894 4416 à
1909 4398 1943 4423 40
1968 4397 2031 4416 ans.
2063 4392 2149 4421 ayant
2175 4385 2277 4419 petites

1384 4436 1546 4465 économies
1562 4442 1598 4460 ou
1615 4430 1703 4466 petite
1718 4427 1873 4462 propriété.
1889 4439 1923 4444 —
1938 4423 1973 4452 N'
1987 4423 2067 4457 6248.

1419 4490 1520 4517 Veuve
1536 4495 1605 4514 sans
1621 4482 1731 4514 enfant,
1746 4491 1780 4517 45
1807 4489 1870 4509 ans,
1894 4476 2060 4509 catholique
2081 4473 2279 4509 pratiquante,

1386 4525 1543 4554 honorable
1560 4520 1678 4550 famille,
1696 4517 1840 4552 physique
1856 4513 1999 4547 agréable,
2017 4519 2138 4538 revenus
2149 4518 2230 4544 7.000
2243 4509 2277 4536 fr.

1386 4571 1454 4589 avec
1468 4558 1583 4593 capital,
1610 4554 1704 4583 désire
1730 4553 1856 4586 mariage
1881 4558 1948 4576 avec
1977 4546 2046 4576 veuf
2072 4555 2139 4573 sans
2169 4544 2278 4576 enfant,

1387 4595 1547 4625 honorable
1562 4591 1682 4623 famille,
1697 4589 1733 4616 de
1745 4597 1777 4624 45
1793 4592 1809 4615 à
1826 4597 1857 4621 52
1873 4595 1938 4616 ans,
1960 4582 2069 4610 rentier
2087 4589 2124 4608 ou
2150 4580 2279 4611 retraité,

1387 4633 1459 4664 seul,
1488 4629 1624 4657 habitant
1643 4626 1731 4661 petite
1755 4624 1832 4655 ville,
1863 4619 2004 4649 situation
2030 4627 2065 4645 en
2091 4621 2220 4650 rapport.
2246 4629 2280 4635 —

1387 4669 1421 4697 N'
1439 4669 1518 4702 6249.

1423 4719 1562 4750 Retraité,
1589 4725 1620 4750 57
1645 4725 1708 4746 ans,
1734 4713 1829 4747 légion
1851 4710 2025 4740 d’honneur,
2053 4705 2125 4737 seul,
2155 4705 2280 4736 divorcé,

1387 4756 1510 4793 pension
1524 4755 1606 4781 6.000
1623 4751 1669 4781 fr.,
1686 4749 1757 4784 petit
1772 4746 1877 4783 capital
1899 4755 1934 4773 en
1954 4753 2015 4775 sus,
2041 4741 2164 4772 sérieux,
2195 4739 2281 4767 affec¬

1387 4801 1483 4821 tueux,
1502 4784 1736 4820 correspondrait
1752 4794 1818 4812 avec
1833 4790 1977 4817 personne
1992 4789 2025 4806 en
2052 4781 2181 4811 rapport,
2212 4784 2280 4802 sans

1387 4828 1496 4859 enfant,
1512 4821 1654 4852 situation
1670 4821 1756 4848 aisée.
1774 4835 1806 4839 —
1822 4819 1857 4846 N'
1874 4819 1954 4851 6250.

1423 4877 1599 4908 Célibataire
1613 4884 1646 4910 45
1663 4884 1727 4906 ans,
1745 4873 1811 4900 bien
1825 4880 1894 4899 sous
1921 4875 1986 4897 tous
2000 4873 2146 4902 rapports,
2162 4863 2282 4892 catholi¬

1387 4927 1452 4951 que,
1469 4912 1656 4947 agriculteur,
1674 4909 1755 4941 libre,
1773 4907 1854 4936 avoir
1873 4914 1988 4933 100.000
2000 4904 2033 4931 fr.
2057 4910 2083 4930 et
2099 4904 2278 4936 espérances,

1387 4948 1550 4986 épouserait
1577 4947 1661 4975 dame
1686 4955 1722 4973 ou
1748 4942 1914 4972 demoiselle
1943 4943 1996 4974 âge
2024 4945 2052 4966 et
2076 4936 2217 4966 situation
2246 4945 2280 4963 en

1386 4991 1517 5021 rapport.
1534 4997 1566 5003 —
1582 4984 1663 5017 6251.

1423 5036 1598 5066 Célibataire
1638 5036 1670 5068 63
1711 5042 1776 5065 ans,
1820 5035 1885 5065 port
1924 5029 2017 5062 jeune,
2059 5023 2279 5055 fonctionnaire,

1389 5083 1485 5109 15.000
1500 5073 1596 5099 francs
1614 5080 1664 5104 par
1678 5079 1724 5101 an,
1744 5068 1836 5098 Paris,
1857 5063 2022 5099 épouserait
2050 5061 2215 5089 demoiselle
2244 5069 2279 5086 ou

1385 5119 1486 5141 veuve,
1500 5107 1589 5139 seule,
1606 5103 1782 5137 catholique,
1808 5101 1953 5138 physique
1982 5098 2125 5132 agréable,
2155 5095 2279 5131 qualités

1385 5145 1508 5173 morales
1525 5148 1552 5170 et
1563 5150 1697 5169 revenus.
1714 5153 1747 5158 —
1763 5137 1788 5167 N
1792 5146 1798 5152 -
1815 5139 1894 5171 6252.

2317 447 2490 475 Instituteur
2506 446 2633 479 retraité,
2653 446 2684 479 58
2700 454 2763 477 ans,
2784 442 2862 474 veuf,
2880 442 2945 469 bien
2962 443 3090 473 portant,
3109 447 3179 465 sans

2281 484 2414 518 charges,
2446 483 2568 518 pension
2602 481 2736 510 annuelle
2763 480 2799 507 de
2828 487 2909 514 4.450
2937 476 2986 508 fr.,
3015 472 3182 508 épouserait

2282 529 2372 547 veuve
2386 519 2421 546 de
2435 528 2550 553 guerre,
2573 518 2647 546 dans
2663 516 2894 550 enseignement,
2908 513 2943 540 de
2957 521 2991 547 40
3018 514 3033 536 à
3056 518 3087 545 55
3116 518 3181 540 ans,

2283 554 2460 587 demoiselle,
2476 555 2569 586 dame,
2587 554 2719 582 divorcée
2741 555 2756 579 à
2780 560 2833 578 son
2858 548 2954 583 profit,
2981 544 3121 574 situation
3150 554 3185 571 en

2284 596 2414 625 rapport.
2432 604 2464 610 —
2480 591 2515 618 N'
2532 592 2613 624 6253.

2321 644 2423 671 Veuve
2438 643 2545 671 officier
2560 643 2723 678 supérieur,
2741 651 2773 674 33
2783 649 2848 672 ans,
2859 638 2934 665 deux
2947 636 3062 663 fillettes
3073 636 3187 661 entrées

2287 680 2396 714 Légion
2412 679 2587 712 d’honneur,
2603 680 2637 706 de
2655 689 2677 706 11
2697 685 2724 704 et
2740 686 2767 703 10
2783 684 2846 707 ans,
2876 672 2997 707 pension
3028 679 3109 705 3.500
3138 668 3185 701 fr.,

2289 722 2383 743 rentes
2404 725 2479 748 1.500
2505 715 2553 748 fr.,
2583 722 2610 742 et
2639 717 2821 748 espérances,
2848 714 2906 737 très
2934 708 3013 734 riche
3042 705 3187 737 mobilier,

2287 752 2408 787 grande,
2425 750 2541 783 blonde,
2558 751 2623 784 jolie
2637 749 2814 783 distinguée,
2827 748 2886 773 très
2907 742 3057 774 instruite,
3074 741 3189 769 recher¬

2288 789 2339 814 che
2354 787 2481 821 mariage
2490 786 2595 814 officier
2611 796 2645 813 en
2662 785 2789 817 activité,
2802 779 3013 809 fonctionnaire
3029 778 3063 805 de
3076 777 3185 804 France

2290 833 2326 850 ou
2343 823 2480 850 colonies.
2496 837 2530 842 —
2546 822 2580 849 N'
2598 831 2678 856 9255.

2365 909 2396 969 A
2415 906 2554 970 TOUS
2575 907 2674 969 LES
2695 900 2970 967 LECTEURS

2294 982 2526 1020 graphologique
2540 982 2689 1009 dévoilant
2698 981 2851 1010 caractère,
2872 976 3032 1011 aptitudes,
3053 974 3191 1008 qualités,

2295 1020 2421 1052 défauts,
2437 1017 2548 1050 avenir,
2564 1024 2630 1050 etc.,
2647 1027 2720 1051 pour
2739 1026 2747 1042 1
2767 1015 2802 1042 fr.
2821 1023 2852 1048 50
2864 1012 3024 1040 seulement
3035 1020 3107 1043 pour
3119 1019 3193 1037 nous

2297 1056 2367 1084 faire
2382 1058 2542 1082 connaître.
2559 1053 2640 1082 Ceux
2656 1053 2706 1087 qui
2722 1050 2869 1079 voudront
2891 1046 3041 1075 bénéficier
3066 1045 3100 1073 de
3123 1052 3195 1073 cette

2297 1090 2447 1127 gracieuse
2463 1089 2563 1117 faveur
2577 1090 2765 1116 adresseront
2789 1085 2929 1120 quelques
2953 1082 3047 1116 lignes
3073 1081 3107 1108 de
3131 1081 3194 1108 leur

2298 1126 2421 1155 écriture
2437 1136 2473 1153 ou
2482 1125 2516 1153 de
2525 1126 2551 1152 la
2561 1133 2704 1160 personne
2713 1124 2752 1150 les
2762 1122 2949 1152 intéressant,
2962 1127 3030 1146 avec
3042 1117 3065 1144 le
3076 1126 3143 1144 nom
3155 1117 3194 1144 du

2300 1162 2423 1196 journal,
2453 1164 2468 1189 à
2498 1161 2538 1188 M.
2574 1159 2746 1190 Bertillaud,
2777 1156 2942 1191 professeur
2968 1152 3133 1187 spécialiste
3162 1153 3197 1179 de

2299 1199 2333 1226 de
2362 1197 2466 1226 l’Ecole
2495 1197 2675 1231 hermétique
2703 1195 2738 1222 de
2767 1192 2864 1225 Paris,
2888 1196 2972 1218 route
2991 1189 3156 1221 Nationale,
3182 1191 3198 1215 à

2304 1233 2447 1261 Belleville
2464 1232 2601 1265 (Rhône).

2304 1314 2827 1382 Renseignements
2846 1306 3201 1386 "“«rtfpei:

2306 1402 2431 1426 sonnes
2462 1398 2495 1425 et
2527 1395 2620 1425 leurs
2650 1392 2809 1423 familles.
2839 1408 2878 1414 —
2907 1390 3033 1426 Agents
3063 1389 3097 1417 et
3125 1385 3202 1416 fila¬

2305 1440 2399 1466 tures
2416 1436 2498 1465 dans
2513 1437 2590 1464 tous
2606 1441 2700 1472 pays.
2718 1449 2755 1454 —
2771 1432 2880 1462 Mariu
2897 1438 2912 1459 s
2928 1430 3088 1463 aeBume,
3103 1426 3122 1456 5
3139 1427 3198 1462 bis,

2306 1484 2369 1506 rue
2384 1475 2612 1512 Henry-Ding,
2629 1475 2648 1504 à
2663 1473 2833 1503 Grenoble
2848 1469 2980 1510 (Isère).

2445 1580 2594 1636 Avis
2634 1593 2751 1633 aux
2785 1575 3062 1632 Abonnés

2348 1691 2445 1720 Nous
2473 1688 2677 1717 conseillons
2703 1693 2779 1715 aux
2804 1689 2995 1719 personnes
3007 1680 3166 1717 pouvant
3179 1681 3208 1709 le

2309 1730 2412 1765 faire,
2440 1730 2480 1758 de
2506 1728 2681 1757 souscrire
2696 1734 2745 1756 un
2768 1723 3002 1755 abonnement
3016 1719 3056 1751 dé
3071 1722 3092 1750 8
3108 1720 3208 1752 mois,

2308 1771 2342 1799 et
2356 1771 2396 1798 de
2408 1768 2615 1803 préférence
2638 1769 2652 1796 1
2670 1773 2730 1796 an.
2746 1767 2837 1795 Elles
2858 1765 2990 1794 auront
3010 1760 3210 1795 l'avantage

2310 1812 2350 1839 de
2365 1817 2407 1838 ne
2418 1815 2485 1843 pas
2495 1809 2624 1842 perdre
2646 1808 2686 1836 de
2707 1813 2772 1835 vue
2796 1813 2846 1835 un
2865 1805 2937 1834 seul
2954 1802 3090 1832 abonné
3115 1800 3147 1830 et
3170 1801 3209 1829 de

2310 1851 2458 1880 réaliser
2472 1855 2541 1878 une
2556 1848 2732 1877 économie
2747 1847 2786 1874 de
2802 1847 2847 1876 20
2862 1844 2910 1878 %•

2351 1943 2455 1973 AVIS.
2488 1957 2524 1963 —
2552 1943 2615 1970 Les
2643 1940 2802 1969 Abonnés
2827 1939 2868 1967 de
2897 1938 2928 1966 la
2946 1936 3085 1966 REVUE
3101 1934 3212 1963 MEN¬

2313 1983 2481 2016 SUELLE,
2507 1980 2659 2011 désirant
2687 1979 2846 2009 recevoir
2868 1977 2898 2005 la
2926 1987 2942 2003 «
2958 1978 3075 2006 Revue
3091 1985 3106 2001 »
3130 1980 3210 2003 sous

2314 2022 2520 2061 enveloppes
2550 2021 2697 2050 fermées
2728 2020 2806 2049 sont
2839 2017 2929 2054 priés
2959 2016 3151 2045 d’adresser
3179 2012 3210 2043 la

2314 2070 2444 2094 somme
2461 2062 2502 2091 de
2516 2062 2536 2091 2
2551 2061 2590 2090 fr.
2608 2068 2650 2090 en
2666 2059 2743 2098 plus
2759 2066 2847 2096 pour
2870 2057 2920 2086 les
2951 2056 3033 2085 frais
3064 2055 3105 2083 de
3130 2053 3213 2084 tim¬

2314 2103 2393 2133 bres
2410 2110 2418 2138 ;
2449 2102 2500 2132 les
2524 2101 2677 2131 abonnés
2705 2101 2783 2128 sont
2811 2097 3007 2134 également
3033 2095 3126 2132 priés
3172 2093 3213 2122 de

2315 2143 2459 2173 timbrer
2487 2143 2579 2171 leurs
2610 2141 2730 2170 lettres
2760 2140 2779 2168 à
2807 2138 2845 2167 25
2861 2139 2949 2167 cent,
2978 2142 3063 2173 pour
3079 2140 3213 2164 corres¬

2315 2184 2447 2223 pondre
2457 2184 2555 2212 entre
2570 2180 2733 2210 abonnés.

2356 2284 2482 2312 Jeunes
2499 2286 2594 2317 gens,
2613 2281 2742 2314 jeunes
2767 2278 2854 2312 filles
2880 2278 2913 2305 et
2941 2281 3026 2304 vous
3054 2275 3130 2303 tous
3158 2273 3218 2308 qui

2316 2323 2448 2353 désirez
2486 2328 2572 2351 vous
2607 2319 2756 2351 marier,
2796 2317 2988 2346 demandez
3025 2315 3055 2343 le
3084 2314 3219 2344 GUIDE

2318 2362 2543 2394 PRATIQUE
2576 2360 2640 2390 DU
2672 2358 2884 2388 BONHEUR
2918 2357 2981 2385 EN
3015 2347 3216 2385 MÉNAGE,

2318 2402 2507 2433 contenant
2521 2402 2578 2430 des
2592 2399 2737 2429 conseils
2749 2398 2818 2427 très
2834 2397 2933 2426 utiles
2940 2401 3035 2430 pour
3042 2396 3072 2423 le
3083 2394 3219 2424 maria¬

2317 2450 2370 2479 ge,
2386 2444 2417 2472 le
2430 2443 2567 2471 volume
2577 2446 2651 2475 par
2663 2440 2693 2468 J.
2713 2429 2943 2468 PÉLISSIER
2963 2434 3124 2470 pouvant
3144 2431 3219 2463 être

2319 2486 2355 2513 lu
2366 2489 2437 2517 par
2453 2482 2526 2511 tout
2541 2482 2569 2509 le
2582 2480 2718 2510 monde.

2360 2524 2528 2552 Adressez
2544 2522 2578 2549 la
2592 2525 2724 2549 somme
2737 2519 2776 2547 de
2787 2520 2808 2547 3
2820 2517 2867 2551 fr.
2886 2518 2930 2546 50
2945 2515 2968 2545 à
2982 2516 3016 2544 la
3030 2514 3220 2544 Directrice

2319 2565 2360 2592 de
2373 2565 2409 2592 la
2423 2562 2573 2591 REVUE
2587 2558 2867 2590 MENSUELLE,
2884 2556 2944 2592 qui
2963 2561 3049 2585 vous
3076 2552 3221 2583 l'adres¬

2318 2610 2401 2633 sera
2414 2603 2544 2638 franco
2557 2602 2598 2630 de
2607 2600 2701 2634 port.

2362 2700 2426 2727 Les
2454 2700 2630 2726 annonces
2658 2695 2746 2722 dans
2775 2693 2810 2720 la
2825 2692 2842 2720 «
2857 2691 2970 2720 Revue
2987 2696 3004 2718 »
3030 2688 3109 2718 sont
3139 2688 3179 2716 de
3199 2687 3221 2716 4

2322 2739 2434 2773 lignes
2449 2743 2496 2764 au
2511 2735 2711 2764 maximun.
2726 2733 2984 2765 Lespersonnes
2999 2729 3058 2764 qui
3071 2727 3224 2756 désirent

2322 2779 2401 2807 leur
2426 2779 2587 2804 annonce
2608 2773 2688 2807 plus
2703 2772 2830 2806 longue
2840 2769 3006 2804 paieront
3019 2773 3069 2796 un
3083 2767 3223 2801 supplé¬

2324 2816 2420 2847 ment
2432 2817 2472 2844 de
2487 2817 2508 2843 3
2523 2813 2571 2849 fr.
2590 2814 2624 2842 la
2640 2813 2741 2847 ligne.

2363 2911 2415 2940 La
2430 2911 2447 2939 «
2459 2910 2572 2939 Revue
2586 2907 2772 2937 Mensuelle
2781 2912 2797 2933 »
2814 2903 2949 2937 accepte
2965 2902 3074 2931 toutes
3090 2906 3224 2930 annon¬

2324 2957 2378 2980 ces
2406 2948 2668 2979 commerciales
2693 2952 2739 2975 ou
2753 2944 2885 2977 autres,
2901 2943 2967 2972 soit
2977 2942 3105 2974 ventes,
3121 2941 3226 2975 fonds

2324 2993 2365 3020 de
2377 2995 2570 3020 commerce
2585 2994 2629 3016 ou
2643 2985 2825 3015 industrie.

2353 3123 2763 3186 ANNONCES
2820 3119 3199 3176 DIVERSES

2331 3262 2355 3316 A
2390 3258 2543 3317 LOUER

2589 3248 2721 3280 maison
2742 3245 2959 3276 d’habitation
2990 3245 3008 3273 à
3034 3243 3068 3272 la
3097 3249 3228 3279 campa¬

2588 3296 2668 3328 gne,
2685 3288 2727 3317 de
2737 3288 2757 3317 6
2771 3288 2792 3316 à
2806 3286 2825 3315 8
2841 3286 2956 3323 pièces
2982 3283 3131 3321 garnies,
3159 3283 3230 3318 jar¬

2328 3334 2396 3369 din,
2411 3332 2569 3363 banlieue
2585 3329 2684 3360 d’une
2706 3327 2810 3365 petite
2832 3325 2923 3361 ville,
2935 3332 3017 3362 pays
3043 3324 3083 3353 de
3108 3322 3229 3352 chasse

2329 3377 2364 3404 et
2379 3374 2420 3403 de
2435 3372 2555 3411 pêche.
2573 3385 2592 3392 -
2608 3371 2636 3400 N
2642 3378 2648 3384 -
2668 3368 2715 3398 10.

2332 3430 2357 3484 A
2392 3430 2396 3460 I
2423 3427 2461 3470 fil
2476 3426 2547 3462 ICD
2595 3417 2835 3456 appartement
2869 3414 2887 3444 4
2919 3413 3034 3451 pièces
3077 3410 3228 3449 garnies.

2392 3451 2549 3484 LUULn
2592 3459 2613 3488 2
2627 3457 2821 3489 chambres,
2839 3455 2923 3484 salle
2939 3457 2956 3482 à
2974 3459 3127 3489 manger,
3155 3451 3230 3481 cui¬

2330 3503 2417 3538 sine,
2435 3499 2613 3534 vestibule,
2622 3496 2867 3529 water-closet,
2879 3493 3014 3524 cabinet
3030 3492 3070 3521 de
3087 3490 3228 3521 toilette.

2330 3559 2348 3566 -
2364 3544 2404 3574 N-
2423 3543 2472 3572 11.

2636 3585 2765 3625 grande
2799 3582 2975 3623 propriété
3008 3581 3232 3619 comprenant

2636 3626 2788 3657 maisons
2803 3624 2844 3654 de
2852 3623 2976 3653 maître
2985 3624 3019 3652 et
3028 3621 3069 3651 de
3077 3619 3229 3651 fermier.

2331 3672 2413 3702 Prix
2428 3672 2447 3700 à
2464 3670 2628 3700 débattre.
2645 3682 2665 3690 -
2679 3666 2708 3696 N
2714 3674 2720 3680 -
2739 3665 2787 3694 12.

2335 3727 2360 3782 A
2399 3726 2423 3768 V
2432 3726 2455 3767 F
2466 3726 2490 3767 N
2501 3726 2526 3766 Fl
2535 3724 2558 3766 R
2568 3723 2592 3765 F
2636 3715 2743 3755 ?otite
2772 3713 2881 3743 ferme
2913 3711 3137 3747 comprenant
3167 3711 3234 3738 ter-

2403 3751 2418 3781 V
2432 3755 2455 3781 L
2466 3749 2490 3781 IN
2502 3749 2525 3780 U
2535 3748 2558 3780 fl
2568 3752 2592 3779 L
2639 3755 2731 3785 rains
2748 3757 2783 3784 et
2799 3753 2929 3783 maison
2955 3748 3175 3780 d’habitation
3191 3749 3233 3779 de

2332 3799 2486 3831 fermier.
2503 3797 2584 3828 Prix
2601 3804 2608 3826 :
2625 3794 2739 3826 20.000
2751 3793 2793 3823 fr.
2810 3808 2831 3815 -
2844 3793 2874 3822 N
2879 3800 2885 3806 -
2904 3791 2953 3820 13.

2641 3844 2772 3874 maison
2782 3840 3000 3871 d’habitation
3009 3839 3092 3868 dans
3099 3837 3234 3874 village,

2642 3892 2725 3915 avec
2739 3884 2758 3912 4
2772 3883 2791 3912 à
2805 3882 2824 3912 5
2839 3881 2997 3912 hectares
3015 3879 3056 3909 de
3072 3878 3231 3908 terrains.

2333 3929 2415 3960 Prix
2431 3930 2448 3958 à
2465 3927 2628 3957 débattre.
2646 3941 2665 3947 -
2680 3925 2721 3954 N-
2740 3923 2788 3953 14.

2338 3983 2532 4042 GRANDS
2561 3980 2668 4037 VINS
2702 3975 2965 4036 MOUSSEUX
3010 3974 3233 4003 marques

2335 3599 2359 3654 A
2398 3595 2591 3653 VENDRE

2336 3856 2360 3912 A
2402 3853 2595 3910 VENDRE

2335 4067 2417 4088 avec
2442 4058 2491 4087 les
2517 4056 2592 4095 plus

2334 4099 2502 4130 modérés.
2520 4113 2540 4118 -
2554 4096 2594 4125 N-

2336 4156 2360 4210 A
2400 4151 2593 4209 VENDRE

2336 4244 2359 4298 A
2403 4238 2597 4297 VENDRE

2331 4314 2536 4346 CHABAUD.

2336 4372 2360 4426 A
2400 4366 2594 4425 VENDRE

2622 4053 2747 4091 grands

2614 4095 2662 4124 15.

3010 4007 3156 4037 rivalis
3167 4008 3235 4036 ant

2778 4052 3020 4088 champagnes.
3054 4047 3132 4077 Prix
3163 4048 3233 4076 très

2638 4140 2789 4172 terrains
2809 4146 2897 4177 pour
2924 4138 2956 4166 la
2985 4134 3232 4166 construction.

2638 4177 2940 4217 Paris-Plage,site
2955 4176 3138 4206 ravissant.
3150 4175 3235 4205 N'16

2641 4229 2857 4260 lotissement
2873 4226 2913 4255 de
2929 4224 3077 4254 terrains
3101 4224 3118 4253 à
3133 4225 3234 4253 Arca-

2642 4270 2741 4300 chon.
2758 4284 2797 4289 —
2812 4265 3007 4296 S’adresser
3022 4265 3041 4294 à
3061 4265 3150 4294 Mme
3168 4264 3234 4294 Vve

2635 4357 2727 4387 belle
2755 4355 2910 4384 carrière
2945 4353 2986 4383 de
3020 4352 3156 4392 pierres
3193 4353 3235 4382 de

2635 4397 2730 4427 taille
2746 4394 2885 4425 debelle
2895 4393 3031 4431 qualité.
3041 4392 3235 4422 S’adresser

2335 4445 2354 4474 à
2381 4441 2569 4472 Directrice
2598 4441 2713 4469 Revue
2745 4436 2939 4470 Mensuelle,
2971 4434 2990 4463 à
3018 4433 3236 4462 Montélimar

2333 4481 2496 4522 (Drôme).

2337 4537 2408 4576 \/n|
2422 4537 2443 4574 Il
2469 4532 2641 4574 F7-\/mi
2651 4534 2658 4555 <
2658 4526 2673 4571 s
2719 4526 2861 4553 trouver
2888 4530 2933 4552 un
2962 4522 3138 4560 logement
3163 4522 3182 4551 à
3204 4522 3236 4550 la

2343 4562 2525 4594 VUULLZ.
2556 4559 2674 4589 VUUO
2720 4570 2907 4600 campagne
2949 4569 2993 4592 ou
3035 4568 3077 4592 en
3115 4560 3237 4591 ville?

2335 4611 2606 4641 Adressez-vous
2629 4606 2647 4634 à
2676 4604 2760 4633 Mme
2792 4604 2858 4631 Vve
2882 4603 3086 4637 CHABAUD,
3116 4602 3233 4631 Direc¬

2334 4649 2422 4681 trice
2451 4649 2492 4678 de
2518 4648 2550 4676 la
2578 4647 2596 4676 «
2619 4647 2735 4675 Revue
2747 4644 2931 4673 Mensuelle
2955 4652 2973 4669 »
3014 4641 3072 4679 qui
3109 4648 3237 4679 pourra

2336 4691 2515 4727 s’occuper
2530 4686 2735 4723 moyennant
2751 4681 2969 4717 rétribution,
2987 4681 3028 4711 de
3043 4689 3127 4711 vous
3136 4684 3235 4711 trou¬

2335 4737 2396 4760 ver
2411 4736 2456 4759 un
2472 4727 2657 4765 logement.

2336 4787 2423 4855 U
2459 4786 2518 4826 DT
2530 4785 2564 4825 D
2578 4785 2612 4824 17
2624 4782 2703 4823 PT
2714 4780 2818 4822 DÎT
2832 4774 2863 4819 CT
2913 4774 2952 4803 de
2984 4775 3013 4803 la
3049 4772 3236 4804 “Revue"

2460 4808 2660 4852 UlrUAU
2677 4806 2691 4849 I
2711 4804 2865 4847 fULiCi
2911 4816 3013 4850 ayant
3054 4813 3131 4843 loué
3169 4819 3237 4842 une

2337 4861 2417 4892 villa
2432 4861 2451 4891 à
2466 4861 2498 4890 la
2521 4864 2709 4895 campagne
2723 4862 2806 4884 avec
2821 4854 2929 4892 grand
2939 4853 3068 4892 jardin,
3085 4853 3150 4883 site
3166 4853 3236 4881 très

2337 4900 2510 4940 agréable,
2541 4904 2624 4936 pays
2655 4895 2695 4925 de
2723 4894 2844 4924 chasse
2870 4896 2904 4923 et
2933 4897 2973 4923 de
3000 4893 3115 4929 pêche.
3130 4893 3237 4921 Sous-

2336 4940 2485 4973 louerait
2501 4937 2741 4977 appartement
2754 4933 2854 4972 garni
2871 4942 2878 4970 ;
2896 4932 3102 4963 détaillerait
3119 4932 3236 4969 pièces

2375 5040 2422 5068 La
2436 5033 2796 5068 Directrice-Gérante
2812 5039 2820 5060 :
2855 5032 2971 5060 Veuve
2994 5029 3197 5059 CHABAUD.
