3536 5552
117 219 140 256 r

2568 218 2630 281 àp
2657 214 2695 250 .B
2704 213 2900 249 anvier

411 816 486 911 ^
521 816 564 894 \\
617 810 652 891 p
651 816 844 884 Liste
873 813 1322 869 d’Annonces
1351 799 1926 864 Matrimoniales
1957 801 2023 852 et
2051 795 2500 851 d’Annonces
2530 789 2856 846 Diverses

387 913 522 954 (Ftonds
559 912 605 943 de
641 917 868 947 commerce,
914 907 1108 945 industrie,
1146 907 1253 936 vente
1296 900 1565 937 d’immeubles,
1609 896 1778 934 location,
1816 892 2010 931 échange).
2120 885 2155 917 —
2260 883 2504 917 Paraissant
2541 882 2578 915 le
2616 883 2633 913 1
2639 888 2673 905 er
2707 882 2753 913 de
2796 882 2951 923 chaque
2985 878 3099 911 mois.

403 953 715 1021 LÂbmmriïfnt
729 980 767 1016 et
785 979 832 1016 de
852 975 963 1021 TRENTE
985 973 1097 1025 FRANCS
1111 986 1217 1025 pour
1233 973 1262 1012 3
1279 973 1395 1019 mois,
1417 966 1573 1026 QUARANTE
1592 963 1704 1014 FRANCS
1719 975 1826 1014 pour
1842 961 1868 1000 4
1887 962 1988 999 mois
2010 961 2048 998 et
2066 955 2226 1015 CINQUANTE
2246 953 2357 1005 FRANCS
2372 966 2477 1005 pour
2495 954 2521 992 6
2540 954 2641 991 mois
2661 953 2847 990 donnant
2864 953 2970 990 droit
2989 953 3013 989 à
3033 962 3110 988 une

352 1050 583 1100 inscription
602 1046 779 1097 gratuite
797 1056 868 1083 sur
886 1055 952 1082 ma
971 1043 1072 1081 liste.
1099 1042 1136 1079 -
1157 1041 1228 1079 Les
1242 1047 1445 1078 annonces
1459 1036 1553 1073 sont
1571 1034 1620 1072 de
1639 1033 1778 1082 quatre
1797 1031 1926 1079 lignes
1946 1027 2177 1065 maximum.
2201 1022 2239 1068 —
2261 1022 2303 1067 Le:
2317 1021 2395 1080 ligne!
2409 1020 2621 1079 supplémentaires
2637 1021 2689 1064 sont
2704 1021 2789 1076 payées
2806 1021 2820 1063 i
2834 1019 2914 1064 raison
2930 1017 2956 1063 de
2972 1017 2986 1063 3
3002 1016 3032 1063 fr.
3048 1016 3073 1062 la
3086 1016 3161 1075 ligne.

819 1109 916 1141 Pour
947 1107 1155 1146 l’Etranger
1172 1117 1178 1136 :
1208 1104 1230 1136 3
1263 1104 1368 1142 mois,
1399 1100 1451 1132 35
1482 1100 1625 1131 francs.
1669 1114 1706 1119 —
1748 1096 1772 1127 4
1799 1095 1902 1132 mois,
1919 1092 1972 1124 45
2003 1092 2146 1122 francs.
2189 1106 2227 1110 —
2272 1088 2293 1119 6
2323 1088 2427 1125 mois,
2469 1085 2520 1117 55
2550 1086 2693 1116 francs.

780 1178 960 1217 Adresser
981 1176 1119 1215 Lettres
1134 1176 1167 1214 et
1188 1172 1366 1212 Mandats
1386 1171 1407 1209 à
1427 1169 1533 1208 Mme
1561 1167 1691 1206 Veuve
1724 1160 1993 1206 CHABAUD,
2016 1158 2218 1198 Directrice
2237 1157 2284 1195 de
2305 1155 2338 1197 la
2358 1155 2496 1196 Revue
2515 1153 2736 1193 Mensuelle

1274 1240 1334 1283 18,
1371 1237 1452 1278 Rue
1470 1232 1740 1278 Sainte-Croix,
1760 1229 2004 1273 Montélimar
2036 1225 2210 1275 (Drôme)

389 1356 481 1384 Notre
494 1364 592 1382 œuvre
606 1363 623 1381 a
636 1357 711 1388 pour
725 1353 774 1380 but
789 1353 822 1379 de
837 1353 921 1379 venir
933 1361 968 1378 en
982 1351 1047 1377 aide
1057 1360 1117 1376 aux
1121 1349 1256 1382 familles

354 1393 404 1428 qui
419 1392 545 1418 désirent
558 1390 666 1417 marier
681 1390 759 1416 leurs
776 1391 900 1421 enfants,
918 1396 978 1414 aux
995 1395 1101 1413 veuves
1117 1385 1167 1420 qui
1183 1395 1253 1411 vou¬

354 1428 468 1456 draient
483 1437 512 1454 se
526 1425 674 1457 remarier,
692 1434 752 1451 aux
780 1424 931 1459 orphelins
962 1426 986 1448 et
1015 1431 1075 1448 aux
1103 1421 1255 1448 messieurs

355 1464 407 1499 qui
419 1466 519 1490 rêvent
532 1462 567 1488 de
580 1471 611 1488 se
617 1461 725 1495 fonder
739 1469 779 1486 un
786 1462 886 1495 foyer,
899 1468 956 1485 une
963 1457 1095 1490 famille.

391 1507 483 1536 Notre
497 1515 595 1534 œuvre
608 1515 673 1533 sera
692 1506 857 1540 approuvée
876 1506 930 1538 par
946 1506 1010 1530 tous
1040 1510 1091 1528 nos
1120 1501 1254 1527 abonnés,

359 1543 505 1579 lorsqu'ils
520 1546 643 1569 sauront
655 1540 742 1576 qu'ils
757 1544 883 1574 peuvent
898 1543 1015 1566 trouver
1040 1539 1131 1574 grâce
1146 1539 1162 1563 à
1177 1540 1258 1562 notre

356 1589 508 1612 concours,
525 1579 552 1605 le
565 1587 667 1613 moyen
681 1577 715 1604 de
728 1577 872 1603 semarier
882 1575 964 1602 selon
975 1574 1053 1601 leurs
1067 1576 1155 1608 goûts
1159 1573 1165 1606 ,
1180 1573 1259 1598 leurs

359 1625 428 1643 vues
443 1620 469 1642 et
483 1615 562 1642 selon
579 1615 642 1640 leur
657 1612 813 1640 condition.

394 1659 476 1688 Nous
491 1659 591 1694 prions
607 1659 647 1685 les
664 1657 764 1684 Dames
780 1660 805 1682 et
821 1657 862 1682 lés
877 1654 1035 1681 Messieurs
1060 1653 1093 1679 de
1115 1661 1184 1679 nous
1210 1661 1258 1678 en¬

361 1705 447 1731 voyer
463 1696 491 1722 le
504 1695 572 1729 plus
586 1693 738 1720 d’abonnés
752 1691 890 1725 possible,
907 1689 968 1726 afin
983 1699 1036 1724 que
1056 1693 1136 1715 notre
1163 1696 1261 1714 œuvre

360 1731 559 1767 s’agrandisse
574 1734 600 1756 et
614 1729 709 1764 puisse
720 1731 775 1763 par
789 1737 820 1754 ce
834 1736 935 1760 moyen
944 1725 1082 1758 faciliter
1097 1723 1214 1750 nombre
1229 1723 1261 1748 de

361 1767 508 1802 mariages
524 1771 550 1792 et
558 1766 641 1798 faire
657 1765 684 1791 le
697 1764 765 1798 plus
789 1762 948 1789 d'heureux
963 1759 1099 1795 possible,
1116 1769 1166 1786 car
1194 1758 1261 1785 c'est

362 1812 418 1830 une
428 1802 519 1829 bonne
536 1801 632 1828 action
647 1810 700 1835 que
713 1808 784 1826 vous
791 1800 880 1832 fere\
908 1807 942 1823 en
969 1800 1151 1831 propageant
1182 1799 1262 1821 notre

361 1847 467 1871 œuvre,
484 1846 552 1865 vous
560 1845 631 1863 nous
651 1836 765 1869 aidere^
783 1834 863 1861 ainsi
877 1835 893 1859 à
909 1832 1074 1859 contribuer
1087 1840 1124 1857 au
1135 1830 1262 1857 bonheur

360 1875 408 1902 des
416 1873 552 1907 familles
566 1873 617 1907 qui
626 1871 751 1897 désirent
762 1875 879 1897 trouver
888 1879 928 1895 un
938 1871 1034 1902 époux
1044 1876 1080 1894 ou
1091 1876 1146 1893 une
1156 1869 1263 1900 épouse

362 1914 436 1945 pour
455 1910 534 1936 leurs
550 1910 664 1942 enfants
668 1916 672 1937 ,
691 1915 751 1933 aux
767 1914 872 1932 veuves
891 1914 931 1930 un
946 1904 1072 1935 soutien,
1102 1905 1120 1929 à
1138 1902 1259 1935 l'orphe¬

363 1947 407 1973 lin
422 1955 461 1971 un
468 1948 557 1980 foyer
573 1948 599 1970 et
614 1953 650 1970 au
666 1943 839 1969 relèvement
853 1941 885 1966 de
901 1940 930 1966 la
947 1939 1056 1966 France
1083 1938 1134 1972 qui
1161 1937 1252 1964 donne
1255 1958 1261 1970 ,

362 1986 417 2017 par
433 1982 473 2008 les
488 1980 632 2015 mariages
640 1977 773 2011 féconds,
790 1977 837 2003 des
853 1976 962 2002 soldats
976 1978 993 2001 à
1010 1976 1038 2001 la
1055 1973 1158 2001 Patrie
1173 1978 1199 1999 et
1214 1973 1264 2007 qui

361 2020 425 2049 font
438 2017 487 2043 des
499 2017 616 2048 femmes
630 2010 665 2040 de
678 2014 784 2040 bonnes
795 2016 884 2039 mères
899 2012 933 2037 de
940 2012 1072 2044 famille.

400 2060 477 2090 C'est
491 2062 561 2087 dans
577 2069 608 2086 ce
622 2058 672 2086 but
686 2067 739 2093 que
754 2066 825 2083 nous
845 2065 935 2083 avons
942 2055 1036 2089 fondé
1053 2055 1082 2082 la
1098 2054 1112 2081 «
1128 2052 1265 2081 REVUE

365 2095 607 2125 MENSUELLE
623 2102 647 2121 ».

401 2141 486 2170 Nous
501 2150 536 2167 ne
550 2144 648 2167 tenons
664 2142 716 2173 pas
732 2147 787 2165 une
799 2146 910 2173 agence
921 2135 1137 2162 matrimoniale
1157 2137 1181 2160 et
1195 2143 1266 2159 nous

366 2189 400 2205 ne
414 2181 538 2212 prenons
551 2184 662 2203 aucune
676 2174 859 2201 commission
871 2181 922 2198 sur
939 2172 967 2199 la
986 2172 1041 2198 dot.
1079 2170 1163 2196 Voici
1189 2178 1265 2196 com¬

366 2217 441 2241 ment
456 2222 527 2240 nous
541 2211 695 2247 procédons
710 2221 715 2237 :

408 2257 485 2285 Vous
500 2265 570 2283 nous
590 2255 757 2289 indiquerez
770 2252 884 2279 d'abord
900 2256 979 2279 votre
993 2253 1061 2287 âge,
1079 2254 1158 2277 votre
1172 2249 1267 2276 situa-

368 2293 602 2326 tiondefortune,
611 2295 690 2318 votre
700 2289 873 2324 profession,
885 2287 1020 2314 votredot
1024 2286 1088 2319 fvos
1100 2289 1267 2320 espérances

368 2334 394 2356 et
408 2338 440 2357 ce
452 2338 507 2363 que
521 2327 592 2354 vous
619 2326 799 2353 désireet
828 2333 897 2350 nou*
926 2332 997 2350 vous
1025 2322 1190 2349 inscrivons
1218 2330 1269 2347 sur

367 2369 448 2393 notre
463 2365 540 2397 liste,
557 2366 630 2396 pour
642 2362 714 2388 trois
728 2361 800 2388 mois
804 2364 810 2395 ,
822 2364 876 2395 par
889 2369 945 2385 une
960 2367 1088 2385 annonce
1102 2367 1155 2392 que
1162 2357 1196 2393 je
1203 2356 1269 2389 fais

368 2401 529 2428 moi-même
542 2403 568 2425 et
583 2407 653 2425 nous
669 2406 739 2424 vous
752 2397 879 2423 donnons
894 2405 934 2421 un
946 2397 1061 2421 numéro
1064 2393 1181 2425 faisant
1193 2393 1269 2419 suite

368 2440 386 2464 à
400 2440 473 2463 cette
484 2444 621 2462 annonce.
638 2432 716 2460 C'est
728 2439 782 2466 par
795 2432 822 2458 le
836 2440 938 2465 moyen
952 2430 986 2456 de
1013 2439 1046 2456 ce
1073 2432 1188 2455 numéro
1217 2437 1271 2462 que

369 2481 440 2500 vous
455 2475 566 2506 pouvez
580 2468 788 2503 correspondre
801 2476 871 2494 avec
883 2471 947 2493 tous
959 2466 999 2492 les
1016 2465 1139 2492 abonnés
1150 2465 1182 2491 de
1193 2468 1271 2490 notre

369 2509 445 2535 liste.

404 2552 534 2586 Lorsque
549 2559 620 2577 vous
633 2549 745 2575 désirez
758 2546 964 2583 correspondre
978 2555 1048 2572 avec
1058 2554 1098 2571 un
1113 2544 1222 2571 abonné
1244 2548 1271 2570 et

369 2597 423 2623 que
437 2597 507 2614 vous
523 2595 598 2621 ave%
611 2584 710 2612 choisi
724 2583 795 2610 dans
820 2584 850 2609 la
869 2582 995 2609 Revue
1020 2579 1218 2607 Mensuelle
1245 2580 1272 2605 le

369 2624 449 2659 parti
463 2623 514 2658 qui
523 2631 592 2649 vous
601 2620 707 2656 plaîtle
713 2619 781 2654 plus
795 2618 873 2645 voici
887 2621 1025 2644 comment
1040 2625 1114 2643 vous
1120 2615 1255 2650 procédez
1264 2627 1271 2640 :

708 2679 899 2708 EXEMPLE
917 2692 923 2705 :

415 2737 528 2768 Jeune
544 2733 700 2771 homme,
728 2730 771 2762 30
791 2738 869 2765 ans,
891 2729 963 2761 très
990 2728 1084 2760 belle
1106 2726 1272 2759 situation

372 2781 462 2812 dans
481 2775 669 2815 industrie,
691 2778 838 2817 rapport
854 2774 895 2805 10
906 2773 925 2805 à
943 2771 1068 2804 12.000
1083 2772 1143 2811 fr.,
1156 2770 1273 2803 désire

374 2823 531 2864 mariage
552 2830 595 2852 en
616 2821 773 2860 rapport.
791 2836 834 2840 —
855 2817 975 2849 Ecrire
994 2816 1035 2847 N-
1060 2815 1094 2848 2.

550 2882 596 2905 ou

417 2926 629 2960 Demoiselle
655 2925 698 2956 25
735 2932 812 2965 ans,
848 2921 1016 2954 situation
1051 2921 1094 2953 de
1133 2922 1273 2953 fortune

372 2972 498 3007 25.000
516 2971 649 3008 francs,
666 2972 734 3001 etc.
757 2986 798 2990 —
819 2966 941 2999 Ecrire
957 2966 997 2997 N-
1023 2968 1056 2998 4.

418 3026 517 3059 Vous
529 3023 578 3056 lui
590 3022 726 3056 écrivez
739 3021 969 3053 vous-même
982 3028 1028 3052 ou
1044 3018 1147 3052 faites
1162 3017 1274 3051 écrire

374 3079 439 3114 par
459 3068 653 3112 quelqu’un
683 3067 728 3099 de
755 3069 853 3098 votre
879 3063 1028 3103 famille,
1057 3072 1101 3096 en
1132 3062 1276 3105 signant

376 3116 420 3149 de
439 3118 539 3147 votre
556 3111 719 3151 numéro,
736 3114 770 3143 et
785 3118 872 3142 vous
887 3111 1014 3141 mettez
1029 3117 1090 3140 sur
1105 3107 1276 3140 l’adresse

375 3157 545 3193 cachetée
561 3160 595 3190 et
605 3155 751 3189 timbrée
765 3155 798 3187 le
811 3154 962 3187 numéro
975 3153 1018 3184 de
1034 3153 1066 3185 la
1081 3160 1272 3194 personne,

376 3204 565 3237 deuxième
585 3200 795 3242 enveloppe,
816 3207 905 3231 avec
923 3206 984 3231 ces
994 3196 1168 3239 quelques
1184 3199 1276 3228 mots

378 3258 439 3282 sur
449 3257 517 3280 une
530 3250 626 3279 carte
642 3254 685 3277 ou
700 3253 745 3276 un
759 3244 845 3276 bout
856 3243 899 3275 de
909 3241 1033 3285 papier
1043 3241 1133 3274 ainsi
1143 3240 1274 3273 libellé:

378 3305 397 3324 «
414 3291 595 3326 Monsieur
611 3299 657 3322 ou
671 3289 849 3327 Madame,
862 3296 907 3319 ou
920 3285 1188 3319 Mademoiselle
1201 3286 1274 3317 X...

378 3338 491 3380 (votre
516 3345 598 3369 nom
614 3338 648 3367 et
668 3337 767 3366 votre
787 3331 952 3374 numéro)
966 3330 1041 3373 prie
1061 3331 1224 3363 Madame
1243 3330 1278 3362 la

378 3379 569 3416 Directrice
591 3380 633 3412 de
650 3379 684 3411 la
700 3379 818 3411 Revue
828 3378 871 3409 de
892 3376 980 3409 faire
1001 3374 1166 3417 parvenir
1185 3376 1277 3406 cette

378 3428 483 3460 lettre
498 3426 517 3458 à
537 3424 585 3457 tel
606 3423 755 3456 numéro
777 3434 794 3451 »
811 3426 847 3454 et
862 3430 950 3453 vous
969 3420 1137 3452 cachetez
1153 3423 1187 3451 et
1197 3418 1277 3451 tim¬

378 3473 460 3504 brez
487 3472 579 3503 cette
615 3466 803 3500 deuxième
835 3465 1031 3506 enveloppe
1067 3463 1086 3496 à
1122 3463 1278 3506 laquelle

378 3524 467 3548 vous
488 3516 614 3546 mettez
630 3521 713 3544 mon
735 3511 893 3548 adresse,
916 3513 951 3542 et
975 3507 1125 3541 aussitôt
1157 3517 1277 3547 reçue,

379 3560 414 3597 îe
434 3557 547 3591 défais
563 3558 598 3589 la
626 3555 802 3599 première
828 3554 1039 3596 enveloppe,
1071 3552 1216 3595 j’efface
1245 3551 1278 3584 le

381 3603 530 3637 numéro
552 3602 596 3634 de
617 3602 650 3634 la
670 3599 859 3632 deuxième
879 3603 913 3631 et
934 3602 1024 3630 mets
1045 3598 1214 3629 l’adresse
1236 3597 1279 3628 de

380 3649 416 3681 la
435 3655 612 3689 personne
628 3648 662 3678 et
680 3643 869 3686 réexpédie
884 3643 921 3675 la
935 3644 1050 3676 lettre.
1073 3642 1172 3674 Vous
1189 3650 1280 3682 pou¬

381 3701 442 3726 vez
459 3690 718 3732 correspondre
733 3697 820 3721 avec
831 3692 910 3720 tous
931 3696 995 3720 nos
1017 3686 1175 3719 abonnés
1198 3694 1280 3718 sans

382 3745 470 3770 vous
486 3734 575 3768 faire
590 3735 790 3767 connaître.
827 3732 875 3765 Ce
909 3732 998 3765 n’est
1030 3740 1099 3773 que
1136 3731 1280 3772 lorsque

382 3789 472 3814 vous
490 3788 594 3813 aurez
615 3778 677 3811 fait
696 3780 795 3811 votre
815 3776 935 3816 choix,
971 3785 1040 3818 que
1078 3784 1166 3807 vous
1193 3783 1280 3806 vous

384 3826 520 3858 donnez
542 3822 813 3855 mutuellement
830 3824 928 3853 votre
949 3819 1119 3853 véritable
1136 3819 1280 3852 adresse

383 3873 418 3903 et
437 3877 506 3911 que
540 3877 627 3900 vous
665 3875 752 3899 vous
793 3866 965 3907 ménagez
1004 3873 1073 3897 une
1112 3867 1282 3896 entrevue

382 3922 473 3957 pour
490 3911 633 3946 décider
653 3912 696 3944 de
713 3913 810 3944 votre
832 3913 917 3943 sort.

420 3984 459 4011 Le
474 3984 544 4019 prix
574 3983 607 4009 de
618 3986 697 4009 notre
726 3981 913 4008 abonnement
944 3985 983 4007 est
1010 3980 1043 4006 de
1064 3984 1155 4007 trente
1177 3981 1284 4014 francs

382 4024 456 4056 pour
483 4019 554 4046 trois
569 4020 640 4045 mois
667 4022 692 4044 et
712 4018 866 4051 cinquante
870 4019 976 4049 francs
999 4019 1072 4050 pour
1095 4016 1144 4041 six
1167 4014 1238 4041 mois
1258 4019 1284 4040 et

383 4065 453 4084 vous
465 4063 535 4082 avez
545 4054 619 4080 droit
635 4056 651 4080 à
666 4056 726 4079 être
739 4052 845 4079 inscrit
858 4051 1065 4087 gratuitement
1080 4060 1131 4076 sur
1146 4060 1190 4077 ma
1206 4050 1282 4076 liste.

426 4099 503 4126 Vous
519 4107 612 4133 voye\
626 4096 744 4132 qu'avec
760 4100 833 4122 cette
848 4096 979 4130 modique
991 4104 1105 4126 somme,
1123 4103 1192 4121 vous
1208 4097 1283 4128 pou¬

384 4144 435 4163 vez
446 4144 516 4161 vous
531 4134 648 4165 marier,
662 4142 730 4159 sans
745 4132 830 4159 avoir
845 4133 861 4158 à
884 4134 986 4165 passer
1014 4134 1068 4165 par
1085 4131 1132 4156 des
1160 4138 1284 4166 agences

383 4171 436 4206 qui
448 4180 480 4197 se
491 4174 554 4202 font
569 4177 668 4196 verser
680 4168 819 4195 d’avance
833 4168 866 4194 de
878 4175 993 4201 grosses
1007 4166 1174 4201 provisions
1194 4169 1221 4191 et
1234 4165 1285 4199 qui

385 4209 557 4240 escomptent
572 4205 605 4231 de
619 4213 735 4240 grosses
753 4203 961 4236 commissions,
991 4206 1064 4237 pour
1087 4202 1229 4228 n’arriver
1259 4202 1286 4227 le

385 4243 453 4276 plus
467 4244 587 4268 souvent
602 4241 617 4266 à
633 4249 729 4266 aucun
743 4240 875 4265 résultat.
901 4239 983 4266 Nous
1012 4238 1131 4264 n’avons
1161 4237 1224 4264 rien
1252 4237 1286 4263 de

384 4286 516 4304 commun
532 4285 602 4305 avfic
618 4276 658 4302 les
673 4283 807 4309 agences,
824 4283 875 4301 car
892 4283 964 4301 nous
979 4283 1014 4300 ne
1028 4277 1152 4308 prenons
1174 4282 1285 4299 aucune

385 4311 568 4339 commission
583 4320 633 4337 sur
649 4311 679 4336 la
694 4311 750 4337 dot.
779 4309 823 4338 Un
852 4310 973 4336 modeste
1001 4310 1187 4336 abonnement
1216 4317 1286 4334 nous

385 4353 443 4375 sert
458 4347 493 4373 de
501 4346 657 4381 paiement.

422 4390 581 4426 Lorsqu’un
598 4390 706 4416 abonné
721 4389 788 4416 s'est
794 4388 896 4424 fiancé
911 4394 938 4416 et
949 4389 1024 4424 qu’il
1038 4390 1083 4415 n’a
1099 4389 1166 4423 plus
1188 4387 1286 4414 besoin

385 4428 419 4454 de
429 4431 508 4453 notre
519 4435 615 4458 revue,
628 4425 653 4451 il
669 4435 739 4451 nous
752 4425 778 4450 le
788 4426 845 4456 fait
855 4426 954 4451 savoir
965 4424 1024 4459 afin
1037 4434 1089 4459 que
1101 4434 1170 4451 nous
1181 4433 1287 4458 rayons

384 4471 436 4489 son
451 4470 580 4488 annonce
593 4464 665 4495 pour
681 4470 715 4486 ne
728 4463 781 4495 pas
786 4461 871 4493 Jaire
885 4461 1089 4495 correspondre
1104 4460 1287 4487 inutilement

386 4507 438 4525 nos
452 4497 591 4524 abonnés.

425 4541 498 4568 Tout
512 4540 621 4567 abonné
636 4540 696 4566 doit
708 4539 847 4574 répondre
863 4542 879 4565 â
895 4544 985 4567 toutes
1001 4541 1042 4566 les
1067 4540 1164 4567 lettres
1177 4540 1227 4574 qui
1242 4539 1288 4565 lui

387 4581 449 4604 sont
465 4576 608 4603 adressées
623 4575 630 4607 ;
648 4575 678 4601 la
691 4575 829 4609 politesse
845 4575 962 4609 l’exige,
992 4585 1027 4602 ne
1033 4578 1151 4608 fussent
1178 4584 1231 4610 que
1240 4584 1286 4601 ces

387 4612 461 4640 trois
478 4621 514 4638 ou
524 4615 625 4646 quatre
639 4614 710 4637 mots
721 4621 726 4636 :
743 4609 863 4643 Inutile,
873 4615 936 4637 tous
949 4620 1006 4637 mes
1017 4615 1139 4647 regrets.
1151 4625 1181 4629 —
1194 4610 1223 4637 /V
1237 4617 1287 4637 ...»

430 4672 528 4703 Pour
536 4673 660 4701 toutes
672 4669 925 4701 lesannonces
935 4670 1114 4710 ci-après,
1124 4671 1288 4702 s’adres¬

388 4730 456 4754 ser
472 4722 494 4751 à
520 4719 690 4751 Madame
707 4718 827 4750 Veuve
844 4717 1058 4759 CHABAUD,
1082 4719 1287 4752 Directrice

388 4772 433 4803 de
448 4770 481 4801 la
504 4770 524 4787 “
543 4768 665 4800 Revue
684 4767 886 4798 Mensuelle

428 4870 542 4899 Veuve
557 4868 596 4896 43
611 4874 683 4898 ans,
697 4873 777 4896 sans
790 4866 917 4900 enfant,
933 4866 1070 4897 fortune
1085 4867 1218 4897 280.000
1232 4870 1286 4904 lr.,

388 4916 536 4940 revenus
552 4906 665 4936 20.000
681 4905 721 4935 fr.
735 4913 797 4943 par
821 4913 875 4939 an,
899 4906 1098 4943 épouserait
1113 4909 1289 4938 monsieur

389 4952 491 4987 ayant
501 4947 587 4986 jolie
604 4945 765 4976 situation
783 4953 826 4975 ou
843 4946 990 4976 fortune.
1007 4962 1027 4968 -
1041 4948 1070 4977 N
1076 4954 1082 4962 1
1097 4947 1186 4977 2100.

429 5006 610 5045 Disposant
640 5003 717 5033 d’un
735 5002 866 5033 certain
882 5002 1005 5041 capital
1031 5005 1068 5041 je
1094 5004 1289 5034 m’intéres¬

389 5046 481 5078 serai
496 5048 515 5076 à
531 5044 651 5075 affaire
662 5043 818 5073 sérieuse
835 5044 853 5072 à
869 5042 988 5073 lancer
1000 5047 1150 5081 pouvant
1159 5044 1290 5074 donner

389 5094 470 5126 gros
486 5084 669 5116 bénéfices.
687 5083 714 5112 Il
731 5091 774 5113 ne
786 5090 862 5113 sera
872 5083 1026 5116 répondu
1035 5083 1158 5119 qu’aux
1170 5084 1288 5115 lettres

389 5125 616 5165 susceptibles
632 5123 866 5154 d’intéresser.
883 5138 902 5144 -
917 5123 960 5151 N°
975 5122 1064 5152 4947.

1350 1346 1460 1374 Jeune
1482 1343 1619 1372 homme
1645 1341 1682 1369 31
1700 1347 1772 1373 ans,
1790 1336 2009 1370 cultivateur,
2027 1333 2083 1363 dot
2101 1331 2211 1361 15.000

1313 1386 1352 1414 fr.
1371 1387 1405 1414 et
1420 1383 1543 1421 petites
1560 1383 1778 1419 espérances,
1796 1375 1994 1415 épouserait
2011 1374 2210 1403 demoiselle

1312 1433 1355 1454 ou
1371 1431 1482 1454 veuve
1498 1421 1715 1451 connaissant
1744 1418 1776 1447 la
1799 1419 1933 1448 culture
1950 1424 1993 1445 ou
2019 1416 2119 1451 ayant
2135 1420 2212 1452 pro¬

1311 1464 1422 1504 priété
1438 1465 1458 1492 à
1472 1461 1653 1501 exploiter.
1671 1476 1681 1481 -
1697 1460 1734 1490 N‘
1755 1458 1845 1488 4948.

1354 1521 1514 1560 Employé
1532 1520 1590 1548 des
1606 1518 1758 1548 douanes
1775 1513 1985 1546 célibataire.
1995 1514 2033 1542 28
2045 1520 2117 1546 ans,
2134 1511 2214 1542 trai¬

1313 1565 1444 1593 tement
1468 1560 1562 1591 5.100
1584 1559 1638 1590 fr.,
1664 1557 1831 1596 physique
1859 1553 2033 1592 agréable,
2060 1551 2213 1582 sérieux,

1315 1601 1513 1642 épouserait
1532 1602 1638 1638 jeune
1668 1598 1736 1627 fille
1749 1597 1846 1634 jolie,
1867 1593 2029 1627 honnête,
2055 1591 2158 1625 aisée,
2178 1591 2215 1619 18

1315 1645 1333 1672 à
1348 1642 1387 1672 25
1403 1650 1474 1671 ans.
1487 1656 1500 1663 -
1516 1642 1558 1670 N°
1572 1639 1660 1669 4949.

1355 1698 1558 1730 Célibataire
1586 1697 1624 1726 44
1653 1703 1725 1731 ans,
1754 1694 1865 1724 bonne
1902 1693 2009 1727 santé,
2052 1688 2216 1719 situation

1316 1739 1427 1769 25.000
1457 1739 1510 1771 fr.,
1555 1734 1753 1776 épouserait
1788 1733 1987 1764 demoiselle
2024 1737 2067 1760 ou
2108 1737 2216 1759 veuve

1316 1781 1441 1810 femme
1458 1778 1564 1813 d’int.,
1582 1776 1745 1807 situation
1775 1782 1818 1804 en
1839 1775 1991 1812 rapport.
2021 1786 2039 1792 -
2068 1771 2109 1800 N°
2124 1769 2214 1798 4951.

1357 1836 1518 1875 Employé
1559 1836 1731 1867 P.-L.-M.,
1766 1833 1804 1863 28
1831 1839 1903 1867 ans,
1933 1830 1991 1859 400
2027 1837 2090 1868 par
2118 1828 2216 1862 mois,

1318 1877 1515 1916 épouserait
1529 1874 1736 1905 institutrice
1752 1881 1794 1903 ou
1811 1878 1984 1911 personne
2001 1872 2101 1908 ayant
2117 1868 2219 1898 situa¬

1318 1918 1401 1953 tion,
1419 1919 1543 1947 femme
1560 1915 1773 1949 d’intérieur,
1791 1917 1893 1950 ayant
1908 1911 1975 1941 dot.
1997 1926 2016 1932 -
2032 1910 2073 1940 N°
2088 1908 2177 1938 4952.

1358 1976 1501 2006 Divorcé
1518 1976 1535 2003 à
1551 1981 1612 2003 son
1628 1971 1741 2011 profit,
1759 1978 1886 2009 garçon
1911 1970 1947 1998 13
1963 1977 2034 2003 ans,
2053 1975 2131 1995 sans
2148 1965 2220 1995 for¬

1322 2020 1415 2051 tune,
1432 2014 1546 2045 désire
1562 2014 1715 2050 mariage
1730 2019 1812 2042 avec
1829 2017 1947 2044 veuve,
1964 2007 2164 2038 demoiselle
2177 2014 2221 2036 ou

1321 2058 1490 2086 divorcée.
1515 2070 1532 2076 -
1554 2054 1596 2083 N°
1610 2053 1700 2082 4953.

1359 2116 1470 2145 Jeune
1484 2112 1622 2142 homme
1649 2112 1689 2140 28
1713 2118 1786 2145 ans,
1809 2107 1979 2145 orphelin,
2000 2106 2096 2136 avoir
2109 2104 2224 2135 35.000

1322 2155 1377 2190 fr.,
1414 2152 1633 2186 automobile,
1670 2151 1821 2189 gagnant
1849 2148 1940 2178 1.000
1962 2147 2003 2176 fr.
2035 2154 2096 2185 par
2122 2144 2221 2180 mois,

1322 2193 1519 2234 épouserait
1548 2190 1748 2222 demoiselle
1777 2197 1820 2219 ou
1838 2195 1943 2219 veuve
1959 2189 2030 2217 très
2058 2184 2221 2220 honnête,

1323 2237 1423 2273 ayant
1439 2232 1614 2264 situation.
1634 2248 1652 2253 -
1672 2232 1716 2261 X"
1727 2230 1817 2260 4954.

1361 2294 1472 2323 Jeune
1489 2291 1624 2321 homme
1640 2290 1675 2318 31
1695 2297 1768 2322 ans,
1793 2285 2084 2323 situations.000
2104 2284 2143 2313 fr.
2162 2292 2224 2320 par

1323 2342 1378 2368 an,
1396 2333 1510 2362 désire
1525 2338 1697 2369 personne
1712 2329 1846 2366 simple,
1859 2326 2031 2365 agréable.
2049 2341 2060 2346 -
2074 2326 2105 2355 N
2109 2334 2115 2340 -
2133 2324 2223 2353 4955.

1364 2390 1541 2421 Monsieur
1554 2388 1636 2419 veuf
1650 2395 1729 2417 sans
1746 2387 1873 2419 enfant,
1890 2385 1928 2414 46
1944 2392 2016 2416 ans,
2040 2382 2226 2421 possédant

1323 2432 1410 2470 petit
1433 2436 1628 2460 commerce
1655 2427 1828 2466 agréable,
1852 2425 2008 2455 s’unirait
2018 2425 2037 2454 à
2052 2430 2226 2462 personne

1325 2472 1363 2502 36
1389 2473 1405 2501 à
1420 2471 1460 2499 40
1474 2478 1545 2503 ans,
1569 2467 1792 2502 affectueuse,
1811 2465 1980 2499 divorcée,
2004 2467 2104 2502 ayant
2120 2462 2227 2493 10.000

1327 2513 1366 2541 fr.
1381 2527 1399 2533 -
1414 2511 1455 2539 N-
1473 2510 1562 2540 4957.

1366 2567 1608 2599 Sous-officier
1646 2574 1688 2595 en
1725 2563 1878 2597 retraite,
1918 2564 1958 2593 38
1987 2570 2059 2595 ans,
2098 2569 2227 2592 revenu

1328 2608 1438 2639 12.000
1460 2608 1501 2638 fr.
1532 2616 1594 2645 par
1623 2614 1678 2641 an,
1710 2604 1907 2643 épouserait
1936 2602 2135 2633 demoiselle
2183 2609 2227 2631 ou

1327 2657 1440 2680 veuve
1454 2650 1556 2686 ayant
1571 2648 1638 2682 dot,
1652 2646 1692 2675 25
1707 2646 1726 2676 à
1739 2646 1778 2674 38
1793 2652 1866 2674 ans.
1883 2660 1894 2665 -
1910 2644 1953 2673 N-
1974 2643 2067 2672 4958.

1367 2709 1477 2736 Jeune
1507 2705 1643 2734 homme
1657 2704 1695 2732 25
1713 2711 1783 2735 ans,
1810 2701 1923 2731 bonne
1941 2699 2081 2733 famille,
2099 2698 2226 2732 Suisse,

1329 2745 1533 2783 catholique,
1550 2744 1707 2774 sérieuse
1734 2741 1909 2775 situation,
1940 2740 2138 2777 épouserait
2167 2739 2229 2767 de¬

1329 2785 1484 2816 moiselle
1513 2792 1554 2814 ou
1587 2791 1693 2815 yeuve
1718 2782 1942 2815 .affectueuse,
1967 2780 2089 2809 femtrie
2106 2779 2229 2808 d’inté¬

1328 2825 1433 2855 rieur.
1450 2839 1469 2846 -
1484 2823 1512 2853 N
1518 2832 1524 2838 -
1541 2822 1630 2852 4959.

2306 1329 2510 1359 Demoiselle
2548 1328 2587 1358 36
2622 1336 2694 1358 ans,
2739 1326 2905 1357 sérieus».
2944 1324 3165 1359 affectueuse,

2268 1370 2392 1400 femme
2411 1369 2620 1401 d’intérieur,
2639 1367 2843 1405 catholique,
2861 1366 3026 1405 physique
3043 1367 3168 1402 agréa¬

2268 1411 2333 1445 ble,
2352 1411 2420 1442 dot,
2452 1409 2566 1438 désire
2582 1408 2733 1443 mariage
2749 1415 2831 1437 avec
2849 1406 3026 1436 monsieur
3040 1405 3079 1434 38
3096 1406 3113 1435 à
3129 1405 3167 1434 45

2268 1459 2341 1486 ans,
2359 1454 2461 1487 ayant
2476 1448 2651 1479 situation.
2668 1463 2687 1470 -
2703 1448 2742 1476 N-
2759 1447 2848 1477 4976.

2307 1511 2417 1538 Jeune
2447 1507 2583 1537 homme
2611 1506 2649 1535 24
2674 1513 2746 1539 ans,
2779 1504 2930 1538 sérieux,
2955 1503 3111 1541 employé
3128 1502 3168 1531 de

2270 1547 2404 1578 chemin
2443 1549 2484 1576 de
2524 1546 2588 1581 fer,
2616 1547 2718 1583 ayant
2755 1545 2944 1583 propriété,
2971 1542 3170 1582 épouserait

2271 1587 2470 1618 demoiselle
2500 1594 2543 1616 ou
2560 1594 2667 1616 veuve
2684 1585 2721 1614 19
2737 1586 2756 1615 à
2770 1586 2809 1614 27
2832 1593 2904 1620 ans,
2933 1586 3033 1621 ayant
3063 1582 3168 1621 petite

2271 1629 2338 1658 dot.
2356 1644 2370 1650 -
2385 1629 2413 1657 N
2422 1637 2427 1642 -
2442 1627 2530 1657 4977.

2310 1685 2545 1716 Jeunefille29
2560 1692 2633 1719 ans,
2650 1685 2891 1721 représentant
2906 1682 2947 1712 de
2963 1688 3170 1712 commerce,

2272 1729 2375 1764 ayant
2389 1725 2578 1765 propriété,
2595 1723 2783 1754 cherchant
2794 1722 2965 1757 affection,
2976 1729 3012 1752 se
3027 1722 3173 1751 dévoue¬

2274 1768 2340 1797 rait
2368 1767 2387 1796 à
2408 1766 2515 1804 grand
2544 1764 2657 1794 blessé
2683 1764 2723 1793 de
2740 1771 2877 1800 guerre,
2902 1770 2945 1792 ou
2963 1765 2981 1791 à
2998 1762 3173 1792 monsieur

2274 1807 2445 1843 distingué
2475 1804 2624 1839 fortuné,
2656 1802 2884 1834 recherchant
2904 1802 3005 1841 appui
3022 1801 3141 1831 moral.
3161 1816 3174 1822 -

2275 1849 2314 1877 N-
2332 1847 2421 1876 4978.

2314 1911 2423 1939 Jeune
2441 1906 2678 1941 sous-officier,
2708 1906 2747 1935 26
2762 1913 2834 1938 ans,
2852 1904 3041 1934 secrétaire
3058 1904 3175 1933 d’éta'-

2277 1952 2397 1987 rnajor,
2429 1946 2626 1987 épouserait
2648 1949 2755 1983 jeune
2771 1946 2840 1975 fille
2856 1945 3027 1978 instruhe,
3046 1943 3177 1973 intelli¬

2276 1993 2391 2027 gente,
2409 1989 2472 2026 âge
2488 1996 2530 2017 en
2546 1989 2699 2025 rapport.
2715 2002 2727 2007 -
2743 1987 2772 2016 N
2777 1995 2783 2001 -
2801 1985 2891 2015 4980.

2317 2050 2490 2089 Capitaine
2506 2050 2629 2083 active,
2646 2049 2685 2077 34
2698 2056 2768 2083 ans,
2794 2056 2836 2077 au
2853 2050 2967 2077 Maroc
2985 2048 3178 2076 momenta¬

2277 2094 2429 2123 nément,
2440 2089 2553 2121 désire
2570 2089 2820 2127 correspondre
2831 2095 2916 2125 pour
2928 2087 3078 2125 mariage
3096 2094 3178 2116 avec

2275 2134 2382 2170 jeune
2399 2131 2466 2161 fille
2496 2129 2701 2167 catholique,
2730 2128 2842 2159 bonne
2858 2127 2997 2162 famille,
3016 2126 3178 2157 situation

2279 2180 2321 2202 en
2338 2173 2489 2210 rapport.
2507 2186 2525 2192 -
2542 2172 2569 2200 N
2576 2178 2582 2185 -
2600 2169 2688 2198 4981.

2318 2236 2427 2264 Jeune
2444 2234 2580 2262 homme
2595 2232 2634 2260 24
2663 2238 2736 2265 ans,
2764 2228 2945 2260 industriel
2977 2236 3019 2259 au
3050 2230 3178 2262 Maroc,

2281 2274 2442 2303 situation
2460 2272 2571 2302 16.000
2586 2271 2640 2304 fr.,
2671 2270 2869 2309 épouserait
2890 2268 3089 2299 demoiselle
3107 2269 3143 2297 16
3160 2270 3178 2298 à

2278 2315 2319 2344 20
2334 2321 2407 2349 ans,
2424 2313 2587 2343 situation
2602 2320 2646 2341 en
2668 2313 2820 2349 rapport.
2836 2327 2848 2332 -
2863 2311 2903 2340 N-
2922 2310 3012 2339 4982.

2319 2378 2429 2407 Jeune
2458 2375 2594 2405 homme
2608 2375 2647 2404 23
2669 2381 2742 2405 ans,
2773 2372 2924 2404 sérieux,
2956 2371 3180 2409 agriculteur,

2281 2426 2360 2447 sans
2377 2417 2526 2448 fortune,
2544 2418 2751 2452 espérances
2775 2414 2877 2451 après
2893 2413 3048 2451 parents,
3079 2416 3183 2450 épou¬

2282 2457 2388 2488 serait
2416 2455 2615 2485 demoiselle
2644 2462 2687 2485 ou
2703 2462 2823 2487 veuve,
2841 2453 2878 2482 19
2894 2453 2912 2482 à
2928 2453 2965 2481 28
2983 2460 3055 2487 ans,
3080 2454 3183 2488 ayant

2282 2498 2389 2536 petite
2405 2496 2580 2526 situation.
2597 2511 2614 2516 -
2630 2496 2668 2525 N’
2688 2495 2775 2524 4983.

2323 2557 2526 2589 Célibataire
2541 2558 2580 2587 35
2597 2565 2669 2590 ans,
2700 2554 2951 2586 fonctionnaire
2982 2562 3023 2585 au
3054 2554 3181 2586 Maroc,

2283 2599 2445 2629 situation
2471 2598 2564 2628 9.000
2579 2596 2632 2629 fr.,
2651 2597 2763 2625 désire
2780 2595 2933 2633 mariage
2950 2603 3032 2624 avec
3050 2595 3183 2623 demoi¬

2284 2640 2369 2670 selle
2385 2647 2429 2669 ou
2443 2646 2552 2669 veuve
2567 2638 2606 2667 25
2620 2638 2640 2666 à
2653 2636 2694 2666 30
2708 2644 2780 2669 ans,
2798 2640 2901 2672 ayant
2916 2634 3079 2665 situation
3097 2642 3104 2670 ;
3121 2641 3183 2673 pas

2285 2680 2425 2710 sérieux
2441 2677 2631 2708 s’abstenir.
2648 2693 2666 2698 -
2682 2677 2710 2708 N
2716 2685 2722 2691 -
2739 2676 2829 2705 4984.

2324 2740 2529 2772 Demoiselle
2544 2740 2583 2769 35
2599 2747 2671 2774 ans,
2690 2738 2813 2767 femme
2831 2737 2873 2767 du
2895 2737 3030 2770 monde,
3047 2735 3183 2769 blonde,

2286 2782 2489 2817 distingué»,
2522 2780 2632 2808 dé-ire
2662 2779 2765 2810 union
2783 2785 2866 2807 avec
2893 2778 3070 2807 monsieur
3086 2779 3186 2812 ayant

2285 2820 2374 2850 belle
2391 2819 2563 2849 situation.
2581 2834 2599 2840 -
2614 2818 2642 2847 N
2649 2826 2654 2832 -
2672 2817 2761 2846 4985.

1368 2880 1572 2912 Célibataire
1599 2880 1639 2909 38
1668 2887 1741 2913 ans,
1768 2877 1864 2908 avoir
1877 2876 1990 2907 40.000
2006 2876 2048 2905 fr.
2071 2875 2149 2913 gain
2167 2883 2231 2904 an¬

1330 2922 1420 2957 nuel,
1441 2920 1551 2951 10.000
1562 2921 1601 2949 fr:
1621 2919 1704 2949 dans
1721 2926 1914 2948 commerce
1930 2915 2102 2955 agréable,
2121 2917 2231 2953 épou¬

1330 2962 1436 2993 serait
1450 2968 1624 3000 personne
1646 2958 1836 2989 honorable
1853 2960 1953 2995 ayant
1969 2957 2036 2987 dot.
2054 2972 2066 2977 -
2081 2957 2109 2986 N
2116 2965 2121 2970 -
2138 2955 2228 2985 4960.

1369 3018 1606 3050 Sous-officier
1621 3018 1662 3048 de
1679 3017 1845 3048 carrière,
1863 3014 2023 3050 aviation,
2048 3014 2087 3043 29
2103 3021 2175 3048 ans,
2195 3012 2231 3041 10

1332 3069 1392 3091 ans
1430 3060 1472 3089 de
1508 3059 1652 3092 service,
1683 3056 1881 3088 économies
1909 3054 2002 3084 7.000
2032 3054 2086 3088 fr.,
2117 3053 2230 3083 désire

1332 3100 1496 3131 relations
1525 3106 1612 3137 pour
1636 3098 1742 3128 union
1779 3104 1861 3127 avec
1883 3097 1991 3134 jeune
2020 3093 2090 3124 fille
2105 3095 2144 3123 18
2158 3094 2178 3122 à
2192 3093 2233 3122 26

1333 3149 1405 3175 ans,
1422 3148 1483 3179 pas
1501 3139 1641 3169 sérieux
1658 3137 1850 3167 s’abstenir.
1873 3153 1891 3158 -
1906 3136 1934 3166 N
1942 3145 1947 3149 -
1969 3135 2059 3164 4961.

1370 3196 1651 3236 Adjudantgénie
1664 3197 1701 3225 31
1719 3203 1792 3229 ans,
1810 3194 1906 3225 solde
1919 3192 2111 3223 mensuelle
2120 3192 2180 3221 537
2190 3191 2230 3221 fr.

1334 3240 1445 3269 bonne
1462 3237 1654 3270 éducation,
1674 3235 1832 3266 médaille
1861 3234 2033 3268 militaire,
2065 3233 2162 3262 croix
2193 3232 2232 3261 de

1333 3286 1470 3318 guerre,
1487 3278 1507 3308 2
1520 3276 1717 3312 citations,4
1732 3274 1908 3305 médailles
1923 3273 2103 3303 deuxième
2116 3272 2231 3307 ordre,

1334 3319 1446 3349 désire
1462 3318 1613 3355 mariage
1636 3324 1678 3346 en
1690 3317 1841 3354 rapport.
1861 3330 1871 3336 -
1884 3316 1914 3345 N
1920 3323 1926 3328 -
1949 3314 2039 3343 4962.

1371 3379 1481 3406 Jeune
1497 3375 1657 3406 militaire
1673 3373 1796 3404 faisant
1811 3380 1871 3402 son
1895 3371 2027 3401 service
2044 3378 2087 3400 au
2103 3372 2231 3405 Maroc,

1332 3418 1372 3447 22
1386 3415 1558 3452 ans,belle
1574 3415 1746 3448 situation,
1764 3414 1821 3443 dot
1835 3411 1944 3442 20.000
1957 3411 1997 3440 fr.
2023 3410 2118 3440 avoir
2131 3412 2233 3448 après

1334 3461 1485 3496 parents,
1510 3456 1710 3494 épouserait
1725 3453 1925 3483 demoiselle
1940 3454 2041 3489 ayant
2072 3450 2233 3480 situation

1334 3506 1376 3527 en
1393 3500 1543 3535 rapport:
1560 3511 1578 3517 -
1594 3495 1621 3525 N
1629 3503 1634 3509 -
1645 3495 1734 3524 4964.

1374 3556 1538 3585 Brunette
1561 3554 1599 3583 22
1624 3561 1697 3588 ans,
1728 3552 1858 3584 artiste,
1886 3550 2052 3585 sérieuse,
2074 3548 2235 3579 situation

1336 3595 1425 3625 1.000
1441 3594 1481 3624 fr.
1500 3602 1562 3632 par
1577 3593 1675 3627 mois,
1692 3591 1889 3623 économies
1904 3592 1922 3620 4
1938 3590 1997 3620 000
2014 3590 2054 3620 fr.
2074 3592 2107 3619 et
2123 3588 2235 3619 mobi¬

1335 3635 1411 3670 lier,
1439 3636 1647 3673 espérances
1663 3633 1765 3671 après
1780 3634 1875 3670 père,
1906 3630 2106 3670 épouserait
2129 3632 2236 3667 jeune

1335 3676 1471 3706 homme
1487 3674 1583 3712 d’âge
1599 3676 1633 3703 et
1649 3672 1811 3703 situation
1828 3680 1869 3701 en
1882 3673 2033 3710 rapport,
2051 3686 2069 3691 -
2086 3671 2114 3700 N
2120 3679 2125 3684 -
2145 3669 2234 3699 4965.

1374 3732 1581 3763 Demoiselle
1607 3732 1647 3760 29
1670 3739 1745 3764 ans,
1774 3737 1854 3760 sans
1870 3736 2076 3763 commerce,
2094 3729 2237 3764 épouse¬

1336 3775 1402 3804 rait
1415 3780 1542 3811 garçon
1559 3772 1621 3810 âge
1638 3779 1680 3801 en
1698 3772 1848 3807 rapport,
1876 3771 1915 3800 de
1931 3769 2054 3799 beauté
2082 3767 2234 3806 exquise,

1337 3815 1431 3844 avoir
1448 3812 1579 3843 100.000
1593 3812 1634 3841 fr.
1650 3819 1693 3842 ou
1710 3809 1902 3841 s’abstenir.
1926 3825 1945 3832 -
1960 3810 1988 3838 N
1997 3818 2004 3823 •
2026 3809 2114 3838 4966.

1376 3870 1674 3901 Sous-lieutenant
1689 3868 1872 3898 infanterie
1889 3867 2068 3898 coloniale,
2087 3866 2236 3898 divorcé,

1336 3913 1375 3941 32
1391 3919 1464 3944 ans,
1489 3910 1588 3946 brun,
1618 3910 1815 3939 énouserait
1838 3909 1941 3944 jeune
1966 3906 2045 3940 fille,
2071 3913 2177 3936 veuve
2194 3913 2237 3934 ou

1338 3952 1511 3985 divorcée,
1525 3950 1566 3979 25
1581 3953 1598 3979 à
1619 3949 1661 3978 30
1675 3956 1748 3982 ans,
1766 3947 1921 3986 échange
1936 3945 2237 3983 renseignements

1339 3994 1372 4021 et
1387 3991 1491 4030 photo
1506 3991 1660 4029 premier
1674 3988 1842 4019 courrier.
1859 4003 1879 4010 -
1900 3989 1928 4018 N
1935 3996 1940 4002 -
1958 3987 2047 4016 4967.

1378 4052 1493 4082 Mutilé
1509 4052 1550 4081 de
1565 4059 1693 4089 guerre
1707 4051 1747 4080 42
1762 4058 1836 4086 ans,
1852 4049 1992 4079 ouvrier
2008 4055 2140 4085 maçon,
2157 4055 2238 4076 sans

1338 4092 1486 4128 fortune,
1516 4092 1628 4121 désire
1657 4098 1768 4121 veuve
1788 4091 1830 4120 de
1855 4097 1981 4127 guerre
2003 4089 2041 4119 30
2057 4089 2076 4118 à
2104 4089 2142 4117 45
2164 4095 2237 4120 ans,

1339 4133 1450 4163 même
1464 4139 1546 4163 avec
1562 4130 1690 4162 enfant.
1714 4131 1783 4160 -N-
1801 4130 1891 4160 4968.

1379 4194 1584 4226 Demoiselle
1611 4194 1651 4224 28
1667 4201 1739 4228 ans,
1771 4193 1884 4223 bonne
1900 4191 2038 4226 famille,
2056 4190 2136 4220 bien
2158 4197 2239 4219 sous

1339 4239 1415 4268 tous
1432 4238 1602 4274 rapports,
1634 4235 1691 4264 dot
1707 4235 1740 4263 et
1753 4233 1837 4270 jolie
1859 4231 2022 4261 situation
2045 4231 2086 4259 de
2101 4229 2239 4258 fortune

1340 4277 1442 4313 après
1457 4278 1609 4314 parents,
1620 4273 1820 4312 épouserait
1835 4271 2011 4302 monsieur
2024 4270 2064 4300 30
2078 4271 2096 4299 à
2110 4270 2150 4299 45
2164 4276 2238 4301 ans,

1340 4315 1586 4350 sérieux,actif,
1597 4313 1777 4344 industriel
1788 4321 1832 4343 ou
1842 4313 2087 4348 commerçant.
2099 4311 2128 4340 N
2132 4319 2139 4326 -
2149 4308 2237 4338 4970.

1381 4373 1540 4412 Employé
1551 4373 1591 4402 de
1603 4373 1755 4410 Banque,
1767 4371 1805 4400 28
1816 4378 1889 4403 ans,
1903 4369 2063 4399 situation
2076 4367 2238 4402 d’avenir,

1340 4414 1432 4444 6.000
1461 4414 1515 4448 fr.,
1546 4412 1655 4450 grand
1684 4419 1789 4446 cœur,
1808 4409 2016 4444 affectueux,
2040 4407 2239 4446 épouserait

1341 4454 1540 4484 demoiselle
1555 4453 1595 4483 20
1609 4453 1628 4483 à
1643 4452 1682 4481 25
1705 4459 1776 4486 ans,
1790 4451 1887 4489 jolie,
1911 4450 2117 4486 distinguée,
2140 4449 2241 4485 ayant

1340 4495 1436 4526 avoir
1450 4502 1495 4524 ou
1511 4500 1706 4523 commerce
1720 4490 1909 4531 papeterie.
1925 4507 1939 4512 -
1950 4490 1979 4519 N
1984 4498 1990 4505 -
2008 4490 2098 4519 4971.

1380 4550 1489 4578 Jeune
1505 4546 1641 4576 homme
1656 4546 1696 4575 30
1717 4552 1789 4579 ans,
1812 4542 2030 4575 cordonnier,
2053 4549 2132 4571 sans
2169 4540 2242 4570 for¬

1342 4591 1435 4622 tune,
1467 4586 1580 4617 désire
1602 4587 1755 4623 mariage
1785 4592 1868 4615 avec
1896 4585 1999 4620 jeune
2023 4581 2092 4611 fille
2107 4582 2145 4610 24
2168 4582 2188 4609 à
2203 4580 2242 4610 30

1344 4636 1416 4658 ans.
1434 4643 1445 4649 -
1462 4629 1501 4657 N-
1519 4626 1608 4656 4972.

1382 4684 1472 4716 Veuf
1488 4685 1527 4714 59
1543 4692 1614 4717 ans,
1633 4682 1730 4718 libre,
1749 4682 1844 4712 avoir
1859 4681 1899 4710 50
1913 4680 1972 4710 000
1984 4679 2038 4715 fr.,
2066 4678 2144 4707 bien
2161 4685 2241 4705 sous

1344 4729 1419 4756 tous
1435 4726 1485 4755 les
1502 4726 1672 4762 rapports,
1701 4721 1901 4761 épouserait
1927 4726 2101 4759 personne
2115 4719 2156 4747 35
2169 4718 2188 4746 à
2204 4717 2243 4745 48

1344 4774 1415 4801 ans,
1432 4764 1604 4797 instruite,
1630 4765 1730 4800 ayant
1753 4761 1916 4792 situation
1931 4768 1974 4791 ou
1991 4759 2087 4789 avoir
2102 4765 2145 4788 en
2161 4764 2242 4794 rap¬

1343 4808 1431 4845 port.
1449 4821 1467 4827 -
1483 4805 1522 4835 N-
1540 4803 1629 4833 4973.

1384 4863 1589 4894 Lieutenant
1598 4862 1637 4891 38
1654 4869 1726 4895 ans,
1747 4860 1847 4895 brun,
1865 4860 2016 4891 sérieux,
2034 4855 2126 4889 actif,
2144 4861 2245 4893 pour¬

1344 4906 1410 4935 rait
1423 4903 1572 4942 prendre
1587 4909 1623 4931 sa
1640 4900 1781 4931 retraite
1796 4907 1886 4938 pour
1901 4907 1937 4929 se
1953 4898 2059 4927 livrer
2081 4904 2122 4925 au
2149 4901 2244 4924 com¬

1345 4952 1472 4978 merce,
1496 4943 1608 4972 désire
1625 4942 1729 4971 union
1747 4947 1830 4970 avec
1844 4938 2042 4969 demoiselle
2058 4943 2103 4966 ou
2122 4941 2242 4968 veuve,

1345 4984 1506 5015 situation
1519 4990 1562 5012 en
1576 4983 1730 5020 rapport.
1746 4995 1764 5001 -
1780 4981 1822 5009 N-
1838 4980 1928 5009 4974.

1384 5042 1501 5072 Suisse
1515 5040 1554 5069 45
1565 5047 1638 5075 ans,
1650 5038 1745 5069 avoir
1761 5037 1873 5068 12.000
1886 5037 1941 5072 fr.,
1953 5033 2245 5070 cuisinier,épou¬

1345 5081 1451 5113 serait
1455 5083 1563 5119 jeune
1572 5079 1641 5109 fille
1652 5078 1823 5115 française
1832 5085 1876 5108 ou
1890 5076 1959 5107 fille
1973 5073 2109 5108 d’hôtel,
2120 5072 2245 5102 femme

1345 5121 1553 5156 d’intérieur,
1570 5120 1649 5149 bien
1662 5126 1742 5148 sous
1759 5120 1834 5148 tous
1844 5117 1894 5147 les
1908 5114 2124 5154 rapports.-N
2130 5121 2136 5127 -
2153 5112 2242 5142 4975.

2326 2881 2530 2912 Demoiselle
2559 2881 2597 2910 48
2622 2888 2692 2916 ans,
2721 2887 2799 2908 sans
2826 2877 3027 2915 profession,
3062 2877 3186 2906 femme

2287 2922 2498 2954 d’intérieur,
2510 2922 2622 2950 bonne
2633 2919 2823 2952 éducation,
2833 2917 3000 2955 physique
3010 2916 3183 2954 agréable,

2287 2961 2428 3000 capable
2442 2961 2483 2991 de
2499 2961 2737 2992 dévouement,
2745 2956 2944 2996 épouserait
2955 2957 3131 2986 monsieur
3141 2963 3186 2986 ou

2287 3002 2429 3032 retraité
2445 3003 2546 3039 ayant
2562 3000 2673 3029 bonne
2690 2998 2862 3028 situation.
2887 3013 2904 3019 -
2921 2998 2960 3026 N"
2978 2996 3067 3026 4986.

2328 3060 2441 3090 Veuve
2455 3059 2494 3088 35
2510 3066 2582 3090 ans,
2600 3065 2678 3086 sans
2702 3056 2829 3088 enfant,
2846 3054 3007 3085 situation
3024 3055 3042 3082 7
3058 3054 3117 3083 000
3134 3053 3184 3088 fr.,

2288 3099 2485 3131 économies
2502 3097 2612 3128 10.000
2628 3097 2681 3132 fr.,
2698 3097 2867 3127 intérieur
2883 3093 3053 3133 agréable,
3086 3100 3188 3126 épou¬

2289 3139 2395 3170 serait
2411 3139 2587 3170 monsieur
2603 3139 2702 3175 ayant
2719 3136 2879 3166 situation
2896 3134 2988 3165 sûre.
3005 3150 3023 3157 -
3038 3135 3067 3164 N
3073 3143 3078 3148 -
3096 3134 3186 3164 4987.

2328 3200 2438 3228 Jeune
2453 3197 2590 3226 homme
2600 3196 2721 3230 36ans,
2732 3192 2959 3232 propriétaire
2975 3192 3189 3230 agriculteur

2289 3238 2451 3269 situation
2467 3240 2620 3268 assurée,
2639 3235 2751 3265 désire
2771 3233 2856 3263 faire
2882 3235 3128 3263 connaissance
3145 3232 3186 3261 de

2289 3278 2489 3309 demoiselle
2518 3284 2562 3306 ou
2584 3284 2691 3306 veuve
2715 3275 2753 3304 25
2769 3277 2785 3304 à
2801 3273 2840 3304 30
2865 3281 2937 3306 ans,
2957 3273 3013 3310 qui
3028 3273 3188 3302 voudrait

2290 3320 2376 3349 aller
2399 3327 2441 3347 au
2470 3317 2613 3349 Canada,
2633 3317 2767 3345 fortune
2783 3322 2841 3346 pas
2859 3312 2980 3350 exigée
3002 3312 3085 3342 mais
3103 3318 3188 3342 con¬

2290 3359 2382 3389 duite
2403 3356 2661 3396 irréprochable
2677 3373 2689 3377 -
2711 3356 2738 3385 N
2745 3364 2750 3369 -
2774 3354 2863 3384 4988.

2328 3418 2438 3446 Jeune
2453 3416 2591 3445 homme
2605 3413 2777 3451 indigène,
2799 3412 2839 3441 23
2854 3418 2927 3443 ans,
2945 3409 3189 3448 propriétaire-

2291 3456 2506 3487 cultivateur,
2536 3455 2648 3484 bonne
2677 3453 2816 3486 famille,
2854 3451 3019 3480 demande
3035 3450 3188 3486 mariage

2285 3499 2394 3534 jeune
2407 3496 2478 3526 fille
2495 3496 2531 3524 18
2554 3496 2572 3524 à
2588 3494 2626 3523 25
2643 3502 2714 3527 ans,
2745 3494 2846 3530 ayant
2872 3491 3020 3525 fortune,
3038 3497 3191 3527 envoyer

2292 3537 2406 3575 photo.
2424 3552 2442 3557 -
2458 3536 2486 3566 N
2492 3544 2497 3550 -
2515 3534 2604 3564 4920.

2331 3596 2445 3624 Veuve
2471 3592 2644 3626 d’officier,
2662 3599 2741 3622 sans
2764 3589 2892 3624 enfant,
2909 3589 2948 3618 35
2964 3596 3036 3621 ans,
3054 3587 3190 3622 blonde,

2291 3634 2496 3672 distinguée,
2512 3633 2592 3663 bien
2607 3631 2880 3670 physiquement,
2902 3629 3026 3658 femme
3043 3627 3188 3661 d’ordre,

2290 3674 2385 3704 2.400
2400 3677 2440 3703 de
2454 3677 2580 3708 rentes,
2593 3673 2657 3710 joli
2680 3672 2860 3701 intérieur,
2879 3668 3075 3707 épouserait
3092 3674 3191 3696 mon¬

2292 3715 2387 3745 sieur
2401 3713 2607 3747 affectueux,
2625 3711 2753 3742 officier
2779 3718 2823 3740 ou
2839 3708 3000 3738 situation
3018 3714 3191 3738 convena¬

2292 3755 2357 3785 ble.
2375 3755 2404 3784 N
2439 3754 2521 3784 1989.

2330 3809 2691 3846 Adjuuantinfanterie
2707 3806 2887 3839 coloniale,
2897 3806 2936 3835 28
2947 3813 3018 3840 ans,
3031 3804 3189 3834 médaille

2292 3852 2464 3886 militaire,
2482 3850 2680 3889 épouserait
2690 3850 2797 3887 jeune
2813 3847 2880 3876 fille
2895 3853 2940 3875 ou
2954 3853 3062 3875 veuve
3079 3843 3190 3875 même

2292 3901 2375 3922 avec
2391 3892 2517 3927 enfant,
2534 3891 2574 3920 20
2589 3891 2606 3920 à
2621 3890 2660 3919 30
2675 3896 2748 3923 ans,
2766 3886 2927 3918 situation
2950 3893 2992 3915 en
3008 3888 3158 3923 rapport.
3172 3900 3191 3906 -

2292 3934 2333 3963 N-
2350 3933 2409 3962 49*

2332 3992 2442 4020 Jeune
2480 3990 2616 4019 homme
2658 3988 2696 4016 25
2737 3994 2808 4020 ans,
2839 3983 3000 4013 situation
3030 3982 3190 4012 annuelle

2292 4030 2404 4061 60.000
2417 4030 2471 4064 fr.,
2502 4038 2544 4059 au
2561 4030 2689 4059 Maroc,
2711 4027 2806 4055 avoir
2820 4024 2858 4053 30
2872 4023 2932 4052 000
2949 4024 2988 4052 fr.
3007 4025 3041 4052 et
3057 4023 3187 4051 maison

2294 4069 2519 4103 confortable,
2548 4066 2746 4106 épouserait
2773 4067 2877 4102 jeune
2899 4063 2971 4093 fille
2987 4062 3024 4092 18
3039 4063 3060 4092 à
3074 4063 3113 4092 22
3129 4070 3190 4092 ans

2294 4112 2432 4141 voulant
2447 4110 2581 4139 habiter
2598 4109 2724 4136 Maroc.
2742 4122 2754 4126 -
2764 4106 2792 4134 N
2799 4114 2804 4119 -
2823 4104 2911 4133 4991.

2335 4166 2540 4199 Demoiselle
2561 4165 2600 4195 35
2628 4172 2699 4199 ans,
2712 4162 2809 4200 jolie,
2827 4161 3030 4197 distinguée,
3048 4159 3193 4190 affectu¬

2294 4216 2389 4240 euse,
2405 4206 2597 4238 éducation,
2615 4203 2709 4233 avoir
2730 4205 2764 4231 et
2792 4200 2965 4235 situation,
2997 4199 3194 4238 épouserait

2294 4247 2471 4277 monsieur
2487 4245 2635 4280 sérieux,
2649 4244 2688 4272 38
2704 4243 2722 4270 à
2739 4242 2776 4271 40
2792 4249 2864 4275 ans,
2892 4240 3055 4269 situation
3083 4239 3191 4274 Paris,

2295 4289 2366 4318 très
2384 4287 2533 4316 sérieux.
2551 4301 2564 4306 -
2579 4284 2607 4313 N
2614 4291 2619 4297 -
2637 4283 2728 4312 4992.

2334 4347 2537 4380 Célibataire
2563 4346 2601 4375 45
2617 4353 2689 4379 ans,
2721 4344 2871 4378 sérieux,
2902 4342 3063 4377 honnête,
3098 4343 3193 4372 avoir

2293 4389 2406 4420 20.000
2421 4388 2478 4422 fr.,
2496 4386 2673 4420 musicien,
2690 4383 2828 4416 cultivé,
2850 4386 3048 4421 épouserait
3062 4382 3194 4412 demoi¬

2296 4431 2381 4460 selle
2394 4437 2438 4458 ou
2455 4434 2564 4457 veuve
2577 4433 2654 4454 sans
2671 4423 2798 4460 enfant,
2818 4423 2880 4460 âge
2896 4425 2931 4453 et
2946 4423 3081 4453 fortune
3096 4421 3195 4452 indif¬

2296 4471 2417 4501 férent.
2437 4485 2453 4490 -
2469 4468 2509 4497 N-
2527 4466 2615 4495 4994.

2335 4530 2445 4557 Jeune
2457 4525 2526 4554 fille
2542 4525 2580 4552 23
2596 4531 2667 4556 ans,
2687 4521 2874 4559 employée,
2892 4521 3011 4557 brune,
3030 4521 3194 4559 physique

2297 4567 2469 4607 agréable,
2497 4563 2609 4593 20.000
2623 4562 2676 4594 fr.,
2709 4562 2777 4591 très
2807 4560 3027 4595 affectueuse,
3046 4564 3194 4600 épouse¬

2297 4610 2363 4638 rait
2377 4612 2550 4645 personne
2580 4602 2742 4632 situation
2762 4610 2805 4631 en
2821 4605 2972 4640 rapport.
3003 4618 3020 4624 -
3046 4602 3182 4631 N’4996

2336 4666 2445 4694 Jeune
2470 4661 2539 4691 fille
2562 4661 2601 4691 25
2630 4668 2701 4694 ans,
2715 4659 2813 4697 jolie,
2829 4659 3051 4695 musicienne,
3070 4659 3194 4689 femme

2298 4706 2341 4734 du
2357 4703 2492 4736 monde,
2508 4700 2679 4734 instruite,
2693 4699 2761 4729 fille
2777 4700 2819 4730 de
2833 4699 2916 4730 haut
2931 4699 3193 4734 fonctionnaire,

2298 4744 2496 4782 épouserait
2512 4741 2687 4771 monsieur
2698 4740 2736 4769 26
2746 4743 2760 4769 à
2770 4741 2809 4769 38
2822 4748 2880 4769 ans
2896 4740 3049 4770 habitant
3065 4740 3195 4778 grande

2297 4785 2378 4814 ville
2394 4784 2523 4813 France
2540 4789 2583 4811 ou
2599 4779 2763 4811 colonies.
2780 4797 2797 4802 -
2814 4780 2854 4809 N-
2871 4781 2960 4811 4997.

2338 4854 2448 4882 Jeune
2464 4850 2600 4879 homme
2619 4849 2657 4878 24
2686 4856 2758 4882 ans,
2782 4848 2882 4883 brun,
2906 4848 3001 4878 avoir
3013 4847 3125 4878 20.000
3140 4845 3196 4880 fr.,

2300 4892 2460 4922 situation
2478 4889 2632 4923 libérale,
2650 4889 2816 4919 demande
2822 4889 2928 4924 jeune
2946 4888 3016 4918 fille
3032 4895 3076 4916 ou
3088 4894 3197 4916 veuve

2300 4930 2462 4962 situation
2478 4938 2521 4960 en
2536 4931 2689 4969 rapport.
2707 4945 2719 4950 -
2732 4929 2762 4959 N
2767 4938 2774 4944 -
2792 4929 2883 4959 4862.

2339 4992 2448 5019 Jeune
2463 4988 2610 5022 homme,
2630 4988 2823 5021 sud-ouest,
2842 4987 2894 5016 fils
2912 4985 3049 5023 unique,
3066 4983 3197 5013 300.000

2301 5031 2355 5065 fr.,
2371 5029 2471 5063 brun,
2487 5037 2549 5067 pas
2566 5030 2711 5063 fumeur,
2723 5026 2920 5066 épouserait
2937 5024 3136 5055 demoiselle
3151 5030 3196 5052 ou

2301 5077 2408 5101 veuve
2424 5069 2592 5104 sérieuse,
2623 5069 2686 5106 âge
2714 5071 2749 5098 et
2764 5066 2925 5098 situation
2943 5073 2984 5095 en
3011 5065 3161 5101 rapport.
3179 5077 3197 5083 -

2300 5112 2340 5141 N-
2358 5110 2448 5140 4998.

667 5301 673 5320 ;
711 5280 747 5325 A

669 5293 725 5381 J

1764 5386 1771 5414 \
