3469 5575
2610 332 2640 366 1
2641 334 2669 350 er
2717 329 2860 367 Juin
2916 329 3062 367 1931

315 520 1227 737 REVUE
1451 521 3115 747 MENSUELLE

601 783 794 840 Liste
824 782 1276 841 d’Annonces
1307 784 1892 843 Matrimoniales
1924 790 1989 843 et
2018 786 2471 845 d’Annonces
2502 788 2835 846 Diverses

329 876 468 916 (Fonds
508 879 555 910 de
596 887 825 917 commerce,
871 878 1068 918 industrie,
1106 881 1214 911 vente
1258 879 1535 919 d’immeubles,
1582 880 1752 921 location,
1791 881 1990 922 échange).
2099 879 2133 910 —
2242 879 2493 914 Paraissant
2531 880 2568 913 le
2606 882 2667 913 1er
2701 881 2747 914 de
2791 882 2948 923 chaque
2982 881 3101 914 mois.

556 948 590 986 U
594 948 871 986 Abonnement
884 950 924 986 et
938 949 986 986 de
1004 946 1162 1005 QUARANTE
1184 946 1298 999 FRANCS
1313 961 1422 999 pour
1439 951 1582 999 quatre
1602 951 1705 989 mois
1726 948 1765 989 et
1781 949 1946 1009 CINQUANTE
1964 949 2075 1002 FRANCS
2089 963 2197 1002 pour
2215 953 2282 990 six
2300 953 2405 990 mois
2426 954 2616 992 donnant
2634 954 2741 992 droit
2760 956 2784 992 à
2805 965 2882 992 une

291 1015 530 1065 inscription
548 1017 729 1066 gratuite
748 1027 820 1054 sur
837 1027 902 1053 ma
922 1015 1013 1053 liste
1053 1016 1090 1055 —
1111 1016 1182 1055 Les
1196 1028 1402 1055 annonces
1416 1019 1514 1055 sont
1533 1017 1582 1055 de
1602 1020 1743 1067 quatre
1762 1020 1895 1069 lignes
1915 1021 2145 1058 maximum.
2168 1018 2207 1064 —
2229 1018 2272 1064 Lsî
2287 1018 2366 1078 ligSSî
2382 1020 2600 1079 îflppl'eiMtlifÊS
2614 1023 2667 1066 sont
2682 1023 2769 1079 payées
2784 1023 2798 1067 à
2811 1021 2891 1067 raison
2907 1019 2934 1067 ds
2948 1019 2963 1067 3
2980 1020 3011 1068 fr.
3027 1021 3051 1068 la
3066 1021 3142 1082 ligne.

727 1096 906 1135 Adresser
926 1096 1064 1136 Lettres
1079 1099 1115 1136 et
1134 1096 1315 1136 Mandats
1335 1099 1357 1136 à
1377 1097 1487 1136 Mme
1515 1097 1649 1137 Veuve
1683 1098 1955 1148 CHABAUD,
1978 1100 2180 1140 Directrice
2199 1100 2248 1139 de
2268 1100 2302 1142 la
2323 1100 2462 1142 Revue
2481 1102 2706 1141 Mensuelle

1289 1165 1372 1205 Rue
1391 1165 1669 1214 Sainte-Croix,
1690 1167 1937 1211 MofltélitïlRr
1969 1168 2144 1219 (Drôme)

326 1297 419 1325 Notre
433 1308 532 1326 œuvre
547 1309 565 1326 a
578 1303 652 1334 pour
668 1299 716 1326 but
732 1300 766 1326 de
781 1299 866 1326 venir
877 1309 912 1326 en
927 1299 992 1326 aide
1002 1309 1062 1327 aux
1065 1301 1204 1334 familles

291 1343 343 1377 qui
357 1342 484 1370 désirent
499 1344 608 1371 marier
625 1345 704 1371 leurs
721 1347 847 1378 enfants,
865 1354 925 1371 aux
942 1354 1048 1372 veuves
1063 1345 1116 1381 qui
1131 1356 1202 1372 vou¬

289 1387 405 1415 draient
420 1395 450 1416 se
464 1389 614 1422 remarier,
632 1399 693 1416 aux
722 1386 876 1425 orphelins
905 1394 932 1417 et
960 1399 1020 1417 aux
1048 1390 1203 1418 messieurs

289 1432 342 1467 qui
355 1434 455 1460 rêvent
469 1431 502 1460 de
517 1443 547 1460 se
555 1434 664 1468 fonder
680 1444 720 1461 un
727 1437 828 1470 foyer,
842 1445 898 1462 une
906 1433 1039 1468 famille.

326 1486 419 1514 Notre
433 1497 533 1515 œuvre
546 1497 613 1515 sera
632 1492 801 1524 approuvée
820 1493 876 1524 par
890 1493 957 1517 tous
986 1499 1037 1517 nos
1066 1490 1194 1518 abonnés

295 1532 443 1568 lorsqu'ils
458 1538 583 1561 sauront
595 1533 684 1570 qu'ils
700 1537 828 1569 peuvent
844 1539 963 1562 trouver
987 1537 1079 1571 grâce
1095 1539 1112 1563 à
1127 1541 1208 1563 notre

293 1586 445 1611 concours,
461 1579 489 1605 le
504 1588 605 1614 moyen
620 1579 654 1606 de
668 1580 814 1606 semarier
826 1581 909 1607 selon
921 1581 1000 1608 leurs
1014 1584 1114 1616 goûts,
1129 1582 1208 1608 leurs

296 1632 365 1649 vues
381 1628 406 1650 et
421 1624 500 1650 selon
517 1624 596 1651 leurs
610 1625 786 1651 conditions.

330 1676 413 1704 Nous
427 1678 529 1712 prions
545 1678 586 1705 les
602 1678 703 1706 Dames
720 1684 746 1706 et
763 1680 806 1706 les
820 1680 984 1707 Messieurs
1008 1680 1041 1707 de
1063 1690 1133 1708 nous
1158 1690 1208 1707 en¬

296 1731 384 1756 voyer
400 1723 426 1749 le
441 1724 508 1758 plus
523 1723 676 1751 d’abonnés
692 1725 834 1759 possible,
851 1724 914 1761 afin
928 1735 983 1761 que
1002 1730 1083 1753 notre
1111 1736 1209 1753 œuvre

294 1766 495 1803 s’agrandisse
509 1773 536 1795 et
551 1769 646 1803 puisse
657 1773 713 1804 par
727 1779 762 1796 ce
774 1780 879 1805 moyen
887 1770 1028 1804 fdcilitér
1043 1771 1161 1799 nombre
1176 1772 1209 1798 de

295 1812 429 1849 ntariâge
445 1818 470 1840 et
478 1814 562 1846 faire
578 1814 606 1840 le
619 1815 689 1849 plus
713 1814 877 1842 d'heureux
892 1813 1030 1851 possible,
1059 1825 1111 1843 car
1138 1816 1207 1843 c'est

295 1866 351 1884 une
363 1857 453 1885 bonrie
470 1859 567 1886 action
582 1868 636 1894 que
649 1869 721 1887 vous
729 1862 822 1896 fere^
851 1870 885 1887 en
915 1864 1095 1898 propageant
1128 1866 1208 1888 notre

295 1912 400 1936 œuvre,
417 1913 486 1931 vous
495 1913 566 1931 nous
586 1905 703 1940 aiderez
721 1905 804 1932 ainsi
820 1908 837 1932 à
851 1905 1018 1933 contribuer
1031 1916 1068 1933 au
1080 1904 1208 1934 bonheur

293 1947 340 1974 des
348 1949 487 1982 familles
501 1949 552 1984 qui
561 1950 690 1977 désirent
701 1955 822 1978 trouver
832 1961 871 1977 un
883 1955 979 1989 époux
989 1961 1024 1978 ou
1036 1961 1091 1978 une
1100 1955 1209 1987 épouse

294 1995 368 2027 pour
387 1995 466 2021 leurs
481 1997 608 2028 enfants,
628 2005 691 2022 aux
706 2003 814 2024 veuves
835 2006 874 2022 un
890 1996 1017 2029 soutien,
1047 1999 1064 2023 à
1083 1996 1207 2032 l'orphe¬

295 2037 338 2064 lin
354 2048 393 2065 un
399 2041 490 2074 foyer
506 2044 532 2066 et
548 2050 585 2065 au
601 2041 778 2067 relèvement
792 2041 826 2068 de
843 2042 871 2068 la
890 2041 998 2068 France
1024 2042 1076 2076 qui
1103 2042 1204 2075 donne,

294 2086 349 2117 par
365 2083 406 2110 les
420 2085 568 2120 mariages
575 2085 712 2118 féconds,
728 2086 778 2112 des
793 2085 904 2113 soldats
920 2089 936 2112 à
952 2087 980 2113 la
996 2080 1099 2114 Patrie
1114 2092 1139 2114 et
1155 2088 1207 2122 qui

288 2129 357 2160 font
372 2129 420 2155 des
432 2132 552 2162 femmes
569 2130 603 2156 de
618 2130 725 2159 bonnes
736 2134 828 2158 mères
843 2132 877 2157 de
883 2132 1016 2164 famille.

332 2181 408 2210 C'est
424 2184 495 2210 dans
511 2194 544 2211 ce
559 2184 608 2211 but
624 2194 678 2220 que
694 2195 767 2212 nous
787 2187 878 2219 avons
885 2186 981 2219 fondé
995 2186 1025 2212 la
1041 2186 1054 2214 «
1070 2186 1209 2214 REVUE

294 2226 543 2257 MENSUELLE
559 2236 586 2257 ».

330 2281 416 2310 Nous
432 2292 467 2311 ne
481 2288 584 2311 tenons
598 2287 653 2318 pas
669 2294 726 2311 une
737 2293 850 2321 agence
862 2284 1078 2313 matrimoniale
1096 2290 1123 2313 et
1137 2295 1209 2313 nous

295 2336 330 2354 ne
343 2331 468 2362 prenons
482 2338 597 2356 aucune
610 2330 797 2356 commission
810 2339 862 2356 sur
878 2330 908 2356 la
924 2330 973 2357 dot
975 2329 981 2357 .
1017 2329 1103 2357 Voici
1131 2340 1208 2358 com¬

295 2377 371 2400 ment
386 2383 458 2401 nous
472 2375 630 2409 procédons
645 2385 651 2401 :

333 2424 417 2454 Vous
427 2437 501 2454 nous
520 2428 692 2464 indiquerez
704 2427 823 2455 d'abord
836 2433 919 2456 votre
931 2429 998 2466 âge,
1016 2434 1097 2457 votre
1110 2430 1208 2458 situa-

293 2471 393 2500 tionde
395 2475 621 2506 fortune,votre
630 2473 807 2508 profession,
821 2477 903 2501 votre
908 2473 967 2507 dot,
976 2484 1025 2501 vos
1037 2486 1043 2499 t
1051 2478 1206 2510 spérances

292 2521 318 2543 et
333 2526 365 2543 ce
378 2527 434 2553 que
448 2518 521 2546 vous
549 2518 733 2545 désireet
761 2528 834 2545 nous
863 2528 934 2546 vous
963 2519 1128 2547 inscrivons
1156 2530 1206 2547 sur

292 2565 373 2590 notre
389 2563 469 2597 liste,
485 2566 561 2597 pour
573 2563 646 2590 trois
662 2564 745 2597 mois,
757 2567 813 2600 par
827 2573 883 2590 une
898 2573 1027 2591 annonce
1040 2574 1094 2601 que
1100 2565 1135 2601 je
1141 2566 1209 2599 fais

291 2607 455 2635 moi-même
468 2612 494 2635 et
510 2618 582 2636 nous
598 2618 671 2636 vous
682 2609 813 2636 donnons
830 2619 868 2635 un
882 2612 999 2636 numéro
999 2609 1118 2643 faisant
1129 2611 1208 2638 suite

291 2655 307 2679 à
322 2657 396 2680 cette
408 2663 547 2681 annonce.
567 2653 644 2682 C'est
657 2658 712 2688 par
725 2654 753 2681 le
768 2664 869 2689 moyen
885 2654 921 2681 dé
947 2664 979 2681 ce
1007 2659 1122 2683 numéro
1152 2666 1206 2691 que

290 2707 361 2725 vous
378 2702 492 2734 pouvez
506 2699 718 2734 correspondre
730 2708 803 2726 avec
814 2703 880 2726 tous
890 2700 933 2726 les
949 2699 1073 2727 abonnés
1083 2700 1116 2728 de
1129 2705 1207 2728 notre

288 2741 366 2769 liste.

323 2795 455 2832 Lorsque
469 2806 542 2825 vous
557 2798 670 2824 désirez
685 2798 894 2832 correspondre
911 2807 980 2825 avec
991 2808 1031 2824 un
1047 2799 1155 2826 abonné
1178 2804 1205 2826 et

287 2850 342 2875 que
357 2851 428 2869 vous
444 2852 522 2878 ave\
536 2842 636 2870 choisi
650 2843 723 2870 dans
749 2843 780 2869 la
798 2842 927 2870 Revue
952 2843 1152 2872 Mensuelle
1181 2845 1208 2871 le

287 2886 370 2920 parti
384 2888 436 2922 qui
445 2897 517 2915 vous
527 2888 711 2923 plaxtleplus
724 2888 804 2915 voici
819 2892 960 2915 comment
974 2889 1192 2925 vousprocédez
1200 2902 1207 2916 :

632 2977 831 3004 EXEMPLE
846 2990 854 3004 :

334 3046 449 3078 Jeune
466 3045 625 3086 homme,
652 3045 697 3078 30
718 3054 796 3084 ans,
819 3046 892 3079 très
920 3046 1015 3079 belle
1033 3046 1203 3081 situation

290 3090 380 3122 dans
401 3090 592 3131 industrie,
614 3093 764 3133 rapport
781 3092 823 3122 10
834 3090 853 3122 à
872 3091 998 3123 12.000
1013 3091 1072 3133 fr.,
1086 3092 1202 3125 désire

288 3135 451 3178 mariage
471 3145 515 3168 en
536 3139 697 3178 rapport.
715 3154 760 3158 —
780 3135 903 3169 Ecrire
923 3137 951 3169 N
958 3146 965 3154 -
991 3136 1024 3168 2.

469 3198 514 3222 ou

333 3243 549 3277 Demoiselle
575 3244 620 3277 25
657 3253 737 3287 ans,
773 3243 942 3277 situation
977 3245 1021 3277 de
1058 3246 1199 3279 fortune

287 3288 414 3321 25.000
433 3289 567 3329 francs,
585 3292 656 3322 etc.
680 3308 723 3312 —
744 3289 866 3322 Ecrire
882 3290 925 3322 N'
949 3292 981 3322 4.

332 3342 432 3376 Vous
444 3342 494 3376 lui
506 3342 646 3376 écrivez
660 3345 891 3377 voüs-même
904 3349 950 3377 oü
968 3342 1068 3377 faites
1081 3344 1197 3378 écrire

286 3396 352 3429 par
373 3388 571 3431 quelqu’un
603 3388 648 3421 de
676 3390 779 3421 votre
801 3387 949 3429 famille,
979 3398 1021 3422 en
1052 3389 1198 3432 signant

286 3432 331 3465 de
352 3435 452 3466 votre
469 3432 636 3473 numéro,
655 3436 689 3466 et
706 3442 793 3466 vous
808 3436 934 3467 mettez
948 3443 1010 3467 sur
1024 3433 1198 3468 l'adresse

284 3477 459 3511 cachetée
475 3481 510 3511 et
521 3477 670 3510 timbrée
684 3478 718 3511 le
732 3478 881 3511 numéro
894 3479 937 3511 de
952 3479 986 3511 la
1000 3489 1195 3521 personne,

285 3522 478 3556 deuxième
499 3523 713 3566 enveloppe,
734 3532 822 3557 avec
841 3533 901 3557 ces
913 3524 1088 3566 quelques
1105 3529 1197 3558 mots

286 3577 348 3600 sur
359 3577 430 3601 une
441 3572 542 3601 carte
557 3577 602 3600 ou
616 3577 661 3600 un
674 3568 760 3601 bout
771 3569 816 3601 de
824 3568 951 3611 papier
962 3569 1052 3602 ainsi
1063 3570 1195 3603 libellé:

287 3624 306 3643 «
323 3613 510 3646 Monsieur
524 3622 571 3646 ou
586 3614 763 3652 Madame,
776 3623 824 3646 ou
835 3613 1109 3648 Mademoiselle
1120 3617 1194 3648 X...

286 3657 402 3699 (votre
426 3667 509 3691 nom
526 3661 561 3691 et
581 3662 679 3691 votre
700 3658 868 3701 numéro)
881 3659 959 3701 prie
980 3660 1143 3693 Madame
1163 3661 1198 3693 la

287 3702 480 3736 Directrice
501 3704 545 3736 de
562 3704 595 3736 la
611 3704 731 3737 Revue
740 3705 785 3736 de
806 3703 897 3737 faire
919 3704 1085 3746 parvenir
1105 3708 1197 3738 cette

286 3748 391 3781 lettre
407 3748 427 3780 à
446 3749 494 3781 tel
515 3749 667 3781 numéro
688 3760 707 3780 »
724 3752 760 3782 et
776 3758 865 3781 vous
885 3749 1056 3783 cachetez
1072 3754 1107 3783 et
1119 3750 1196 3782 tim¬

285 3792 368 3825 brez
394 3797 488 3826 cette
523 3793 716 3827 deuxième
746 3794 949 3836 enveloppe
984 3794 1005 3827 à
1040 3795 1198 3838 laquelle

286 3846 374 3870 vous
396 3841 524 3871 mettez
540 3848 623 3871 mon
646 3839 807 3878 adresse,
829 3842 865 3872 et
890 3839 1042 3872 aussitôt
1075 3849 1195 3880 reçue,

286 3881 321 3925 je
341 3882 456 3916 défais
472 3884 505 3916 la
535 3883 715 3926 première
741 3884 956 3935 enveloppe,
989 3883 1135 3927 j’efface
1165 3885 1198 3918 le

287 3928 437 3961 numéro
459 3929 504 3961 de
525 3928 559 3961 la
579 3929 771 3961 deuxième
791 3932 827 3961 et
846 3933 941 3962 mets
962 3929 1133 3963 l’adresse
1155 3931 1200 3963 de

286 3972 319 4005 la
340 3981 519 4015 personne
535 3977 570 4006 et
588 3973 781 4016 réexpédie
797 3974 834 4007 la
848 3975 967 4007 lettre.
990 3975 1089 4007 Vous
1107 3984 1198 4017 pou¬

285 4026 346 4050 vez
363 4019 626 4061 correspondre
641 4028 731 4052 avec
742 4023 823 4051 tous
845 4028 910 4052 nos
932 4019 1093 4053 abonnés
1113 4016 1199 4053 sahs

286 4072 372 4096 vous
391 4063 479 4096 faire
496 4065 699 4097 connaître.
739 4064 787 4097 Ce
822 4064 912 4096 n’est
946 4074 1014 4107 que
1053 4065 1199 4108 lorsque

286 4117 373 4140 vous
391 4117 498 4141 aurez
518 4108 583 4141 fait
604 4111 704 4141 votre
724 4108 846 4148 choix,
883 4118 953 4151 que
992 4118 1080 4142 vous
1108 4118 1197 4142 vous

286 4153 424 4186 donnez
445 4153 722 4186 mutuellement
739 4157 840 4186 votre
861 4153 1034 4187 véritable
1051 4155 1197 4187 adresse

286 4201 320 4230 et
341 4207 410 4241 que
444 4207 533 4231 vous
572 4208 662 4231 vous
701 4198 877 4242 ménagez
916 4208 987 4232 une
1025 4203 1197 4234 entrevue

285 4251 377 4285 pour
392 4243 540 4276 décider
560 4244 604 4276 de
621 4246 722 4277 votre
742 4247 829 4276 sort.

321 4341 361 4370 Le
374 4343 448 4379 prix
462 4342 496 4370 de
506 4346 589 4371 notre
604 4341 794 4371 abonnement
809 4347 851 4371 est
859 4342 893 4370 de
908 4346 1000 4370 trente
1007 4346 1112 4377 francs
1125 4348 1199 4380 pour

282 4393 384 4423 quatre
398 4389 472 4416 mois
487 4393 512 4415 et
522 4392 666 4424 quarante
672 4390 781 4422 francs
803 4392 879 4424 pour
906 4389 957 4416 six
982 4389 1055 4416 mois
1074 4394 1100 4416 et
1128 4399 1199 4417 vous

284 4443 356 4461 avez
369 4434 446 4461 droit
461 4437 478 4461 à
494 4437 554 4461 être
570 4433 677 4461 inscrit
692 4433 905 4470 gratuitement
919 4443 970 4461 sur
984 4444 1032 4461 ma
1047 4435 1124 4462 liste.

324 4478 405 4507 Vous
419 4489 516 4515 voye\
529 4478 650 4514 qu'avec
663 4483 740 4505 cette
753 4479 889 4514 modique
900 4489 1015 4511 somme,
1034 4489 1105 4507 vous
1120 4484 1197 4515 pou¬

283 4533 335 4551 vez
346 4532 416 4552 vous
431 4524 550 4558 marier,
563 4533 633 4551 sans
649 4524 737 4551 avoir
752 4527 769 4550 à
793 4527 896 4559 passer
923 4528 979 4560 par
996 4525 1045 4551 des
1072 4535 1198 4562 agences

282 4569 334 4604 qui
347 4579 377 4597 se
388 4572 454 4602 font
470 4579 569 4597 verser
583 4570 724 4596 d’avance
738 4569 771 4596 de
785 4577 901 4604 grosses
916 4570 1084 4604 provisions
1105 4575 1130 4597 et
1144 4571 1195 4606 qui

283 4620 456 4651 escomptent
471 4615 505 4641 de
519 4624 638 4651 grosses
655 4614 869 4647 commissions,
898 4618 972 4649 pour
995 4615 1140 4643 n’arriver
1169 4616 1196 4642 le

283 4660 351 4695 plus
366 4665 487 4688 souvent
501 4661 518 4687 à
534 4669 632 4687 aucun
647 4660 783 4686 résultat.
809 4659 894 4686 Nous
922 4659 1042 4687 n’avons
1072 4662 1136 4688 rien
1166 4662 1199 4688 de

282 4715 415 4733 commun
431 4715 502 4733 avec
517 4706 560 4732 les
575 4714 712 4741 agences,
731 4714 783 4731 car
799 4714 872 4732 nous
887 4715 922 4732 ne
936 4709 1061 4740 prenons
1085 4716 1199 4733 aucune

283 4752 467 4778 commission
482 4761 533 4777 sur
549 4751 580 4778 la
595 4751 653 4777 dot.
681 4750 727 4779 Un
756 4750 881 4777 modeste
908 4750 1098 4779 abonnement
1125 4761 1196 4779 nous

288 4801 347 4823 se’t
361 4795 396 4823 de
404 4796 560 4831 paiement.
1201 4796 1212 4807 *

320 4841 482 4876 Lorsqu'un
499 4841 609 4868 abonné
624 4840 691 4868 s'est
699 4840 803 4876 fiancé
817 4844 845 4867 et
858 4841 931 4875 qu’il
947 4841 993 4867 n’a
1008 4842 1076 4876 plus
1099 4842 1198 4869 besoin

282 4886 316 4913 de
327 4890 407 4914 notre
418 4895 514 4920 revue,
529 4886 554 4913 il
569 4887 641 4913 nous
654 4887 681 4913 le
691 4886 750 4918 fait
759 4886 862 4913 savoir
871 4885 931 4920 afin
944 4895 997 4920 que
1008 4896 1079 4914 nous
1090 4897 1197 4922 rayons

283 4941 334 4959 son
350 4941 480 4958 annonce
493 4935 566 4966 pour
583 4941 617 4958 ne
629 4934 683 4966 pas
689 4932 776 4965 faire
790 4931 998 4966 correspondre
1012 4931 1197 4960 inutilement

284 4986 335 5003 nos
351 4977 490 5004 abonnés.

322 5021 396 5049 Tout
411 5022 520 5048 abonné
535 5022 597 5049 doit
610 5021 751 5057 répondre
767 5024 784 5048 à
799 5025 892 5048 toutes
908 5021 950 5048 les
974 5022 1073 5049 lettres
1085 5023 1136 5058 qui
1151 5023 1197 5050 lui

282 5071 346 5094 sont
362 5067 506 5096 adressées
515 5071 518 5083 ;
522 5068 529 5100 ;
547 5068 577 5094 la
592 5067 732 5102 politesse
748 5067 866 5101 l’exige,
898 5076 934 5093 ne
940 5069 1058 5099 fussent
1087 5078 1140 5102 que
1150 5077 1196 5095 ces

283 5112 355 5140 trois
374 5122 409 5140 ou
420 5116 522 5147 quatre
536 5116 609 5139 mots
620 5122 625 5138 :
643 5111 765 5144 Inutile,
775 5115 840 5138 tous
853 5120 910 5139 mes
923 5115 1046 5147 regrets.
1057 5127 1089 5131 —
1101 5112 1195 5140 N...»

1301 1300 1400 1331 Pour
1408 1303 1535 1332 toutes
1547 1298 1803 1334 lesannoncas
1814 1303 1995 1343 ci-après,
2005 1303 2173 1335 s’adres¬

1260 1359 1327 1381 ser
1346 1352 1366 1381 à
1395 1351 1568 1382 Madame
1585 1350 1705 1383 Veuve
1723 1350 1939 1391 CHABAUD,
1963 1352 2170 1384 Directrice

1259 1400 1304 1432 de
1320 1400 1353 1431 la
1377 1401 1397 1417 “
1415 1400 1539 1432 Revue
1558 1401 1765 1434 Mensuelle

1302 1506 1417 1536 Veuve
1433 1506 1472 1535 43
1488 1513 1560 1537 ans,
1576 1513 1653 1535 sans
1667 1506 1797 1539 enfant,
1815 1506 1953 1537 fortune
1967 1507 2027 1537 280
2040 1507 2101 1537 000
2115 1509 2170 1542 lr.,

1263 1554 1412 1577 revenus
1429 1546 1543 1576 20.000
1560 1546 1600 1575 fr.
1614 1554 1675 1578 rar
1699 1554 1753 1581 an,
1779 1547 1981 1586 épouserait
1996 1549 2174 1578 monsieur

1265 1590 1367 1626 ?yant
1378 1587 1463 1625 jolie
1480 1587 1643 1622 situation
1659 1594 1703 1617 ou
1722 1587 1871 1618 fortune.
1890 1604 1909 1610 -
1925 1590 1953 1619 N
1959 1597 1965 1603 -
1980 1589 2071 1618 2100.

1305 1691 1443 1721 Officier
1478 1690 1691 1722 ministériel,
1709 1692 1859 1729 notaire,
1889 1692 1929 1722 60
1957 1700 2028 1727 ans,
2059 1692 2172 1722 bonne

1265 1731 1428 1762 situation
1460 1732 1501 1762 de
1528 1732 1674 1765 fortuite,
1703 1739 1784 1762 sans
1814 1734 1943 1765 enfant,
1959 1733 2116 1765 instance
2132 1731 2173 1763 de

1264 1772 1416 1808 divorce,
1433 1774 1522 1811 épell
1545 1772 1632 1802 erait
1653 1780 1830 1810 personne
1860 1774 2025 1807 sérieuse,
2055 1773 2173 1803 distin¬

1263 1817 1364 1851 guée,
1381 1812 1558 1847 instruite,
1576 1813 1679 1843 aisée.
1696 1829 1712 1834 -
1731 1814 1772 1844 N-
1792 1814 1883 1844 4899.

1303 1916 1508 1950 Céliba’aire
1523 1917 1562 1947 42
1578 1925 1649 1948 ans,
1667 1918 1739 1947 très
1755 1917 1848 1952 bien,
1875 1918 2073 1948 moustache
2101 1917 2168 1949 ficte

1265 1957 1415 1987 châtain,
1433 1959 1614 1988 caractère
1636 1957 1845 1994 affectueux,
1875 1958 1988 1995 désire
2017 1960 2171 1996 mariage

1265 2006 1348 2027 avec
1360 1991 1469 2035 j"ùhe
1485 1997 1568 2033 fille,
1586 2007 1690 2028 veuve
1708 2007 1789 2029 sans
1809 1999 1936 2033 enfant,
1958 2001 2058 2036 ayant
2088 2008 2172 2038 pro¬

1265 2039 1377 2076 priété
1391 2047 1435 2068 ou
1453 2039 1542 2069 belle
1559 2039 1616 2069 dot
1631 2039 1788 2070 destinée
1805 2040 1994 2072 compléter
2009 2047 2171 2070 ressour¬

1265 2086 1324 2109 ces
1341 2079 1442 2109 acbt
1457 2079 1545 2109 beau
1562 2079 1674 2109 domai
1700 2089 1732 2115 e,
1759 2080 1922 2110 situation
1952 2081 2170 2119 personnelle

1264 2120 1551 2158 pécunîèremeèt
1581 2120 1769 2155 suffisante,
1799 2121 2007 2159 accepterait
2037 2120 2171 2160 régime

1266 2161 1368 2190 dotal.
1386 2177 1401 2182 -
1420 2160 1510 2190 4900.

1306 2258 1573 2289 Fonctionnaire
1601 2258 1636 2288 31
1662 2267 1738 2294 ans,
1768 2254 1967 2289 traitement
1995 2259 2088 2289 7.000
2117 2258 2171 2295 fr.,

1264 2301 1540 2337 gouvernement
1554 2298 1729 2330 Tunisien,
1753 2300 1851 2330 avoir
1865 2299 1977 2330 25.000
1992 2301 2046 2335 fr,,
2063 2302 2173 2338 épou¬

1265 2341 1371 2369 serait
1379 2341 1488 2375 Jeune
1500 2337 1521 2369 fi
1540 2341 1581 2375 le,
1595 2347 1700 2369 veuve
1713 2347 1758 2370 ou
1774 2340 1934 2371 divorcée
1945 2349 2027 2371 sans
2042 2340 2171 2376 enfant,

1264 2382 1364 2418 ayant
1383 2380 1518 2410 150.000
1532 2380 1574 2410 fr.
1590 2397 1603 2402 -
1617 2381 1644 2411 N
1652 2388 1657 2393 -
1674 2380 1765 2411 4901.

1303 2470 1413 2505 Jétine
1427 2472 1546 2505 iixdust
1567 2474 1618 2506 ieV
1624 2475 1665 2504 26
1682 2481 1756 2512 ans;
1774 2476 1928 2511 sérieux,
1959 2475 2121 2506 situation
2152 2477 2171 2506 à

1265 2522 1326 2544 son
1345 2518 1492 2554 compte,
1510 2516 1589 2545 bien
1606 2522 1685 2545 sous
1700 2518 1779 2546 tous
1797 2516 1847 2546 les
1871 2519 2041 2555 rapports,
2070 2518 2171 2554 épou¬

1264 2552 1373 2586 serait
1388 2555 1590 2586 demoiselle
1619 2564 1662 2586 ou
1689 2557 1800 2594 jeune
1826 2564 1936 2587 veuve
1962 2564 2047 2587 avec
2070 2557 2138 2587 dot.
2155 2573 2174 2578 -

1264 2597 1304 2627 N-
1322 2596 1412 2626 4902.

1301 2699 1465 2730 Militaire
1479 2700 1519 2729 35
1535 2708 1610 2734 ans,
1626 2699 1841 2737 retraitable,
1866 2700 1953 2731 1.600
1967 2700 2009 2732 fr.
2027 2701 2068 2731 de
2084 2710 2172 2740 pen¬

1260 2739 1350 2775 sion,
1379 2741 1533 2776 sérieux,
1565 2740 1680 2772 désire
1712 2741 1864 2780 mariage
1895 2742 2095 2772 demoiselle
2127 2750 2171 2772 ou

1258 2789 1373 2811 veuve
1386 2781 1427 2810 25
1439 2782 1458 2810 à
1470 2781 1509 2809 37
1524 2789 1599 2813 ans,
1625 2785 1727 2818 ayant
1759 2789 1955 2812 commerce
1984 2790 2027 2812 ou
2057 2782 2171 2813 bonne

1263 2820 1439 2851 situation.
1457 2837 1469 2842 -
1483 2821 1513 2851 N
1519 2829 1524 2834 -
1543 2820 1634 2851 4903.

1304 2923 1510 2955 Demoiselle
1532 2924 1573 2953 26
1600 2932 1675 2959 ans,
1704 2925 1868 2956 conduite
1896 2925 2169 2964 irréprochable,

1262 2963 1429 3003 physique
1455 2963 1632 3003 agréable,
1665 2965 1721 2994 100
1737 2966 1797 2996 000
1810 2966 1853 2997 fr.
1869 2966 1910 2996 de
1926 2967 1992 3001 dot,
2022 2967 2170 3005 grandes

1263 3007 1484 3044 espérances,
1497 3013 1539 3035 en
1554 3005 1635 3044 plus
1642 3006 1826 3037 collection
1840 3007 1999 3037 tableaux
2013 3010 2044 3037 et
2058 3008 2170 3046 objets

1261 3045 1358 3081 d’att,
1376 3045 1490 3076 désire
1506 3046 1642 3076 rentier
1667 3050 1770 3084 ayant
1800 3047 1837 3076 15
1866 3048 1887 3077 à
1914 3047 1954 3077 20
1967 3047 2028 3078 000
2056 3048 2097 3077 fr.
2129 3048 2171 3078 de

1260 3089 1388 3117 rentes.
1406 3103 1424 3108 -
1440 3087 1469 3117 N
1476 3095 1481 3101 -
1500 3086 1590 3116 4904.

1296 3190 1476 3221 Monsieur
1491 3191 1531 3220 34
1561 3198 1636 3226 ans,
1668 3192 1739 3221 très
1770 3192 1940 3222 ancienne
1969 3192 2098 3223 famille
2125 3192 2170 3222 du

1254 3231 1372 3269 Velay,
1389 3231 1600 3270 catholique,
1626 3231 1720 3261 6.000
1735 3232 1778 3263 fr.
1795 3240 1937 3269 revenu,
1967 3233 2169 3271 épouserait

1250 3273 1360 3310 jeune
1375 3271 1463 3304 fille,
1481 3272 1545 3310 âge
1562 3275 1598 3302 et
1613 3272 1777 3303 situation
1795 3281 1837 3303 en
1854 3276 2007 3312 rapport,
2039 3281 2084 3304 ou
2099 3273 2171 3304 fille

1255 3312 1297 3342 de
1312 3313 1546 3351 propriétaire
1563 3320 1607 3343 ou
1621 3316 1857 3351 commerçant
1868 3319 1900 3344 et
1913 3314 2167 3345 collaborerait.

1258 3369 1268 3374 -
1286 3353 1327 3383 N-
1346 3353 1436 3382 4906.

1295 3456 1503 3487 Demoisëlle
1532 3456 1574 3486 30
1601 3464 1677 3491 ans,
1708 3456 1831 3493 brune,
1862 3457 2070 3497 distinguée,
2115 3458 2173 3489 dot

1256 3497 1378 3531 15.000,
1410 3497 1525 3528 bonne
1556 3497 1733 3533 situation,
1765 3499 1965 3537 épouserait
1994 3498 2173 3529 monsieur

1254 3536 1464 3573 affectueux,
1480 3538 1596 3568 bonne
1613 3539 1811 3575 éducation,
1828 3539 1868 3568 30
1883 3540 1902 3569 à
1915 3539 1955 3568 40
1970 3547 2043 3575 ans,
2061 3539 2169 3569 situa¬

1254 3578 1327 3609 tion
1346 3578 1451 3608 aisée.
1470 3579 1509 3608 N-
1524 3578 1617 3608 4907.

1259 3695 1263 3700 •
1294 3681 1500 3712 Lieutenant
1529 3682 1569 3712 36
1596 3689 1673 3717 ans,
1699 3681 1876 3714 chevalier
1904 3683 1946 3713 de
1974 3683 2008 3713 la
2036 3683 2165 3721 Légion

1253 3721 1459 3757 d’honneur,
1489 3723 1510 3752 9
1525 3722 1746 3753 décorations
1769 3731 1858 3763 pour
1873 3724 1949 3753 faits
1967 3724 2008 3754 de
2023 3731 2166 3761 guerre,

1254 3763 1351 3793 avoir
1366 3762 1407 3792 40
1419 3763 1481 3793 000
1497 3763 1550 3797 fr.,
1568 3765 1771 3797 épouserait
1777 3766 1886 3802 jeune
1899 3764 1967 3794 fille
1983 3772 2027 3794 ou
2043 3773 2167 3799 veuve,

1253 3803 1461 3842 catholique,
1475 3803 1517 3833 20
1531 3804 1549 3833 à
1565 3804 1606 3834 30
1621 3811 1695 3838 ans,
1708 3808 1807 3843 ayant
1825 3804 1972 3835 fortune.
1988 3821 2007 3827 -
2021 3805 2060 3834 N-
2075 3805 2165 3835 4908.

1292 3906 1488 3945 Négociant
1502 3907 1542 3937 35
1558 3915 1633 3941 ans,
1653 3907 1834 3944 musicien,
1861 3910 2049 3946 sportman,
2077 3908 2168 3939 belle

1254 3947 1428 3982 situation,
1447 3948 1653 3986 épouserait
1669 3955 1843 3986 personne
1858 3949 1898 3978 25
1914 3950 1932 3978 à
1947 3949 1987 3978 40
2000 3957 2060 3979 ans
2083 3957 2168 3980 avec

1256 3989 1323 4022 dot,
1353 3995 1507 4018 envover
1529 3988 1650 4027 photo,
1672 3996 1732 4027 pas
1761 3988 1900 4019 sérieux
1931 3989 2123 4020 s’abstenir.
2155 4006 2167 4012 -

1254 4026 1402 4058 N-4909.

1293 4132 1416 4169 Jeune,
1441 4131 1583 4164 homme
1613 4132 1685 4161 très
1714 4131 1807 4168 bien,
1838 4133 1876 4162 28
1903 4141 1977 4166 ans,
2008 4133 2166 4173 employé

1253 4172 1463 4211 Compagnie
1493 4172 1536 4201 du
1570 4171 1661 4205 Midi,
1693 4174 1791 4202 avoir
1821 4173 1931 4203 10.000
1960 4173 2014 4207 fr.,
2050 4174 2164 4204 désire

1253 4213 1406 4251 mariage
1423 4220 1507 4243 avec
1524 4212 1727 4243 demoiselle
1743 4213 1784 4243 20
1799 4214 1817 4244 à
1831 4215 1870 4243 28
1886 4223 1958 4244 ans.
1976 4231 1988 4236 -
2012 4215 2042 4245 N
2047 4223 2052 4229 -
2070 4215 2160 4245 4910.

1293 4316 1416 4347 Créole
1431 4315 1607 4355 orphelin,
1623 4315 1836 4353 célibataire,
1852 4318 1893 4347 26
1912 4326 1986 4354 ans,
2017 4318 2165 4348 catholi¬

1254 4365 1331 4396 que,
1349 4357 1509 4395 employé
1528 4357 1658 4392 P-L-M,
1674 4358 1730 4387 431
1750 4357 1792 4387 fr.
1810 4367 1871 4397 psr
1894 4358 1989 4397 mois,
2019 4361 2164 4398 épouse¬

1254 4400 1321 4428 rait
1333 4400 1442 4435 jeune
1459 4397 1530 4427 fille
1557 4402 1601 4427 Ou
1625 4405 1746 4434 veuve,
1771 4398 1849 4428 bien
1875 4406 1956 4429 sous
1981 4403 2058 4430 tous
2084 4408 2167 4438 rap¬

1252 4442 1360 4478 ports.
1379 4454 1398 4460 -
1412 4439 1442 4468 N
1463 4438 1565 4468 .4911.

1293 4543 1421 4577 Veuve,
1438 4542 1477 4571 46
1494 4549 1568 4577 aos,
1586 4537 1789 4578 honorable',
1819 4543 2070 4581 sympathique,
2101 4543 2167 4573 dis¬

1254 4582 1408 4620 tinguée,
1427 4582 1556 4612 femme
1572 4582 1786 4619 d’intérieur,
1801 4583 1932 4614 100.000
1943 4583 1984 4613 fr.
1999 4585 2039 4614 de
2051 4585 2165 4617 titres,

1254 4624 1399 4657 maison,
1416 4623 1577 4661 pension,
1596 4621 1665 4653 fille
1689 4624 1725 4652 17
1743 4631 1816 4658 ans,
1846 4624 2045 4664 épouserait
2073 4623 2167 4655 fonc¬

1253 4663 1427 4694 tionnaire
1444 4671 1489 4694 ou
1507 4663 1685 4693 monsieur
1701 4663 1778 4702 plus
1794 4664 1867 4703 âgé.
1886 4681 1903 4687 -
1919 4666 1959 4695 N'
1977 4665 2066 4695 4914.

1295 4762 1500 4791 Célibataire
1517 4761 1557 4791 30
1572 4769 1645 4796 ans,
1662 4762 1796 4792 officier
1815 4763 1857 4793 de
1886 4764 2038 4798 réserve,
2071 4763 2168 4794 avoir

1252 4802 1377 4837 20.000,
1396 4802 1478 4832 chef
1492 4803 1534 4832 de
1551 4803 1684 4832 service
1715 4803 1800 4833 dans
1829 4799 1958 4834 société
1987 4807 2166 4835 construc¬

1253 4843 1336 4878 tion,
1353 4844 1558 4873 traitement
1574 4843 1696 4879 15.000,
1715 4843 1829 4874 désire
1840 4845 1992 4883 mariage
2002 4845 2165 4875 situation

1252 4892 1295 4914 en
1310 4886 1465 4922 rapport.
1484 4900 1494 4905 -
1509 4883 1539 4913 N
1547 4893 1551 4897 -
1566 4884 1656 4913 4915.

1293 4986 1489 5017 Gendarme
1505 4985 1719 5023 célibataire,
1737 4989 1777 5018 33
1792 4996 1864 5024 ans,
1878 4988 1972 5019 avoir
1985 4988 2097 5019 15.000
2110 4989 2164 5024 fr,,

1253 5027 1456 5066 épouserait
1472 5027 1676 5058 demoiselle
1691 5035 1736 5059 ou
1753 5036 1860 5059 veuve
1877 5029 1918 5059 de
1934 5037 2060 5068 guerre
2084 5037 2165 5059 sans

1253 5067 1382 5103 enfant,
1412 5068 1452 5097 25
1478 5070 1497 5098 à
1526 5068 1568 5098 30
1596 5076 1672 5104 ans,
1699 5068 1861 5100 situation
1890 5078 1934 5100 en
1961 5074 2116 5109 rapport.
2148 5087 2166 5092 -

1251 5109 1293 5138 N-
1311 5109 1401 5138 4916.

2269 1303 2441 1341 Adjudant
2457 1302 2511 1334 ch.
2524 1304 2539 1334 f
2563 1304 2685 1344 Spahis
2716 1305 2756 1336 de
2785 1303 2950 1341 carrière,
2985 1307 3026 1335 32
3058 1314 3135 1342 ans,

2229 1344 2368 1375 décoré,
2385 1344 2488 1380 brun,
2506 1344 2714 1380 affectueux,
2741 1346 2937 1376 économies
2955 1346 3066 1377 10.000
3081 1345 3114 1379 fr
3132 1370 3139 1384 ,

2228 1383 2432 1415 retraitable
2449 1385 2533 1415 dans
2562 1387 2581 1415 3
2611 1394 2684 1421 ans,
2713 1385 2806 1419 2.400
2835 1386 2877 1416 fr.
2908 1386 2949 1417 de
2977 1387 3139 1427 pensipn,

2228 1425 2430 1457 épouserait
2458 1433 2637 1465 personne
2666 1426 2830 1458 situation
2859 1434 2902 1457 en
2932 1430 3083 1466 rapport.
3125 1445 3142 1451 -

2227 1466 2269 1495 N-
2286 1465 2379 1495 4917.

2269 1563 2477 1600 Demoiselle
2494 1569 2616 1605 brune,
2629 1571 2666 1599 31
2680 1578 2754 1605 ans,
2773 1569 2934 1601 situation
2951 1570 3033 1601 sûre
3048 1572 3142 1608 7,200

2227 1609 2282 1644 fr.,
2300 1609 2386 1648 petit
2402 1608 2587 1643 intérieur,
2610 1611 2689 1643 bien
2717 1610 2992 1650 physiquement,
3023 1611 3139 1644 bonne

2228 1650 2424 1685 éducation,
2439 1649 2508 1681 bon
2525 1652 2716 1687 caractère,
2739 1651 2852 1682 désire
2880 1652 2988 1683 union
3004 1660 3048 1683 en
3064 1660 3142 1693 rap¬

2228 1692 2318 1729 port.
2335 1706 2347 1712 -
2363 1691 2392 1720 N
2398 1699 2403 1705 -
2423 1692 2514 1721 4918.

2267 1795 2379 1824 Jeune
2396 1794 2534 1825 homme
2549 1796 2589 1825 22
2605 1803 2676 1831 ans,
2694 1794 2798 1826 établi
2813 1803 2856 1826 au
2886 1796 3016 1829 Maroc,
3048 1796 3141 1830 belle

2230 1835 2320 1864 situa
2338 1834 2395 1863 ion
2413 1835 2577 1871 d’avenir,
2591 1835 2759 1866 demande
2772 1838 2877 1874 jeune
2892 1836 2961 1867 fille
2975 1844 3019 1867 ou
3031 1845 3144 1873 veuve

2229 1875 2384 1912 gentille,
2403 1871 2611 1915 catholique,
2624 1877 2662 1906 18
2678 1878 2695 1906 à
2711 1876 2750 1906 25
2763 1885 2834 1913 ans,
2848 1878 2950 1915 ayant
2963 1872 3142 1914 situation,

2228 1923 2382 1953 envoyer
2396 1916 2514 1954 photo.
2532 1933 2552 1939 -
2567 1918 2597 1947 N
2603 1926 2608 1931 -
2626 1917 2719 1947 4919.

2268 2018 2361 2049 Veuf
2373 2020 2460 2056 seul,
2473 2021 2512 2051 56
2527 2028 2600 2056 ans,
2613 2020 2728 2051 bonne
2741 2023 2849 2055 santé,
2862 2021 3027 2057 honnête,
3042 2020 3145 2053 affec¬

2229 2062 2350 2094 tueux,
2370 2060 2514 2097 dévoué,
2534 2063 2634 2091 rente
2646 2062 2806 2092 annuelle
2816 2061 2927 2095 10.000
2939 2062 2994 2097 fr.,
3011 2063 3144 2093 maison

2229 2100 2271 2131 de
2290 2104 2434 2139 rapport
2450 2104 2486 2131 et
2501 2102 2612 2136 titres,
2643 2101 2698 2131 bel
2727 2102 2909 2138 intérieur,
2941 2104 3144 2141 épouserait

2227 2148 2405 2179 personne
2434 2142 2473 2172 38
2490 2143 2509 2172 à
2528 2143 2568 2172 45
2598 2150 2671 2178 ans,
2703 2150 2783 2172 sans
2813 2142 2941 2179 enfant,
2973 2143 3143 2182 physique

2228 2181 2403 2218 agréable,
2421 2183 2610 2213 sentiment
2624 2183 2840 2221 réciproque,
2868 2183 2983 2214 bonne
3009 2183 3139 2215 éduca¬

2228 2222 2313 2258 tion,
2331 2221 2496 2253 situation
2514 2223 2620 2254 aisée.
2637 2240 2649 2245 -
2664 2225 2706 2254 N-
2722 2223 2812 2253 4921.

2269 2326 2478 2357 Demoiselle
2493 2327 2534 2356 40
2545 2335 2618 2362 ans,
2632 2335 2829 2357 commerce
2841 2327 2882 2357 de
2894 2335 2987 2366 gros,
3002 2328 3141 2360 recher¬

2228 2365 2292 2396 che
2309 2374 2398 2405 pour
2413 2368 2597 2398 extension
2614 2366 2796 2403 d’affaires,
2807 2369 2985 2398 monsieur
2997 2370 3138 2400 sérieux

2230 2406 2408 2445 disposant
2423 2409 2466 2438 de
2481 2408 2521 2438 50
2535 2410 2553 2438 à
2564 2408 2680 2438 60.000
2693 2408 2747 2444 fr.,
2761 2412 2908 2447 pouvant
2921 2407 3006 2440 faire
3019 2409 3141 2440 maria¬

2229 2455 2272 2485 ge
2288 2447 2366 2486 plus
2381 2449 2469 2478 tard.
2487 2465 2506 2471 -
2522 2450 2563 2479 N'
2581 2449 2673 2478 4923.

2270 2550 2477 2582 Célibataire
2493 2552 2532 2581 44
2545 2560 2619 2587 ans,
2639 2552 2775 2587 aimant,
2815 2552 3143 2592 coupeur-tailleur,

2230 2590 2345 2621 bonne
2362 2592 2474 2630 p’ace,
2491 2593 2693 2631 épouserait
2718 2593 2917 2624 demoiselle
2947 2601 2991 2624 ou
3020 2601 3142 2630 veuve,

2232 2634 2335 2670 ayant
2349 2632 2436 2671 petit
2452 2634 2560 2664 avoir.
2576 2649 2596 2655 -
2610 2635 2640 2664 N
2646 2642 2652 2648 -
2666 2634 2756 2663 4924.

2267 2735 2474 2766 Célibataire
2489 2736 2529 2766 55
2544 2744 2618 2772 ans,
2636 2739 2715 2776 apte
2731 2738 2750 2767 à
2767 2737 2900 2767 donner
2915 2736 2947 2768 le
2963 2735 3136 2774 bonheur,

2228 2776 2300 2805 très
2316 2775 2373 2805 bol
2388 2775 2539 2811 homme,
2557 2777 2647 2807 forte
2664 2779 2772 2814 sauté,
2804 2778 3004 2816 énergique,
3036 2779 3140 2811 doux,

2229 2816 2371 2848 aimant,
2390 2816 2502 2847 15.000
2518 2816 2559 2846 tr.
2578 2817 2788 2853 économies,
2804 2825 2905 2857 passe
2922 2826 2983 2848 sur
2997 2814 3110 2849 lâché.
3128 2835 3142 2841 -

2230 2857 2272 2886 N-
2289 2856 2380 2886 4925.

2267 2959 2512 2999 Ex-capitaine
2528 2961 2567 2990 43
2583 2968 2656 2996 ans,
2675 2961 2770 2992 avoir
2785 2960 2897 2992 50^000
2913 2961 2967 2997 fr.,
2986 2963 3004 2992 à
3021 2961 3052 2991 la
3070 2959 3141 2993 tête

2228 2999 2329 3031 d’une
2345 3008 2468 3039 grosse
2485 3000 2605 3031 affaire
2620 3005 2824 3042 rapportant
2844 3010 2926 3044 gros
2950 3002 3139 3040 bénéfices,

2228 3041 2432 3078 épouserait
2443 3044 2553 3079 jeune
2571 3041 2642 3072 fille
2656 3043 2696 3072 25
2712 3044 2730 3072 à
2746 3043 2784 3072 43
2800 3051 2861 3072 ans
2876 3043 3002 3073 femme
3018 3043 3141 3074 d’inté¬

2228 3081 2336 3111 rieur.
2354 3098 2371 3104 -
2388 3083 2417 3113 N
2423 3092 2429 3098 -
2446 3083 2537 3113 4926.

2268 3185 2360 3215 Veuf
2370 3186 2410 3215 26
2426 3194 2500 3218 ans.
2516 3186 2734 3220 cultivateur,
2753 3186 2904 3222 sérieux,
2921 3186 3137 3221 travailleur,

2228 3227 2429 3256 économies
2445 3227 2464 3256 3
2479 3226 2539 3256 000
2570 3226 2627 3259 fr.,
2657 3227 2765 3266 petite
2792 3227 2950 3265 pension,
2981 3227 3142 3258 mobilier

2228 3265 2321 3297 neuf,
2366 3269 2579 3305 espérances
2621 3268 2724 3306 après
2752 3271 2904 3305 parents,
2941 3269 3141 3307 épouserait

2222 3308 2331 3345 jeune
2347 3306 2418 3338 fille
2433 3308 2474 3337 20
2488 3309 2507 3338 à
2523 3309 2562 3337 25
2578 3315 2651 3338 ans.
2669 3324 2689 3330 -
2704 3309 2744 3338 N'
2762 3309 2851 3338 4927.

2267 3411 2384 3440 Veuve
2398 3411 2439 3441 58
2455 3419 2528 3444 ans,
2546 3412 2741 3443 paraissant
2755 3412 2794 3441 48
2807 3420 2879 3447 ans,
2897 3411 3025 3442 femme
3049 3411 3138 3442 d’in¬

2228 3450 2373 3485 térieur,
2391 3451 2489 3482 avoir
2502 3452 2521 3481 8
2535 3452 2596 3482 000
2611 3452 2666 3487 fr.,
2695 3450 2755 3482 800
2783 3452 2825 3482 fr.
2854 3453 2896 3482 de
2925 3455 3057 3486 rentes,
3086 3453 3141 3483 vie

2228 3490 2427 3529 tranquille,
2439 3493 2641 3530 épouserait
2650 3492 2827 3523 monsieur
2836 3492 2968 3523 rentier
2979 3500 3023 3523 ou
3039 3496 3143 3531 ayant

2227 3532 2392 3562 situation
2409 3532 2503 3563 sûre.
2520 3549 2538 3555 -
2554 3533 2584 3563 N
2589 3542 2595 3548 -
2611 3533 2702 3563 4928.

2264 3637 2380 3666 Veuve
2395 3635 2435 3666 54
2452 3644 2529 3674 ans,
2542 3636 2610 3668 bon
2628 3636 3002 3673 caractère,instruite,
3014 3636 3140 3668 femme

2223 3676 2438 3712 d’intérieur,
2456 3676 2650 3708 recherche
2678 3677 2856 3707 monsieur
2884 3677 2956 3707 aisé
2986 3685 3031 3708 ou
3059 3686 3138 3708 em¬

2224 3717 2337 3755 ployé,
2356 3718 2486 3755 qualité
2503 3718 2544 3748 de
2561 3726 2669 3748 cœur.
2686 3735 2699 3740 -
2713 3718 2743 3748 N
2746 3726 2755 3734 -
2770 3717 2862 3748 4929.

2263 3820 2443 3854 Monsieur
2478 3822 2519 3851 49
2553 3829 2628 3857 ans,
2673 3820 2882 3858 célibataire,
2925 3821 3130 3858 honorable,

2223 3860 2353 3891 famille
2384 3862 2581 3900 catholique
2609 3863 2817 3900 pratiquant,
2860 3862 2932 3891 très
2976 3862 3130 3898 sérieux,

2222 3901 2314 3931 belle
2349 3901 2527 3938 situation,
2559 3902 2656 3932 avoir
2686 3901 2815 3932 100.000
2843 3901 2900 3936 fr.,
2930 3903 3135 3941 épouserait

2221 3949 2398 3981 personne
2413 3943 2454 3972 32
2469 3944 2487 3973 à
2503 3943 2543 3972 37
2559 3951 2633 3979 ans,
2648 3945 2751 3981 ayant
2765 3942 2940 3973 situation.
2957 3959 2968 3964 -
2984 3944 3025 3973 N'
3041 3943 3131 3974 4930.

2262 4045 2471 4076 Demoiselle
2488 4047 2527 4076 46
2543 4054 2617 4081 ans,
2647 4046 2779 4085 pieuse,
2810 4045 2979 4081 sérieuse,
3010 4045 3133 4082 brune,

2222 4080 2352 4115 famille
2395 4085 2601 4120 honorable,
2646 4087 2770 4116 femme
2809 4086 3021 4120 d’intérieur,
3074 4087 3132 4116 dot

2220 4126 2335 4156 40.000
2370 4126 2427 4159 fr..
2464 4129 2688 4165 espérances,
2732 4126 2930 4165 épouserait
2973 4126 3132 4164 employé

2221 4166 2548 4205 d’administration,
2565 4167 2716 4200 sérieux,
2734 4166 2947 4206 professeur,
2971 4167 3134 4205 enregis¬

2223 4210 2386 4242 trement,
2399 4205 2518 4246 jurés.'
2529 4223 2549 4230 -
2563 4209 2604 4239 N'
2624 4208 2714 4237 4931.

2262 4311 2408 4341 Divorcé
2423 4313 2442 4342 â
2458 4319 2520 4342 sou
2546 4310 2661 4349 profit,
2691 4311 2730 4340 33
2758 4318 2831 4346 ans,
2862 4310 2982 4340 fillette
3011 4311 3030 4340 6
3058 4319 3132 4348 ans,

2222 4352 2382 4391 employé
2401 4353 2580 4388 P.-L.-M.,
2597 4351 2692 4381 6.000
2708 4352 2747 4381 fr.
2764 4359 2827 4390 par
2841 4359 2914 4386 ans,
2932 4352 3134 4390 épouserait

2223 4392 2426 4423 demoiselle
2442 4400 2487 4424 ou
2504 4391 2624 4428 veuve,
2656 4391 2780 4422 femme
2810 4391 3023 4428 d’intérieur,
3054 4392 3134 4423 bien

2223 4441 2306 4463 sous
2321 4436 2400 4464 tous
2415 4433 2466 4463 les
2483 4435 2656 4473 rapports.
2674 4449 2684 4454 -
2700 4432 2737 4461 N-
2755 4431 2845 4462 4932.

2261 4536 2471 4567 Demoiselle
2487 4536 2697 4574 catholique,
2714 4535 2854 4574 grande,
2867 4535 2991 4571 mince,
3007 4535 3134 4567 femme

2223 4568 2437 4614 d’intérieur,
2456 4586 2537 4608 sans
2553 4578 2622 4613 dot,
2639 4577 2754 4607 désire
2769 4576 2923 4614 mariage
2944 4577 3096 4607 sérieux.
3114 4593 3135 4600 -

2222 4620 2263 4649 N-
2281 4618 2372 4648 4933.

2260 4721 2434 4759 Adjudant
2449 4721 2528 4752 chet
2557 4722 2593 4751 41
2625 4728 2699 4756 ans,
2729 4720 2941 4752 célibataire,
2972 4719 3134 4751 médaillé

2222 4762 2320 4792 croix
2335 4762 2376 4791 de
2391 4770 2521 4799 guerre
2533 4769 2576 4792 en
2591 4762 2698 4799 Syrie,
2709 4761 2955 4800 pension2.400
2965 4760 3020 4797 fr.,
3032 4764 3135 4799 ayant

2222 4802 2435 4838 économies,
2480 4802 2681 4841 épouserait
2720 4801 2919 4832 demoiselle
2947 4809 2992 4832 ou
3022 4809 3134 4832 veuve

2221 4851 2301 4873 sans
2319 4842 2447 4879 enfant,
2464 4844 2505 4873 24
2520 4844 2539 4873 à
2554 4843 2593 4872 38
2608 4850 2680 4878 ans,
2698 4837 2914 4881 pas'sérieux
2936 4841 3129 4872 s’abstenir.

2221 4900 2240 4905 -
2256 4884 2297 4913 N-
2315 4884 2406 4913 4934.

2262 4986 2532 5018 Forcffonnaire
2560 4988 2604 5017 du
2634 4988 2858 5022 Protectorat,
2876 4986 2916 5016 32
2931 4993 3005 5021 ans,
3023 4985 3134 5016 situa¬

2222 5030 2304 5062 tion,
2310 5026 2423 5059 12.000
2439 5028 2494 5062 fr.,
2511 5026 2593 5058 bien
2609 5023 2690 5058 soiis
2707 5030 2783 5056 tous
2797 5029 2968 5066 rapports,
2987 5028 3135 5064 épouse¬

2222 5070 2285 5100 rait
2300 5067 2409 5107 jeune
2427 5068 2497 5099 fille
2514 5076 2559 5114 pu
2581 5076 2689 5099 veuve
2719 5070 2820 5104 ayant
2850 5067 2908 5097 dot
2933 5066 3047 5097 50.000
3073 5066 3128 5103 tr.,

2222 5111 2349 5141 femme
2365 5107 2580 5140 d’intérieur.
2597 5125 2615 5130 -
2631 5109 2671 5139 N'
2689 5108 2779 5138 4935.
