3536 5552
2632 213 2872 253 Octobre
2909 215 3058 252 1922

2173 230 2184 248 f
2186 191 2273 231 Aîït
2281 196 2397 238 TYn'X
2409 211 2417 232 F
2436 203 2598 246 (VArN|ei

2303 241 2428 280 Tïro*jj

2210 294 2220 338 i,
2236 296 2287 338 ?/'

1435 400 1536 450 PRIX
1587 399 1597 448 :
1657 396 1754 447 50
1811 396 2006 445 Centimes

2493 198 2574 252 TN^
2575 218 2590 237 e

2556 315 2562 342 j

349 548 1239 770 REVUE
1445 532 3094 755 MENSUELLE

627 814 817 871 Liste
847 810 1292 867 d’Annonces
1322 799 1893 862 Matrimoniales
1924 801 1989 853 et
2018 795 2464 852 d’Annonces
2493 792 2819 849 Diverses

362 912 496 953 (Fonds
533 910 579 941 de
616 915 841 945 commerce,
884 903 1080 942 industrie,
1118 903 1225 934 vente
1266 899 1535 936 d’immeubles,
1578 897 1746 934 location,
1783 892 1978 932 échange).
2085 886 2123 918 —
2224 885 2469 918 Paraissant
2505 883 2542 916 le
2578 885 2597 916 1
2602 891 2637 908 er
2669 884 2716 916 de
2758 886 2914 926 chaque
2947 883 3061 916 mois.

510 977 823 1017 LAbonnement
838 975 876 1013 et
893 974 941 1012 de
960 974 1010 1012 25
1030 971 1158 1021 francs
1174 981 1280 1021 pour
1297 969 1322 1008 4
1342 969 1458 1017 mois,
1481 966 1531 1006 45
1552 965 1677 1015 francs
1693 975 1799 1014 pour
1815 963 1843 1002 8
1860 962 1961 999 mois
1983 961 2021 998 et
2038 959 2088 998 65
2107 958 2233 1008 francs
2248 969 2354 1008 pour
2375 957 2394 995 1
2418 968 2470 994 an
2491 955 2677 994 donnant
2694 955 2800 994 droit
2819 958 2843 995 à
2863 968 2940 994 une

325 1048 559 1098 inscription
575 1044 752 1096 gratuite
769 1054 841 1082 sur
858 1052 924 1080 ma
942 1040 1044 1079 liste.
1069 1062 1107 1066 —
1126 1039 1198 1077 Les
1211 1046 1413 1075 annonces
1426 1036 1520 1073 sont
1539 1033 1586 1071 de
1605 1033 1743 1083 quatre
1762 1032 1890 1080 lignes
1910 1028 2144 1066 maximum:
2163 1048 2201 1053 —
2228 1024 2268 1069 Les
2284 1024 2360 1082 ligne!
2375 1022 2585 1080 supplémentaire!
2600 1024 2652 1067 sont
2667 1029 2752 1078 payées
2769 1025 2782 1067 à
2797 1022 2876 1068 raison
2893 1022 2918 1068 de
2936 1021 2948 1068 3
2965 1020 2995 1068 fr-
3011 1021 3035 1067 la
3049 1021 3123 1081 ligne.

826 1107 923 1138 Pour
953 1102 1245 1144 l’Etranger4
1264 1102 1368 1139 mois,
1398 1099 1454 1131 30
1484 1100 1626 1130 francs.
1669 1114 1707 1120 —
1749 1096 1773 1127 8
1798 1094 1901 1133 mois,
1920 1092 1972 1124 50
1999 1092 2142 1123 francs.
2184 1108 2223 1112 —
2270 1090 2278 1120 I
2312 1098 2370 1127 an,
2399 1088 2450 1119 70
2478 1089 2620 1119 francs.

488 1180 667 1219 Adresser
687 1177 824 1217 Lettres
839 1177 873 1216 et
893 1174 1069 1215 Mandats
1089 1174 1111 1212 à
1129 1172 1236 1211 Mme
1263 1170 1392 1209 Veuve
1412 1167 1680 1214 CHABAUD,
1703 1163 1903 1203 Directrice
1931 1162 1978 1200 de
2006 1159 2040 1201 la
2069 1159 2205 1201 Revue
2233 1157 2464 1202 Mensuelle,
2498 1157 2556 1200 18,
2590 1156 2670 1197 Rue
2698 1155 2967 1204 Sainte-Croix,

1473 1234 1715 1279 Montélimar
1746 1230 1919 1282 (Drôme)

363 1357 454 1386 Notre
468 1365 565 1384 œuvre
580 1365 596 1381 a
611 1358 683 1389 pour
699 1352 745 1380 but
761 1353 794 1378 de
809 1350 891 1378 venir
904 1360 939 1376 en
953 1349 1017 1376 aide
1027 1358 1086 1376 aux
1090 1348 1225 1380 familles,

329 1396 380 1429 qui
393 1393 520 1419 désirent
535 1390 642 1418 marier
656 1390 735 1416 leurs
750 1390 875 1421 enfants,
891 1395 952 1412 aux
967 1393 1073 1412 veuves
1088 1384 1139 1418 qui
1153 1391 1225 1409 vou¬

329 1429 442 1456 draient
457 1438 486 1455 se
501 1426 648 1458 remarier,
666 1434 725 1451 aux
754 1423 903 1458 orphelins
933 1425 958 1447 et
987 1429 1046 1447 aux
1073 1419 1226 1445 messieurs

329 1466 380 1500 qui
394 1467 493 1491 révent
507 1464 540 1489 de
555 1472 584 1489 se
591 1461 698 1495 fonder
712 1469 752 1486 un
759 1461 857 1493 fuyer,
872 1466 927 1484 une
934 1456 1064 1490 famille.

365 1500 456 1529 Notre
471 1508 568 1526 œuvre
581 1507 646 1524 sera
665 1498 829 1531 approuvée
848 1497 901 1529 par
917 1497 982 1519 tous
1011 1500 1060 1518 nos
1089 1490 1223 1517 abonnés,

332 1535 480 1571 lorsqu'ils
494 1538 616 1562 sauront
628 1532 714 1568 qu'ils
730 1535 855 1565 peuvent
870 1533 986 1556 trouver
1010 1529 1100 1563 grâce
1115 1529 1132 1552 à
1148 1530 1227 1552 notre

331 1581 481 1604 concours,
499 1572 525 1597 le
540 1579 640 1604 moyen
655 1569 688 1595 de
702 1576 731 1594 se
738 1567 843 1593 marier
855 1565 935 1592 selon
947 1565 1023 1590 leurs
1038 1565 1135 1598 goûts,
1151 1562 1228 1588 leurs

333 1617 401 1635 vues
417 1611 442 1633 et
457 1607 535 1633 selon
554 1606 616 1632 leur
630 1602 786 1631 condition.

367 1643 449 1671 Nous
465 1642 564 1676 prions
581 1641 621 1666 les
637 1640 736 1666 Dames
752 1642 778 1664 et
793 1638 834 1664 les
849 1636 924 1663 Mess
941 1644 1005 1662 eurs
1030 1634 1063 1660 de
1084 1642 1154 1659 nous
1179 1640 1228 1658 en¬

334 1688 421 1714 voyer
437 1679 463 1704 le
478 1678 545 1712 plus
560 1675 709 1702 d’abonnés
725 1673 862 1708 possible,
879 1670 939 1707 afin
953 1680 1006 1705 que
1025 1673 1104 1696 notre
1131 1676 1229 1694 œuvre

333 1713 532 1750 s’agrandisse
546 1716 573 1739 et
587 1711 682 1745 puisse
691 1714 747 1745 par
760 1718 792 1736 ce
806 1717 906 1742 moyen
914 1707 1052 1739 faciliter
1066 1704 1183 1731 nombre
1197 1702 1230 1729 de

335 1750 482 1784 mariages
498 1754 523 1775 et
531 1748 614 1781 faire
630 1747 656 1773 le
671 1747 737 1780 plus
761 1743 918 1770 d'heureux
934 1741 1069 1776 possible,
1085 1749 1135 1766 car
1163 1738 1230 1766 c'est

335 1795 391 1813 une
403 1785 492 1812 bonne
509 1783 605 1810 action
620 1792 673 1817 que
686 1790 755 1808 vous
763 1782 851 1814 fere\
879 1787 912 1804 en
941 1779 1120 1812 propageant
1151 1779 1231 1801 notre

334 1831 440 1853 X‘‘Vre,
457 1830 525 1847 vous
534 1828 604 1845 nous
624 1818 737 1850 aiderez
755 1815 834 1842 ainsi
849 1817 865 1841 à
879 1813 1044 1840 contribuer
1056 1821 1093 1837 au
1104 1811 1231 1837 bonheur

335 1858 382 1884 des
389 1857 525 1890 familles
539 1854 590 1890 qui
599 1853 723 1880 désirent
734 1856 849 1878 trouver
859 1859 898 1876 un
909 1852 1004 1883 époux
1014 1857 1049 1874 ou
1060 1857 1115 1873 une
1125 1850 1231 1880 épouse

336 1897 409 1928 pour
430 1893 507 1918 leurs
523 1892 645 1923 enfants,
665 1897 724 1915 aux
740 1896 844 1913 veuves
864 1895 902 1911 un
918 1884 1043 1916 soutien,
1074 1885 1090 1908 à
1110 1881 1230 1916 l'orphe¬

337 1929 380 1956 lin
395 1937 435 1954 un
442 1930 531 1962 foyer
546 1930 572 1953 et
587 1935 623 1951 au
638 1925 810 1951 relèvement
824 1922 856 1948 de
872 1921 901 1948 la
919 1921 1025 1947 France
1053 1918 1103 1952 qui
1130 1918 1230 1949 donne,

336 1968 391 1999 par
407 1964 447 1990 les
461 1963 606 1996 mariages
614 1959 746 1994 féconds,
762 1958 809 1984 des
824 1956 932 1984 soldats
948 1959 964 1982 à
981 1956 1008 1982 la
1024 1954 1126 1981 Patrie
1141 1958 1167 1979 et
1183 1952 1232 1988 qui

334 2003 397 2031 font
412 1999 459 2025 des
473 2001 588 2028 femmes
604 1996 636 2022 de
651 1996 755 2022 bonnes
765 1996 854 2020 mères
871 1993 902 2018 de
910 1991 1041 2024 famille.

373 2034 448 2063 C'est
463 2035 534 2060 dans
549 2042 580 2060 ce
594 2032 649 2058 but,
657 2040 711 2066 que
725 2038 797 2056 nous
815 2037 905 2055 avons
912 2027 1006 2060 fo»dé
1021 2027 1051 2053 la
1066 2025 1080 2052 «
1096 2022 1233 2052 REVUE

337 2068 579 2098 MENSUELLE
595 2075 620 2094 ».

373 2106 458 2134 Nous
473 2115 507 2131 ne
522 2109 620 2131 tenons
635 2105 687 2137 pas
702 2111 757 2130 une
770 2108 879 2136 agence
891 2097 1105 2125 matrimoniale
1124 2099 1149 2122 et
1163 2103 1234 2121 nous

338 2153 372 2169 ne
387 2145 509 2177 prenons
523 2149 633 2167 aucune
648 2137 829 2165 commission
842 2144 892 2162 sur
908 2135 937 2161 la
956 2134 1010 2160 dot.
1048 2132 1130 2158 Voici
1158 2140 1234 2157 com¬

338 2182 413 2204 ment
428 2186 499 2203 nous
511 2175 665 2210 procédons
680 2185 686 2200 :

381 2213 458 2240 Voms
472 2221 543 2238 nous
562 2211 729 2244 indiquerez
741 2207 855 2233 d'abord
871 2209 949 2233 votre
962 2207 1029 2240 âge,
1047 2207 1126 2230 votre
1140 2202 1235 2228 situa-

340 2249 574 2281 tiondefortune,
583 2250 662 2272 votre
672 2243 843 2279 profession,
856 2241 1056 2273 votredot,vos
1068 2242 1235 2273 tspérances

340 2290 366 2312 et
380 2294 411 2312 ce
426 2293 478 2319 que
493 2282 563 2310 vous
591 2281 770 2308 désireet
798 2287 868 2304 nou*
896 2286 965 2304 vous
995 2275 1157 2302 inscrivons
1186 2282 1236 2300 sur

341 2325 419 2347 notre
436 2320 512 2352 liste,
523 2321 595 2351 pour
607 2325 626 2352 4
641 2317 722 2347 mois,
735 2315 754 2341 8
768 2314 839 2340 mois
856 2322 893 2340 ou
914 2322 923 2338 1
937 2322 983 2345 an,
995 2315 1048 2346 par
1060 2320 1116 2336 une
1125 2318 1235 2336 annon¬

340 2366 372 2383 ce
385 2365 439 2391 que
445 2355 480 2391 je
487 2355 554 2388 fais
563 2353 725 2379 moi-méme
734 2354 761 2376 et
769 2359 840 2376 nous
851 2357 921 2375 vous
933 2348 1060 2374 donnons
1070 2356 1109 2372 un
1120 2347 1235 2371 numéro

332 2392 451 2425 faisant
470 2391 546 2417 suite
568 2391 583 2414 à
604 2392 675 2415 cette
693 2395 829 2414 annonce.
847 2384 923 2411 C'est
936 2390 990 2415 far
1003 2384 1029 2409 le
1043 2391 1144 2416 moyen
1159 2381 1191 2407 de
1206 2389 1237 2405 ce

341 2430 456 2454 numéro
482 2436 534 2460 que
560 2433 629 2451 vous
652 2427 761 2457 pouvez
782 2419 989 2453 correspondre
1015 2426 1084 2445 avec
1111 2421 1172 2443 tous
1196 2416 1236 2442 les

343 2464 467 2490 abonnés
482 2462 515 2487 de
530 2464 608 2487 notre
624 2459 699 2485 liste.

375 2498 504 2532 Lorsque
519 2504 589 2523 vous
604 2495 713 2521 désirez
728 2490 931 2525 correspondre
946 2498 1015 2515 avec
1026 2498 1064 2515 un
1080 2487 1188 2513 abonné
1211 2490 1237 2512 et

340 2543 394 2569 que
409 2543 478 2560 vous
495 2541 568 2567 ave^
582 2530 680 2557 choisi
693 2530 765 2555 dans
789 2528 819 2553 la
837 2527 963 2553 Revue
988 2522 1185 2551 Mensuelle
1211 2522 1239 2547 le

341 2570 421 2604 parti
435 2568 486 2603 qui
494 2577 562 2595 vous
572 2566 678 2601 piaille
683 2564 750 2599 plus
765 2563 840 2589 voici
857 2565 994 2589 comment
1008 2569 1080 2587 vous
1088 2559 1223 2593 procédez
1231 2569 1238 2583 :

677 2615 867 2645 EXEMPLE
884 2626 890 2640 :

385 2669 499 2701 Jeune
514 2666 672 2703 homme,
697 2661 740 2694 30
760 2670 838 2697 ans,
859 2659 931 2691 très
959 2658 1052 2690 belle
1072 2656 1238 2689 situation

344 2714 434 2745 dans
453 2708 640 2747 industrie,
662 2709 807 2749 rapport
824 2706 865 2736 10
877 2703 894 2735 à
913 2703 1036 2735 12.000
1053 2702 1110 2741 fr.,
1124 2700 1239 2733 désire

344 2755 502 2795 mariage
522 2762 566 2786 en
586 2754 744 2793 rapport.
760 2768 803 2772 —
823 2747 943 2780 Ecrire
963 2748 1003 2778 N*
1028 2746 1062 2778 2.

520 2806 566 2829 ou

387 2840 600 2875 Demoiselle
625 2839 670 2871 25
704 2846 782 2878 ans,
817 2835 985 2868 situation
1018 2833 1062 2865 de
1099 2833 1241 2864 fortune

343 2887 468 2920 25.000
487 2886 619 2923 francs,
636 2886 703 2915 etc.
727 2900 768 2904 —
788 2880 908 2912 Ecrire
925 2879 952 2910 N
959 2888 965 2894 -
991 2881 1023 2910 4.

388 2941 487 2973 Vous
499 2938 548 2970 lui
560 2936 694 2969 écrivez
708 2935 935 2967 vous-même
949 2940 994 2964 ou
1013 2930 1113 2963 faites
1127 2929 1240 2962 écrire

344 2994 408 3027 par
429 2982 622 3025 quelqu’un
653 2981 696 3012 de
723 2982 821 3011 votre
847 2976 995 3015 famille,
1024 2984 1067 3008 en
1098 2974 1241 3016 signant

346 3031 389 3062 de
410 3032 508 3060 votre
525 3025 686 3064 numéro,
704 3027 737 3056 et
753 3031 840 3054 vous
855 3024 981 3053 mettez
996 3029 1056 3052 sur
1071 3019 1241 3051 l’adresse

345 3072 514 3106 cachetée
530 3073 564 3104 et
574 3070 720 3102 timbrée
734 3068 767 3100 le
781 3065 930 3098 numéro
944 3065 986 3097 de
1000 3065 1033 3096 la
1048 3071 1238 3105 personne,

347 3117 533 3151 deuxième
554 3114 762 3155 enveloppe,
785 3120 872 3143 avec
891 3119 950 3142 ces
962 3108 1134 3151 quelques
1151 3109 1242 3139 mots

347 3171 408 3195 sur
417 3170 487 3193 une
498 3163 596 3193 carte
610 3168 655 3190 ou
668 3167 714 3189 un
727 3157 813 3188 bout
824 3156 867 3187 de
876 3153 1000 3195 papier
1009 3152 1099 3185 ainsi
1108 3151 1240 3183 libellé:

349 3219 367 3237 «
384 3205 565 3239 Monsieur
580 3212 626 3235 ou
640 3202 816 3239 Madame,
829 3209 875 3232 ou
888 3196 1154 3230 Mademoiselle
1167 3198 1240 3228 X...

348 3251 460 3293 (votre
485 3257 567 3281 nom
583 3251 618 3280 et
628 3250 735 3279 .votre
756 3242 919 3285 numéro)
934 3242 1007 3284 prie
1027 3241 1189 3274 Madame
1209 3240 1243 3272 la

348 3294 538 3328 Directrice
560 3293 603 3324 de
619 3292 653 3323 la
669 3292 786 3323 Revue
795 3290 838 3321 de
860 3287 947 3321 faire
969 3285 1132 3328 parvenir
1151 3286 1242 3317 cette

348 3341 452 3372 lettre
468 3338 488 3370 à
506 3337 554 3370 tel
576 3336 724 3368 numéro
745 3345 763 3364 »
779 3336 815 3366 et
830 3341 917 3365 vous
936 3331 1103 3364 cachetez
1119 3333 1153 3362 et
1164 3329 1243 3362 tim¬

348 3385 430 3417 brez
457 3385 548 3415 cette
584 3379 771 3412 deuxième
803 3376 998 3418 enveloppe
1034 3374 1052 3408 à
1088 3373 1243 3416 laquelle

348 3437 436 3460 vous
457 3429 582 3458 mettez
600 3433 681 3456 mon
703 3423 860 3460 adresse,
883 3423 916 3453 et
942 3419 1089 3452 aussitôt
1123 3427 1241 3458 reçue,

348 3472 381 3509 îe
402 3471 514 3503 défais
532 3471 564 3502 la
594 3467 768 3510 première
796 3465 1005 3506 enveloppe,
1037 3463 1181 3506 j’efface
1210 3462 1242 3494 le

350 3515 499 3549 numéro
520 3515 564 3547 de
585 3513 618 3545 la
638 3512 825 3544 deuxième
846 3514 880 3542 et
901 3513 991 3541 mets
1012 3509 1179 3541 l’adresse
1201 3507 1244 3540 de

349 3562 383 3593 la
402 3567 579 3602 personne
595 3560 629 3590 et
647 3554 835 3597 réexpédie
852 3555 886 3587 la
901 3554 1015 3586 lettre.
1038 3553 1135 3585 Vous
1152 3561 1244 3593 pou¬

348 3614 409 3638 vez
426 3602 684 3645 correspondre
699 3608 786 3633 avec
797 3603 876 3631 tous
896 3607 961 3630 nos
983 3596 1140 3630 abonnés
1162 3605 1244 3628 sans

350 3658 437 3682 vous
453 3648 541 3680 faire
557 3648 756 3679 connaître.
794 3644 841 3676 Ce
875 3642 964 3675 n’est
995 3650 1064 3684 que
1101 3641 1245 3682 lorsque

350 3703 438 3726 vous
457 3701 561 3725 aurez
582 3691 644 3723 fait
663 3692 761 3722 votre
782 3687 901 3725 choix,
937 3695 1005 3728 que
1043 3694 1130 3717 vous
1158 3693 1245 3717 vous

352 3739 487 3771 donnez
510 3735 779 3768 mutuellement
796 3736 894 3764 votre
915 3729 1084 3763 véritable
1101 3730 1244 3761 adresse

351 3786 385 3815 et
405 3790 474 3824 que
508 3788 595 3812 vous
633 3787 720 3811 vous
759 3776 930 3818 ménagez
969 3784 1037 3806 une
1075 3777 1245 3806 entrevue

351 3835 442 3868 pour
457 3824 602 3857 décider
621 3823 664 3855 de
680 3824 778 3854 votre
798 3824 883 3853 sort.

390 3879 427 3906 Le
443 3878 512 3912 prix
526 3878 559 3903 de
570 3880 649 3902 notre
664 3876 851 3902 abonnement
865 3877 905 3899 est
918 3872 950 3898 de
966 3874 1001 3905 2j
1007 3874 1051 3905 fr.
1068 3874 1140 3904 pour
1148 3880 1166 3904 4
1176 3870 1247 3896 mois

350 3924 388 3950 45
397 3917 442 3947 fr.
459 3917 529 3947 pour
543 3912 562 3939 8
577 3912 660 3942 mois;
676 3911 710 3943 65
721 3912 764 3941 fr.
781 3913 853 3943 pour
874 3918 882 3935 1
902 3917 947 3937 an,
966 3912 991 3933 et
1008 3916 1076 3934 vous
1093 3916 1162 3932 avez
1172 3907 1247 3932 droit

352 3954 369 3977 à
384 3953 443 3977 être
457 3948 561 3975 inscrit
575 3947 782 3982 gratuitement
796 3954 846 3970 sur
861 3953 906 3970 ma
923 3943 998 3969 liste.

393 3985 472 4011 Vous
488 3992 580 4017 voye\
593 3981 711 4016 qu'avec
725 3984 799 4006 cette
813 3981 943 4012 modique
955 3987 1068 4008 somme,
1085 3986 1155 4003 vous
1171 3980 1246 4010 pou¬

354 4029 403 4047 vez
415 4029 483 4047 vous
499 4019 615 4049 marier,
629 4026 696 4043 sans
711 4016 795 4042 avoir
810 4017 826 4040 à
850 4018 950 4048 passer
978 4017 1032 4047 par
1048 4013 1095 4038 des
1124 4020 1247 4047 agences

351 4055 402 4090 qui
415 4065 446 4081 se
459 4058 520 4086 font
537 4062 633 4081 verser
647 4052 784 4078 d’avance
798 4050 830 4076 de
844 4058 956 4084 grosses
972 4047 1136 4082 provisions
1157 4051 1183 4073 et
1198 4046 1247 4081 qui

352 4093 524 4124 escomptent
538 4089 570 4115 de
585 4097 700 4124 grosses
717 4086 924 4116 commissions,
955 4088 1027 4118 pour
1049 4083 1192 4109 n’arriver
1221 4083 1247 4108 le

352 4128 418 4161 plus
434 4128 553 4152 souvent
567 4124 583 4150 à
599 4133 694 4150 aucun
708 4122 839 4148 résultat.
865 4120 947 4148 Nous
976 4120 1093 4146 n’avons
1123 4119 1186 4144 rien
1214 4117 1247 4143 de

352 4171 483 4189 commun
500 4169 569 4187 avec
585 4160 625 4185 les
641 4167 771 4193 agences,
790 4165 841 4183 car
857 4165 927 4183 nous
943 4165 977 4181 ne
992 4159 1113 4189 prenons
1136 4162 1248 4180 aucune

353 4196 534 4224 commission
549 4204 599 4222 sur
616 4195 644 4220 la
660 4195 715 4221 dot.
743 4192 787 4221 Un
816 4191 937 4218 modeste
964 4187 1151 4218 abonnement
1177 4198 1247 4216 nous

353 4238 410 4259 se’t
426 4232 458 4257 de
468 4232 621 4265 paiement.

391 4267 548 4301 Lorsqu’un
564 4265 672 4291 abonné
686 4264 752 4291 s'est
759 4262 859 4298 fiancé
874 4266 900 4289 et
913 4262 985 4296 qu’il
1000 4262 1045 4288 n’a
1061 4261 1128 4295 plus
1150 4259 1247 4287 besoin

352 4304 386 4330 de
396 4306 476 4328 notre
485 4310 581 4333 revue,
593 4301 619 4326 il
633 4310 704 4326 nous
715 4300 743 4325 le
751 4300 809 4330 fait
817 4299 917 4325 savoir
927 4297 987 4332 afin
998 4307 1052 4332 que
1061 4306 1131 4323 nous
1142 4305 1248 4330 rayons

352 4348 403 4365 son
418 4347 547 4364 annonce
558 4340 631 4370 pour
647 4345 680 4362 ne
692 4339 745 4370 pas
751 4335 834 4368 faire
848 4334 1052 4367 correspondre
1066 4333 1248 4359 inutilement

354 4383 402 4400 nos
418 4373 555 4400 abonnés.

391 4408 463 4435 Tout
478 4408 585 4434 abonné
600 4406 659 4432 doit
672 4405 810 4440 répondre
825 4407 841 4430 à
857 4408 947 4431 toutes
964 4405 1003 4430 les
1029 4405 1125 4430 lettres
1137 4403 1188 4438 qui
1204 4402 1248 4428 lui

352 4448 413 4471 sont
429 4444 571 4470 adressées
586 4451 593 4473 ;
612 4443 640 4467 la
654 4441 791 4475 politesse
807 4439 923 4473 l’exige,
953 4449 987 4466 ne
995 4442 1111 4472 fussent
1139 4449 1192 4473 que
1202 4447 1247 4464 ces

352 4480 423 4507 trois
442 4489 477 4505 ou
488 4482 588 4513 quatre
602 4481 672 4503 mots
683 4476 688 4503 :
705 4475 824 4507 Inutile,
834 4480 897 4502 tous
910 4484 967 4501 mes
979 4479 1100 4511 regrets.
1111 4488 1142 4493 —
1153 4475 1247 4501 IV...»

394 4541 492 4571 Pour
499 4540 624 4570 toutes
634 4537 886 4568 lesannonces
897 4536 1074 4575 ci-après,
1084 4536 1248 4566 s’adres¬

353 4599 418 4622 ser
436 4591 456 4619 à
483 4588 651 4619 Madame
668 4585 786 4617 Veuve
804 4583 1016 4623 CHABAUD,
1041 4584 1246 4615 Directrice

352 4641 397 4671 de
412 4639 445 4669 la
467 4638 487 4655 “
505 4637 628 4668 Revue
646 4632 848 4665 Mensuelle
863 4632 892 4662 ".

390 4743 505 4773 Veuve
520 4741 559 4769 43
574 4747 646 4772 ans,
660 4745 739 4767 sans
752 4736 879 4770 enfant,
895 4735 1030 4765 fortune
1046 4736 1177 4766 300.000
1192 4738 1246 4771 lr.,

352 4789 500 4814 revenus
515 4779 628 4810 20.000
643 4777 684 4807 fr.
697 4784 759 4814 par
782 4784 837 4810 an,
861 4774 1058 4812 épouserait
1074 4778 1250 4806 monsieur

353 4824 454 4862 ayant
466 4821 550 4859 jolie
566 4817 728 4848 situation
744 4824 787 4846 ou
805 4816 951 4845 fortune.
969 4830 988 4836 -
1003 4817 1030 4846 N
1036 4823 1043 4830 -
1059 4815 1147 4844 2100.

391 4876 594 4911 Demoiselle
623 4876 661 4904 29
686 4882 759 4907 ans,
789 4881 868 4902 sans
884 4879 1088 4906 commerce,
1106 4874 1249 4909 épouse¬

350 4921 416 4952 rait
429 4924 557 4957 garçon
573 4915 636 4953 âge
651 4922 694 4944 en
709 4914 861 4950 rapport,
888 4912 928 4942 de
943 4911 1066 4941 beauté
1093 4913 1246 4949 exquise,

351 4961 447 4992 avoir
461 4956 592 4988 100.000
607 4955 648 4984 fr.
663 4962 707 4984 ou
723 4951 915 4982 s’abstenir.
939 4967 958 4973 -
972 4952 1015 4980 N-
1037 4951 1126 4980 4966.

390 5009 594 5044 Demoiselle
622 5009 661 5037 28
677 5013 750 5041 ans,
780 5006 893 5036 bonne
909 5004 1047 5039 famille,
1065 5003 1143 5033 bien
1167 5011 1247 5034 sous

350 5058 427 5086 tous
444 5052 614 5091 rapports,
645 5048 701 5077 dot
716 5049 750 5076 et
762 5046 845 5084 jolie
869 5044 1029 5074 situation
1055 5043 1094 5072 de
1112 5043 1247 5074 fortune

351 5095 452 5131 après
467 5092 619 5131 parents,
631 5086 827 5126 épouserait
843 5084 1018 5115 monsieur
1032 5083 1071 5113 30
1086 5084 1104 5112 à
1120 5083 1157 5112 45
1173 5091 1245 5118 ans,

352 5130 597 5167 sérieux,actif,
606 5127 788 5158 industriel
799 5134 842 5156 ou
853 5125 1096 5161 commerçant.
1107 5125 1147 5154 N-
1155 5124 1245 5153 4970.

1319 1343 1523 1374 Demoiselle
1559 1342 1599 1371 36
1633 1349 1705 1374 ans,
1749 1338 1916 1369 sérieuse,
1953 1335 2174 1369 affectueuse,

1280 1384 1404 1414 femme
1422 1382 1631 1416 d’intérieur,
1649 1379 1853 1417 catholique,
1869 1377 2036 1416 physique
2051 1376 2175 1411 agréa¬

1280 1425 1347 1460 ble,
1366 1425 1433 1456 dot,
1464 1422 1577 1452 désire
1593 1421 1744 1456 mariage
1760 1427 1842 1449 avec
1858 1416 2035 1447 monsieur
2050 1415 2088 1444 38
2105 1415 2123 1444 à
2137 1413 2176 1444 45

1282 1473 1354 1501 ans,
1372 1466 1472 1501 ayant
1489 1461 1661 1492 situation.
1678 1476 1697 1482 -
1712 1460 1740 1489 N
1745 1468 1751 1474 -
1768 1459 1856 1488 4976.

1320 1533 1429 1562 Jeune
1437 1529 1506 1560 fille
1514 1529 1553 1559 29
1568 1537 1641 1564 ans,
1659 1526 1898 1564 représentant
1914 1524 1955 1554 de
1971 1529 2176 1556 commerce,

1283 1574 1385 1610 ayant
1399 1570 1586 1610 propriété,
1605 1566 1791 1598 cherchant
1802 1564 1972 1599 affection,
1983 1571 2019 1593 se
2035 1563 2178 1592 dévoue¬

1284 1613 1349 1642 rait
1378 1612 1396 1641 à
1418 1610 1525 1649 grand
1552 1609 1666 1639 blessé
1691 1607 1732 1636 de
1747 1612 1883 1644 guerre,
1909 1612 1952 1635 ou
1970 1607 1987 1634 à
2003 1602 2179 1633 monsieur

1284 1652 1453 1688 distingué
1483 1650 1631 1684 fortuné,
1662 1646 1890 1678 recherchant
1910 1643 2012 1683 appui
2028 1643 2146 1673 moral.
2165 1656 2178 1664 -

1283 1694 1323 1723 N-
1341 1692 1429 1721 4978.

1324 1753 1527 1785 Demoiselle
1556 1752 1594 1781 48
1619 1759 1689 1788 ans,
1718 1757 1795 1779 sans
1820 1747 2022 1787 profession,
2055 1745 2179 1774 femme

1287 1795 1497 1828 d’intérieur,
1508 1793 1619 1822 bonne
1630 1790 1820 1824 éducation,
1829 1787 1996 1827 physique
2005 1785 2178 1823 agréable,

1287 1834 1425 1873 capable
1440 1834 1480 1863 de
1497 1833 1733 1864 dévouement,
1742 1828 1938 1868 épouserait
1951 1827 2125 1856 monsieur
2136 1832 2179 1855 ou

1285 1875 1428 1906 retraité
1442 1875 1544 1912 ayant
1559 1873 1671 1902 bonne
1686 1870 1858 1900 situation.
1882 1884 1900 1889 -
1915 1869 1944 1897 N
1949 1876 1955 1882 -
1972 1866 2063 1896 4986.

1326 1939 1435 1967 Jeune
1472 1936 1609 1966 homme
1650 1933 1689 1964 25
1729 1940 1801 1967 ans,
1832 1930 1993 1960 situation
2022 1927 2181 1958 annuelle

1287 1977 1399 2008 60.000
1412 1976 1466 2012 fr.,
1497 1983 1539 2006 au
1555 1976 1683 2007 Maroc,
1706 1973 1800 2002 avoir
1813 1971 1853 2001 30
1867 1970 1926 1999 000
1943 1970 1982 1999 fr.
2001 1971 2035 1998 et
2051 1967 2181 1997 maison

1288 2017 1512 2050 confortable,
1542 2013 1739 2052 épouserait
1766 2013 1869 2049 jeune
1893 2010 1963 2040 fille
1981 2009 2017 2039 18
2034 2009 2053 2038 à
2067 2009 2107 2037 22
2122 2015 2182 2037 ans

1288 2057 1426 2088 voulant
1441 2056 1574 2086 habiter
1591 2056 1718 2084 Maroc.
1734 2053 1797 2082 -N‘
1814 2051 1904 2081 4991.

1327 2127 1436 2155 Jeune
1448 2123 1517 2153 fille
1533 2123 1571 2151 23
1587 2129 1659 2156 ans,
1677 2119 1864 2157 employée,
1881 2117 2001 2152 brune,
2021 2115 2184 2154 physique

1289 2164 1460 2204 agréable,
1488 2162 1600 2192 20.000
1613 2161 1668 2196 fr.,
1700 2161 1768 2190 très
1798 2158 2018 2191 affectueuse,
2036 2158 2184 2194 épouse¬

1290 2208 1356 2236 rait
1370 2211 1541 2243 personne
1572 2201 1733 2231 situation
1752 2207 1795 2229 en
1811 2201 1962 2236 rapport.
1993 2213 2010 2219 -
2037 2198 2063 2226 N
2070 2205 2076 2210 -
2093 2196 2182 2225 4996.

1328 2267 1417 2298 Veuf
1428 2267 1466 2296 58
1483 2273 1554 2299 ans,
1584 2262 1786 2299 catholique,
1816 2261 1894 2290 bien
1927 2268 2005 2289 sous
2036 2261 2112 2288 tous
2137 2260 2184 2288 les

1290 2309 1459 2346 rapports,
1477 2304 1571 2336 avoir
1585 2303 1697 2334 60.000
1713 2303 1752 2331 fr.
1777 2300 1975 2339 épouserait
1992 2298 2185 2336 catholique

1289 2347 1517 2388 pratiquante,
1547 2344 1769 2377 affectueuse,
1799 2340 1897 2380 goûts
1914 2339 2066 2378 simples,
2083 2338 2186 2368 situa¬

1290 2390 1362 2419 tion
1378 2395 1419 2417 en
1437 2387 1587 2425 rapport.
1605 2385 1633 2414 N
1639 2393 1645 2399 -
1660 2383 1748 2414 5002.

1330 2448 1535 2480 Demoiselle
1556 2447 1595 2476 46
1624 2454 1695 2480 ans,
1727 2443 1931 2481 catholique,
1961 2441 2087 2472 famille
2114 2442 2185 2470 très

1291 2489 1490 2520 honorable,
1507 2488 1578 2516 très
1602 2487 1767 2520 sérieuse,
1797 2484 1888 2517 bien,
1918 2484 2041 2512 femme
2072 2480 2186 2511 d’inté¬

1293 2531 1399 2564 rieur,
1409 2527 1586 2558 dot40.000
1595 2527 1649 2562 fr,.
1660 2525 1856 2564 épouserait
1866 2523 2024 2561 employé
2034 2521 2185 2554 sérieux,

1293 2572 1402 2609 poste,
1421 2570 1564 2602 douane,
1581 2566 1757 2600 P.-L.-M.,
1776 2563 2057 2597 administration,
2076 2561 2187 2591 même

1293 2610 1381 2640 veuf.
1398 2625 1418 2631 -
1432 2610 1461 2639 N
1467 2617 1472 2623 -
1489 2608 1578 2638 4931.

1332 2674 1441 2702 Jeune
1455 2671 1592 2700 homme
1603 2669 1644 2698 32
1658 2675 1731 2702 ans,
1747 2667 1941 2700 sud-ouest,
1967 2664 2017 2694 fils
2047 2663 2186 2701 unique,

1294 2712 1426 2742 300.000
1441 2710 1496 2744 fr.,
1512 2709 1612 2744 brun,
1623 2717 1684 2747 pas
1696 2707 1842 2742 fumeur,
1856 2704 2050 2744 épouserait
2063 2703 2188 2733 demoi¬

1296 2754 1379 2781 selle
1401 2759 1445 2780 ou
1467 2756 1577 2780 veuve
1607 2749 1773 2781 sérieuse,
1803 2747 1865 2784 âge
1895 2750 1928 2774 et
1955 2743 2116 2774 situation
2146 2750 2188 2772 en

1296 2793 1447 2830 rapport.
1463 2806 1483 2811 -
1498 2790 1538 2819 N-
1556 2788 1659 2818 5.004.

1336 2847 1540 2878 Demoiselle
1554 2847 1594 2875 33
1609 2853 1681 2875 ans.
1699 2845 1755 2874 dot
1778 2843 1888 2873 15.000
1916 2842 1972 2875 fr..
2000 2840 2080 2871 bien
2108 2846 2189 2870 sous

1296 2890 1465 2927 rapports,
1496 2886 1693 2925 épouserait
1728 2883 1975 2914 fonctionnaire
2015 2882 2120 2910 d’Etat
2147 2887 2189 2910 ou

1296 2928 1374 2959 veuf
1389 2927 1537 2962 fortuné,
1556 2926 1618 2964 âge
1634 2933 1700 2964 peu
1716 2924 1872 2962 importe.
1889 2939 1908 2944 -
1923 2923 1963 2952 N-
1980 2921 2070 2955 5019,

1335 2994 1547 3026 Institutrice
1561 2993 1661 3027 libre,
1676 2992 1716 3021 32
1731 2999 1802 3027 ans,
1826 2990 2036 3029 parisienne,
2067 2987 2189 3022 brune,

1297 3043 1423 3074 garçon
1438 3035 1456 3064 5
1473 3042 1545 3067 ans,
1562 3032 1750 3063 recherche
1766 3039 1853 3064 pour
1875 3029 2025 3068 mariage
2054 3028 2190 3057 homme

1298 3078 1338 3106 de
1368 3083 1473 3109 cœur,
1500 3073 1700 3104 sentiments
1729 3071 1878 3105 délicats,
1897 3070 1953 3108 qui
1975 3067 2074 3100 ferait
2089 3069 2191 3100 situa¬

1297 3118 1378 3150 tion,
1396 3115 1459 3153 âge
1474 3113 1679 3148 indifférent,
1698 3111 1913 3142 seconderait
1928 3110 2010 3139 dans
2027 3115 2191 3138 commer¬

1298 3165 1349 3191 ce,
1365 3154 1549 3184 habiterait
1563 3154 1594 3182 la
1610 3159 1805 3190 campagne.
1823 3168 1842 3173 -
1857 3151 1885 3180 N
1891 3159 1897 3165 -
1914 3150 2003 3179 5023.

1337 3213 1540 3244 Célibataire
1555 3212 1593 3241 35
1609 3219 1681 3247 ans,
1707 3211 1844 3245 aimant,
1862 3208 2011 3241 instruit,
2030 3207 2191 3237 situation

1297 3254 1439 3284 libérale
1481 3252 1744 3290 indépendante,
1776 3251 1829 3279 bel
1859 3249 1964 3284 avoir,
1996 3247 2193 3285 épouserait

1297 3301 1471 3334 personne
1487 3294 1557 3322 très
1574 3292 1734 3324 aimante,
1750 3290 1824 3327 âge.
1843 3289 1970 3324 enfant,
1987 3291 2073 3323 tare,
2093 3289 2193 3317 anté¬

1299 3336 1438 3365 cédents
1452 3331 1679 3363 indifférents.
1692 3347 1732 3360 —r
1744 3332 1774 3360 N
1779 3339 1785 3344 -
1802 3329 1892 3360 5006.

1337 3394 1446 3423 Jeune
1476 3392 1573 3421 dame
1600 3390 1639 3420 30
1664 3397 1736 3423 ans,
1767 3395 1893 3427 garçon
1922 3388 1940 3416 4
1969 3394 2041 3420 ans,
2071 3386 2192 3420 brune,

1299 3434 1563 3469 commerçante,
1581 3431 1743 3461 dévouée,
1760 3428 1981 3460 affectueuse,
1994 3429 2095 3463 ayant
2109 3425 2194 3455 inté¬

1299 3474 1405 3507 rieur,
1422 3480 1500 3501 sans
1517 3471 1664 3504 fortune,
1682 3468 1878 3508 épouserait
1903 3467 2078 3496 monsieur
2107 3466 2147 3495 35
2175 3467 2193 3494 à

1298 3514 1337 3543 50
1354 3520 1425 3547 ans,
1442 3513 1545 3549 ayant
1560 3511 1720 3540 situation
1737 3508 1828 3538 sûre.
1846 3524 1883 3530 —
1900 3508 1927 3537 N
1933 3516 1939 3521 -
1957 3507 2046 3537 5031.

1339 3569 1447 3596 Jeune
1474 3572 1593 3600 veuve,
1625 3565 1745 3595 douce,
1770 3562 1991 3596 affectueuse,
2009 3559 2194 3590 sentimen¬

1300 3608 1380 3641 tale,
1394 3606 1506 3635 désire
1516 3603 1767 3638 correspondre
1785 3609 1866 3632 avec
1876 3601 2051 3631 monsieur
2065 3600 2104 3629 30
2120 3607 2193 3634 ans,

1299 3647 1506 3684 gentleman,
1553 3647 1654 3682 ayant
1695 3649 1889 3672 commerce
1931 3649 1976 3671 ou
2018 3639 2193 3674 situation,

1301 3688 1436 3725 dispose
1452 3686 1585 3725 photos.
1603 3701 1640 3704 —
1654 3685 1694 3714 N'
1707 3683 1796 3712 5032.

1341 3744 1544 3775 Demoiselle
1573 3743 1611 3772 26
1636 3750 1708 3772 ans,
1736 3741 1859 3771 femme
1876 3739 2088 3772 d’intérieur,
2105 3737 2193 3775 gaie,

1301 3785 1524 3819 musicienne,
1540 3783 1595 3811 dot
1613 3781 1741 3812 100.000
1758 3782 1812 3814 fr.,
1840 3783 2058 3818 espérances,
2090 3780 2192 3816 épou¬

1302 3825 1407 3855 serait
1427 3823 1602 3854 monsieur
1618 3822 1767 3856 sérieux,
1785 3822 1937 3856 docteur,
1954 3819 2135 3849 industriel
2151 3825 2195 3848 ou

1302 3865 1544 3901 commerçant.
1561 3879 1599 3883 —
1615 3864 1642 3892 N
1649 3871 1654 3877 -
1667 3862 1756 3892 5034.

1340 3921 1509 3958 Adjudant
1539 3920 1715 3954 artillerie,
1744 3920 1783 3949 29
1812 3927 1883 3954 ans,
1919 3918 2069 3951 sérieux,
2101 3916 2196 3946 avoir

1299 3962 1411 3992 20.000
1427 3961 1467 3990 fr.
1486 3964 1518 3991 et
1535 3963 1752 3997 espérances,
1770 3958 1968 3997 épouserait
1997 3957 2195 3987 demoiselle

1302 4003 1339 4033 18
1355 4004 1372 4031 à
1387 4002 1426 4030 25
1441 4009 1513 4034 ans,
1531 4000 1610 4029 bien
1626 4008 1706 4030 sous
1723 4002 1797 4029 tous
1814 4000 1863 4029 les
1891 4001 2059 4037 rapports,
2091 3997 2197 4026 fortu¬

1301 4044 1377 4077 née,
1392 4041 1462 4071 fille
1473 4041 1706 4077 commerçant
1714 4047 1757 4069 ou
1770 4038 1988 4068 institutrice.
2000 4054 2035 4059 —
2047 4038 2088 4067 N*
2104 4037 2193 4067 5100.

1340 4099 1508 4136 Adjudant
1537 4098 1714 4133 artillerie,
1743 4098 1782 4127 29
1809 4104 1882 4129 ans,
1914 4097 2064 4129 sérieux,
2102 4095 2197 4125 avoir

1299 4140 1413 4170 20.000
1427 4139 1468 4169 fr.
1485 4142 1519 4170 et
1534 4141 1753 4177 espérances,
1771 4136 1970 4175 épouserait
1997 4135 2196 4165 demoiselle

1302 4181 1338 4209 18
1355 4182 1371 4210 à
1385 4180 1424 4208 25
1435 4187 1506 4214 ans,
1521 4179 1598 4208 bien
1610 4186 1689 4208 sous
1702 4180 1777 4207 tous
1788 4177 1836 4207 les
1847 4176 2011 4215 rapports,
2024 4175 2195 4210 fortunée,

1301 4219 1370 4250 fille
1386 4221 1619 4256 commerçant
1629 4226 1672 4248 ou
1688 4216 1906 4247 institutrice.
1925 4233 1964 4236 —
1980 4217 2020 4246 N.
2037 4216 2127 4245 5040.

1340 4277 1542 4308 Célibataire
1570 4277 1609 4306 40
1637 4284 1708 4310 ans,
1752 4275 1932 4312 distingué,
1977 4274 2048 4304 très
2084 4274 2197 4304 bonne

1302 4318 1440 4352 famille,
1459 4318 1547 4347 belle
1563 4317 1735 4349 situation,
1752 4316 1848 4345 avoir
1860 4314 1974 4345 30.000
1987 4314 2041 4348 fr.,
2054 4315 2198 4351 épouse¬

1302 4360 1368 4389 rait
1382 4357 1582 4388 demoiselle
1608 4364 1650 4386 ou
1681 4363 1786 4386 veuve
1815 4356 1878 4393 âge
1903 4357 1937 4385 et
1962 4353 2122 4384 situation
2154 4361 2196 4384 en

1301 4401 1453 4438 rapport.
1470 4414 1508 4418 —
1523 4398 1552 4427 N
1558 4405 1563 4412 -
1580 4397 1670 4426 5042.

1342 4454 1597 4488 Ex-industriel,
1614 4454 1751 4485 divorcé
1779 4455 1799 4483 à
1823 4460 1883 4482 son
1913 4452 2026 4490 profit,
2056 4452 2095 4481 40
2123 4459 2196 4487 ans,

1303 4499 1409 4531 santé,
1428 4496 1617 4530 caractère,
1635 4494 1801 4533 physique
1819 4492 1990 4531 agréable.
2008 4492 2140 4521 110.000
2156 4491 2196 4521 fr.

1303 4540 1337 4566 et
1352 4536 1427 4566 villa
1444 4535 1556 4565 35.000
1570 4535 1623 4569 fr.,
1655 4535 1850 4571 épouserait
1862 4534 1969 4569 jeune
1986 4531 2054 4560 fille
2069 4532 2108 4560 25
2123 4539 2196 4565 ans,

1303 4577 1360 4606 dot
1373 4576 1413 4605 50
1427 4576 1486 4605 000
1502 4577 1542 4605 fr.
1559 4591 1598 4595 —
1613 4576 1652 4604 N-
1670 4574 1758 4604 5048.

1342 4636 1580 4668 Sous-officier
1593 4638 1630 4666 31
1649 4644 1721 4671 ans,
1738 4635 1814 4673 prêt
1828 4636 1870 4664 de
1884 4634 1917 4662 la
1937 4632 2079 4663 retraite
2109 4631 2200 4662 1.800

1304 4679 1344 4708 fr.
1362 4686 1425 4717 par
1440 4686 1493 4713 an,
1511 4677 1706 4707 économies
1721 4676 1813 4705 9.000
1828 4675 1882 4707 fr.,
1900 4673 2010 4703 bonne
2037 4672 2198 4701 situation

1304 4720 1344 4749 de
1361 4718 1499 4752 famille,
1512 4715 1706 4756 épouserait
1722 4717 1824 4752 jeune
1841 4713 1908 4744 fille
1922 4714 2024 4750 ayant
2037 4711 2198 4741 situation

1304 4767 1345 4789 en
1362 4761 1512 4797 rapport.
1532 4773 1567 4778 —
1583 4758 1612 4786 N
1618 4765 1624 4771 -
1639 4756 1728 4786 5058.

1343 4820 1557 4854 Lieutenant,
1574 4818 1688 4856 légion
1706 4816 1904 4846 d’honneur.
1934 4816 1973 4844 37
2002 4821 2070 4848 sus,
2105 4810 2200 4842 avoir

1304 4860 1415 4890 13.000
1430 4860 1483 4893 fr.,
1502 4858 1663 4888 situation
1680 4856 1790 4887 13.000
1805 4856 1859 4890 fr.,
1882 4857 2032 4887 sérieux,
2050 4855 2200 4890 épouse¬

1303 4901 1369 4930 rait
1383 4905 1556 4937 personne
1570 4898 1609 4928 20
1625 4900 1642 4927 à
1658 4898 1696 4927 28
1727 4904 1798 4930 ans,
1824 4895 1904 4925 bien
1934 4902 2013 4924 sous
2044 4896 2119 4921 tous
2149 4892 2199 4921 les

1304 4940 1475 4979 rapports,
1504 4941 1605 4976 ayant
1632 4936 1795 4968 situation
1825 4932 2130 4973 correspondante.
2161 4946 2200 4952 —

1303 4982 1343 5010 N-
1374 4979 1462 5008 5062.

1343 5040 1553 5071 Institutrice
1577 5040 1617 5069 35
1645 5047 1718 5074 ans,
1744 5038 1864 5071 brune,
1896 5035 2069 5074 agréable,
2100 5033 2202 5064 affec¬

1302 5084 1435 5111 tueuse.
1452 5080 1565 5109 désire
1581 5082 1699 5109 <*ntrer
1716 5086 1758 5108 en
1775 5076 1921 5108 relation
1934 5083 2016 5105 avec
2033 5081 2200 5104 commer¬

1304 5123 1382 5157 çant
1397 5128 1441 5150 ou
1457 5119 1684 5150 sous-officier
1706 5119 1800 5148 franc
1813 5122 1848 5148 et
1863 5117 1962 5155 loyal.
1979 5131 2020 5138 —
2034 5117 2062 5145 N
2068 5124 2074 5129 -
2086 5114 2177 5144 5063.

2271 1331 2486 1361 Cultivatrice
2501 1331 2540 1359 32
2554 1339 2625 1364 ans,
2641 1330 2811 1364 divorcée,
2824 1338 2870 1359 un
2887 1331 3005 1360 enfant
3020 1331 3037 1358 7
3054 1338 3127 1366 ans,

2231 1380 2311 1401 sans
2327 1372 2464 1401 fortune
2479 1370 2564 1401 mais
2580 1370 2812 1406 travailleuse,
2834 1369 3033 1409 épouserait
3045 1378 3128 1409 per¬

2232 1419 2340 1443 sonne
2356 1412 2511 1442 sérieuse
2528 1414 2627 1449 ayant
2643 1411 2815 1441 situation.
2832 1427 2871 1431 —
2885 1411 2914 1441 N
2919 1419 2925 1425 -
2945 1410 3034 1440 5059.

2272 1461 2339 1491 Fils
2355 1461 2481 1499 unique
2494 1461 2532 1490 28
2547 1468 2618 1494 ans,
2636 1459 2770 1499 peintre
2788 1467 2830 1489 en
2846 1460 2992 1493 voiture,
3010 1459 3112 1488 800fr.

2231 1509 2294 1539 par
2309 1501 2406 1536 mois,
2424 1500 2519 1531 avoir
2534 1501 2571 1530 10
2586 1501 2644 1530 000
2660 1500 2699 1529 fr.
2718 1502 2752 1530 et
2767 1499 2956 1538 propriété,
2972 1498 3125 1533 instruit,

2232 1541 2430 1580 épouserait
2454 1540 2653 1572 demoiselle
2675 1547 2719 1570 ou
2743 1547 2852 1570 veuve
2881 1547 2961 1569 sans
2990 1539 3123 1570 enfant.

2232 1598 2271 1603 —
2286 1581 2431 1612 N-5060.

2272 1630 2476 1661 Lieutenant
2491 1629 2611 1665 active,
2627 1629 2667 1659 29
2682 1637 2754 1664 ans,
2780 1627 2951 1659 stationné
2976 1627 3056 1658 ville
3087 1628 3128 1659 de

2233 1671 2264 1700 la
2282 1671 2356 1701 côte
2372 1672 2499 1702 Maroc,
2518 1669 2629 1699 désire
2659 1669 2836 1699 ardement
2864 1670 3016 1706 mariage
3046 1677 3129 1699 avec

2234 1710 2434 1741 demoiselle
2460 1710 2500 1740 20
2523 1711 2542 1739 à
2564 1710 2604 1739 28
2621 1717 2694 1744 ans,
2724 1709 2929 1746 distinguée,
2946 1716 3029 1739 avec
3059 1709 3128 1739 dot.

2235 1768 2272 1772 —
2288 1752 2328 1781 N-
2345 1751 2434 1780 5069.

2274 1814 2382 1843 Jeune
2399 1813 2534 1843 homme
2550 1813 2585 1841 21
2605 1820 2677 1846 ans,
2704 1810 2757 1841 fils
2782 1811 2919 1849 unique,
2937 1811 3130 1850 négociant,

2235 1853 2325 1883 belle
2341 1854 2503 1883 situation
2520 1853 2619 1891 après
2636 1851 2781 1887 service,
2807 1852 2902 1882 avoir
2930 1851 3060 1882 120.000
3075 1851 3134 1888 fr.,

2237 1893 2434 1932 épouserait
2446 1896 2550 1931 jeune
2563 1891 2633 1922 fille
2649 1892 2814 1928 sérieuse,
2828 1892 2940 1922 bonne
2957 1891 3136 1922 situation.

2237 1950 2276 1954 —
2290 1935 2331 1964 N-
2348 1933 2438 1963 5030.

2278 1995 2480 2026 Lieutenant
2496 1995 2536 2025 de
2552 1995 2734 2024 chasseurs
2751 1996 2769 2024 à
2785 1993 2874 2033 pied,
2899 1995 2937 2023 32
2953 2001 3025 2029 ans,
3042 1993 3132 2032 phy¬

2238 2035 2336 2074 sique
2351 2036 2512 2073 agréable
2527 2035 2641 2065 désire
2657 2037 2775 2064 entrer
2805 2041 2847 2064 en
2872 2034 3036 2064 relations
3052 2042 3136 2064 avec

2240 2075 2438 2106 demoiselle
2454 2084 2497 2105 ou
2512 2083 2619 2105 veuve
2636 2082 2714 2105 sans
2742 2074 2871 2110 enfant,
2902 2073 3064 2105 situation
3094 2082 3137 2104 en

2239 2119 2391 2155 rapport.
2409 2133 2447 2136 —
2462 2117 2490 2146 N
2496 2123 2501 2130 -
2520 2116 2609 2149 4859,

2280 2173 2482 2203 Célibataire
2525 2172 2577 2202 fils
2619 2171 2756 2210 unique,
2797 2172 2837 2202 36
2872 2180 2944 2207 ans,
2976 2171 3137 2202 situation

2241 2213 2354 2244 40.000
2365 2214 2405 2243 fr.
2418 2214 2494 2252 plus
2507 2213 2617 2243 15.000
2627 2213 2667 2242 fr.
2681 2212 2887 2242 association
2898 2212 3028 2249 grande
3039 2213 3139 2242 usine

2240 2258 2382 2293 rapport
2420 2253 2512 2284 8.000
2540 2253 2594 2288 fr.,
2637 2254 2834 2292 épouserait
2862 2251 2986 2282 femme
3014 2252 3136 2288 brune,

2242 2293 2405 2325 situation
2421 2302 2464 2324 en
2480 2295 2630 2332 rapport.
2648 2309 2686 2314 —
2701 2293 2740 2322 N-
2759 2293 2847 2322 4557.

2278 2361 2388 2390 Jeune
2399 2359 2515 2390 fille22
2525 2367 2596 2395 ans,
2610 2359 2738 2389 famille
2749 2358 2952 2394 honorable,
2964 2358 3138 2394 instruite,

2241 2399 2465 2433 musicienne,
2482 2399 2560 2429 bien
2577 2407 2658 2429 sous
2670 2402 2745 2429 tous
2758 2401 2928 2438 rapports,
2941 2399 3140 2437 épouserait

2241 2440 2417 2471 monsieur
2445 2440 2483 2469 28
2512 2441 2531 2469 à
2558 2440 2597 2469 35
2626 2447 2686 2469 ans
2717 2443 2819 2477 ayant
2847 2438 3008 2469 situation
3041 2439 3136 2470 sûre.

2241 2497 2280 2501 —
2294 2481 2335 2510 N-
2351 2480 2441 2509 5075.

2282 2539 2484 2569 Lieutenant
2507 2537 2546 2566 32
2575 2545 2648 2572 ans,
2679 2536 2774 2566 avoir
2801 2536 2914 2566 40.000
2941 2537 2996 2573 fr.,
3027 2536 3140 2567 désire

2242 2579 2394 2614 mariage
2410 2585 2493 2607 avec
2507 2584 2680 2615 personne
2699 2576 2853 2607 sérieuse
2870 2579 2903 2606 et
2918 2576 3080 2607 situation
3096 2584 3140 2607 en

2242 2620 2394 2657 rapport.
2411 2634 2449 2639 —
2462 2619 2502 2648 N'
2519 2616 2607 2647 5076.

2283 2674 2488 2706 Demoiselle
2522 2675 2561 2704 33
2600 2682 2675 2708 ans,
2717 2673 2924 2704 institutrice
2964 2674 3139 2713 publique,

2243 2715 2363 2750 brune,
2400 2715 2566 2753 physique
2602 2713 2774 2752 agréable,
2818 2715 2996 2744 caractère
3037 2714 3138 2750 doux,

2243 2758 2258 2783 é
2266 2756 2442 2786 cotiserait
2470 2753 2720 2783 fonctionnaire
2750 2761 2794 2783 ou
2815 2753 2969 2791 employé
2987 2752 3028 2782 de
3044 2760 3140 2782 com¬

2244 2802 2370 2824 merce.
2389 2810 2427 2815 —
2443 2794 2471 2823 N
2478 2803 2483 2808 -
2501 2793 2590 2822 5079.

2285 2851 2487 2882 Célibataire
2496 2851 2536 2880 49
2544 2858 2616 2887 ans,
2628 2850 2740 2880 60.000
2755 2849 2796 2880 fr.
2814 2850 3022 2884 économies,
3039 2849 3142 2880 situa¬

2245 2892 2316 2922 tion
2347 2891 2457 2921 10.000
2486 2891 2527 2920 fr.
2562 2898 2624 2928 par
2653 2898 2707 2924 an,
2738 2891 2850 2920 désire
2880 2891 3030 2928 mariage
3060 2898 3142 2920 avec

2246 2931 2445 2962 demoiselle
2461 2938 2627 2969 ou,veuve
2645 2933 2744 2967 ayant
2759 2929 2869 2960 12.000
2879 2931 2917 2959 fr.
2935 2930 2975 2960 de
2987 2933 3085 2960 rente
3097 2938 3142 2961 ou

2246 2972 2451 3010 propriétés.
2468 2987 2486 2993 -
2499 2972 2529 3001 N
2534 2979 2539 2985 -
2557 2971 2646 3001 5081.

2286 3029 2487 3060 Célibataire
2515 3029 2553 3057 35
2570 3037 2642 3062 ans,
2672 3028 2829 3066 employé
2857 3027 2992 3057 chemin
3022 3027 3062 3057 de
3090 3027 3144 3057 fer

2247 3068 2397 3105 Tunisie,
2412 3069 2470 3099 600
2487 3068 2527 3098 fr.
2544 3076 2606 3107 par
2621 3068 2718 3102 mois,
2738 3068 2850 3098 désire
2862 3069 2969 3105 jeune
2983 3066 3052 3097 fille
3067 3068 3107 3097 30
3123 3069 3142 3098 à

2245 3111 2286 3140 35
2329 3118 2402 3145 ans,
2448 3114 2548 3147 ayant
2594 3107 2735 3145 qualités
2781 3108 2821 3138 de
2862 3116 2968 3142 cœur,
3004 3109 3143 3138 voulant

2247 3150 2460 3188 s’expatrier.
2477 3165 2495 3171 -
2510 3150 2549 3179 N'
2567 3149 2656 3178 5082.

2288 3207 2491 3237 Demoiselle
2519 3206 2557 3235 30
2581 3214 2654 3240 ans,
2693 3206 2832 3243 grande,
2877 3205 2976 3240 forte,
3019 3205 3142 3235 femme

2249 3247 2460 3282 d’intérieur,
2509 3247 2730 3280 musicienne,
2770 3245 2898 3275 famille
2939 3245 3141 3280 honorable,

2248 3288 2352 3321 aisée,
2385 3287 2441 3317 dot
2475 3286 2587 3317 30.000
2610 3287 2665 3320 fr.,
2710 3290 2915 3325 espérances
2957 3285 3140 3320 certaines,

2248 3329 2447 3366 épouserait
2461 3328 2638 3357 monsieur
2654 3326 2804 3362 sérieux,
2820 3326 2950 3364 grande
2966 3325 3140 3355 situation.

2248 3384 2265 3390 —
2282 3370 2322 3398 N-
2340 3367 2428 3397 5083.

2289 3424 2521 3456 Sous-officier
2537 3424 2577 3454 de
2593 3423 2755 3460 carrière,
2774 3431 2856 3454 onze
2873 3432 2933 3454 ans
2946 3424 2986 3454 de
2998 3423 3142 3459 service,

2249 3466 2319 3495 très
2337 3465 2487 3499 sérieux,
2502 3465 2540 3493 28
2555 3473 2627 3499 ans,
2647 3465 2842 3502 épouserait
2872 3463 3070 3494 demoiselle
3100 3472 3145 3494 ou

2249 3513 2356 3535 veuve
2372 3505 2483 3535 même
2499 3513 2578 3535 sans
2593 3504 2638 3535 foi
2648 3508 2740 3540 tune,
2759 3503 2925 3537 sérieuse,
2939 3504 3145 3541 catholique.

2248 3561 2266 3567 —
2283 3547 2322 3575 N-
2339 3545 2428 3574 5085.

2288 3605 2397 3634 Jeune
2412 3603 2547 3633 homme
2562 3603 2602 3632 30
2617 3610 2689 3637 ans,
2707 3602 2796 3632 belle
2817 3601 2990 3637 situation,
3021 3602 3145 3641 capital

2250 3643 2382 3674 100.000
2397 3644 2451 3679 fr.,
2468 3643 2581 3673 désire
2595 3643 2701 3673 union
2716 3650 2799 3672 avec
2821 3641 3021 3672 demoiselle
3043 3643 3146 3672 musi¬

2250 3684 2372 3714 cienne
2388 3684 2428 3713 de
2444 3683 2658 3722 préférence,
2674 3683 2731 3712 dot
2746 3690 2788 3712 en
2804 3684 2956 3720 rapport.
2970 3697 2988 3704 -
3001 3682 3040 3712 N'
3055 3683 3145 3712 4767.

2290 3742 2493 3771 Demoiselle
2510 3741 2675 3774 sérieuse,
2687 3740 2798 3769 bonne
2810 3739 3001 3775 éducation,
3019 3740 3145 3771 famille

2250 3783 2320 3812 très
2342 3781 2540 3817 honorable,
2569 3780 2729 3811 situation
2756 3779 2847 3809 4.000
2861 3780 2916 3813 fr.,
2947 3782 3146 3818 épouserait

2248 3821 2430 3852 industriel
2442 3830 2485 3852 ou
2496 3821 2747 3851 fonctionnaire
2757 3820 2797 3849 40
2807 3823 2824 3849 à
2836 3819 2876 3848 50
2886 3827 2958 3849 ans.
2972 3835 2988 3841 -
2998 3820 3039 3849 N-
3053 3821 3144 3851 5054.

2291 3878 2621 3917 Expert-comptable
2636 3878 2673 3908 46
2689 3885 2760 3912 ans,
2785 3876 2935 3913 sérieux,
2953 3876 3146 3909 affectueux

2250 3919 2376 3949 aimant
2391 3920 2444 3949 vie
2461 3920 2500 3950 de
2516 3918 2653 3954 famille,
2672 3917 2782 3946 15.000
2805 3917 2846 3945 fr.
2877 3925 2939 3955 par
2967 3925 3021 3951 an,
3051 3919 3147 3949 avoir

2248 3959 2361 3990 25.000
2376 3959 2431 3995 fr.,
2449 3959 2645 3998 épouserait
2658 3956 2855 3987 demoiselle
2867 3965 2907 3985 ou
2921 3965 3028 3988 veuve
3044 3963 3146 3997 ayant

2251 4000 2413 4031 situation
2429 4007 2472 4030 ou
2488 3999 2635 4029 fortune.
2653 4013 2669 4020 -
2685 3998 2713 4026 N
2719 4005 2725 4010 -
2743 3997 2833 4026 5020.

2294 4060 2408 4088 Veuve
2423 4059 2462 4087 54
2473 4064 2544 4091 ans,
2563 4054 2766 4091 catholique,
2784 4061 2862 4083 sans
2880 4055 3034 4094 charges,
3053 4058 3148 4087 avoir

2251 4098 2365 4128 20.000
2380 4099 2432 4134 fr.,
2461 4096 2604 4135 pension
2635 4094 2724 4124 1.500
2739 4094 2794 4129 fr.,
2811 4094 2947 4124 valeurs
2977 4096 3068 4126 1.500
3089 4098 3145 4132 fr.,

2251 4139 2306 4168 bel
2334 4138 2513 4172 intérieur,
2552 4134 2665 4165 désire
2707 4134 2858 4172 mariage
2889 4141 2931 4164 en
2959 4139 3110 4174 rapport.
3127 4153 3148 4159 -

2252 4180 2292 4208 N-
2309 4178 2399 4208 5084.

2291 4234 2494 4265 Demoiselle
2504 4233 2542 4262 40
2554 4240 2626 4266 ans,
2640 4230 2717 4260 bien
2731 4238 2811 4260 sous
2827 4234 2902 4261 tous
2914 4232 2963 4262 les
2976 4238 3145 4273 rapports,

2252 4276 2416 4306 situation
2441 4273 2532 4303 7.000
2546 4271 2600 4306 fr.,
2627 4272 2823 4308 épouserait
2852 4273 3027 4304 monsieur
3055 4276 3145 4311 bien,

2253 4319 2354 4353 ayant
2370 4314 2531 4344 situation
2547 4319 2590 4341 ou
2606 4311 2753 4346 fortune,
2764 4311 2803 4340 40
2813 4312 2831 4341 à
2841 4311 2881 4340 50
2892 4320 2963 4342 ans.
2976 4329 2994 4335 -
3004 4314 3045 4343 N-
3055 4315 3146 4346 5086.

2293 4377 2495 4407 Lieutenant
2548 4371 2731 4402 infanterie
2785 4373 2953 4404 coloniale
2992 4376 3031 4404 35
3074 4385 3146 4413 ans,

2253 4418 2389 4449 décoré,
2408 4413 2604 4453 épouserait
2616 4414 2721 4448 jeune
2737 4411 2807 4442 fille
2833 4413 2896 4451 âge
2925 4418 2959 4445 et
2985 4416 3147 4448 situation

2252 4465 2295 4487 en
2311 4457 2464 4494 rapport.
2480 4469 2499 4475 -
2513 4453 2553 4481 N'
2570 4452 2659 4481 5088.

2293 4515 2410 4543 Veuve
2426 4511 2465 4540 48
2481 4517 2551 4544 ans,
2569 4516 2699 4539 revenu
2724 4509 2849 4540 annuel
2881 4512 2990 4542 10.000
3018 4513 3059 4543 fr.
3085 4516 3149 4552 joli

2253 4551 2433 4584 intérieur,
2452 4551 2564 4580 désire
2580 4550 2683 4579 union
2707 4557 2788 4579 avec
2815 4550 2951 4582 homme
2967 4553 3010 4582 du
3026 4556 3149 4586 monde

2253 4601 2333 4622 sans
2356 4592 2484 4624 enfant,
2514 4589 2625 4619 même
2654 4588 2727 4627 âge,
2759 4590 2919 4621 situation
2950 4598 3089 4627 rapport
3130 4611 3150 4618 -

2253 4633 2294 4662 N-
2324 4631 2415 4661 5093.
2818 4645 2833 4666 ..

2296 4692 2500 4723 Demoiselle
2518 4691 2553 4720 18
2569 4699 2640 4727 ans,
2654 4691 2750 4729 jolie,
2768 4692 2867 4729 forte,
2885 4694 2961 4725 bien
2977 4704 3056 4727 sous
3073 4701 3149 4730 tous

2255 4738 2425 4772 rapports,
2452 4732 2519 4761 fille
2545 4731 2682 4769 unique,
2715 4732 2849 4763 fortune
2880 4737 2979 4773 après
3008 4744 3149 4776 parents

2255 4772 2388 4803 500.000
2404 4772 2458 4807 fr.,
2475 4772 2672 4810 épouserait
2687 4772 2840 4807 docteur,
2856 4776 3001 4812 notaire,
3018 4786 3062 4808 ou
3073 4788 3149 4817 pro¬

2254 4813 2420 4852 priétaire
2436 4812 2658 4849 agriculteur,
2689 4812 2820 4843 officier
2850 4822 2893 4845 ou
2922 4816 3114 4849 industriel.
3132 4836 3151 4843 -

2255 4854 2450 4882 S’adresser
2463 4853 2482 4881 à
2497 4851 2529 4880 la
2545 4852 2727 4882 directrice
2753 4854 2794 4883 de
2823 4854 2854 4886 la
2883 4858 2996 4888 Revue
3023 4859 3079 4895 qui
3107 4868 3150 4891 ne

2256 4897 2379 4922 mettra
2396 4899 2439 4921 en
2455 4895 2594 4930 rapport
2620 4900 2685 4930 que
2714 4893 2742 4922 si
2770 4898 2917 4930 proposé
2947 4899 3103 4928 convient
3132 4918 3149 4923 -

2255 4933 2296 4962 N-
2313 4932 2403 4962 2651.

2298 4989 2502 5020 Demoiselle
2519 4989 2556 5019 40
2573 4998 2645 5026 ans,
2669 4989 2746 5021 bien
2765 5000 2844 5022 sous
2874 4995 2950 5023 tous
2980 5001 3136 5035 rapports

2257 5032 2358 5068 ayant
2375 5030 2473 5060 avoir
2489 5031 2523 5060 et
2538 5033 2756 5068 espérances,
2775 5035 3053 5072 correspondrait
3069 5047 3151 5070 avec

2257 5069 2433 5099 monsieur
2463 5070 2600 5100 sérieux
2629 5074 2728 5108 ayant
2755 5072 2868 5103 bonne
2897 5075 3071 5108 situation.
3112 5096 3151 5101 —

2255 5112 2296 5141 N-
2313 5110 2405 5140 5099.
