3552 5552
2578 448 2645 486 20
2676 448 2937 485 Novembre
2966 447 3088 486 1920

693 608 1406 851 REVUE
1541 572 2846 848 MENSUELLE

634 877 793 932 Liste
832 874 1203 932 d!Annonces
1235 869 1712 929 Matrimoniales
1752 868 2102 939 paraissant
2146 865 2198 922 le
2236 866 2321 922 20
2362 865 2431 921 de
2470 864 2689 936 chaque
2735 882 2910 920 mots.

483 989 774 1028 VAbonnement
810 993 861 1027 est
899 987 942 1026 de
978 985 1152 1026 TRENTE
1174 987 1353 1024 FRANCS
1372 996 1473 1036 pour
1493 989 1628 1035 quatre
1654 983 1753 1021 mois
1772 988 1803 1020 et
1827 982 2075 1027 QUARANTE
2099 979 2277 1017 FRANCS
2292 989 2397 1028 pour
2416 978 2477 1016 six
2497 977 2591 1015 mois
2611 976 2787 1015 donnant
2808 976 2908 1015 droit
2928 975 2950 1014 à
2971 987 3044 1014 une

865 1068 1096 1119 inscription
1117 1067 1290 1120 gratuite
1308 1077 1379 1105 sur
1398 1078 1462 1104 ma
1485 1065 1583 1104 liste.
1613 1066 1670 1102 —
1692 1066 1754 1102 Les
1774 1072 1964 1101 annonces
1979 1065 2063 1099 sont
2083 1059 2126 1098 de
2159 1063 2300 1110 quatre
2324 1057 2441 1110 lignes
2461 1058 2671 1096 maximum
2684 1088 2691 1095 .

500 1151 788 1182 Abonnements
804 1157 905 1188 pour
929 1149 1147 1186 l'Etranger
1165 1155 1172 1177 :
1196 1145 1497 1177 TRENTE-CINQ
1515 1145 1648 1175 francs
1679 1151 1779 1182 pour
1799 1144 1940 1181 quatre
1964 1141 2063 1170 mois
2086 1141 2123 1170 et
2146 1138 2513 1172 QUARANTE-CINQ
2534 1139 2662 1169 francs
2685 1147 2785 1176 pour
2807 1140 2865 1170 six
2889 1139 3001 1170 mois.

723 1217 932 1257 Adresser
953 1216 1113 1256 Lettres
1134 1218 1174 1254 et
1194 1214 1390 1253 Mandats
1410 1214 1434 1252 à
1455 1213 1567 1252 Mme
1584 1222 1716 1252 veuve
1733 1208 1997 1257 CHABAUD,
2030 1207 2258 1247 Directrice
2279 1206 2330 1245 de
2352 1206 2390 1246 la
2411 1209 2462 1246 La
2483 1209 2599 1246 Revue
2620 1206 2819 1246 Mensuelle

1213 1281 1274 1332 18,
1300 1281 1388 1321 Rue
1410 1279 1481 1320 Ste
1500 1280 1638 1329 Croix,
1664 1275 2012 1318 MONTELIMAR
2042 1274 2228 1321 (Drôme)

393 1422 489 1450 Notre
504 1428 608 1448 œuvre
624 1428 644 1447 a
654 1427 740 1455 pour
752 1420 804 1446 but
819 1419 855 1446 de
870 1419 960 1445 venir
984 1426 1022 1446 en
1036 1418 1106 1446 aide
1122 1425 1189 1445 aux
1204 1416 1254 1448 fa¬

356 1458 459 1486 milles
469 1459 523 1493 qui
536 1457 674 1484 désirent
687 1457 808 1482 marier
823 1456 910 1482 leurs
920 1453 1047 1489 enfants
1050 1463 1056 1485 ,
1068 1462 1136 1482 aux
1144 1462 1257 1481 veuves

358 1495 413 1530 qui
432 1493 621 1520 voudraient
643 1499 674 1519 se
702 1492 869 1520 remarier,
892 1498 959 1517 aux
973 1490 1134 1525 orphelins
1148 1491 1175 1516 et
1190 1497 1257 1516 aux

355 1530 523 1557 messieurs
537 1529 591 1564 qui
606 1528 711 1555 rêvent
726 1527 763 1554 de
777 1535 808 1554 se
816 1525 938 1562 fonder
954 1533 999 1553 un
1007 1525 1114 1561 foyer,
1131 1533 1192 1552 une
1200 1524 1255 1560 fa¬

356 1565 453 1593 mille.

390 1619 487 1648 Notre
498 1625 603 1647 œuvre
613 1625 686 1645 sera
696 1616 875 1652 approuvée
882 1624 948 1652 par
963 1617 1034 1643 tous
1044 1624 1100 1643 nos
1111 1614 1254 1649 abonnés,

355 1654 513 1691 lorsqu'ils
532 1654 667 1682 sauront
688 1653 782 1688 qu’ils
801 1653 938 1688 peuvent
957 1653 1095 1685 trouver,
1121 1650 1214 1687 grâce
1236 1652 1255 1678 à

354 1693 443 1719 notre
458 1697 618 1723 concours,
634 1689 661 1716 le
676 1697 786 1724 moyen
805 1689 842 1716 de
866 1695 896 1715 se
919 1688 1041 1715 marier
1064 1687 1149 1716 selon
1170 1687 1256 1714 leurs

353 1727 455 1763 goûts,
466 1727 553 1754 leurs
566 1733 643 1753 vues
656 1726 685 1752 et
697 1725 784 1752 selon
797 1724 885 1752 leurs
897 1724 1082 1751 conditions.

392 1780 480 1808 Nous
489 1780 604 1815 prions
618 1778 661 1805 les
675 1778 793 1806 Dames
807 1780 834 1805 et
857 1777 900 1805 les
923 1777 1089 1805 Messieurs
1113 1776 1148 1804 de
1178 1784 1257 1804 nous

356 1821 488 1852 envoyer
508 1815 534 1843 le
545 1815 623 1851 plus
641 1813 810 1841 d’abonnés
825 1813 968 1849 possible,
986 1813 1053 1843 afin
1081 1820 1138 1849 que
1168 1814 1256 1840 notre

355 1860 461 1879 œuvre
475 1850 689 1886 s’agrandisse
704 1851 731 1877 et
743 1851 850 1885 puisse
865 1856 926 1883 par
941 1856 971 1875 ce
987 1856 1094 1883 moyen
1110 1847 1256 1883 faciliter

355 1888 483 1915 nombre
498 1887 533 1914 de
548 1886 709 1920 mariages
723 1887 751 1912 et
759 1881 850 1920 faire
866 1885 892 1912 le
905 1884 980 1919 plus
999 1884 1176 1911 d’heureux
1186 1891 1256 1919 pos¬

354 1923 440 1957 sible,
456 1931 512 1950 car
526 1923 599 1950 c’est
613 1929 674 1948 une
699 1921 795 1948 bonne
815 1921 918 1948 action
946 1928 1004 1955 que
1028 1928 1105 1947 vous
1112 1919 1204 1955 ferez
1219 1927 1256 1947 en

350 1958 552 1995 propageant
560 1958 648 1985 notre
663 1965 778 1990 œuvre,
795 1964 872 1985 vous
886 1963 965 1982 nous
983 1956 1106 1983 aiderez
1125 1956 1211 1985 ainsi
1237 1956 1256 1983 à

356 1994 535 2022 contribuer
544 2001 588 2021 au
598 1992 737 2020 bonheur
748 1992 801 2019 des
803 1991 951 2027 familles
962 1992 1016 2027 qui
1026 1991 1162 2019 désirent
1171 1992 1257 2018 trou¬

356 2039 412 2058 ver
426 2038 472 2057 un
486 2030 589 2065 époux
603 2036 644 2056 ou
657 2036 718 2055 ime
729 2028 842 2063 épouse
852 2034 936 2063 pour
948 2027 1035 2054 leurs
1043 2027 1179 2062 enfants,
1191 2034 1258 2054 aux

356 2074 468 2094 veuves
479 2073 523 2092 un
533 2064 664 2097 soutien,
678 2064 696 2091 à
712 2063 879 2098 l’orphelin
889 2071 934 2089 un
938 2062 1035 2097 foyer
1046 2065 1072 2090 et
1087 2070 1129 2090 au
1146 2062 1257 2089 relève¬

357 2103 442 2129 ment
456 2101 492 2128 de
508 2101 539 2128 la
553 2100 677 2127 France
699 2100 755 2134 qui
768 2099 880 2132 donne,
891 2106 956 2133 par
972 2098 1015 2125 les
1034 2099 1193 2132 mariages
1207 2097 1256 2133 fé¬

357 2137 462 2170 conds,
472 2137 524 2164 des
538 2135 657 2163 soldats
680 2134 698 2161 h
714 2135 747 2162 la
764 2135 870 2161 Patrie
892 2135 919 2161 et
944 2135 998 2169 qui
1007 2132 1082 2169 font
1104 2133 1157 2161 des
1174 2133 1256 2168 fem¬

358 2181 422 2201 mes
449 2173 486 2200 de
502 2171 615 2200 bonnes
630 2170 729 2198 mères
745 2170 780 2197 de
797 2169 929 2202 famille.

395 2227 476 2257 C’est
491 2227 572 2254 dans
585 2233 616 2253 ce
626 2224 678 2252 but
688 2232 746 2260 que
757 2232 837 2251 nous
848 2231 946 2251 avons
949 2223 1053 2258 fondé
1063 2223 1095 2251 la
1106 2223 1259 2252 REVUE

359 2269 636 2301 MENSUELLE.

395 2325 483 2354 Nous
496 2333 533 2353 ne
548 2327 655 2352 tenons
666 2331 728 2359 pas
743 2331 803 2351 une
826 2324 945 2358 Agence
968 2321 1203 2350 matrimoniale
1232 2324 1259 2350 et

359 2370 439 2390 nous
452 2369 489 2389 ne
496 2367 637 2396 prenons
644 2367 767 2387 aucune
775 2359 972 2386 commission
983 2366 1040 2385 sur
1052 2358 1083 2386 la
1094 2359 1155 2386 dot.
1178 2358 1259 2386 Voici

359 2399 511 2426 comment
525 2404 604 2424 nous
614 2395 792 2431 procédons
801 2403 808 2423 :

401 2451 482 2480 Vous
496 2458 575 2478 nous
586 2449 730 2484 indiquez
740 2448 873 2475 d’abord
883 2449 969 2475 votre
980 2448 1047 2482 fige,
1059 2450 1144 2474 votre
1157 2448 1257 2474 situa¬

358 2489 423 2516 tion
438 2487 474 2514 de
482 2486 627 2522 fortune,
640 2486 725 2512 votre
735 2484 924 2519 profession,
936 2485 1022 2510 votre
1033 2483 1095 2516 dot,
1112 2491 1165 2510 vos
1177 2483 1258 2518 espé¬

360 2531 472 2551 rances
486 2523 513 2550 et
527 2529 558 2549 ce
574 2528 632 2557 que
642 2527 719 2547 vous
729 2519 858 2553 désirez,
870 2520 897 2546 et
905 2526 986 2546 nous
997 2526 1074 2546 vous
1084 2519 1260 2546 inscrivons

360 2568 418 2587 sur
432 2560 520 2586 notre
536 2558 614 2590 liste,
629 2564 712 2593 pour
727 2556 805 2582 trois
825 2555 913 2588 mois,
939 2562 1004 2589 par
1031 2562 1092 2582 une
1120 2562 1259 2582 annonce

361 2603 419 2631 que
436 2595 472 2630 je
493 2593 565 2629 fais
591 2592 764 2619 moi-même
780 2592 807 2618 et
834 2597 914 2618 nous
942 2597 1019 2617 vous
1046 2590 1188 2618 donnons
1215 2597 1260 2616 un

359 2629 493 2658 numéro
518 2628 647 2664 faisant
664 2627 744 2654 suite
776 2626 795 2653 à
827 2627 900 2653 cette
916 2631 1064 2653 annonce.
1093 2625 1175 2653 C’est
1195 2633 1259 2660 par

357 2667 388 2694 le
398 2673 508 2701 moyen
519 2665 555 2692 de
566 2672 596 2692 ce
608 2662 740 2689 numéro
751 2670 808 2697 que
819 2669 895 2688 vous
904 2669 1024 2695 pouvez
1033 2661 1259 2696 correspondre

360 2709 434 2729 avec
449 2703 518 2728 tous
532 2700 576 2727 les
590 2698 725 2727 abonnés
740 2698 775 2724 de
791 2699 879 2725 notre
893 2696 983 2724 liste..

396 2751 535 2786 Lor'sque
550 2755 628 2776 vous
641 2747 760 2774 désirez
774 2745 1001 2781 correspondre
1016 2754 1089 2773 avec
1103 2753 1148 2773 un
1168 2745 1259 2773 abon¬

360 2787 400 2814 né
413 2788 441 2813 et
456 2793 512 2821 que
527 2792 605 2812 vous
619 2790 693 2810 avez
706 2782 803 2809 choisi
814 2782 894 2809 dans
904 2781 938 2809 la
952 2781 1091 2809 Revue
1103 2781 1261 2809 Mensu¬

362 2822 442 2850 elle
457 2822 483 2849 le
496 2821 585 2855 parti
604 2818 659 2855 qui
673 2825 751 2845 vous
761 2816 846 2852 plaît
861 2816 887 2844 le
899 2817 985 2851 plus,
1006 2818 1085 2844 voici
1110 2818 1261 2844 comment

361 2864 440 2885 vous
449 2854 600 2892 procédez
617 2862 627 2881 :

736 2905 887 2934 Exemple

405 2975 522 3007 Jeune
541 2974 700 3011 homme,
719 2971 761 3002 30
781 2979 859 3006 ans,
880 2968 952 3001 très
974 2969 1067 3001 belle
1085 2969 1260 3002 situation

362 3021 455 3052 dans
474 3017 666 3053 industrie,
688 3017 840 3055 rapport
856 3012 924 3045 10à
938 3015 1059 3046 12.000
1073 3013 1131 3055 fr.,
1143 3012 1262 3046 désire

362 3065 526 3104 mariage
547 3071 591 3094 en
608 3062 772 3100 rapport.
786 3077 828 3080 —
848 3058 971 3090 Ecrire
992 3064 1032 3089 n°
1052 3059 1083 3090 2.

518 3134 564 3157 ou

409 3183 629 3217 Demoiselle
656 3180 697 3212 25
717 3189 794 3220 ans,
826 3179 1001 3211 situation
1035 3179 1078 3210 de
1117 3177 1262 3209 fortune

366 3229 490 3263 25.000
509 3228 644 3266 francs,
660 3228 773 3257 etc.—
795 3224 918 3255 Ecrire
932 3222 974 3254 N°
987 3223 1019 3254 4.

410 3291 510 3324 Vous
517 3291 573 3323 lui
583 3288 725 3322 écrivez
734 3285 963 3318 vous-même
976 3294 1024 3317 ou
1034 3285 1142 3318 faites
1152 3282 1266 3316 écrire

367 3346 435 3378 par
451 3334 651 3376 quelqu’un
667 3333 711 3364 de
731 3334 834 3363 votre
855 3330 1008 3370 famille,
1045 3339 1089 3362 en
1119 3330 1267 3372 signant

368 3384 412 3414 de
427 3384 530 3413 votre
542 3376 708 3415 numéro,
718 3379 754 3408 et
769 3386 860 3408 vous
875 3377 1007 3407 mettez
1021 3384 1082 3406 sur
1097 3373 1267 3406 l’adresse

367 3424 539 3458 cachetée
551 3427 586 3459 et
597 3421 752 3455 timbrée
762 3421 795 3452 le
804 3418 958 3452 numéro
969 3420 1061 3451 delà
1072 3427 1264 3459 personne,

368 3468 559 3502 deuxième
576 3467 792 3505 enveloppe,
802 3473 892 3497 avec
908 3473 968 3495 ces
984 3464 1160 3503 quelques
1172 3464 1267 3494 mots

369 3524 431 3546 sur
437 3522 509 3545 une
517 3515 616 3545 carte
625 3520 672 3542 ou
679 3520 730 3542 un
740 3510 829 3541 bout
836 3509 1017 3547 depapier
1023 3509 1118 3539 ainsi
1126 3507 1264 3539 libellé:

369 3569 389 3589 «
396 3558 581 3591 Monsieur
589 3564 637 3588 ou
646 3554 824 3591 Madame,
843 3561 889 3585 ou
901 3552 1172 3585 Mademoiselle
1192 3551 1266 3584 X...

371 3604 488 3643 (votre
503 3610 591 3633 nom
607 3601 642 3632 et
660 3600 762 3629 votre
777 3593 945 3635 numéro)
963 3597 1041 3637 prie
1055 3595 1218 3628 Madame
1234 3597 1270 3627 la

370 3646 572 3679 Directrice
586 3646 630 3676 de
642 3642 676 3674 la
688 3642 816 3673 Revue
827 3642 871 3673 de
884 3640 976 3672 faire
989 3641 1162 3680 parvenir
1176 3643 1269 3672 cette

371 3693 477 3723 lettre
494 3689 514 3721 à
529 3690 577 3721 tel
598 3685 772 3719 numéro»
789 3689 825 3717 et
846 3694 935 3716 vous
951 3686 1121 3717 cachetez
1135 3688 1169 3716 et
1189 3686 1268 3716 tim¬

371 3737 455 3768 brez
475 3736 569 3766 cette
595 3729 786 3764 deuxième
820 3728 1024 3769 enveloppe
1058 3728 1078 3761 à
1112 3730 1270 3768 laquelle

371 3788 464 3812 vous
481 3780 614 3810 mettez
634 3784 721 3807 mon
740 3775 896 3812 adresse,
921 3776 955 3804 et
975 3773 1129 3805 aussitôt
1147 3783 1267 3816 reçue,

371 3826 409 3866 je
429 3822 546 3855 défais
562 3823 597 3853 la
626 3817 806 3859 première
826 3818 1042 3858 enveloppe,
1063 3817 1205 3858 j’efface
1241 3819 1271 3849 le

373 3866 528 3901 numéro
548 3867 592 3898 de
612 3864 648 3895 la
668 3861 860 3895 deuxième
880 3863 914 3894 et
930 3865 1022 3894 mets
1039 3863 1208 3894 l’adresse
1229 3864 1272 3894 de

373 3914 410 3946 la
430 3919 610 3952 personne
627 3910 662 3940 et
677 3905 870 3947 réexpédie
888 3907 922 3937 la
939 3905 1055 3938 lettre.
1068 3907 1164 3939 Vous
1184 3916 1273 3947 pou¬

372 3966 439 3989 vez
454 3953 717 3994 correspondre
728 3960 816 3983 avec
833 3953 915 3982 tous
929 3960 995 3982 nos
1009 3948 1172 3983 abonnés
1189 3960 1272 3983 sans

374 4010 466 4033 vous
486 4000 578 4032 faire
599 3997 801 4030 connaitre.
839 3995 885 4027 Ce
914 3995 1005 4027 n’est
1025 4004 1094 4034 que
1128 3996 1272 4034 lorsque

374 4054 466 4078 vous
487 4052 594 4076 aurez
607 4041 676 4073 fait
696 4042 798 4071 votre
815 4039 935 4079 choix,
968 4048 1039 4078 que
1067 4049 1158 4071 vous
1182 4049 1273 4071 vous

376 4092 519 4122 donnez
530 4085 811 4119 mutuellement
827 4085 931 4115 votre
942 4082 1121 4116 véritable
1131 4085 1274 4116 adresse

377 4137 413 4167 et
426 4142 497 4173 que
508 4140 598 4164 vous
611 4138 703 4162 vous
716 4126 892 4168 ménagez
905 4137 978 4160 une
992 4130 1168 4161 entrevue
1182 4137 1275 4168 pour

377 4178 524 4211 décider
544 4178 587 4208 de
604 4176 705 4207 votre
726 4176 810 4205 sort.

411 4239 454 4266 Le
465 4238 544 4273 prix
559 4236 595 4264 de
610 4236 699 4263 notre
713 4233 917 4265 abonnement
933 4233 976 4259 est
990 4232 1026 4259 de
1042 4233 1138 4259 trente
1160 4232 1277 4267 francs

371 4282 459 4311 pour
474 4274 585 4309 quatre
600 4271 680 4298 mois
694 4270 720 4297 et
736 4268 891 4305 quarante
899 4267 1018 4302 francs
1027 4275 1114 4302 pour
1128 4267 1178 4295 six
1198 4269 1278 4294 mois

376 4311 404 4337 et
416 4317 493 4337 vous
508 4315 582 4336 avez
596 4306 681 4334 droit
695 4305 714 4333 à
725 4306 788 4332 être
799 4303 909 4331 inscrit
919 4303 1141 4338 gratuitement
1157 4310 1214 4329 sur
1225 4311 1277 4330 ma

377 4346 446 4373 liste

420 4389 502 4418 Vous
515 4395 608 4424 voyez
623 4386 751 4423 qu’avec
782 4386 856 4412 cette
884 4383 1029 4418 modique
1047 4390 1176 4416 somme,
1202 4390 1280 4409 vous

378 4433 498 4462 pouvez
512 4431 589 4452 vous
602 4423 735 4456 marier,
756 4429 830 4448 sans
844 4419 934 4447 avoir
956 4418 976 4446 à
995 4427 1109 4454 passer
1133 4426 1197 4453 par
1226 4418 1280 4445 des

379 4468 507 4496 agences
515 4461 569 4496 qui
582 4466 614 4487 se
622 4457 699 4493 font
704 4464 812 4485 verser
827 4456 978 4483 d’avance
994 4455 1031 4481 de
1040 4462 1161 4489 grosses
1176 4455 1278 4489 provi¬

379 4499 463 4527 sions
477 4498 505 4523 et
519 4496 573 4531 qui
587 4494 773 4528 escomptent
784 4492 820 4519 de
830 4497 952 4527 grosses
961 4491 1184 4524 commissions,
1192 4497 1279 4525 pour

379 4531 541 4560 n’arriver
556 4531 583 4558 le
603 4529 676 4565 plus
693 4529 821 4556 souvent
846 4526 867 4555 h
894 4533 1001 4553 aucun
1028 4526 1171 4554 résultat.
1192 4526 1281 4553 Nous

379 4568 512 4595 n’avons
526 4567 595 4593 rien
606 4564 642 4592 de
657 4571 803 4591 commun
819 4570 891 4590 avec
907 4561 950 4588 les
964 4569 1102 4596 agences,
1118 4569 1173 4588 car
1201 4569 1280 4588 nous

380 4612 418 4631 ne
446 4608 584 4637 prenons
611 4607 733 4628 aucune
761 4598 956 4626 commission
991 4604 1049 4624 sur
1079 4597 1113 4624 la
1143 4597 1196 4624 dot
1234 4596 1281 4623 Un

380 4639 514 4667 modeste
528 4636 733 4664 abonnement
748 4642 827 4661 nous
841 4634 903 4661 sert
920 4633 956 4660 de
967 4633 1136 4668 paiement.

417 4680 596 4717 Lorsqu’un
618 4677 738 4708 abonné
752 4677 822 4704 s'est
837 4677 939 4710 fiancé
953 4678 980 4704 et
1013 4677 1089 4713 qu’il
1123 4676 1177 4704 n'a
1205 4676 1282 4712 plus

382 4719 487 4749 besoin
500 4717 535 4744 de
550 4716 639 4742 notre
654 4720 759 4745 revue,
772 4712 795 4739 il
809 4720 889 4739 nous
899 4712 927 4738 le
935 4712 1004 4747 fait
1018 4714 1123 4740 savoir
1138 4712 1205 4747 afin
1225 4719 1281 4748 que

381 4762 462 4784 nous
476 4759 593 4787 rayons
607 4757 664 4777 son
678 4755 817 4775 annonce
830 4754 915 4781 pour
930 4755 967 4774 ne
979 4756 1041 4782 pas
1049 4748 1139 4783 faire
1164 4755 1282 4775 corres¬

377 4790 502 4828 pondre
517 4781 713 4814 'inutilement
728 4790 782 4810 nos
797 4781 941 4810 abonnés.

423 4835 501 4863 Tout
515 4829 634 4859 abonné
648 4828 712 4855 doit
727 4826 883 4862 répondre
897 4825 917 4852 à
933 4827 1032 4853 toutes
1047 4827 1088 4854 les
1104 4828 1207 4855 lettres
1229 4828 1282 4863 qui

384 4872 432 4902 lui
446 4870 514 4899 sont
528 4863 687 4895 adressées
692 4863 744 4896 ;l.a
755 4862 898 4897 politesse
910 4861 1030 4897 l’exige,
1040 4870 1077 4889 ne
1080 4862 1211 4897 fussent
1226 4871 1283 4898 que

383 4916 432 4936 ces
447 4905 524 4933 trois
538 4910 579 4931 ou
594 4900 704 4938 quatre
720 4899 814 4925 mots:
831 4897 840 4923 «
856 4896 981 4930 Inutile,
992 4898 1061 4924 tous
1075 4905 1139 4925 mes
1153 4900 1281 4933 regrets.

383 4942 418 4971 —
433 4942 477 4971 N°
493 4961 523 4969 ...
534 4950 555 4967 ».

421 5012 482 5038 Pour
498 5007 597 5036 faciliter
613 5006 646 5032 les
660 5002 766 5029 abonnés
782 5003 810 5028 de
826 5003 846 5028 la
863 5002 876 5027 B
880 4999 942 5026 EVUE
958 5000 1017 5025 nous
1032 5000 1082 5024 leur
1098 5000 1231 5025 donneront
1251 5000 1283 5025 les

385 5049 497 5075 adresses
513 5046 554 5071 des
570 5041 682 5069 numéros
696 5045 721 5065 se
738 5037 899 5069 rapprochant
910 5037 939 5061 de
950 5035 1001 5061 leur
1011 5034 1121 5060 situation
1137 5035 1165 5059 de
1178 5034 1281 5060 fortune.

386 5085 413 5110 Ils
428 5081 540 5110 n’auront
557 5082 617 5111 pour
632 5076 682 5102 cela
701 5074 759 5106 qu’à
777 5079 834 5100 nous
855 5072 961 5103 indiquer
982 5071 1015 5096 les
1035 5069 1146 5096 numéros
1175 5069 1214 5099 qui
1234 5070 1284 5094 leur

388 5117 551 5145 conviennent.
560 5115 653 5144 Chaque
664 5110 780 5137 demande
791 5110 821 5136 de
835 5113 864 5135 ce
877 5111 952 5140 genre
963 5107 1035 5132 devra
1046 5105 1097 5132 être
1107 5103 1284 5136 accompagnée

388 5156 460 5181 d’une
476 5154 606 5182 enveloppe
621 5146 721 5174 timbrée
738 5151 798 5177 pour
814 5146 834 5170 la
849 5145 960 5175 réponse.

424 5192 463 5216 Les
478 5187 582 5215 abonnés
597 5183 703 5211 désirant
717 5183 807 5214 garder
823 5178 960 5211 l’incognito
978 5178 1092 5204 voudront
1113 5176 1163 5203 bien
1186 5181 1243 5202 nous
1263 5176 1284 5202 le

387 5225 448 5254 faire
462 5224 548 5257 savoir,
566 5221 610 5254 afin
627 5224 672 5253 que
688 5223 746 5245 nous
763 5217 789 5244 ne
806 5214 899 5244 livrions
915 5219 957 5247 pas
973 5214 1037 5242 leurs
1054 5213 1176 5240 adresses.

1352 1418 1453 1447 Pour
1478 1416 1606 1450 toutes
1629 1416 1684 1445 les
1717 1420 1911 1445 annonces
1941 1410 2114 1449 ci-après
2136 1409 2210 1440 s’a¬

1311 1466 1470 1497 dresser
1509 1466 1532 1496 à
1574 1466 1611 1496 la
1646 1464 1858 1494 Directrice
1891 1462 1938 1492 de
1976 1462 2012 1491 la
2034 1472 2048 1488 «
2083 1461 2212 1490 Revue

1312 1516 1560 1547 Mensuelle.»

1352 1573 1472 1605 Veuve
1490 1574 1528 1603 42
1545 1582 1622 1608 ans,
1637 1572 1778 1603 fortune
1805 1569 1936 1600 300.000
1952 1569 2013 1607 fr.,
2033 1567 2144 1598 12.000
2167 1566 2208 1596 fr.

1312 1624 1476 1653 revenus,
1506 1614 1599 1644 belle
1627 1611 1807 1653 propriété
1828 1610 1990 1650 agricole,
2007 1607 2212 1648 épouserait

1312 1656 1495 1686 monsieur
1509 1656 1548 1686 40
1569 1655 1587 1684 à
1602 1655 1641 1683 60
1657 1662 1737 1693 ans,
1754 1656 1862 1692 ayant
1872 1651 1959 1691 jolie
1977 1650 2144 1680 situation
2166 1655 2210 1677 ou

1312 1697 1464 1727 fortune.
1481 1713 1517 1718 —
1533 1695 1575 1726 N”
1590 1695 1679 1726 2630.

1354 1755 1445 1786 Veuf
1457 1757 1495 1785 55
1512 1764 1587 1794 ans,
1607 1762 1692 1784 sans
1712 1751 1845 1787 enfant,
1865 1749 1952 1789 seul,
1972 1749 2124 1786 sérieux,
2148 1747 2210 1778 ha¬

1312 1797 1427 1827 bitant
1453 1794 1607 1835 Algérie,
1645 1793 1809 1832 employé
1840 1791 1973 1827 mairie,
1999 1792 2106 1829 ayant
2122 1788 2213 1819 inté¬

1312 1838 1416 1875 rieur,
1438 1836 1612 1870 mobilier,
1641 1834 1757 1865 désire
1778 1833 1885 1864 union
1914 1831 2122 1862 demoiselle
2137 1829 2175 1860 36
2192 1829 2211 1857 à

1312 1879 1350 1909 46
1368 1886 1431 1908 ans
1456 1880 1564 1916 ayant
1585 1875 1766 1906 situation.
1784 1891 1818 1896 —
1837 1873 1882 1905 N°
1896 1872 1986 1903 3599.

1345 1942 1442 1972 Jeune
1457 1945 1579 1971 homme
1595 1943 1627 1970 36
1655 1949 1721 1973 ans,
1739 1943 1808 1969 bien
1837 1940 2083 1975 physiquement,
2101 1936 2209 1970 blond,

1312 1981 1479 2014 distingué,
1495 1979 1657 2012 musicien,
1674 1976 1857 2011 lOU.OOOfr.,
1869 1975 2034 2005 recherche
2045 1974 2210 2000 musicien¬

1313 2024 1351 2044 ne
1364 2017 1446 2052 jolie.
1467 2017 1507 2044 N'
1527 2015 1596 2043 4534

1350 2072 1481 2099 Docteur
1492 2071 1658 2101 médecine,
1671 2069 1788 2096 famille
1798 2066 1975 2099 honorable,
1985 2064 2086 2092 désire
2098 2063 2210 2090 marier

1310 2108 1403 2143 jeune
1418 2107 1480 2134 fille
1502 2107 1536 2134 25
1561 2114 1627 2138 ans,
1644 2106 1788 2132 instruite
1816 2103 2012 2135 musicienne,
2028 2100 2141 2127 femme
2168 2098 2209 2125 du

1314 2144 1433 2173 monde,
1458 2149 1530 2170 avec
1555 2142 1701 2174 médecin,
1721 2141 1879 2174 ingénieur
1906 2146 1944 2165 ou
1975 2136 2208 2167 fonctionnaire,

1313 2179 1346 2206 40
1361 2178 1412 2206 000
1431 2178 1466 2205 fr.
1484 2193 1515 2198 —
1531 2179 1570 2205 N'
1590 2177 1672 2205 4542.

1348 2232 1535 2259 Célibataire
1561 2231 1594 2258 34
1625 2237 1693 2262 ans,
1731 2230 1831 2256 bonne
1868 2227 2043 2258 éducation,
2074 2224 2209 2253 mécani¬

1314 2269 1395 2296 cien-
1405 2268 1553 2301 ajusteur,
1582 2267 1666 2294 avoir
1699 2265 1798 2292 40.000
1825 2264 1874 2294 fr.,
1902 2263 2078 2297 épouserait
2094 2262 2211 2289 demoi¬

1314 2306 1388 2332 selle
1424 2304 1579 2337 agréable,
1617 2304 1724 2335 douce,
1754 2302 1806 2328 dot
1851 2299 1882 2328 30
1921 2303 1938 2327 â
1977 2298 2074 2326 40.000
2101 2297 2139 2325 fr.
2177 2310 2208 2315 —

1314 2341 1352 2368 N-
1379 2339 1446 2367 4548

1402 2393 1599 2424 Célibataire,
1617 2391 1650 2419 36
1666 2398 1732 2423 ans,
1747 2391 1797 2418 fils
1810 2391 1932 2424 unique,
1948 2389 2051 2420 blond,
2064 2387 2211 2415 situation

1314 2428 1414 2457 40.000
1429 2429 1484 2462 fr.,
1501 2431 1571 2463 plus
1597 2427 1694 2455 15.000
1707 2427 1755 2460 fr.,
1773 2426 1958 2453 association
1985 2425 2103 2459 grande
2125 2424 2212 2450 usine

1314 2467 1351 2494 de
1366 2467 1491 2499 rapport
1507 2465 1521 2491 8
1533 2463 1595 2492 .000
1609 2465 1659 2496 fr.,
1676 2463 1851 2496 épouserait
1867 2462 1978 2489 femme
1998 2462 2104 2493 brune,
2117 2460 2213 2486 situa¬

1313 2503 1378 2529 tion
1399 2508 1436 2527 en
1451 2503 1588 2535 rapport.
1606 2515 1639 2520 —
1658 2500 1697 2527 N'
1718 2498 1801 2527 4557.

1351 2555 1498 2584 Divorcée
1509 2555 1527 2581 à
1540 2562 1595 2581 son
1607 2553 1707 2589 profit,
1721 2552 1754 2579 42
1765 2560 1832 2585 ans,
1842 2553 1904 2579 fille
1914 2553 1943 2578 et
1954 2558 2036 2578 sœur
2047 2551 2085 2577 de
2096 2549 2213 2576 notaire

1315 2599 1444 2620 revenus
1464 2590 1544 2618 7.000
1556 2590 1605 2624 fr.,
1622 2590 1777 2622 intérieur,
1795 2589 1886 2622 linge,
1903 2587 2017 2622 bijoux,
2034 2585 2211 2619 épouserait

1315 2628 1469 2655 monsieur
1485 2628 1577 2660 ayant
1593 2626 1723 2660 qualités
1742 2625 1778 2651 de
1793 2631 1884 2652 cœur.
1903 2639 1935 2643 —
1951 2623 1976 2651 N
1985 2629 1990 2635 -
2011 2621 2093 2649 4574.

1351 2682 1513 2715 Ingénieur
1531 2681 1565 2707 27
1581 2687 1646 2710 ans,
1669 2679 1803 2712 diplômé
1822 2679 1914 2706 Ecole
1927 2678 2083 2704 nationale
2099 2675 2212 2709 d'agri¬

1315 2720 1434 2746 culture
1448 2719 1478 2744 et
1494 2717 1671 2749 industries,
1687 2716 1771 2742 croix
1796 2715 1834 2741 de
1858 2720 1978 2748 guerre,
2000 2713 2086 2739 avoir
2108 2711 2140 2738 45
2161 2710 2212 2738 000

1315 2754 1366 2786 fr.,
1395 2752 1570 2787 épouserait
1596 2752 1774 2779 demoiselle
1799 2751 1862 2777 fille
1888 2748 2077 2778 d’industriel
2107 2755 2145 2774 ou
2176 2747 2213 2773 de

1316 2789 1531 2822 commerçant.
1549 2803 1582 2807 —
1602 2788 1626 2816 N
1632 2796 1639 2803 -
1656 2786 1724 2813 4585

1351 2843 1448 2870 Jeune
1464 2842 1586 2868 homme
1599 2839 1631 2867 33
1648 2846 1715 2871 ans,
1730 2839 1844 2866 famille
1864 2838 2048 2871 catholique,
2074 2830 2215 2868 employé

1316 2879 1436 2906 chemin
1450 2878 1487 2904 de
1499 2876 1544 2903 fer
1555 2877 1593 2903 de
1606 2875 1696 2903 l’Etat
1705 2875 1837 2908 Algérie,
1850 2874 2024 2908 épouserait
2035 2871 2214 2899 demoiselle

1317 2915 1461 2945 sérieuse,
1477 2912 1510 2939 25
1525 2913 1544 2939 à
1569 2912 1602 2939 32
1631 2918 1697 2945 ans,
1723 2911 1840 2938 famille
1864 2909 2043 2937 honorable.
2067 2908 2141 2934 Très
2166 2907 2211 2934 sé¬

1317 2951 1412 2978 rieux.
1429 2965 1461 2969 —
1479 2949 1513 2976 N-
1532 2948 1600 2976 4595

1351 3010 1447 3036 Jeune
1478 3007 1631 3041 capitaine
1665 3006 1766 3033 armée
1795 3004 1903 3038 active,
1930 3003 2090 3030 Chevalier
2119 3003 2156 3028 de
2184 3002 2214 3028 la

1317 3045 1434 3079 Légion
1451 3043 1632 3075 d'honneur,
1650 3042 1816 3076 distingué,
1831 3042 1916 3068 avoir
1937 3038 2040 3067 30.000
2057 3039 2105 3071 fr.,
2124 3037 2214 3070 espé¬

1319 3086 1428 3108 rances
1439 3079 1472 3106 50
1485 3078 1537 3105 000
1549 3078 1585 3108 fr,
1600 3079 1774 3112 épouserait
1779 3078 1870 3112 jeune
1880 3075 1952 3108 fille,
1961 3075 2012 3102 dot
2024 3074 2055 3101 50
2067 3075 2084 3101 à
2097 3071 2215 3101 100.000

1318 3116 1357 3144 fr.
1376 3130 1408 3136 —
1423 3115 1448 3142 N
1455 3122 1459 3128 1
1477 3113 1544 3141 4620

1354 3178 1539 3206 Demoiselle
1566 3177 1601 3204 28
1630 3184 1696 3209 ans,
1728 3177 1791 3204 très
1807 3176 1955 3206 sérieuse,
1973 3174 2071 3200 bonne
2088 3172 2214 3205 famille,

1321 3215 1422 3242 bonne
1437 3214 1609 3246 éducation,
1626 3213 1711 3240 avoir
1727 3220 1765 3246 ap
1785 3213 1817 3239 ès
1835 3213 1968 3243 parents,
1986 3210 2087 3236 désire
2103 3208 2214 3235 maria¬

1321 3258 1360 3284 ge
1379 3257 1452 3277 avec
1471 3252 1688 3281 commerçant,
1718 3247 1928 3275 sous-officier
1954 3246 1992 3273 de
2019 3245 2153 3272 carrièie
2180 3250 2218 3270 ou

1321 3286 1585 3314 administration.
1606 3300 1638 3305 —
1657 3285 1682 3311 N
1687 3291 1693 3297 -
1715 3283 1797 3311 4635.

2304 1408 2401 1435 Jeune
2439 1408 2561 1435 homme
2596 1408 2631 1436 30
2658 1415 2724 1440 ans,
2758 1409 2836 1435 belle
2863 1410 3023 1439 situation,
3051 1410 3164 1442 capital

2271 1444 2387 1472 100.000
2401 1444 2458 1477 fr.,
2471 1445 2572 1471 désire
2584 1446 2676 1472 union
2691 1452 2765 1472 avec
2777 1445 2965 1477 demoiselle,
2978 1446 3166 1471 musicienne

2271 1482 2308 1507 de
2320 1480 2506 1514 préférence,
2525 1482 2617 1515 ayant
2631 1482 2684 1508 dot
2698 1487 2735 1507 en
2752 1482 2929 1514 rapport.—
2951 1481 2986 1508 N-
3000 1479 3084 1510 4767.

2305 1530 2464 1557 Monsieur
2480 1528 2511 1556 43
2528 1537 2594 1563 ans,
2608 1530 2759 1564 physique
2775 1531 2929 1564 agréable,
2948 1530 3048 1557 bonne
3063 1529 3166 1557 famil¬

2270 1566 2307 1598 le,
2338 1572 2508 1592 commerce
2537 1566 2598 1592 très
2626 1567 2803 1598 important,
2839 1567 2940 1593 désire
2971 1566 3111 1600 mariage
3127 1573 3166 1593 au

2270 1602 2341 1631 plus
2366 1602 2410 1628 tôt
2433 1607 2512 1628 avec
2533 1601 2711 1629 demoiselle
2731 1602 2896 1634 ordonnée,
2908 1601 2941 1629 25
2958 1602 2974 1629 à
2990 1601 3023 1629 35
3038 1608 3108 1629 ans.
3132 1616 3167 1621 —

2270 1636 2305 1664 N-
2320 1636 2399 1664 4769.

2305 1687 2485 1714 Lieutenant
2499 1687 2636 1714 aviateur
2647 1687 2792 1720 colonies,
2804 1687 2838 1714 26
2854 1694 2919 1721 ans,
2932 1687 3049 1714 aimant
3062 1689 3166 1721 sports

2270 1724 2300 1749 et
2313 1725 2390 1756 arts,
2409 1722 2513 1751 12.000
2528 1722 2565 1750 fr.
2588 1730 2644 1756 par
2658 1730 2709 1754 an,
2725 1724 2829 1750 avenir
2842 1724 2960 1756 assuré,
2985 1723 3087 1750 désire
3099 1730 3167 1750 cor¬

2271 1759 2439 1792 respondre
2464 1765 2537 1785 avec
2550 1758 2641 1793 jeune
2657 1759 2717 1786 fille
2731 1758 2872 1786 fortunée
2887 1760 2927 1786 du
2943 1759 3084 1786 Midi.-N-
3098 1759 3164 1786 4771

2306 1812 2400 1840 Jeune
2414 1812 2537 1839 homme
2560 1811 2594 1838 29
2614 1819 2679 1840 ans,
2696 1812 2776 1838 belle
2795 1814 2968 1846 prestance,
2991 1812 3098 1841 40.000
3122 1813 3163 1843 fr.

2271 1848 2362 1881 après
2377 1849 2511 1881 parents,
2528 1847 2705 1880 épouserait
2720 1850 2748 1873 et
2762 1847 2851 1875 ferait
2873 1849 2901 1875 la
2924 1848 3036 1876 félicité
3060 1850 3097 1876 de
3114 1849 3166 1876 de-

2270 1883 2413 1910 mobelle
2428 1890 2468 1910 ou
2484 1890 2577 1910 veuve
2593 1890 2665 1911 sans
2692 1882 2806 1916 enfant,
2823 1884 2860 1911 de
2880 1886 2910 1911 la
2931 1891 3116 1915 campagne.
3133 1900 3167 1905 —

2270 1919 2308 1945 N'
2337 1919 2418 1946 4772.

2306 1964 2492 1990 Demoiselle
2515 1963 2548 1990 35
2576 1971 2643 1998 ans,
2673 1965 2872 1997 musicienne,
2902 1966 2994 2000 goûts
3027 1966 3166 2000 simples,

2270 1999 2394 2034 n’ayant
2408 2000 2521 2034 jamais
2536 1999 2703 2034 fréquenté,
2725 2008 2780 2033 pas
2797 2001 2834 2028 de
2849 2001 2902 2028 dot
2915 2003 2994 2029 suite
3010 2002 3048 2029 de
3064 2009 3168 2029 revers

2269 2035 2394 2066 famille,
2412 2036 2513 2067 noble,
2530 2037 2706 2069 épouserait
2722 2043 2873 2069 personne
2888 2038 3034 2065 situation
3047 2045 3084 2065 en
3100 2045 3166 2071 rap¬

2269 2075 2348 2105 port.
2370 2086 2403 2090 —
2418 2071 2444 2099 N
2452 2080 2456 2084 -
2472 2070 2550 2098 4773.

2304 2121 2439 2148 Retraité
2455 2120 2489 2146 50
2504 2128 2570 2154 ans,
2595 2122 2716 2148 homme
2742 2123 2781 2148 du
2804 2124 2923 2155 monde,
2951 2122 3034 2150 9.000
3059 2122 3097 2149 fr.
3128 2124 3166 2150 de

2270 2159 2383 2189 rentes,
2397 2163 2514 2184 aucune
2529 2157 2654 2192 charge,
2671 2158 2847 2191 épouserait
2859 2166 2954 2186 veuve
2971 2166 3009 2185 ou
3024 2158 3164 2186 divorcée

2269 2194 2415 2220 situation
2440 2199 2477 2219 en
2503 2196 2639 2228 rapport,
2669 2195 2792 2221 voulant
2817 2194 2936 2222 habiter
2966 2196 2993 2221 le
3018 2195 3104 2222 Midi.
3131 2210 3164 2215 —

2268 2229 2304 2258 N-
2322 2229 2402 2257 4774.

2306 2279 2491 2306 Demoiselle
2523 2280 2680 2313 employée
2705 2280 2742 2306 de
2766 2280 2894 2314 bureau,
2920 2279 2952 2307 28
2978 2287 3044 2313 ans,
3071 2282 3166 2315 ayant

2271 2316 2453 2345 économies,
2473 2316 2647 2348 épouserait
2670 2316 2760 2350 jeune
2782 2317 2905 2343 homme
2931 2315 2965 2342 30
2992 2317 3009 2342 à
3037 2315 3069 2342 35
3097 2324 3163 2349 ans,

2271 2352 2412 2384 honnête,
2429 2354 2520 2385 ayant
2537 2352 2682 2378 situation
2698 2358 2735 2378 ou
2752 2352 2871 2380 métier.
2893 2367 2925 2371 —
2942 2351 2981 2380 N'
3002 2351 3083 2379 4775.

2309 2400 2387 2427 Veuf
2404 2400 2439 2427 52
2463 2407 2528 2432 ans,
2547 2399 2768 2427 fonctionnaire
2797 2401 2935 2432 colonial,
2954 2401 3091 2428 instance
3129 2402 3166 2429 de

2272 2436 2407 2468 retraite,
2437 2443 2497 2462 non
2531 2435 2663 2469 installé,
2681 2437 2805 2463 retraite
2818 2436 2899 2463 4.500
2913 2437 2961 2469 fr.,
2984 2443 3094 2464 revenu
3109 2444 3164 2464 an¬

2273 2471 2353 2505 nuel,
2366 2471 2466 2499 16.000
2480 2470 2534 2503 fr.,
2550 2471 2649 2499 désire
2665 2472 2803 2506 mariage
2818 2479 2854 2499 en
2871 2473 2997 2507 rapport
3017 2487 3030 2491 -
3047 2472 3083 2500 N'
3097 2472 3165 2499 4776

2307 2515 2404 2542 Jeune
2419 2515 2541 2542 homme
2563 2515 2595 2542 31
2621 2523 2688 2548 ans,
2713 2522 2848 2549 coupeur
2871 2517 2996 2543 tailleur
3021 2517 3165 2550 diplômé,

2275 2553 2367 2584 ayant
2391 2551 2575 2584 économies,
2607 2552 2782 2586 épouserait
2809 2552 2984 2579 demoiselle
3008 2559 3046 2579 ou
3074 2559 3167 2579 veuve

2275 2589 2367 2622 ayant
2382 2588 2528 2614 situat’on
2543 2595 2579 2614 eu
2596 2590 2735 2621 rapport.
2754 2602 2787 2606 —
2807 2588 2842 2616 N’
2860 2587 2927 2614 4777

2309 2637 2465 2664 Monsieur
2480 2635 2512 2663 24
2529 2643 2594 2668 ans,
2611 2637 2671 2663 bon
2686 2637 2803 2668 métier,
2820 2640 2914 2671 ayant
2930 2638 3044 2671 avenir,
3071 2639 3166 2672 épou¬

2273 2674 2366 2699 serait
2381 2672 2557 2699 demoiselle
2571 2679 2610 2699 ou
2626 2679 2719 2699 veuve
2738 2673 2776 2699 de
2791 2680 2901 2706 guerre
2915 2677 3006 2707 ayant
3022 2675 3166 2702 situation

2274 2716 2309 2735 en
2327 2712 2466 2742 rapport,
2483 2715 2614 2742 envoyer
2630 2708 2731 2741 photo.
2754 2723 2784 2727 —
2801 2709 2825 2735 N
2833 2715 2838 2721 -
2859 2709 2935 2737 4779.

2310 2756 2391 2784 Veuf
2401 2756 2434 2784 53
2451 2764 2518 2788 ans,
2534 2756 2606 2784 chef
2618 2758 2657 2784 de
2671 2764 2746 2789 gare
2765 2757 2902 2789 P.L-M.,
2918 2760 2997 2791 seul,
3021 2760 3168 2786 situation

2274 2792 2357 2820 9.000
2371 2793 2421 2825 fr.,
2436 2792 2614 2823 affectueux,
2633 2794 2809 2827 épouserait
2822 2790 3000 2821 demoiselle
3011 2801 3050 2822 ou
3074 2802 3168 2822 veuve

2275 2836 2347 2855 sans
2367 2829 2482 2861 enfant,
2506 2830 2564 2858 âge
2588 2830 2617 2855 et
2647 2829 2793 2856 situation
2822 2836 2859 2856 en
2888 2832 3025 2863 rapport,
3057 2829 3168 2858 femme

2275 2864 2462 2892 d’intérieur.
2483 2878 2513 2882 —
2530 2863 2565 2891 X'
2587 2863 2656 2891 4780

2312 2914 2388 2941 Fille
2403 2913 2524 2946 unique,
2542 2912 2575 2940 26
2591 2921 2657 2946 ans,
2675 2914 2780 2947 région
2797 2914 2859 2948 Est,
2878 2915 2977 2942 désire
2992 2922 3168 2949 correspon¬

2276 2951 2329 2977 dre
2343 2957 2378 2976 en
2395 2955 2452 2976 vue
2467 2950 2504 2975 de
2518 2950 2665 2984 mariage,
2681 2956 2754 2977 avec
2766 2950 2857 2984 jeune
2872 2951 2994 2978 homme
3005 2953 3097 2982 ayant
3108 2952 3170 2978 très

2275 2986 2376 3012 bonne
2390 2985 2548 3017 situation,
2564 2985 2738 3019 catholique
2753 2987 2940 3020 pratiquant.
2962 3001 2991 3006 —
3009 2987 3035 3014 N
3042 2992 3048 2999 -
3065 2987 3133 3015 4781

2313 3029 2461 3064 Employé
2480 3029 2599 3062 P.T.T.,
2613 3029 2648 3056 35
2664 3037 2730 3060 ans,
2756 3030 2906 3064 physique
2934 3032 3090 3065 agréable,
3108 3033 3169 3059 très

2277 3066 2408 3097 sérieux,
2427 3066 2487 3092 bon
2503 3061 2786 3098 cœur,traitement
2810 3065 2892 3093 6.500
2915 3066 2969 3097 fr.,
2998 3068 3171 3094 économies

2278 3101 2376 3128 30.000
2392 3101 2447 3132 fr.,
2462 3101 2638 3135 épouserat
2652 3108 2802 3135 personne
2813 3103 2958 3135 sérieuse,
2971 3102 3166 3131 affectueuse.

2277 3153 2309 3157 -
2325 3138 2364 3165 N'
2382 3136 2463 3165 4782.

2312 3182 2496 3209 Demoiselle
2510 3181 2544 3208 28
2570 3188 2636 3214 ans,
2653 3181 2842 3216 catholique,
2870 3182 2931 3210 fille
2963 3183 3085 3217 unique,
3118 3184 3172 3212 dot

2278 3217 2448 3250 10.000fr.,
2461 3219 2642 3250 espérances
2653 3217 2686 3244 40
2699 3217 2751 3243 000
2762 3218 2815 3248 fr.,
2830 3219 3004 3252 épouserait
3017 3220 3172 3247 monsieur

2277 3254 2370 3287 ayant
2389 3254 2537 3280 situation
2550 3254 2630 3280 sûre,
2646 3253 2865 3281 fonctionnaire
2882 3262 2920 3282 ou
2936 3255 3075 3289 employé
3091 3255 3172 3283 d’ad-

2278 3291 2462 3316 mistration.
2479 3303 2512 3307 —
2530 3288 2566 3315 N-
2588 3288 2669 3316 4783.

1359 3343 1481 3372 Officier
1497 3344 1638 3376 colonial,
1651 3342 1795 3369 situation
1814 3341 1919 3371 10.000
1934 3341 1970 3368 fr.
1987 3346 2044 3374 par
2064 3346 2114 3372 an,
2130 3338 2219 3371 espé¬

1324 3388 1432 3408 rances
1451 3382 1542 3413 après
1559 3381 1693 3414 parents,
1709 3379 1885 3411 épouserait
1901 3383 2054 3412 personne
2068 3376 2162 3409 ayant
2177 3374 2220 3400 si¬

1323 3418 1441 3444 tuation
1459 3424 1495 3443 en
1512 3418 1649 3450 rapport.
1668 3430 1699 3434 —
1716 3415 1752 3442 N’
1770 3414 1849 3442 4665.

1359 3475 1544 3502 Demoiselle
1559 3475 1590 3501 31
1609 3481 1673 3501 ans.
1699 3473 1781 3501 7.000
1809 3472 1844 3499 fr.
1866 3471 2048 3502 économies,
2075 3469 2220 3496 intérieur

1325 3512 1438 3542 monté,
1459 3512 1559 3537 bonne
1581 3510 1739 3537 situation,
1765 3509 1918 3536 instruite,
1952 3506 2052 3534 désire
2082 3510 2221 3536 mariage

1324 3554 1399 3574 avec
1414 3548 1570 3575 monsieur
1582 3544 1656 3573 veuf
1667 3553 1706 3572 ou
1722 3545 1854 3573 divorcé,
1871 3544 1970 3570 même
1994 3542 2088 3575 ayant
2102 3540 2219 3572 fillette,

1325 3583 1472 3609 situation
1492 3589 1528 3609 en
1546 3582 1681 3616 rapport.
1703 3596 1735 3601 —
1755 3581 1780 3608 N
1786 3589 1791 3595 -
1808 3579 1886 3608 4671.

1362 3635 1441 3663 Veuf
1468 3635 1500 3663 35
1529 3643 1595 3667 ans,
1622 3636 1670 3662 fils
1703 3634 1718 3660 7
1735 3642 1792 3661 ans
1813 3635 1830 3661 à
1847 3635 1875 3660 la
1890 3633 2005 3664 charge
2019 3632 2073 3658 des
2089 3629 2220 3662 grands-

1325 3673 1460 3707 parents.
1480 3672 1691 3705 propriétaire,
1709 3671 1837 3704 rapport
1850 3668 1947 3695 10.000
1964 3669 2000 3694 fr.
2016 3675 2071 3701 par
2086 3675 2134 3700 an,
2152 3666 2221 3692 bien

1325 3715 1399 3736 sous
1415 3709 1484 3734 tous
1499 3708 1653 3740 rapports,
1670 3706 1845 3736 épouserait
1864 3705 2042 3732 demoiselle
2062 3710 2102 3729 ou
2126 3708 2222 3729 veuve

1325 3751 1399 3772 sans
1415 3743 1528 3775 enfant,
1547 3745 1604 3777 âge
1618 3745 1647 3770 et
1661 3743 1811 3769 s.tuation
1831 3748 1867 3768 en
1881 3741 2021 3773 rapport.
2041 3754 2075 3758 —
2089 3739 2113 3766 N
2118 3746 2124 3752 -
2141 3737 2220 3765 4677.

1362 3796 1444 3825 Veuf
1454 3797 1489 3824 48
1502 3804 1569 3827 ans,
1583 3796 1735 3829 employé,
1751 3796 1889 3829 gagnant
1912 3792 1965 3820 420
1988 3791 2017 3818 fr
2056 3798 2112 3824 par
2131 3790 2222 3822 mois,

1327 3833 1526 3861 connaissant
1546 3834 1575 3859 la
1592 3833 1721 3862 culture,
1749 3830 1925 3864 épouserait
1938 3834 2090 3862 personne
2107 3828 2143 3853 de
2156 3826 2190 3854 32
2206 3827 2224 3852 à

1327 3870 1361 3897 48
1378 3876 1444 3903 ans,
1462 3869 1579 3895 aimant
1595 3869 1623 3895 la
1636 3873 1819 3901 campagne,
1834 3867 1928 3900 ayant
1942 3864 2074 3891 avoir.—
2090 3863 2127 3890 N-
2142 3861 2223 3890 4692.

1364 3924 1457 3951 Jeune
1484 3923 1608 3949 homme
1635 3920 1668 3948 30
1696 3927 1762 3953 ans,
1793 3927 1866 3946 sans
1880 3919 2012 3949 fortune,
2029 3918 2223 3945 cultivateur,

1329 3960 1422 3993 ayant
1438 3959 1565 3991 pension
1586 3959 1616 3984 et
1640 3956 1822 3987 économies,
1837 3956 2031 3985 espérances,
2048 3952 2224 3987 épouserait

1328 3995 1508 4022 demoiselle
1532 4001 1570 4020 ou
1598 3999 1693 4020 veuve
1723 3999 1795 4019 sans
1821 3990 1936 4022 enfant,
1965 3991 2002 4016 de
2025 3988 2059 4016 20
2075 3990 2093 4016 à
2111 3989 2144 4015 30
2158 3994 2224 4019 ans,

1328 4033 1423 4066 ayant
1438 4032 1501 4057 dot.
1519 4045 1553 4049 —
1566 4029 1604 4057 N'
1622 4028 1704 4057 4704.
1719 4044 1722 4048 ■

1366 4085 1522 4112 Monsieur
1538 4083 1570 4109 34
1594 4090 1661 4114 ans,
1684 4082 1849 4115 distingué,
1867 4080 2008 4107 habitant
2025 4085 2100 4111 pays
2116 4078 2156 4104 du
2175 4083 2225 4102 so¬

1330 4121 1390 4154 leil,
1407 4121 1501 4146 situât
1514 4127 1553 4146 on
1573 4118 1707 4146 d'avenir
1733 4118 1810 4145 dans
1828 4118 1874 4143 les
1903 4114 2035 4147 affaires,
2052 4113 2228 4147 épouserait

1331 4156 1507 4183 demoiselle
1532 4162 1570 4181 ou
1591 4161 1686 4182 veuve
1708 4153 1910 4186 intelligente,
1927 4151 2074 4177 situation
2090 4157 2127 4176 en
2156 4155 2226 4181 rap¬

1333 4193 1410 4224 port.
1428 4205 1454 4210 —
1475 4191 1511 4217 N'
1532 4190 1610 4217 4712.

1367 4255 1465 4281 Jeune
1493 4254 1615 4280 homme
1644 4250 1678 4279 30
1709 4258 1776 4282 ans,
1807 4249 1953 4277 situation
1992 4247 2226 4281 indépendante,

1332 4290 1507 4324 épouserait
1522 4288 1687 4322 ménagère
1702 4287 1741 4313 de
1756 4286 1788 4313 20
1808 4287 1826 4313 à
1842 4286 1875 4313 30
1891 4292 1956 4317 ans,
1980 4291 2019 4311 ou
2037 4291 2132 4311 veuve
2153 4289 2228 4310 avec

1332 4332 1372 4352 ou
1387 4332 1461 4352 sans
1479 4324 1593 4352 enfant.
1612 4339 1641 4343 —
1656 4323 1681 4350 N
1686 4330 1691 4336 -
1709 4321 1789 4349 4730.

1371 4388 1565 4418 Célibataire,
1582 4386 1748 4418 distingué.
1764 4384 1799 4411 56
1813 4391 1879 4415 ans,
1905 4381 2116 4411 américanisé,
2131 4381 2230 4407 excel¬

1334 4424 1430 4451 lentes
1449 4423 1605 4456 aptitudes
1630 4422 1783 4456 agricoles
1815 4422 1845 4446 et
1877 4418 2102 4448 viti-vinicoles,
2130 4417 2230 4443 désire

1333 4460 1567 4487 collaboratrice
1583 4458 1766 4485 affectueuse
1785 4458 1878 4490 ayant
1899 4454 1986 4482 avoir
2007 4461 2046 4480 ou
2061 4452 2228 4488 propriété.

1334 4511 1365 4515 -
1383 4495 1418 4522 N-
1435 4493 1513 4522 4737.

1369 4553 1535 4581 Industriel
1551 4552 1584 4579 33
1601 4558 1665 4579 ans,
1681 4549 1866 4583 catholique,
1883 4547 2062 4580 honorable,
2087 4545 2231 4572 brillante

1334 4589 1480 4616 situation
1496 4587 1534 4614 de
1549 4586 1679 4617 fortune,
1695 4586 1784 4615 brun,
1802 4585 1872 4612 bien
1887 4591 1961 4611 sous
1980 4586 2052 4609 tous
2074 4585 2230 4615 rapports,

1335 4624 1510 4658 épouserait
1522 4623 1615 4658 jeune
1636 4621 1697 4648 fille
1721 4621 1754 4647 20
1770 4622 1786 4647 à
1802 4620 1834 4647 24
1850 4627 1916 4654 ans,
1934 4621 2027 4653 ayant
2042 4617 2164 4645 fortune
2197 4630 2232 4635 —

1336 4661 1371 4688 N-
1390 4659 1468 4687 4746.

1374 4726 1556 4756 Demoiselle
1569 4727 1669 4753 bonne
1682 4724 1810 4755 famille,
1831 4722 1864 4750 32
1879 4729 1945 4757 ans,
1962 4722 2024 4749 très
2039 4720 2231 4749 affectueuse,

1336 4765 1412 4799 petit
1437 4763 1522 4790 avoir
1549 4764 1578 4789 et
1602 4761 1756 4788 intérieur,
1785 4760 1933 4786 situation
1967 4760 1976 4785 1
1990 4758 2102 4785 bèrale,
2131 4755 2233 4782 désire

1336 4803 1467 4835 épouser
1482 4798 1637 4825 monsieur
1659 4796 1837 4823 affectueux,
1864 4795 1964 4821 bonne
1979 4793 2152 4820 éducation,
2167 4790 2231 4816 mê¬

1337 4845 1387 4864 me
1400 4835 1500 4869 grand
1519 4834 1627 4860 mutilé
1639 4833 1678 4860 de
1692 4838 1812 4866 guerre,
1828 4831 1861 4857 30
1877 4831 1892 4856 à
1909 4829 1943 4857 50
1956 4836 2023 4858 ans,
2039 4828 2133 4860 ayant
2149 4830 2233 4851 com-

1338 4879 1439 4900 nurce
1466 4878 1504 4897 ou
1534 4871 1633 4896 bonne
1653 4868 1798 4895 situation
1816 4867 1914 4892 même
1930 4865 1966 4891 de
1986 4864 2159 4894 l’étranger.
2178 4860 2236 4885 Pas

1337 4909 1458 4936 sérieux
1474 4905 1646 4933 s’abstenir.
1662 4917 1694 4923 —
1710 4903 1750 4930 N-
1767 4902 1846 4930 4764.

1373 4969 1560 4998 Célibataire
1578 4967 1610 4994 30
1627 4973 1693 4999 ans,
1710 4966 1810 4993 bonne
1824 4963 1950 4993 famille,
1977 4959 2107 4988 sérieux,
2129 4956 2235 4991 physi¬

1338 5013 1397 5039 que
1427 5006 1583 5039 agréable,
1609 5002 1749 5036 employé
1785 5000 1870 5030 PLM,
1899 4998 1911 5024 1
1927 4996 1978 5022 500
1996 4994 2031 5020 fr.
2047 4993 2233 5021 économies,

1338 5041 1513 5073 épouserait
1527 5040 1618 5072 jeune
1634 5038 1695 5064 fille
1722 5036 1754 5063 20
1778 5037 1795 5063 à
1811 5034 1845 5061 30
1861 5040 1928 5063 ans,
1950 5030 2098 5058 situation
2114 5036 2151 5055 en
2168 5034 2236 5060 rap¬

1338 5075 1420 5109 port.
1445 5091 1475 5095 —
1495 5074 1531 5102 X'
1549 5073 1631 5104 4765.

1376 5141 1455 5168 Veuf
1466 5142 1499 5167 53
1516 5148 1582 5173 ans,
1601 5142 1679 5168 deux
1692 5139 1813 5166 enfants
1828 5144 1886 5164 non
1906 5136 1923 5163 à
1939 5142 1974 5162 sa
1990 5134 2115 5166 charge,
2126 5137 2238 5158 revenu

1339 5178 1450 5205 annuel
1470 5176 1574 5203 11.000
1590 5176 1637 5204 fr..
1655 5175 1830 5208 épouserait
1844 5177 1996 5206 personne
2024 5169 2058 5195 35
2083 5170 2098 5194 â
2118 5168 2152 5194 50
2172 5172 2237 5198 ans,

1339 5219 1417 5248 pour
1432 5212 1553 5239 habiter
1568 5210 1725 5245 l’Algérie.
1744 5209 1866 5238 Donner
1881 5208 2020 5236 adresse.
2042 5219 2069 5224 —
2090 5202 2126 5231 N'
2142 5201 2220 5230 4766.

2295 3339 2390 3365 Jeune
2410 3338 2533 3364 homme
2548 3338 2678 3369 sérieux,
2696 3337 2729 3364 32
2747 3346 2815 3369 ans,
2838 3340 2981 3368 situation
3008 3339 3091 3367 6.000
3117 3340 3172 3373 fr.,

2278 3374 2452 3408 épouserait
2472 3374 2559 3404 jeune
2581 3374 2653 3408 fille,
2671 3374 2786 3401 famille
2810 3376 2986 3409 honorable,
3012 3377 3172 3403 éducation

2277 3411 2411 3444 soignée,
2433 3410 2662 3444 sympathique,
2688 3409 2722 3437 22
2737 3411 2755 3437 à
2783 3411 2814 3437 31
2844 3418 2909 3442 ans,
2938 3413 3030 3444 ayant
3060 3413 3119 3440 dot.
3143 3428 3173 3432 —

2277 3446 2312 3473 X'
2332 3445 2410 3472 4784.

2311 3490 2496 3517 Célibataire
2511 3490 2641 3519 sérieux,
2659 3492 2751 3525 ayant
2765 3498 2935 3519 commerce
2946 3492 2963 3519 à
2978 3492 3075 3524 Paris,
3089 3493 3174 3519 avoir

2277 3527 2399 3553 100.000
2419 3525 2475 3556 fr.,
2494 3526 2670 3559 liquiderait
2683 3533 2724 3553 au
2751 3527 2867 3560 besoin,
2897 3529 3073 3562 épouserait
3100 3535 3171 3561 per¬

2276 3569 2372 3589 sonne
2384 3560 2532 3595 agréable
2548 3566 2641 3596 ayant
2664 3563 2809 3589 situation
2835 3571 2870 3590 en
2896 3565 3030 3596 rapport,
3053 3563 3089 3590 30
3102 3565 3120 3590 à
3140 3564 3173 3591 35

2278 3605 2344 3625 ans.
2366 3613 2396 3617 —
2413 3597 2451 3625 N'
2473 3596 2550 3624 4785.

2313 3640 2497 3670 Demoiselle
2514 3641 2548 3669 23
2567 3649 2634 3674 ans,
2657 3644 2750 3677 ayant
2765 3644 2899 3671 certaine
2915 3645 3047 3676 aisance,
3074 3644 3174 3672 désire

2278 3679 2499 3712 correspondre
2509 3685 2546 3704 en
2560 3685 2617 3704 vue
2632 3678 2670 3705 de
2685 3679 2832 3713 mariage,
2857 3687 2928 3707 avec
2939 3681 3029 3714 jeune
3048 3680 3174 3707 homme

2278 3714 2465 3748 catholique,
2484 3714 2612 3747 sérieux,
2629 3717 2722 3748 ayant
2737 3716 2897 3744 situation.
2915 3730 2948 3734 —
2971 3714 3100 3742 N-4786.

2313 3759 2497 3785 Demoiselle
2518 3757 2551 3784 34
2572 3765 2639 3791 ans,
2664 3760 2809 3791 sérieuse,
2841 3758 3023 3793 catholique,
3049 3760 3175 3787 affectu¬

2278 3802 2362 3827 euse,
2375 3795 2559 3825 économies,
2572 3796 2767 3828 espérances,
2783 3796 2930 3822 situation
2940 3794 3084 3829 5.400fr.,
3097 3803 3178 3823 com¬

2280 3838 2379 3857 merce
2396 3830 2512 3858 modes,
2530 3832 2701 3863 épouserait
2720 3832 2873 3858 monsieur
2890 3830 2922 3858 35
2938 3832 2955 3859 à
2971 3830 3002 3857 42
3014 3838 3070 3858 ans
3085 3834 3177 3858 avant

2280 3868 2381 3893 bonne
2395 3864 2554 3893 situation.
2575 3881 2608 3885 —
2624 3866 2660 3893 N-
2678 3866 2756 3893 4788.

2307 3919 2489 3947 Demoiselle
2508 3917 2542 3946 28
2557 3926 2622 3946 ans.
2638 3920 2788 3954 physique
2805 3920 2959 3953 agréable,
2977 3920 3175 3954 musicienne,

2280 3956 2330 3983 125
2345 3955 2398 3982 000
2413 3955 2448 3982 fr.
2466 3956 2495 3981 et
2510 3955 2661 3982 mobilier,
2681 3955 2857 3988 épouserait
2885 3955 2998 3983 officier
3024 3963 3063 3982 ou
3090 3958 3176 3986 autre

2280 3994 2372 4026 ayant
2389 3991 2468 4018 belle
2482 3991 2638 4023 situation,
2657 3991 2689 4018 40
2704 3998 2771 4024 ans,
2789 3991 2967 4018 affectueux.
2983 4005 3014 4010 —
3032 3991 3066 4018 N’
3085 3992 3153 4019 4789

2315 4049 2397 4076 Veuf
2410 4049 2444 4076 50
2459 4055 2525 4082 ans,
2540 4051 2635 4084 ayant
2649 4048 2712 4076 très
2734 4049 2814 4075 bel'e
2841 4049 2998 4080 situation,
3021 4048 3122 4077 25.000
3133 4050 3174 4078 fr.

2281 4093 2338 4119 par
2354 4093 2402 4117 an,
2420 4084 2595 4111 épouserait
2613 4085 2790 4112 demoiselle
2806 4092 2844 4111 ou
2862 4090 2957 4112 veuve
2974 4087 3066 4119 ayant
3081 4086 3178 4114 situa¬

2282 4122 2345 4148 tion
2361 4128 2397 4147 en
2411 4122 2550 4153 rapport.
2571 4136 2603 4140 —
2620 4122 2657 4147 N’
2677 4119 2759 4147 4790.

2317 4174 2501 4201 Célibataire
2516 4174 2549 4200 42
2580 4181 2647 4206 ans,
2677 4173 2869 4202 mécanicien,
2902 4174 2994 4206 ayant
3021 4174 3178 4208 situation,

2282 4210 2458 4243 épouserait
2470 4210 2645 4237 demoiselle
2658 4209 2692 4236 25
2705 4210 2721 4234 4
2735 4208 2768 4234 32
2784 4216 2849 4242 ans,
2862 4208 3012 4242 physique
3022 4211 3178 4245 agréable,

2284 4246 2438 4279 passerait
2452 4252 2504 4272 sur
2520 4246 2618 4272 tache.
2636 4260 2665 4265 —
2683 4245 2707 4272 N
2717 4253 2722 4258 -
2740 4245 2805 4271 4791

2319 4299 2467 4326 Divorcée
2482 4300 2497 4325 à
2514 4306 2569 4326 son
2585 4299 2684 4331 profit,
2701 4304 2774 4324 sans
2794 4297 2927 4330 enfants,
2938 4296 2971 4324 45
2996 4305 3063 4332 ans,
3089 4300 3180 4328 affec¬

2284 4336 2402 4367 tueuse,
2430 4334 2543 4361 femme
2574 4333 2760 4364 d’intérieur,
2782 4333 2867 4359 avoir
2897 4332 2986 4360 6.000
3018 4334 3053 4361 fr.
3083 4338 3110 4362 et
3140 4344 3180 4363 «n

2285 4372 2456 4399 trousseau,
2471 4370 2644 4404 épouserait
2656 4369 2809 4395 monsieur
2820 4368 2854 4395 45
2867 4369 2886 4394 â
2901 4369 2935 4395 50
2948 4375 3050 4396 ans.—
3064 4371 3099 4398 X-
3111 4371 3182 4399 4792

2319 4415 2415 4442 Jeune
2429 4415 2491 4442 fille
2507 4415 2606 4440 bonne
2621 4412 2745 4439 famil'e,
2761 4412 2846 4446 jolie,
2862 4414 3006 4446 sérieuse,
3022 4417 3183 4444 musicien¬

2285 4458 2331 4480 ne,
2347 4451 2380 4477 25
2396 4457 2464 4483 ans,
2482 4451 2575 4484 ayant
2592 4449 2669 4475 beau
2685 4448 2857 4478 trousseau,
2875 4450 3067 4483 espérances,
3085 4453 3181 4486 épou¬

2286 4488 2377 4513 serait
2402 4486 2494 4521 jeune
2523 4486 2645 4511 homme
2674 4485 2766 4516 ayant
2796 4484 2896 4511 bonne
2934 4486 3089 4520 situation,
3120 4489 3182 4516 très

2286 4523 2419 4549 sérieux.
2429 4536 2460 4541 —
2471 4521 2515 4551 ,N’
2537 4520 2605 4546 4793

2321 4565 2402 4593 Vtuf
2415 4566 2447 4592 55
2461 4571 2527 4593 ans,
2544 4570 2617 4590 sans
2632 4562 2748 4594 enfant,
2772 4564 2849 4595 seul,
2877 4565 3010 4598 sérieux,
3043 4567 3185 4597 habitant

2288 4601 2420 4634 Algérie,
2436 4601 2576 4632 employé
2594 4599 2711 4628 Mairie,
2730 4601 2822 4630 ayant
2835 4601 2979 4628 intérieur
2992 4603 3021 4628 et
3032 4605 3183 4638 mobilier,

2288 4638 2387 4663 désire
2403 4636 2493 4662 union
2511 4641 2584 4660 avec
2600 4641 2693 4660 veuve
2715 4641 2752 4661 ou
2766 4635 2828 4662 fille
2844 4636 2876 4663 36
2894 4638 2911 4664 à
2937 4636 2971 4665 46
2998 4645 3053 4665 ans
3092 4643 3187 4666 avant

2288 4671 2448 4699 situation.
2472 4684 2501 4688 -
2518 4669 2552 4696 N'
2568 4668 2652 4697 3599.
3057 4661 3063 4673 ’
3116 4669 3122 4675 '

2324 4715 2534 4742 Sous-officier
2549 4714 2586 4740 de
2599 4713 2742 4746 carrière,
2759 4714 2791 4741 24
2806 4723 2872 4750 ans,
2891 4718 2960 4746 bien
2974 4725 3046 4747 sous
3060 4722 3129 4748 tous
3144 4722 3186 4747 les

2289 4752 2442 4783 rapports,
2465 4749 2643 4782 affectueux,
2661 4750 2760 4776 désire
2774 4753 2912 4788 mariage
2927 4761 2999 4781 avec
3016 4756 3103 4788 jeune
3124 4757 3187 4783 fille

2289 4793 2328 4812 ou
2341 4792 2435 4812 veuve
2452 4787 2545 4819 ayant
2560 4785 2659 4812 bonne
2674 4786 2885 4817 situation._
2902 4797 2935 4817 n-
2954 4791 3034 4818 4795.

2325 4829 2428 4856 Veuve
2444 4829 2561 4855 certain
2576 4830 2645 4863 âge,
2660 4830 2837 4865 honorable,
2851 4833 2930 4861 belle
2956 4836 3113 4867 situation,
3135 4836 3186 4862 dé¬

2291 4866 2352 4892 sire
2367 4866 2526 4892 connaître
2542 4866 2695 4892 monsieur
2712 4866 2769 4899 âge
2784 4869 2814 4894 et
2829 4870 2974 4897 si!nation
3001 4878 3035 4897 en
3061 4872 3189 4904 rapport

2292 4903 2342 4938 qui
2358 4900 2560 4927 consentirait
2576 4902 2593 4927 â
2607 4902 2689 4928 vivre
2704 4901 2788 4930 hiver
2802 4905 2924 4937 Algérie
2940 4905 3006 4933 l’été
3021 4914 3057 4933 en
3073 4907 3153 4933 Fran
3173 4914 3190 4932 e

2292 4955 2323 4959 -
2341 4938 2365 4964 X
2400 4935 2482 4964 4797.

2327 4980 2447 5017 Officier
2463 4980 2496 5007 30
2513 4987 2578 5012 ans,
2597 4981 2675 5008 brun
2692 4982 2843 5018 physique
2859 4986 3014 5019 agréable,
3039 4986 3190 5013 demande

2291 5018 2381 5053 jeûna
2396 5017 2458 5044 fille
2471 5016 2508 5050 ou
2524 5016 2614 5050 jeune
2629 5024 2723 5045 veuve
2736 5019 2808 5053 jolie
2836 5022 3051 5048 sentimentale
3078 5024 3107 5047 et
3140 5022 3188 5047 sé¬

2294 5055 2404 5086 rieuse,
2421 5058 2497 5086 pour
2513 5053 2662 5087 mariage,
2681 5057 2775 5087 ayant
2792 5057 2891 5083 bonne
2905 5055 3102 5084 situation.N-
3121 5055 3191 5083 4800

2330 5099 2485 5124 Monsieur
2499 5097 2534 5125 49
2547 5105 2612 5127 ans,
2633 5101 2856 5133 ex-capitaine,
2877 5102 2978 5136 légion
3008 5100 3190 5133 d’honneur,

2295 5134 2440 5161 situation
2464 5133 2545 5160 9.000
2571 5133 2620 5167 fr.,
2636 5142 2673 5161 en
2698 5136 2837 5163 instance
2863 5138 2902 5164 de
2930 5136 3059 5167 divorce,
3091 5137 3192 5164 désire

2296 5171 2403 5197 liaison
2422 5170 2606 5205 immédiate,
2622 5171 2752 5204 sérieux,
2770 5172 2822 5200 dot
2835 5180 2872 5199 ou
2894 5171 3040 5198 situation
3056 5178 3093 5198 en
3119 5179 3191 5205 rap¬

2295 5208 2364 5239 port
2380 5221 2411 5225 —
2424 5205 2465 5233 N‘
2483 5205 2565 5232 4801.
