3672 5552
2775 303 2827 356 20
2863 299 3059 354 JUILLET
3082 299 3184 355 1920

1310 399 1353 437 >O>
1386 406 1470 437 E»

2332 411 2390 459 T

994 494 1546 692 REVUE

1996 488 2748 688 NSUELLE

750 747 906 808 Liste
942 747 1316 806 d’Annonces
1344 747 1833 806 Matrimoniales
1868 748 2221 821 paraissant
2261 747 2312 804 le
2346 747 2435 805 20
2466 745 2535 805 de
2566 745 2786 820 chaque
2814 748 2968 805 mois

544 877 905 918 L’Abonnement
925 881 993 916 est
1032 875 1089 915 de
1116 873 1465 923 VINGT-CINQ
1498 873 1736 915 FRANCS
1753 889 1869 927 pour
1899 879 2060 927 quatre
2082 875 2192 915 mois
2214 879 2257 914 et
2284 872 2691 923 TRENTE-CINQ
2720 873 2956 915 FRANCS
2968 888 3087 927 pour
3112 874 3186 914 six

491 954 619 1000 mois,
642 953 843 993 donnant
865 951 985 992 droit
1006 955 1033 991 à
1056 966 1140 992 une
1161 951 1419 1004 inscription
1440 952 1639 1003 gratuite
1664 965 1744 991 sur
1765 965 1835 990 ma
1859 952 1972 990 liste.
1995 951 2047 990 —
2067 951 2153 990 Les
2176 964 2402 991 annonces
2419 955 2519 990 sont
2540 949 2595 990 de
2617 956 2779 1003 quatre
2801 951 2943 1002 lignes
2966 951 3226 991 maximum.

554 1034 893 1068 Abonnements
927 1043 1038 1074 pour
1061 1032 1301 1072 l'Etranger
1330 1042 1339 1065 :
1369 1032 1603 1066 TRENTE
1624 1032 1775 1065 francs
1796 1042 1905 1073 pour
1934 1036 2089 1072 quatre
2112 1034 2225 1065 mois
2248 1037 2291 1066 et
2321 1029 2642 1071 QUARANTE
2666 1031 2817 1067 francs
2846 1041 2957 1073 pour
2984 1032 3052 1065 six
3077 1033 3190 1065 mois

895 1102 1088 1142 Adresser
1105 1102 1254 1140 Lettres
1274 1104 1311 1139 et
1342 1101 1520 1140 Mandats
1539 1102 1560 1139 à
1581 1103 1619 1140 M
1623 1106 1644 1120 ra
1645 1105 1658 1121 *
1689 1113 1813 1140 veuve
1841 1102 2103 1151 CIIABAUD,
2128 1100 2340 1141 Directrice
2361 1101 2408 1140 de
2428 1101 2485 1140 La
2507 1102 2631 1140 Revue
2662 1101 2866 1141 Mensuelle

1374 1171 1434 1221 18,
1472 1184 1541 1212 rue
1575 1171 1797 1223 Ste-Croix,
1830 1165 2173 1214 MONTÉLIMAR
2213 1172 2404 1222 (Drôme).

512 1325 623 1368 frotre
650 1342 771 1368 œuvre
794 1342 813 1364 a
847 1341 932 1374 pour
965 1329 1027 1363 but
1048 1328 1091 1361 de
1115 1326 1212 1360 venir
1227 1334 1268 1358 en
1289 1322 1366 1354 aide

469 1388 535 1412 aux
562 1378 707 1412 familles
722 1377 781 1418 qui
799 1376 953 1409 désirent
969 1373 1093 1407 marier
1110 1372 1201 1404 leurs
1216 1368 1365 1405 enfants,

469 1433 534 1457 aux
554 1433 680 1457 veuves
696 1421 753 1461 qui
794 1420 998 1453 voudraient
1023 1429 1058 1452 se
1092 1415 1266 1452 remarier,
1300 1421 1362 1443 aux

470 1469 646 1511 srphelins
684 1472 717 1500 et
741 1476 808 1499 aux
830 1464 1013 1498 Messieurs
1044 1462 1102 1507 qui
1129 1460 1248 1494 rêvent
1270 1458 1311 1490 de
1332 1465 1367 1489 se

471 1513 593 1547 fonder
609 1522 654 1546 un
669 1512 777 1554 foyer,
801 1519 867 1543 une
883 1508 1022 1542 famille.

515 1558 625 1592 Notre
648 1566 769 1590 œuvre
792 1564 867 1588 sera
895 1551 1091 1596 approuvée
1118 1559 1178 1593 par
1207 1552 1286 1581 tous
1307 1555 1368 1578 nos

471 1603 637 1642 abonnés,
652 1600 822 1644 lorsqu’ils
838 1602 979 1632 sauront
988 1596 1091 1640 qu'ils
1109 1597 1258 1637 peuvent
1275 1595 1368 1624 trou¬

474 1657 545 1688 ver,
562 1645 663 1691 grâce
682 1644 702 1679 à
721 1648 819 1679 notre
840 1653 1018 1681 concours,
1048 1641 1078 1674 le
1108 1647 1236 1682 moyen
1262 1637 1305 1669 de
1333 1645 1369 1667 se

473 1694 599 1727 marier
629 1692 724 1725 selon
747 1690 838 1723 leurs
856 1689 972 1733 goûts,
1007 1688 1097 1720 leurs
1113 1694 1197 1717 vues
1217 1685 1252 1716 et
1273 1680 1367 1714 selon

475 1738 567 1772 leurs
579 1735 788 1770 conditions.

519 1781 615 1816 Nous
643 1781 759 1824 prions
778 1779 825 1812 les
855 1777 978 1811 Dames
999 1779 1033 1809 et
1060 1775 1106 1808 les
1123 1772 1311 1807 Messieurs
1328 1769 1369 1802 de

475 1837 562 1861 nous
581 1835 734 1869 envoyer
761 1825 791 1857 le
812 1824 887 1867 plus
903 1821 1090 1855 d’abonnés
1124 1816 1284 1861 possible,
1302 1813 1369 1847 afin

475 1882 544 1916 que
562 1874 661 1905 notre
675 1877 796 1904 œuvre
809 1867 1036 1911 s’agrandisse
1077 1868 1111 1897 et
1127 1863 1241 1906 puisse
1258 1869 1318 1902 par
1333 1868 1371 1892 ce

476 1926 601 1961 moyen
623 1915 769 1949 faciliter
788 1912 932 1946 nombre
970 1910 1013 1944 de
1045 1909 1212 1951 mariages
1228 1909 1262 1940 et
1288 1904 1371 1938 faire

476 1963 508 1996 le
524 1963 599 2005 plus
615 1959 804 1994 d’heureux
819 1956 982 2000 possible,
1000 1964 1056 1989 car
1072 1953 1153 1988 c’est
1171 1960 1237 1985 une
1258 1950 1371 1983 bonne

477 2007 589 2041 action
618 2014 686 2050 que
718 2013 801 2038 vous
832 2002 920 2035 ferez
953 2010 993 2033 en
1030 1999 1240 2042 propageant
1273 1998 1372 2027 notre

477 2059 609 2091 œuvre,
632 2059 718 2083 vous
745 2057 832 2082 nous
856 2047 990 2079 aiderez
1023 2044 1109 2077 ainsi
1130 2043 1148 2074 à
1172 2039 1372 2075 contribuer

477 2106 521 2130 au
542 2095 697 2130 bonheur
715 2093 775 2127 des
805 2091 951 2125 familles
977 2089 1035 2133 qui
1066 2087 1218 2121 désirent
1232 2088 1373 2118 trouver

480 2151 525 2175 un
535 2140 646 2184 époux
658 2149 701 2173 ou
717 2147 783 2172 une
794 2137 921 2180 épouse
935 2144 1021 2178 pour
1038 2134 1127 2167 leurs
1145 2130 1291 2167 enfants,
1306 2136 1371 2160 aux

481 2195 607 2219 veuves
624 2193 669 2218 un
686 2183 834 2223 soutien,
851 2179 872 2214 à
898 2179 1078 2223 l’orphelin
1094 2187 1139 2210 un
1155 2176 1254 2218 foyer
1272 2176 1306 2206 et
1330 2181 1374 2205 au

479 2230 692 2264 relèvement
720 2228 764 2262 de
796 2227 828 2260 la
847 2225 978 2260 France
1011 2221 1071 2266 qui
1095 2221 1221 2260 donne,
1252 2228 1311 2261 par
1328 2217 1375 2249 les

480 2275 649 2318 mariages
666 2271 816 2312 féconds,
831 2271 890 2304 des
907 2269 1035 2303 soldats
1049 2268 1069 2301 à
1087 2266 1117 2299 la
1134 2264 1250 2298 Patrie
1266 2266 1297 2296 et
1314 2260 1374 2304 qui
1393 2271 1397 2307 ;

480 2321 553 2354 font
570 2319 630 2352 des
650 2318 792 2351 femmes
813 2315 855 2349 de
889 2314 1020 2348 bonnes
1044 2311 1155 2345 mères
1171 2309 1214 2342 de
1232 2298 1373 2340 famille.
1394 2298 1398 2322 1

526 2378 618 2413 C’est
632 2377 717 2410 dans
734 2384 773 2409 ce
794 2373 859 2407 but
891 2381 958 2416 que
981 2379 1067 2404 nous
1088 2377 1194 2403 avons
1217 2365 1322 2400 fondé
1347 2364 1377 2397 la

481 2424 606 2458 Revue
623 2417 830 2456 Mensuelle.

1453 1327 1541 1363 Tout
1552 1329 1689 1364 abonné
1699 1331 1772 1364 doit
1783 1330 1952 1373 répondre
1965 1332 1983 1363 à
1999 1333 2108 1363 toutes
2124 1328 2172 1361 les
2186 1327 2305 1361 lettres

1409 1372 1467 1414 qui
1498 1374 1545 1406 lui
1580 1381 1661 1407 sont
1688 1376 1881 1414 ad>e--sées;
1914 1375 1942 1407 D
1972 1374 2134 1416 politesse
2164 1373 2299 1414 l'exige,

1410 1427 1452 1449 ne
1482 1418 1614 1451 fussent
1642 1429 1710 1460 que
1746 1429 1804 1453 ces
1842 1425 1926 1452 trois
1959 1429 2003 1452 ou
2035 1421 2159 1460 quatre
2187 1422 2277 1450 mots
2296 1426 2302 1448 :

1413 1472 1428 1491 «
1451 1461 1587 1504 Inutile,
1608 1469 1684 1497 tous
1703 1475 1773 1497 mes
1789 1470 1931 1507 regrets.
1951 1482 1989 1487 —
2008 1463 2054 1495 N°
2077 1489 2113 1496 ...
2135 1472 2163 1496 ».

1457 1545 1548 1579 Pour
1579 1545 1725 1579 faciliter
1755 1547 1800 1578 les
1819 1546 1970 1577 abonnés
1986 1544 2028 1577 de
2047 1544 2075 1576 la
2097 1554 2112 1574 «
2142 1543 2260 1575 Revue
2292 1552 2306 1572 »

1412 1599 1499 1622 nous
1517 1591 1588 1622 leur
1606 1593 1773 1622 donnerot
1791 1594 1802 1624 t
1820 1592 1865 1622 les
1888 1590 2041 1622 adresses
2061 1589 2121 1622 des
2149 1587 2309 1620 numéros

1411 1645 1446 1667 se
1470 1636 1700 1677 rapprochant
1724 1635 1766 1667 de
1793 1638 1864 1667 leur
1884 1635 2047 1666 situation
2075 1636 2118 1665 de
2150 1633 2265 1665 fortuit
2278 1642 2303 1664 '.

1413 1679 1456 1711 Ils
1486 1680 1643 1712 n’auront
1671 1689 1754 1721 pour
1775 1681 1845 1712 cela
1870 1679 1945 1721 qu’à
1978 1688 2062 1711 nous
2085 1678 2244 1721 indiquer
2262 1677 2310 1709 les

1412 1725 1575 1757 numéros
1591 1726 1649 1767 qui
1674 1727 1745 1756 leur
1762 1725 2004 1757 conviennent.
2016 1723 2156 1765 Chaque
2173 1723 2251 1754 dem
2265 1732 2312 1753 ru¬

1413 1769 1455 1801 de
1482 1770 1525 1801 de
1547 1778 1587 1802 ce
1612 1778 1720 1811 genre
1737 1769 1839 1801 devra
1856 1768 1928 1801 être
1942 1769 2192 1811 accompagnée
2207 1768 2311 1799 d'une

1412 1813 1602 1856 enveloppe
1630 1815 1775 1847 timbrée
1800 1824 1884 1856 pour
1903 1816 1932 1845 la
1954 1815 2106 1856 réponse.

1458 1858 1523 1891 Les
1557 1858 1710 1891 abonnés
1763 1859 1916 1892 désirant
1950 1859 2074 1901 garder
2111 1856 2311 1900 l’incognito

1415 1902 1587 1936 voudront
1622 1903 1699 1936 bien
1723 1913 1807 1936 nous
1834 1903 1862 1936 le
1884 1903 1966 1936 faire
1998 1902 2122 1942 savoir,
2157 1900 2222 1933 afin
2246 1910 2312 1943 que

1415 1957 1501 1981 nous
1523 1958 1565 1980 ne
1586 1948 1730 1982 livrions
1757 1958 1814 1990 pas
1832 1948 1918 1980 leurs
1936 1948 2107 1981 adresses.

1455 2027 1562 2059 Pour
1575 2028 1715 2059 toutes
1738 2028 1797 2058 tes
1814 2035 2022 2058 annonces
2045 2025 2223 2065 ci-après
2238 2025 2310 2056 s’a¬

1416 2069 1580 2099 dresser
1602 2069 1624 2098 à
1653 2072 1691 2098 ta
1721 2068 1949 2099 Directrice
1980 2068 2029 2098 de
2060 2069 2096 2098 la
2126 2076 2143 2095 «
2174 2067 2315 2097 Revue

1416 2108 1656 2140 Mensuelle.
1683 2120 1695 2135 »

1461 2159 1589 2197 Veuve,
1617 2158 1659 2191 42
1683 2168 1759 2197 ans,
1779 2158 1919 2191 fortune
1935 2157 2087 2191 3oo.ooo
2111 2157 2170 2191 kr-,
2196 2157 2315 2190 12.ooo

1417 2204 1458 2236 fr.
1483 2212 1649 2243 revenus,
1673 2203 1693 2235 b
1717 2203 1761 2235 lie
1782 2204 1959 2245 propriété
1979 2202 2146 2244 agricoP,
2169 2203 2314 2243 épouse¬

1418 2249 1485 2281 rait
1528 2248 1712 2280 monsieur
1755 2248 1797 2280 4o
1830 2250 1848 2280 à
1884 2247 1925 2280 60
1973 2256 2048 2281 ans.
2094 2250 2201 2288 ayant
2235 2245 2317 2288 jolie

1419 2294 1587 2326 situation
1604 2301 1648 2325 ou
1662 2292 1818 2325 fortune.
1850 2310 1888 2315 —
1924 2291 2041 2325 Ecrire
2058 2300 2078 2323 n
2086 2299 2091 2305 -
2120 2291 2217 2323 263o.

1465 2346 1562 2386 Veuf,
1589 2346 1630 2379 55
1660 2355 1690 2378 ai
1708 2355 1736 2384 s,
1760 2355 1843 2378 sans
1873 2345 2005 2384 enfant,
2038 2344 2126 2383 seul,
2159 2344 2313 2381 sérieux,

1420 2391 1582 2424 habitant
1601 2391 1753 2432 Algérie,
1772 2390 1937 2432 employé
1958 2389 2096 2428 mairie,
2112 2392 2219 2430 ayant
2236 2388 2267 2420 in
2275 2389 2307 2420 té

528 2477 625 2511 No„,
644 2485 689 2510 ne
708 2476 831 2510 «non»
850 2480 911 2515 pae
940 2479 1007 2504 une
1036 2468 1175 2510 Agence
1196 2462 1378 2498 °aà°-
1396 2463 1403 2517 ;
1884 2436 1998 2514 I»$»
2010 2422 2228 2531 Aà
2242 2430 2284 2466 36
2300 2433 2320 2467 à

1466 2533 1677 2567 Demoiselle
1715 2533 1883 2571 sérieuse,
1927 2534 2102 2575 physique
2139 2530 2316 2574 agréable,

528 2619 725 2655 Vou.nous
746 2613 909 2659 indiquez
924 2610 1067 2646 d'.berd
1080 2608 1267 2650 ve.reâge.
1286 2608 1383 2639 votre
1400 2617 1405 2667 ;

482 2523 574 2558 niale
591 2524 628 2555 et
643 2529 729 2553 nous
750 2528 792 2551 ne
823 2524 972 2560 prenons
996 2521 1130 2546 aucune
1156 2508 1377 2544 commission

482 2577 542 2602 sur
561 2565 593 2600 la
607 2566 680 2599 dot.
698 2560 799 2597 Voici
819 2561 994 2594 comment
1014 2566 1100 2590 nous
1114 2553 1304 2599 procédons

483 2665 650 2702 situation
680 2663 724 2696 de
744 2660 896 2698 fortune,
918 2659 1016 2690 votre
1049 2653 1250 2698 profession,
1283 2653 1380 2683 votre

484 2711 558 2750 dot,
581 2719 641 2743 vos
660 2706 863 2750 espérances
882 2705 918 2736 et
936 2710 975 2735 ce
998 2709 1066 2744 que
1083 2708 1166 2731 vous
1181 2696 1323 2731 désirez,
1347 2696 1382 2727 et

485 2765 572 2790 nous
605 2762 691 2787 vous
717 2748 910 2784 inscrivons
946 2755 1007 2780 sur
1033 2747 1133 2777 notre
1165 2742 1254 2780 liste,
1296 2748 1382 2782 pour

486 2800 571 2835 trois
592 2797 691 2838 mois,
714 2805 774 2838 par
800 2802 868 2826 une
887 2797 1131 2831 annonce,que
1156 2786 1191 2829 je
1210 2786 1272 2818 fais
1298 2782 1381 2816 moi-

486 2843 601 2879 même
612 2845 649 2876 et
659 2850 746 2875 nous
767 2847 851 2872 vous
861 2836 1021 2870 donnons
1037 2830 1248 2875 un,numéro
1259 2829 1383 2861 faisant

486 2890 578 2924 suite
596 2890 616 2920 ft
638 2889 729 2920 cette
753 2890 922 2916 annonce.
944 2878 1033 2913 C’est
1059 2886 1129 2919 par,
1141 2876 1173 2908 le
1193 2881 1318 2916 moyen
1339 2871 1383 2904 de

486 2942 527 2967 ce
541 2931 686 2965 numéro
700 2937 768 2971 que
788 2935 872 2958 vous
889 2931 1019 2965 pouvez
1037 2917 1285 2960 correspondre
1299 2923 1383 2948 avec

487 2981 568 3011 tous
595 2975 644 3008 les
670 2969 824 3006 abonnés
847 2968 891 3001 de
913 2969 1012 2999 notre
1028 2964 1117 2997 liste.

532 3019 688 3062 Lorsque
704 3025 789 3049 vous
809 3013 941 3048 désirez
961 3006 1210 3050 correspondre
1225 3013 1309 3037 avec
1335 3012 1381 3034 un

994 3051 1079 3067 î-'
1209 3049 1235 3066 I"
1269 3047 1296 3065 D

1424 2672 1499 2702 tant
1519 2668 1612 2700 bien.
1630 2685 1668 2690 —
1688 2667 1715 2700 N
1721 2676 1726 2682 -
1740 2667 1843 2700 4246.

1462 2724 1564 2752 Jeune
1579 2721 1710 2751 homme
1725 2721 1868 2756 sérieux,
1885 2718 1920 2749 22
1942 2729 2012 2756 an=,
2038 2719 2239 2753 viticulteur,
2262 2726 2319 2756 pas

1423 2762 1565 2797 fumeur,
1583 2761 1779 2800 catholique,
1798 2769 1873 2790 sans
1892 2763 2029 2794 fortune,
2047 2761 2233 2797 épouserait
2266 2760 2319 2788 de-

1425 2804 1568 2832 moiselle
1582 2810 1621 2831 ou
1638 2810 1736 2830 veuve
1753 2801 1788 2830 19
1804 2802 1821 2830 à
1836 2801 1872 2829 27
1889 2809 1958 2839 ans,
1971 2801 2089 2838 simple
2105 2804 2203 2839 ayant
2218 2799 2317 2829 situa¬

1424 2843 1507 2873 tion.
1528 2857 1565 2862 —
1583 2841 1606 2870 N
1613 2850 1618 2854 -
1639 2842 1732 2871 4360.

1463 2892 1562 2920 Dama
1579 2897 1691 2924 veuve,
1709 2889 1746 2918 52
1761 2896 1831 2924 ans,
1844 2897 1920 2918 sans
1932 2887 2064 2923 famille,
2081 2888 2171 2917 avoir
2181 2888 2237 2918 2oo
2261 2895 2319 2916 ooo

1424 2930 1472 2965 fr.,
1491 2929 1674 2967 épouserait
1691 2929 1857 2958 monsieur
1885 2930 2013 2958 sérieux
2035 2931 2132 2965 ayant
2163 2927 2319 2957 situation

1425 2978 1465 2999 eu
1482 2971 1626 3005 rapport.
1644 2984 1680 2988 —
1697 2969 1739 2998 N'
1762 2968 1851 2997 4370.

1472 3018 1589 3051 Veuve
1609 3017 1651 3050 de
1671 3026 1811 3060 guerre,
1834 3016 1874 3049 39
1899 3026 1975 3056 ans,
2001 3016 2116 3049 bonne
2138 3015 2319 3053 situation,

487 3064 749 3102 abonnéetque
770 3067 855 3092 vous
873 3064 955 3089 avez
973 3052 1083 3089 choisi
1103 3051 1188 3084 dans
1210 3048 1239 3081 la
1261 3048 1386 3081 Revue
1404 3044 1407 3053 '
1671 3044 1813 3078 °~7'T-
1834 3044 1871 3049 "
2001 3042 2319 3066 -t-;----

487 3105 688 3145 Mensuelle
707 3106 737 3139 le
750 3102 838 3146 parti
853 3100 914 3145 qui
930 3108 1015 3132 vous
1030 3096 1115 3141 plaît
1130 3095 1162 3129 le
1182 3092 1270 3137 plus,
1298 3092 1385 3125 voici
1668 3088 1683 3112 ’■
1726 3071 1920 3097 "°>oieuue,
1930 3070 2114 3104 épouserai
2121 3064 2131 3093 t
2140 3061 2323 3094 monsieur

487 3156 680 3190 com-ment
696 3158 779 3184 vous
795 3144 960 3191 procédez
974 3153 982 3177 :

851 3199 1028 3233 Exemple

532 3251 643 3286 Jeune
654 3249 803 3286 homme,
817 3247 931 3279 trente
944 3251 1018 3282 ans,
1033 3238 1103 3274 très
1117 3237 1207 3272 belle
1221 3234 1386 3269 situation

490 3305 576 3342 dans
589 3300 768 3338 industrie,
781 3300 920 3342 rapport
935 3295 994 3328 dix
1005 3294 1024 3326 à
1038 3294 1145 3326 douze
1157 3289 1250 3324 mille
1261 3289 1386 3329 francs,

491 3358 603 3395 désire
620 3364 770 3398 mariage
786 3362 827 3387 en
848 3351 999 3394 rapport.
1016 3365 1058 3371 —
1074 3344 1192 3380 Ecrire
1210 3343 1245 3377 n°
1266 3343 1306 3383 2;

473 3415 478 3433 !
493 3409 571 3435 tiisf.:
578 3420 639 3446 otr
640 3411 734 3441 :ui>Yk,
751 3411 769 3432 x
775 3407 880 3432 trame
896 3400 1025 3431 wmr-vti
1062 3410 1065 3428 i

538 3461 756 3502 Demoiselle,
772 3457 961 3502 vingt-cinq
981 3462 1055 3494 ans,
1077 3450 1240 3486 situation
1263 3450 1306 3483 de
1325 3450 1389 3482 for¬

492 3517 578 3548 tune
605 3507 796 3552 vingt-cinq
833 3503 928 3537 mille
947 3501 1071 3540 francs,
1102 3501 1167 3531 etc.
1205 3513 1242 3521 —
1273 3495 1391 3529 Ecrire

492 3566 542 3602 N*
554 3565 589 3600 4.

540 3619 638 3652 Vous
658 3614 706 3649 lui
721 3612 853 3648 écrivez
875 3605 1087 3643 vous-même
1103 3615 1145 3639 ou
1166 3604 1263 3638 faites
1283 3600 1391 3636 écrire

497 3673 561 3710 par
574 3660 761 3707 quelqu’un
780 3657 825 3690 de
846 3660 942 3688 votre
966 3650 1106 3690 famille,
1130 3660 1170 3683 en
1192 3650 1329 3690 signant
1348 3647 1392 3679 de

499 3713 596 3744 votre
626 3706 782 3743 numéro,
805 3704 838 3734 et
872 3707 956 3732 vous
988 3699 1112 3729 mettez
1146 3704 1199 3727 sur
1233 3693 1393 3725 l’adresse

499 3751 658 3789 cachetée
677 3753 712 3783 et
727 3744 873 3781 timbrée
889 3744 919 3776 le
944 3741 1087 3774 numéro
1099 3740 1142 3772 de
1163 3740 1193 3771 la
1210 3745 1390 3781 personne,

500 3795 682 3833 deuxième
701 3790 903 3833 enveloppe,
927 3795 1010 3819 avec
1040 3794 1095 3818 ces
1115 3783 1279 3828 quelques
1305 3782 1393 3814 mots

501 3852 558 3877 sur
573 3850 641 3874 une
654 3840 746 3871 carte
759 3845 802 3868 ou
816 3843 861 3867 un
876 3832 961 3865 bout
972 3830 1015 3864 de
1028 3828 1144 3872 papier
1157 3826 1243 3860 ainsi
1258 3825 1372 3859 libellé
1385 3834 1391 3857 :

504 3898 521 3919 u
539 3883 727 3920 Monsieur,
742 3888 785 3913 ou
799 3877 970 3913 Madame,
986 3884 1029 3907 ou
1045 3870 1302 3906 Mademoiselle
1314 3869 1392 3902 X...

502 3933 616 3977 (votre
631 3937 711 3961 nom
736 3928 770 3957 et
791 3926 888 3956 votre
907 3918 1065 3960 numéro)
1088 3918 1159 3960 prie
1184 3916 1338 3949 Madame
1365 3914 1395 3945 la

503 3968 693 4011 Directrice
709 3971 752 4004 de
768 3967 798 4002 la
818 3967 940 4001 Revue
955 3964 998 3997 de
1022 3963 1105 3996 faire
1130 3959 1290 4005 parvenir
1307 3961 1396 3992 cette

504 4020 606 4056 lettre
621 4016 640 4049 à
660 4015 705 4050 tel
726 4013 870 4049 numéro
887 4022 903 4041 »
924 4012 959 4043 et
979 4017 1064 4041 vous
1084 4007 1238 4040 cachetez
1263 4007 1296 4037 et
1313 4003 1397 4036 tim¬

504 4065 584 4100 brez
598 4066 690 4097 cette
706 4057 889 4093 deuxième
908 4053 1098 4095 enveloppe
1113 4050 1133 4082 à
1151 4049 1297 4093 laquelle
1314 4057 1397 4080 vous

504 4112 631 4144 mettez
647 4114 727 4140 mon
739 4103 891 4140 adresse,
907 4102 942 4132 et
957 4095 1101 4132 aussitôt
1117 4105 1228 4138 reçue,
1244 4094 1278 4136 je
1292 4092 1399 4126 défais

506 4155 538 4189 la
553 4150 723 4197 première
737 4146 940 4189 enveloppe,
956 4141 1086 4186 j’efface
1101 4140 1132 4173 le
1149 4140 1291 4172 numéro
1311 4137 1353 4170 de
1369 4136 1400 4169 la

508 4196 689 4232 deuxième
711 4195 746 4227 et
770 4194 857 4225 mets
883 4189 1043 4222 l’adresse
1063 4185 1105 4219 de
1130 4184 1160 4217 la
1180 4192 1348 4226 personne
1368 4184 1401 4214 et

508 4240 692 4284 réexpédie
708 4238 739 4271 la
759 4237 870 4270 lettre.
894 4232 990 4266 Vous
1012 4239 1140 4274 pouvez
1156 4225 1402 4270 correspondre

508 4295 591 4320 avec
601 4288 679 4318 tous
696 4292 757 4315 nos
773 4278 924 4313 abonnés
937 4285 1015 4311 sans
1027 4283 1109 4307 vous
1122 4272 1203 4306 faire
1214 4272 1400 4306 connaître.

510 4328 558 4364 Ce
583 4327 673 4362 n’est
700 4335 767 4368 que
794 4323 931 4366 lorsque
965 4329 1048 4353 vous
1088 4327 1187 4351 aurez
1214 4314 1276 4350 fait
1309 4319 1404 4348 votre

511 4370 626 4413 choix,
659 4379 727 4413 que
757 4377 840 4402 vous
871 4376 955 4399 vous
982 4365 1114 4399 donnez
1143 4360 1406 4395 mutuellement

513 4419 610 4453 votre
633 4413 800 4449 véritable
826 4411 964 4444 adresse
987 4411 1023 4441 et
1041 4415 1108 4451 que
1128 4416 1212 4439 vous
1239 4414 1320 4438 vous
1343 4404 1406 4440 mé¬

514 4470 618 4506 nagez
635 4468 702 4492 une
716 4461 882 4493 entreyue
898 4463 983 4497 pour
999 4451 1138 4485 décider
1154 4450 1196 4482 de
1211 4454 1306 4482 votre
1322 4452 1403 4483 sort.

557 4507 607 4541 Le
624 4504 699 4547 prix
720 4502 763 4535 de
782 4504 881 4533 notre
902 4498 1134 4531 abonnement
1153 4498 1204 4527 est
1224 4493 1267 4526 de
1291 4494 1406 4535 vingt-

515 4552 594 4593 cinq
619 4549 731 4582 francs
763 4548 849 4587 pôur
873 4545 995 4587 quatre
1021 4540 1107 4573 mois
1132 4542 1166 4572 et
1203 4539 1409 4579 tiente-cinq

517 4597 626 4637 francs
643 4601 729 4637 pour
749 4591 801 4622 six
823 4597 910 4621 mois
926 4589 961 4619 et
987 4594 1071 4618 vous
1090 4593 1170 4617 avez
1191 4582 1282 4614 droit
1302 4579 1321 4614 à
1338 4579 1411 4613 être
1429 4578 1432 4612 I

516 4637 639 4676 inscrit
656 4633 905 4679 gratuitement
924 4639 982 4663 sur
1001 4639 1057 4662 ma
1081 4627 1169 4661 liste.
1423 4609 1433 4635 •'

564 4684 661 4718 Vous
679 4688 784 4722 voyez
808 4676 950 4719 qu’avec
965 4678 1055 4706 cette
1086 4672 1246 4714 modique
1267 4679 1409 4710 somme,

522 4738 605 4766 vous
625 4733 755 4771 pouvez
770 4730 855 4754 vous
875 4718 1011 4757 marier,
1033 4725 1111 4749 sans
1140 4715 1234 4748 avoir
1251 4714 1270 4747 à
1299 4723 1412 4757 passer

521 4784 582 4820 par
596 4772 657 4807 des
671 4775 817 4812 agences
832 4764 891 4808 qui
912 4772 948 4795 se
965 4761 1039 4795 font
1065 4769 1178 4793 verser
1194 4759 1356 4792 d’avance
1372 4758 1413 4793 de

521 4827 656 4865 grosses
672 4810 867 4858 provisions
879 4810 912 4841 et
925 4806 983 4848 qui
996 4807 1210 4845 escomptent
1223 4803 1266 4836 de
1280 4813 1413 4846 grosses

522 4859 775 4900 commissions,
797 4862 884 4897 pour
911 4848 1078 4884 n’arriver
1105 4847 1135 4880 le
1164 4847 1240 4890 plus
1269 4850 1415 4880 souvent

522 4908 543 4947 K
554 4915 666 4942 aucun
680 4901 836 4938 résultat.
851 4895 949 4931 Nous
961 4893 1101 4929 n’avons
1114 4892 1188 4925 rien
1201 4891 1243 4925 de
1255 4900 1414 4924 commun

523 4962 607 4988 avec
622 4950 670 4984 les
698 4953 856 4991 agences,
874 4950 930 4975 car
953 4948 1038 4973 nous
1061 4946 1101 4970 ne
1122 4945 1269 4977 prenons
1284 4943 1417 4967 aucune

524 4994 746 5034 commission
776 4998 834 5023 sur
858 4987 889 5020 la
909 4984 980 5018 dot.
1000 4981 1056 5017 Un
1081 4979 1236 5014 modeste
1267 4978 1419 5012 abonne¬

525 5044 623 5080 ment
642 5048 727 5074 nous
748 5037 819 5068 sert
833 5031 876 5065 de
892 5029 1075 5073 paiement.

571 5082 769 5128 Lorsqu'un
795 5076 930 5111 abonné
958 5072 1039 5107 s’est
1066 5069 1174 5102 fiancé
1203 5069 1238 5101 et
1258 5065 1342 5109 qu’il
1368 5065 1421 5097 n’a

529 5133 608 5177 plus
638 5127 758 5164 besoin
787 5123 831 5159 de
855 5123 956 5155 notre
985 5124 1101 5155 revue,
1133 5112 1156 5147 il
1186 5121 1274 5146 nous
1302 5111 1333 5145 le
1363 5109 1423 5142 fait

530 5177 644 5212 savoir
658 5173 729 5209 afin
744 5178 812 5215 que
827 5175 916 5202 nous
933 5170 1061 5207 rayons
1077 5168 1140 5194 son
1160 5164 1317 5191 annonce
1338 5163 1424 5198 pour

531 5231 576 5256 ne
611 5228 673 5264 pas
707 5216 793 5253 faire
825 5207 1075 5253 correspondre
1111 5202 1332 5240 inutilement
1362 5208 1424 5234 nos

529 5266 699 5313 abonnés,

1428 3110 1492 3150 âge
1512 3111 1544 3141 et
1565 3108 1734 3140 situation
1755 3116 1798 3140 en
1816 3111 1972 3149 rapport.
1992 3123 2032 3129 —
2049 3105 2075 3138 N
2082 3114 2088 3120 -
2112 3105 2198 3139 4394

1473 3161 1694 3199 Demoiselle,
1713 3158 1756 3193 30
1770 3169 1846 3199 ans,
1863 3160 2076 3198 couturière,
2095 3159 2261 3192 conduite
2284 3159 2324 3191 ir¬

1431 3206 1674 3249 réprochable,
1685 3206 1835 3247 qualités
1850 3206 1893 3237 de
1908 3214 2018 3243 cœur,
2031 3206 2243 3237 sentiments
2258 3205 2312 3236 éle

1431 3255 1504 3290 vés,
1545 3255 1758 3286 économies,
1790 3253 2000 3292 espérances
2034 3259 2078 3290 ap
2100 3250 2136 3282 ès
2168 3253 2323 3291 parents,

1431 3296 1633 3339 épouserait
1650 3295 1832 3328 monsieur
1853 3298 1959 3336 ayant
1981 3294 2148 3327 situation
2166 3294 2322 3327 assurée.

1432 3342 1494 3375 Pas
1511 3341 1649 3374 sérieux
1668 3339 1872 3372 s’abstenir.
1892 3357 1935 3361 —
1952 3338 1979 3371 N
2013 3337 2110 3370 4429.

1476 3393 1747 3432 Célibataire,36
1760 3401 1835 3431 ans,
1848 3392 2044 3430 laborieux,
2055 3391 2192 3426 fortune
2203 3390 2255 3425 55.
2262 3387 2325 3425 000

1432 3440 1579 3479 fr.,bien
1596 3447 1682 3471 sous
1698 3440 1777 3471 tous
1796 3438 2182 3479 rapports,épouserait
2197 3437 2268 3469 tille
2283 3437 2326 3469 de

1435 3484 1678 3528 propriétaire.
1710 3483 1751 3515 26
1767 3485 1784 3515 à
1807 3481 1848 3515 35
1868 3491 1944 3519 ans,
1973 3481 2205 3523 intelligente,
2248 3480 2325 3513 bien

1433 3539 1517 3563 sous
1535 3532 1613 3562 tous
1630 3532 1810 3570 rapports.
1829 3545 1861 3552 —
1876 3526 1903 3559 N
1910 3535 1916 3541 -
1934 3526 2030 3560 4459.

1477 3585 1694 3625 Célibataire,
1713 3585 1754 3618 34
1769 3594 1846 3623 ans,
1867 3584 1886 3616 b
1903 3585 1985 3626 ond,
2004 3583 2157 3621 sérieux,
2186 3583 2327 3616 retraite

1436 3628 1914 3667 1.100ff.,économies5.000
1928 3630 1984 3668 fr.,
1995 3630 2163 3661 situation
2178 3628 2327 3661 actuelle

1433 3676 1534 3710 6.000
1552 3678 1606 3713 fr.,
1618 3675 1819 3716 épouserait
1835 3673 2040 3707 demoiselle
2057 3682 2100 3705 ou
2119 3681 2230 3706 veuve
2245 3682 2328 3705 sans

1435 3723 1567 3759 entant,
1578 3720 1620 3751 28
1637 3719 1655 3752 à
1673 3717 1714 3752 33
1729 3722 1922 3761 ans,ayant
1934 3718 2168 3752 situation.—
2183 3716 2324 3750 N‘4462.

1475 3773 1679 3808 Demoiselle,
1693 3770 1726 3798 43
1742 3781 1811 3808 ans,
1829 3771 2097 3807 seule,intérieur
2110 3768 2324 3806 confortable,

1435 3815 1509 3855 jolie
1525 3813 1694 3847 situation,
1711 3812 2053 3851 comptable-dactylo,
2078 3812 2184 3841 bonne
2200 3811 2324 3841 famille

1439 3856 1645 3894 protestante,
1679 3853 1862 3890 épouserait
1893 3854 2059 3882 monsieur
2084 3852 2122 3879 45
2148 3855 2167 3881 à
2195 3850 2232 3880 55
2254 3859 2326 3887 ans,

1438 3895 1674 3927 fonctionnaire
1691 3901 1730 3923 ou
1749 3894 1890 3922 retraité.
1918 3892 1955 3922 —
1978 3892 2001 3922 N
2013 3900 2018 3905 -
2039 3890 2126 3922 4517.

1479 3944 1586 3980 Dame,
1603 3943 1641 3973 26
1662 3951 1734 3977 ans,
1764 3942 1914 3979 aimable,
1945 3940 2088 3980 gentille,
2120 3950 2156 3971 co
2171 3941 2328 3971 maissant

1439 3985 1626 4024 l’espagnol,
1643 3983 1788 4020 l’italien,
1802 3991 1975 4012 assurance
1992 3991 2048 4011 sur
2065 3982 2091 4011 la
2112 3983 2159 4012 vie
2177 3985 2281 4012 lô.ooo
2296 3982 2328 4017 f,

1440 4024 1608 4064 disposant
1624 4024 1721 4054 6.000
1740 4023 1790 4059 fr.,
1817 4023 2000 4059 épouserait
2018 4021 2183 4052 monsieur
2199 4021 2236 4052 45
2252 4023 2269 4051 à
2295 4022 2330 4052 5o

1441 4076 1511 4104 ans,
1533 4067 1632 4104 ayant
1643 4063 1814 4095 situation.
1833 4062 1866 4092 —
1888 4062 1911 4092 N
1948 4062 2040 4092 4521.

1482 4116 1600 4148 Veuve,
1618 4113 1656 4144 5o
1672 4122 1742 4151 ans,
1759 4119 1834 4142 sans
1849 4111 1970 4148 enfant,
1990 4110 2062 4141 bien
2077 4119 2152 4142 sous
2170 4114 2240 4141 tous
2260 4119 2331 4148 rap¬

1445 4159 1544 4196 ports,
1559 4154 1659 4185 rentes
1676 4154 1772 4183 1.000
1788 4152 1840 4188 fr.,
1856 4151 1926 4189 plus
1938 4151 1974 4182 60
1990 4150 2031 4181 fr.
2057 4160 2113 4189 par
2129 4152 2224 4192 mois,
2236 4155 2332 4189 épou¬

1445 4196 1543 4227 serait
1567 4193 1732 4224 monsieur
1747 4192 1782 4223 5o
1798 4192 1813 4222 à
1829 4194 1867 4222 60
1889 4200 1960 4222 ans.
1979 4208 2015 4214 —
2031 4192 2069 4221 N-
2098 4192 2171 4221 4522
2179 4215 2184 4222 .

1487 4242 1690 4279 Demoiselle,
1711 4242 1750 4272 33
1761 4249 1828 4278 ans,
1847 4242 2062 4276 travailleuse,
2088 4241 2205 4271 femme
2221 4240 2335 4271 d’inté¬

1446 4286 1541 4322 rieur,
1565 4284 1641 4314 bien
1656 4286 1729 4313 tous
1742 4288 1903 4320 rapports,
1920 4282 2070 4318 honnête,
2087 4282 2235 4312 habitant
2250 4289 2334 4313 cam¬

1450 4335 1562 4366 pagne,
1591 4323 1775 4361 épouserait
1806 4322 1970 4352 monsieur
1988 4321 2023 4352 33
2045 4323 2061 4352 â
2096 4320 2133 4354 40
2148 4331 2218 4360 ans,
2241 4325 2338 4363 ayant

1449 4365 1552 4401 bonne
1565 4365 1735 4396 situation.
1758 4362 1794 4393 —
1813 4362 1850 4393 N-
1878 4363 1969 4395 4523.

1488 4413 1692 4448 Célibataire,
1715 4410 1754 4441 33
1779 4420 1848 4448 ans,
1868 4413 2002 4449 pension
2020 4411 2189 4450 l.o8ofr.,
2215 4412 2340 4443 boitant

1451 4465 1493 4489 un
1513 4463 1572 4494 peu
1589 4454 1675 4483 suite
1691 4453 1710 4483 b
1722 4458 1835 4487 Assure
1856 4454 1894 4482 de
1910 4461 2033 4490 gueire,
2054 4453 2231 4490 profession
2248 4453 2339 4483 sabo¬

1452 4498 1527 4532 tier,
1553 4494 1642 4524 avoir
1666 4493 1763 4523 1.2oo
1796 4494 1849 4528 fr.,
1881 4494 2026 4524 désirant
2056 4494 2219 4523 travailler
2249 4494 2342 4523 usine

1456 4535 1654 4574 mécanique.
1674 4531 1705 4562 —
1722 4531 1759 4562 N*
1775 4532 1864 4562 4524.

1493 4585 1595 4615 Jeune
1621 4583 1760 4621 homme,
1781 4581 1816 4611 27
1846 4590 1914 4619 ans,
1944 4581 2142 4621 catholique,
2173 4583 2277 4614 bonne
2300 4581 2344 4611 fa¬

1456 4624 1553 4660 mille,
1571 4623 1727 4653 situation
1756 4624 1847 4652 8.000
1872 4623 1910 4658 fr,
1929 4623 2070 4660 robuste,
2096 4623 2230 4661 pension
2261 4623 2343 4652 bles¬

1455 4673 1529 4695 sure
1546 4666 1584 4695 de
1614 4671 1742 4701 gueire,
1768 4663 1950 4700 épouserait
1967 4663 2156 4692 demoiselle
2181 4671 2220 4692 ou
2246 4670 2345 4695 veuve

1455 4714 1530 4735 sans
1546 4704 1672 4742 enfant,
1687 4703 1728 4733 22
1743 4702 1758 4732 à
1778 4701 1811 4732 3i
1829 4711 1897 4739 ans,
1916 4703 2076 4739 fortunée,
2094 4703 2175 4735 dans
2193 4704 2221 4734 la
2239 4701 2343 4736 Loire.

1456 4761 1493 4767 —
1516 4745 1552 4777 N’
1577 4743 1661 4781 4525,

1497 4794 1617 4829 Veuve,
1633 4793 1671 4826 46
1684 4801 1753 4830 ans,
1771 4795 1868 4831 ayant
1880 4791 1934 4830 joli
1951 4800 2070 4829 garçon
2104 4791 2138 4821 12
2164 4801 2233 4830 ans,
2251 4792 2347 4825 affec¬

1457 4838 1582 4867 tueuse,
1595 4837 1693 4872 ayant
1715 4835 1771 4864 des
1791 4833 1975 4869 infirmités,
1995 4831 2125 4862 marche
2142 4833 2301 4874 béquilles
2317 4836 2348 4862 et

1457 4873 1644 4910 dillormite,
1662 4873 1741 4905 n’est
1758 4882 1813 4911 pas
1828 4876 2017 4910 impotente,
2034 4872 2139 4903 désire
2157 4873 2256 4904 union
2273 4879 2348 4905 avec

1460 4922 1618 4952 personne
1637 4914 1774 4943 serieuse
1788 4916 1885 4951 ayant
1901 4913 2044 4945 fortune.
2073 4929 2102 4934 —
2125 4912 2264 4945 N'4526.

1505 4962 1591 4997 Veuf,
1609 4962 1646 4991 46
1668 4970 1738 4998 ans,
1763 4961 1913 4994 situation
1930 4963 1966 4991 2o
1986 4962 2003 4991 à
2024 4961 2142 4991 4o.ooo
2158 4961 2196 4991 fr.
2224 4968 2281 4997 par
2296 4967 2350 4995 an,

1462 5001 1634 5032 recherche
1658 5002 1844 5032 demoiselle
1858 5010 1897 5031 ou
1912 5010 2010 5032 veuve
2026 5001 2222 5031 affectueuse
2241 5000 2346 5037 dispo-

1464 5051 1549 5079 posai
1565 5043 1577 5071 t
1597 5042 1636 5070 de
1654 5041 1710 5071 loo
1733 5042 1748 5070 à
1768 5042 1784 5067 2
1788 5050 1897 5071 oo.ooo
1915 5041 1955 5072 fr.
1979 5049 2060 5080 pour
2074 5046 2267 5075 commerce,
2299 5038 2350 5068 fils

1462 5082 1498 5112 2o
1518 5089 1576 5111 ans
1588 5084 1687 5119 ayant
1704 5082 1808 5111 même
1828 5082 1995 5112 situation.
2017 5096 2045 5101 —
2067 5079 2109 5111 N*
2130 5078 2216 5108 4527.

1506 5130 1755 5162 Fonctionnaire
1774 5132 1892 5164 Maroc,
1922 5131 1998 5160 ville
2026 5127 2187 5166 agréable,
2217 5125 2253 5156 32
2282 5135 2352 5164 ans,

1466 5173 1658 5208 affectueux,
1686 5171 1840 5202 situation
1856 5169 2014 5205 6.7oofr.,
2033 5167 2213 5207 épouserait
2231 5167 2354 5198 demoi¬

1468 5214 1545 5245 selle
1567 5220 1607 5244 ou
1624 5219 1724 5242 veuve
1740 5219 1815 5242 avec
1825 5220 1864 5242 ou
1882 5219 1956 5248 saps
1973 5209 2083 5241 enfant
2100 5211 2197 5247 ayant
2210 5208 2300 5239 avoir
2315 5217 2354 5240 eu

1470 5255 1615 5295 rapport.
1643 5252 1717 5285 Très
1740 5252 1878 5283 sérieux.
1904 5267 1937 5275 —
1962 5250 2000 5284 N'
2022 5247 2115 5282 4529,

2389 1328 2482 1367 Veuf,
2506 1338 2580 1359 sans
2616 1328 2737 1365 enfant,
2770 1328 2805 1358 5o
2832 1337 2903 1367 ans,
2954 1329 3137 1367 paraissant
3173 1329 3246 1367 plus

2349 1369 2454 1409 jeune,
2474 1370 2569 1406 brun,
2591 1370 2812 1408 propriétaire,
2827 1370 2910 1400 belle
2927 1370 3096 1405 situation,
3111 1370 3246 1408 épouse¬

2351 1410 2411 1440 rait
2432 1418 2590 1447 personne
2605 1408 2639 1436 33
2655 1412 2670 1440 à
2688 1409 2726 1440 4o
2742 1418 2800 1441 ans
2821 1418 2895 1440 sans
2912 1409 3023 1440 enfant
3039 1418 3079 1441 ou
3105 1418 3147 1441 un
3164 1412 3246 1441 seul.

2350 1467 2387 1472 —
2412 1450 2435 1480 N
2446 1459 2451 1464 4
2474 1450 2559 1481 453o.

2390 1499 2493 1530 Jeune
2516 1499 2593 1535 fille,
2607 1499 2644 1529 24
2657 1507 2727 1535 ans,
2744 1499 2940 1539 catholique,
2959 1498 3155 1536 distinguée,
3171 1498 3251 1538 jolie

2352 1540 2482 1574 blonde,
2496 1540 2709 1576 musicienne,
2723 1548 2797 1570 sans
2809 1539 3141 1578 fortune,épouserait
3159 1548 3249 1570 mon¬

2352 1580 2440 1609 sieur
2461 1578 2497 1610 30
2526 1579 2541 1610 à
2571 1582 2608 1610 4o
2625 1588 2695 1616 ans,
2719 1579 2895 1619 distingué,
2914 1580 2994 1611 belle
3017 1579 3190 1611 situation.
3214 1596 3248 1604 —

2355 1620 2395 1651 N’
2416 1617 2500 1650 453l.

2392 1668 2599 1706 Célibataire,
2629 1668 2667 1699 49
2699 1677 2770 1706 ans,
2802 1673 3094 1708 ex-commerçant,
3128 1672 3249 1703 rentes,

2353 1711 2465 1740 10.000
2487 1708 2527 1740 fr.
2555 1709 2655 1746 avoir,
2686 1711 2793 1748 espoir
2813 1710 2852 1740 de
2879 1711 2936 1746 les,
2949 1711 3015 1741 voir
3046 1715 3248 1750 augmenter,

2354 1750 2539 1788 épouserait
2554 1750 2741 1781 demoiselle
2756 1759 2796 1781 ou
2814 1757 2914 1781 venve
2930 1760 3006 1782 sans
3022 1751 3208 1789 enfant,âge
3220 1754 3251 1781 et

2353 1790 2481 1821 fortune
2497 1798 2536 1820 en
2561 1793 2702 1829 rapport.
2721 1806 2758 1812 —
2775 1790 2800 1822 N
2809 1800 2814 1805 -
2837 1791 2928 1822 4532.

2393 1840 2495 1869 Jeune
2536 1839 2676 1870 homme.
2712 1837 2748 1870 36
2771 1848 2841 1877 ans,
2879 1840 2952 1872 bien
2985 1840 3249 1880 physiquement,

2354 1878 2465 1916 blond,
2484 1879 2661 1918 distingué,
2679 1880 2851 1917 musicien,
2880 1880 2937 1912 loo
2945 1889 3018 1912 .000
3041 1881 3095 1918 fr.,
3123 1882 3252 1912 recher¬

2354 1921 2413 1951 che
2432 1920 2631 1950 musicienne
2654 1920 2744 1958 jolie.
2768 1936 2802 1942 —
2826 1920 2867 1952 N'
2894 1921 2978 1952 4534.

2395 1969 2497 2000 Jeune
2515 1968 2645 1999 homme
2662 1968 2827 2004 Tunisien,
2847 1969 2881 2000 21
2901 1978 2971 2007 ans,
2993 1969 3077 2001 belle
3095 1970 3253 2001 situation

2356 2010 2395 2040 de
2418 2009 2557 2044 fortune,
2590 2009 2728 2040 15o.ooo
2756 2009 2806 2048 fr.,
2840 2013 3047 2048 épouserait.
3061 2011 3252 2041 demoiselle

2359 2053 2456 2089 ayant
2472 2049 2612 2085 fortune,
2632 2049 2665 2080 17
2682 2049 2699 2080 à
2716 2049 2755 2080 23
2775 2059 2844 2081 ans.
2863 2050 2997 2082 Joindre
3020 2051 3116 2090 photo
3132 2053 3158 2082 si
3178 2060 3251 2091 pos¬

2359 2091 2455 2121 sible.
2476 2105 2513 2112 —
2530 2090 2570 2120 N*
2596 2089 2686 2120 4536.

2398 2139 2567 2173 Tunisien,
2605 2138 2641 2169 22
2672 2147 2741 2176 ans,
2763 2139 2870 2171 bonne
2907 2141 3076 2177 situation,
3109 2142 3252 2176 sérieux,

2358 2181 2543 2218 épouserait
2560 2180 2748 2210 demoiselle
2769 2189 2810 2212 ou
2832 2189 2930 2212 veuve
2948 2191 3023 2212 sans
3040 2182 3163 2220 enfant,
3186 2182 3220 2212 17
3235 2184 3254 2212 L

2357 2220 2393 2250 26
2405 2229 2475 2255 ans,
2490 2229 2566 2251 avec
2581 2228 2622 2251 ou
2643 2229 2718 2251 sans
2732 2221 2797 2257 dot,
2817 2230 2897 2260 pour
2909 2220 3036 2253 habiter
3053 2223 3194 2254 Tunisie.
3221 2236 3256 2244 —

2360 2261 2400 2290 N-
2419 2261 2486 2291 457.

2399 2310 2500 2340 Jeune
2518 2310 2658 2345 homme,
2685 2309 2724 2341 3o
2749 2319 2819 2346 ans,
2840 2312 3038 2343 mécanicien
3062 2312 3191 2343 chemin
3215 2312 3254 2343 de

2359 2351 2418 2387 fer,
2437 2350 2590 2380 militaire
2605 2359 2645 2380 au
2660 2352 2777 2388 Maroc,
2798 2350 2901 2382 désire
2918 2353 3061 2392 mariage
3074 2362 3151 2384 avec
3159 2351 3256 2392 jeune

2360 2391 2425 2422 fille
2442 2390 2478 2419 22
2494 2390 2508 2420 à
2524 2390 2560 2420 26
2573 2398 2643 2421 ans.
2666 2406 2702 2412 —
2720 2390 2760 2421 N'
2783 2390 2873 2422 4539.

2403 2441 2499 2470 Dame
2517 2440 2682 2476 instruite,
2705 2441 2921 2479 musicienne,
2939 2442 3067 2480 parlant
3083 2443 3209 2481 anglais
3226 2444 3257 2472 et

2361 2480 2528 2519 espagnol,
2573 2481 2669 2519 goûts
2709 2481 2855 2519 simples,
2892 2481 3010 2512 femme
3053 2482 3256 2518 d’intérieur,

2361 2525 2479 2551 40.000
2500 2520 2544 2550 fr.
2566 2522 2657 2551 titres
2675 2524 2705 2551 et
2723 2522 2895 2560 propriété,
2913 2523 3098 2560 épouserait
3128 2523 3258 2553 retraité

2361 2570 2401 2592 ou
2425 2560 2677 2597 fonctionnaire,
2693 2560 2730 2590 49
2745 2561 2761 2591 à
2777 2562 2815 2592 55
2833 2571 2904 2593 ans.
2922 2579 2959 2583 —
2971 2561 3010 2593 N-
3031 2563 3116 2593 4541.

2403 2611 2540 2640 Docteur
2553 2610 2732 2648 médecine,
2744 2610 2867 2641 famille
2879 2611 3179 2648 honorable,désire
3193 2621 3257 2643 ma¬

2362 2651 2428 2681 rier
2438 2650 2533 2689 jeune
2550 2650 2613 2680 fille
2629 2649 2663 2677 25
2675 2651 3257 2688 ans,instruite,musicienne,femme

2362 2693 2405 2721 du
2424 2693 2551 2727 inonde,
2569 2698 2644 2720 avec
2670 2691 2825 2728 médecin,
2843 2691 3017 2730 ingénieur
3042 2701 3082 2723 ou
3099 2692 3243 2724 fonction

2363 2732 2465 2767 naire,
2482 2730 2591 2761 4o.ooo
2612 2730 2651 2760 fr.
2675 2746 2710 2753 —
2730 2731 2756 2761 N
2763 2739 2770 2748 -
2786 2731 2863 2762 4542
2867 2756 2872 2763 .

2404 2772 2520 2807 Veuve,
2548 2774 2585 2801 55
2614 2779 2684 2809 ans,
2707 2773 2867 2802 caractère
2886 2772 2956 2809 gai,
2975 2777 3072 2812 ayant
3100 2773 3257 2811 propriété

2362 2816 2392 2842 et
2408 2811 2601 2846 économies,
2622 2812 2634 2840 1
2645 2833 2652 2840 .
2660 2812 2679 2840 2
2681 2820 2718 2841 »o
2739 2813 2777 2841 de
2792 2815 2910 2849 rentes,
2928 2814 3053 2843 aimant
3064 2822 3256 2851 commerce,

2362 2851 2545 2890 épouserait
2567 2851 2715 2889 employé
2729 2851 2857 2882 chemin
2883 2852 2922 2882 de
2952 2853 3010 2887 fer,
3037 2852 3169 2890 rentier,
3189 2852 3226 2883 52
3243 2855 3258 2883 â

2361 2894 2394 2921 54
2411 2898 2480 2921 ans.
2502 2906 2539 2911 —
2556 2891 2599 2919 N-
2621 2881 2706 2923 45A.

2405 2938 2583 2973 Monsieur,
2602 2938 2639 2968 4o
2654 2945 2725 2975 ans,
2743 2937 2895 2977 honnête,
2915 2939 2988 2971 bien
3005 2949 3081 2972 sous
3098 2944 3170 2972 tous
3188 2949 3261 2979 rap¬

2367 2984 2465 3016 ports,
2496 2979 2681 3015 épouserait
2706 2979 2895 3009 demoiselle
2925 2989 2964 3010 ou
2989 2989 3089 3011 veuve
3107 2981 3259 3017 honnête,

2366 3018 2582 3052 travailleuse,
2600 3021 2696 3057 ayant
2712 3018 2883 3049 situation.
2905 3035 2941 3041 —
2959 3019 2982 3049 N
2989 3028 2994 3034 -
3013 3021 3100 3051 4544-

2342 3084 2346 3109 l
2408 3068 2539 3099 Facteur
2568 3067 2711 3106 algérien
2743 3067 2827 3104 veuf,
2859 3077 2935 3101 sans
2964 3069 3088 3106 enfant,
3120 3069 3155 3100 47
3187 3078 3256 3104 ans,

2341 3113 2346 3127 '
2367 3108 2472 3139 désire
2490 3109 2675 3139 demoiselle
2691 3116 2732 3138 ou
2746 3116 2846 3139 veuve
2858 3118 2933 3139 saos
2946 3109 3069 3146 enfant,
3087 3113 3184 3149 ayant
3203 3111 3259 3141 dot

2367 3158 2406 3179 ou
2423 3149 2582 3179 situation
2613 3157 2651 3178 en
2676 3152 2829 3187 rapport.
2847 3165 2883 3171 —
2902 3149 2926 3180 N
2936 3158 2942 3164 -
2967 3149 3039 3181 454.

2343 3195 2349 3232 I
2407 3198 2501 3235 Veuf,
2524 3198 2565 3228 29
2581 3206 2649 3232 ans,
2666 3205 2786 3236 garçon
2801 3196 2818 3224 4
2833 3206 2904 3236 ans,
2918 3199 3119 3237 agriculteur
3136 3199 3260 3237 propri¬

2367 3239 2468 3269 étaire
2501 3237 2538 3268 5a
2543 3247 2612 3268 .000
2635 3238 2692 3274 fr.,
2726 3241 2928 3277 espérances,
2960 3240 3159 3278 catholique,
3189 3240 3258 3270 ins-

2369 3279 2527 3318 telligeul,
2556 3279 2719 3309 caractère
2741 3280 2838 3316 doux,
2864 3280 3049 3318 épouserait
3073 3279 3262 3310 demoiselle

2343 3331 2348 3349 !
2368 3319 2402 3346 25
2417 3321 2432 3349 à
2445 3318 2480 3345 35
2495 3328 2564 3355 ans,
2583 3322 2676 3359 ayant
2695 3320 2760 3349 dot.
2780 3335 2814 3340 —
2833 3319 2872 3349 N-
2894 3318 2980 3349 4546.

2345 3356 2349 3369 '
2410 3369 2611 3404 Demoiselle,
2628 3368 2664 3398 39
2687 3376 2757 3402 ans,
2780 3368 2933 3405 sérieuse,
2951 3369 3093 3400 désirant
3119 3378 3153 3400 se
3173 3371 3264 3400 créer

2369 3409 2539 3445 intérieur,
2553 3410 2736 3448 épouserait
2750 3408 2847 3448 jeune
2860 3409 2989 3440 homme
3006 3410 3148 3446 sérieux,
3164 3409 3264 3449 préfé¬

2369 3458 2462 3480 rence
2477 3451 2550 3480 veut
2567 3457 2641 3480 avec
2655 3449 2767 3480 enfant
2783 3451 2797 3480 à
2815 3449 2872 3489 qui
2889 3450 2949 3480 elle
2965 3451 3140 3482 donnerait
3161 3451 3263 3482 soins.

2347 3500 2350 3504 •
2370 3505 2406 3511 —
2426 3490 2447 3519 N
2458 3498 2463 3504 -
2485 3488 2566 3518 4517,

2345 3521 2351 3585 j
2411 3537 2612 3574 Célibataire,
2641 3537 2680 3568 34
2696 3546 2766 3575 ans,
2791 3538 2897 3570 bonne
2919 3540 3105 3578 éducation,
3124 3540 3264 3571 mécani¬

2370 3581 2439 3613 cien
2453 3580 2609 3617 ajusteur,
2626 3578 2717 3610 avoir
2736 3579 2840 3618 lo.ooo
2857 3581 2910 3617 fr.,
2926 3582 3112 3619 épouserait
3137 3581 3264 3612 demoi¬

2370 3621 2448 3652 selle
2465 3619 2625 3657 agréable,
2641 3621 2754 3656 douce,
2773 3622 2828 3650 dot
2856 3619 2892 3651 3„
2914 3620 2929 3651 à
2952 3624 3061 3652 4o.ooo
3091 3621 3134 3652 fr.
3155 3638 3192 3643 —
3227 3621 3264 3651 N'

2370 3661 2451 3689 4548.

2412 3699 2517 3730 Veuve
2548 3708 2622 3730 sans
2659 3699 2780 3736 enfant,
2812 3699 2848 3730 4o
2878 3709 2946 3734 ans,
2977 3701 3183 3738 affectueuse,
3215 3702 3265 3731 sé¬

2372 3740 2490 3775 rieuse,
2522 3745 2619 3778 ayant
2647 3749 2827 3771 commerce
2863 3745 2893 3771 et
2924 3746 3042 3778 rentes,
3080 3742 3267 3781 épouserait

2372 3779 2539 3810 monsieur
2554 3781 2611 3818 âge
2625 3783 2656 3810 et
2671 3780 2828 3811 situation
2843 3789 2882 3811 en
2900 3785 3048 3820 rapport.
3067 3798 3103 3804 —
3121 3783 3158 3813 N’
3178 3783 3263 3812 4549.

2413 3831 2446 3859 Je
2467 3829 2573 3859 désire
2587 3831 2820 3867 correspondre
2836 3838 2914 3860 avec
2929 3829 3025 3869 jeune
3042 3832 3171 3861 homme
3187 3839 3266 3869 gen¬

2372 3871 2506 3906 tleman,
2537 3870 2697 3899 caractère
2742 3870 2842 3909 doux,
2882 3872 3046 3909 éloquent,
3084 3872 3264 3910 poqulaire,

2373 3912 2461 3941 étant
2477 3908 2573 3947 jeune
2589 3917 2689 3939 veuve
2701 3909 2740 3939 de
2755 3918 2881 3948 guerre,
2898 3913 3001 3941 active
3017 3915 3265 3947 commerçante,

2373 3952 2479 3981 bonne
2495 3950 2679 3985 éducation,
2699 3953 2886 3987 présentant
2908 3951 2994 3988 bien,
3021 3952 3266 3990 sympathique,

2373 3991 2579 4023 affectueuse,
2610 3997 2642 4018 se
2662 3990 2847 4021 dévouerait
2874 3991 2891 4020 à
2918 3993 3020 4030 grand
3047 3995 3269 4027 commerçant

2374 4031 2455 4061 assis
2472 4032 2552 4060 dans
2579 4029 2653 4059 ville
2683 4038 2764 4068 pour
2780 4030 3014 4063 collaboration
3034 4032 3191 4063 sérieuse.
3232 4046 3269 4052 —

2376 4072 2416 4101 N°
2431 4071 2519 4101 455o.

2417 4111 2626 4141 Conducteur
2651 4111 2687 4140 de
2718 4113 2864 4150 travaux,
2891 4111 2928 4142 46
2950 4120 3020 4147 ans,
3040 4112 3120 4142 belle
3137 4111 3209 4141 ville
3227 4110 3270 4142 du

2376 4151 2497 4183 littoral
2521 4150 2697 4186 marocain,
2733 4148 2918 4189 épouserait
2944 4161 3105 4191 personne
3136 4152 3272 4182 sachant

2378 4192 2463 4224 tenir
2476 4191 2633 4221 intérieur
2649 4194 2679 4221 et
2701 4191 2758 4230 qui
2776 4199 2837 4222 vou
2846 4192 2925 4223 irait
2946 4192 3074 4223 habiter
3098 4192 3215 4229 Maroc,
3235 4191 3273 4222 38

2378 4232 2393 4264 à
2410 4234 2444 4263 45
2459 4240 2528 4262 aus.
2546 4247 2581 4253 —
2602 4231 2625 4261 N
2632 4239 2638 4246 1
2656 4230 2738 4262 455t.

2421 4285 2611 4317 Demoiselle
2627 4285 2866 4321 alsacienne,37
2877 4293 2948 4322 ans,
2962 4286 3160 4325 catholique,
3170 4285 3275 4317 bonne

2380 4327 2516 4362 famille,
2538 4325 2656 4355 femme
2684 4325 2886 4360 d’intérieur,
2914 4332 3011 4364 ayant
3044 4331 3121 4364 peut
3139 4329 3230 4357 avoir
3246 4332 3276 4358 et

2382 4368 2551 4400 intérieur,
2575 4366 2681 4395 desire
2710 4366 2853 4403 mariage
2882 4373 2959 4397 avec
2997 4367 3161 4398 monsieur
3177 4373 3277 4407 ayant

2383 4409 2489 4438 bonne
2505 4406 2673 4441 situation,
2696 4404 2731 4432 35
2745 4404 2761 4435 à
2777 4408 2811 4434 45
2826 4414 2895 4437 ans.
2914 4422 2949 4429 —
2968 4406 3006 4437 N-
3027 4407 3112 4438 4552.

2424 4457 2525 4487 Jeune
2545 4455 2685 4492 homme,
2709 4454 2773 4486 boa
2794 4456 2991 4494 catholique,
3019 4457 3129 4493 blond,
3147 4457 3189 4487 26
3206 4464 3276 4492 ans,

2384 4498 2510 4528 facteur
2527 4496 2708 4533 P.-L-M.,
2740 4496 2846 4526 désire
2867 4498 2967 4527 union
2991 4506 3066 4528 avec
3090 4496 3279 4526 demoiselle

2385 4547 2426 4568 ou
2444 4545 2543 4567 veuve
2559 4535 2745 4576 catholique
2757 4537 2956 4576 témoiguant
2971 4539 3136 4573 beaucoup
3152 4536 3279 4566 d’affec¬

2387 4578 2470 4608 tion.
2497 4593 2536 4597 —
2552 4575 2591 4606 N‘
2618 4576 2695 4605 4553.

2424 4627 2530 4659 Veuve
2552 4634 2628 4656 sans
2659 4626 2780 4662 enfant,
2803 4624 3020 4663 43ans,sârs
3043 4623 3184 4662 fortune,
3200 4624 3281 4656 fem¬

2389 4675 2440 4697 me
2482 4666 2682 4702 d’intérieur,
2709 4666 2895 4704 épouserait
2918 4664 3105 4694 célibataire
3134 4665 3208 4696 veuf
3240 4674 3282 4697 ou

2389 4709 2517 4737 divorcé
2530 4715 2606 4737 sans
2618 4706 2848 4744 enfant,ayant
2861 4705 3016 4735 situation
3028 4712 3068 4734 ou
3088 4708 3165 4743 petit
3178 4708 3282 4737 avoir.

2389 4764 2426 4770 —
2443 4747 2466 4779 N
2496 4747 2576 4776 4554.

2431 4784 2619 4824 Négociant,
2656 4785 2730 4815 veuf
2756 4792 2832 4815 sans
2862 4783 2984 4820 enfant,
3008 4787 3106 4823 ayant
3124 4785 3284 4817 situation

2391 4829 2531 4859 assurée,
2549 4825 2734 4862 épouserait
2744 4823 2931 4854 demoiselle
2947 4824 2983 4854 35
2997 4824 3012 4854 à
3029 4825 3064 4855 4o
3082 4834 3151 4864 ans,
3165 4826 3287 4856 femme

2391 4865 2593 4899 d’intérieur,
2617 4864 2691 4893 bien
2708 4872 2785 4894 sous
2801 4867 2873 4893 tous
2891 4868 3052 4902 rapports,
3071 4866 3286 4901 affectueuse,

2394 4904 2553 4943 physique
2566 4903 2728 4938 agréable.
2749 4902 2774 4932 N
2782 4911 2788 4918 1
2804 4903 2895 4934 4555.

2433 4953 2540 4983 Veuve
2556 4951 2792 4982 fonctionnaire
2808 4951 2892 4985 Etat.
2915 4952 2953 4983 54
2965 4955 3179 4992 ans,pension
3193 4960 3224 4987 et
3241 4965 3288 4994 pe¬

2394 4993 2432 5022 tit
2448 4992 2549 5030 avoir,
2567 5000 2642 5021 s-ans
2654 4991 2778 5029 enfant,
2793 5000 2808 5022 a
2826 4996 2916 5024 mant
2932 5000 3081 5034 voyages,
3099 4996 3286 5034 s’expatrie¬

2393 5033 2466 5069 rait,
2483 5032 2575 5062 ferait
2603 5033 2629 5062 le
2647 5031 2795 5064 bonheur
2810 5033 2886 5063 d'un
2912 5041 3129 5074 compagnon,
3158 5040 3289 5076 épouse¬

2397 5074 2455 5102 rait
2473 5073 2639 5103 monsieur
2655 5072 2794 5104 fortuné.
2811 5074 2850 5105 —
2866 5074 2890 5105 N
2900 5083 2906 5090 -
2927 5074 3019 5105 4556.

2436 5125 2625 5156 Célibataire
2643 5125 2692 5157 fils
2708 5126 2841 5168 unique,
2858 5126 2894 5159 36
2911 5137 2982 5164 ans,
2998 5128 3109 5169 blond,
3132 5132 3290 5163 situation

2397 5168 2438 5197 4o
2453 5174 2510 5198 uoo
2526 5166 2564 5201 fr,
2585 5167 2656 5205 plus
2673 5167 2782 5198 lS.ooo
2795 5168 2834 5199 fr.
2848 5169 3041 5201 association
3055 5174 3178 5210 grande
3197 5173 3293 5203 usine

2398 5210 2438 5238 de
2473 5206 2605 5248 rapport
2624 5206 2721 5240 8.000
2740 5208 2793 5242 fr..
2809 5210 2994 5249 épouserait
3023 5211 3142 5243 femme
3172 5213 3292 5254 hsqve,

2399 5248 2553 5282 situation
2572 5257 2610 5282 ea
2634 5254 2778 5293 rapport.
2798 5265 2835 5273 —
2862 5249 2902 5289 jS*
2923 5249 3011 5285 455?.
