3536 5552
1483 448 1584 498 PRIX
1636 461 1645 498 :
1706 449 1803 501 50
1860 452 2056 500 Centimes

2585 288 2613 325 1
2615 293 2643 313 er
2672 286 2907 331 Février
2947 294 3115 335 1923.

2620 392 2640 422 v
2651 380 2668 438 |
2768 382 2828 431 Y
2861 415 2874 422 -
2917 421 2936 424 -
2944 388 2983 430 J
2983 388 3132 442 âjY"
3140 406 3167 441 s

2779 433 2792 495 i
2823 439 2835 500 :
3063 453 3114 498 -v,
3174 441 3186 496 ;

390 592 1290 812 REVUE
1494 586 3146 828 MENSUELLE

663 848 853 905 Liste
884 848 1330 907 d’Annonces
1360 849 1934 910 Matrimoniales
1965 860 2032 911 et
2060 855 2507 917 d’Annonces
2537 862 2863 926 Diverses

396 941 529 981 (Fonds
568 941 613 973 de
650 950 876 981 commerce,
923 944 1115 984 industrie,
1154 946 1261 976 vente
1304 945 1572 984 d’immeubles,
1617 946 1785 986 location,
1824 947 2018 988 échange).
2127 949 2163 982 —
2266 950 2512 985 Paraissant
2548 954 2585 987 le
2622 956 2640 988 1
2647 962 2681 980 er
2713 956 2760 990 de
2803 960 2958 1004 chaque
2992 963 3106 996 mois.

542 1009 856 1051 I!Abonnement
871 1014 909 1050 et
927 1012 975 1051 de
995 1013 1045 1053 25
1065 1012 1193 1063 francs
1210 1024 1317 1063 pour
1334 1012 1360 1052 4
1379 1014 1496 1063 mois,
1519 1013 1570 1053 45
1590 1013 1715 1065 francs
1731 1026 1838 1065 pour
1853 1015 1883 1055 8
1899 1018 2001 1055 mois
2022 1020 2060 1056 et
2077 1017 2128 1057 65
2148 1017 2274 1071 francs
2288 1033 2395 1072 pour
2416 1023 2434 1061 1
2458 1036 2511 1062 an
2531 1025 2717 1067 donnant
2734 1028 2841 1070 droit
2860 1035 2884 1070 à
2904 1046 2982 1074 une

355 1078 587 1128 inscription
605 1079 781 1127 gratuite
800 1089 871 1118 sur
889 1091 953 1117 ma
974 1080 1075 1119 liste.
1101 1102 1140 1108 —
1160 1079 1229 1118 Les
1244 1091 1447 1119 annonces
1460 1082 1555 1119 sont
1573 1081 1621 1119 de
1641 1084 1779 1132 quatre
1798 1084 1927 1134 lignes
1946 1087 2177 1125 maximum.
2200 1087 2239 1133 —
2265 1087 2307 1134 Lit
2322 1088 2399 1147 ligne!
2414 1090 2624 1147 supplémentaire!
2640 1097 2692 1139 sont
2708 1099 2794 1152 payé»
2810 1099 2825 1143 à
2839 1098 2917 1145 raison
2934 1100 2960 1146 ie
2977 1101 2989 1147 3
3006 1101 3028 1148 lr
3052 1102 3075 1148 la
3090 1102 3165 1162 ligne.

856 1143 954 1175 Pour
984 1145 1191 1185 l’Etranger
1207 1157 1215 1175 :
1254 1145 1280 1176 4
1298 1146 1402 1184 mois,
1432 1143 1489 1176 30
1518 1145 1661 1178 francs.
1703 1165 1742 1169 —
1784 1148 1809 1178 8
1833 1149 1936 1188 mois,
1955 1148 2008 1181 50
2036 1150 2179 1183 francs.
2221 1170 2260 1175 —
2306 1154 2315 1185 I
2349 1163 2407 1193 an,
2435 1154 2488 1187 70
2516 1156 2658 1190 francs.

515 1210 695 1251 Adresser
715 1211 853 1252 Lettres
868 1215 904 1252 et
922 1213 1100 1253 Mandats
1119 1214 1141 1253 à
1161 1212 1268 1252 Mme
1295 1213 1425 1253 Veuve
1444 1213 1713 1263 CHABAUD,
1736 1214 1939 1256 Directrice
1967 1218 2015 1257 de
2043 1218 2076 1260 la
2104 1219 2243 1260 Revue
2270 1223 2501 1269 Mensuelle,
2536 1227 2594 1271 18,
2628 1228 2709 1269 Rue
2735 1228 3006 1284 Sainte-Croix,

1504 1282 1747 1325 Montélimar
1779 1283 1951 1336 (Drôme)

388 1385 479 1413 Notre
493 1395 590 1414 œuvre
604 1396 621 1414 a
635 1389 709 1421 pour
724 1386 771 1414 but
788 1387 820 1414 de
836 1388 919 1414 venir
931 1397 965 1415 en
980 1388 1045 1415 aide
1055 1398 1114 1416 aux
1117 1389 1253 1422 familles

352 1421 404 1457 qui
417 1421 544 1450 désirent
558 1422 666 1450 marier
682 1423 760 1449 leurs
775 1425 901 1457 enfants,
918 1433 979 1451 aux
995 1433 1101 1451 veuves
1115 1425 1166 1459 qui
1181 1434 1251 1452 vou¬

352 1457 466 1484 draient
479 1466 509 1485 se
524 1458 673 1491 remarier,
690 1467 749 1486 aux
778 1459 928 1494 orphelins
958 1463 984 1487 et
1012 1469 1072 1486 aux
1100 1461 1253 1487 messieurs

352 1492 403 1528 qui
417 1496 516 1520 rêvent
530 1494 563 1520 de
577 1503 608 1521 se
615 1494 722 1528 fonder
736 1503 776 1521 un
783 1496 882 1530 foyer,
897 1504 951 1521 une
959 1495 1090 1529 famille.

386 1527 478 1556 Notre
492 1538 590 1557 œuvre
603 1539 668 1557 sera
687 1532 852 1566 approuvée
870 1533 925 1565 par
939 1535 1005 1559 tous
1035 1541 1085 1558 nos
1113 1531 1249 1561 abonnés,

354 1564 501 1599 lorsqu'ils
516 1569 638 1593 sauront
650 1565 737 1600 qu'ils
752 1569 878 1600 peuvent
893 1571 1010 1594 trouver
1035 1569 1124 1603 grâce
1140 1570 1157 1593 à
1173 1572 1252 1594 notre

351 1609 501 1633 concours,
519 1601 545 1627 le
560 1610 661 1636 moyen
675 1601 708 1628 de
722 1602 864 1629 semarier
876 1603 957 1629 selon
969 1603 1046 1630 leurs
1060 1606 1158 1638 goûts,
1174 1603 1252 1630 leurs

353 1645 421 1663 vues
437 1640 462 1662 et
476 1636 556 1664 selon
572 1636 636 1663 leur
650 1637 807 1664 condition.

386 1670 470 1699 Nous
484 1672 585 1706 prions
599 1673 641 1699 les
656 1672 757 1700 Dames
772 1677 799 1699 et
813 1674 855 1700 les
869 1672 1028 1701 Messieurs
1051 1674 1086 1701 de
1105 1683 1178 1702 nous
1201 1683 1250 1701 en¬

353 1716 440 1742 voyer
456 1708 483 1734 le
497 1708 564 1743 plus
578 1707 730 1736 d’abonnés
745 1709 882 1742 possible,
899 1707 959 1745 afin
974 1718 1027 1744 que
1047 1713 1126 1737 notre
1154 1719 1251 1737 œuvre

351 1743 551 1778 s’agrandisse
564 1748 591 1770 et
605 1743 701 1778 puisse
710 1747 765 1780 par
779 1753 811 1771 ce
824 1754 925 1779 moyen
932 1745 1072 1778 faciliter
1087 1745 1204 1773 nombre
1218 1745 1251 1771 de

353 1778 500 1814 mariages
514 1783 541 1806 et
548 1780 632 1812 faire
647 1779 675 1806 le
687 1780 756 1814 plus
779 1779 938 1807 d'heureux
952 1781 1090 1816 possible,
1104 1791 1157 1808 car
1183 1780 1251 1809 c'est

352 1823 408 1840 une
419 1813 510 1842 bonne
526 1815 622 1842 action
636 1824 691 1849 que
702 1825 773 1843 vous
781 1818 870 1852 fere\
897 1826 931 1843 en
959 1819 1141 1853 propageant
1171 1821 1252 1845 notre

351 1859 456 1882 œuvre,
473 1859 542 1878 vous
550 1860 620 1878 nous
640 1851 754 1886 aiderez
772 1851 851 1879 ainsi
866 1853 882 1878 à
897 1852 1062 1880 contribuer
1075 1862 1111 1880 au
1122 1853 1250 1881 bonheur

350 1885 398 1912 des
404 1886 543 1919 familles
554 1887 607 1921 qui
614 1886 741 1915 désirent
749 1891 868 1915 trouver
876 1898 918 1914 un
925 1891 1023 1924 époux
1031 1898 1069 1916 ou
1078 1898 1134 1916 une
1142 1892 1252 1925 épouse

351 1924 424 1956 pour
444 1922 522 1948 leurs
538 1924 660 1956 enfants,
680 1932 739 1950 aux
755 1932 860 1951 veuves
880 1934 920 1950 un
934 1924 1061 1958 soutien,
1092 1926 1108 1951 à
1127 1924 1247 1960 l'orphe¬

350 1957 394 1984 lin
409 1966 449 1983 un
454 1959 545 1993 foyer
559 1962 586 1985 et
600 1968 638 1984 au
652 1959 825 1986 relèvement
838 1959 872 1985 de
887 1960 918 1986 la
932 1959 1043 1987 France
1069 1960 1120 1995 qui
1147 1961 1248 1994 donne,

350 1995 404 2027 par
419 1993 460 2019 les
475 1994 619 2029 matiages
627 1994 760 2027 féconds,
775 1994 823 2022 des
838 1995 947 2022 soldats
962 1997 979 2022 à
996 1996 1025 2022 la
1040 1996 1143 2023 Patrie
1158 2000 1184 2023 et
1198 1996 1249 2032 qui

348 2030 411 2059 font
426 2028 472 2055 des
486 2030 602 2060 femmes
617 2029 650 2055 de
665 2029 769 2057 bonnes
781 2034 869 2057 mères
886 2031 918 2057 de
925 2031 1058 2064 famille.

385 2063 460 2091 C'est
476 2065 546 2091 dans
561 2073 592 2091 ce
607 2064 656 2092 but
671 2075 724 2100 que
740 2075 810 2093 nous
829 2075 919 2093 avons
926 2067 1020 2101 fondé
1036 2068 1066 2094 la
1082 2066 1095 2094 «
1111 2066 1248 2096 REVUE

349 2098 591 2128 MENSUELLE
607 2107 631 2127 ».

382 2134 469 2163 Nous
485 2144 519 2163 ne
532 2140 631 2163 tenons
645 2138 699 2171 pas
715 2146 770 2164 une
782 2146 893 2173 agence
905 2138 1118 2166 matrimoniale
1138 2143 1165 2165 et
1178 2148 1248 2166 nous

350 2180 383 2198 ne
398 2174 520 2204 prenons
534 2181 644 2199 aucune
659 2173 842 2200 commission
854 2182 904 2199 sur
921 2174 950 2200 la
969 2173 1023 2200 dot.
1060 2173 1145 2201 Voici
1172 2184 1248 2202 com¬

348 2210 422 2233 ment
438 2215 508 2235 nous
521 2207 676 2242 procédons
690 2219 696 2235 :

389 2241 466 2269 Vous
481 2252 552 2269 nous
570 2243 738 2278 indiquerez
750 2242 866 2271 d'abord
880 2248 961 2272 votre
974 2246 1042 2281 âge,
1059 2248 1139 2273 votre
1152 2246 1247 2273 situa-

349 2278 582 2312 tiondefortune,
591 2283 670 2306 votre
680 2280 853 2314 profession,
866 2280 1009 2313 votredot,
1018 2290 1067 2308 vos
1079 2285 1246 2316 espérances

348 2318 373 2340 et
387 2322 419 2340 ce
433 2324 486 2349 que
501 2315 571 2342 vous
598 2314 779 2342 désireet
807 2324 877 2342 nous
905 2326 975 2344 vous
1003 2317 1168 2344 inscrivons
1196 2326 1247 2345 sur

347 2353 428 2377 notre
442 2350 520 2383 liste,
529 2353 603 2384 pour
613 2359 633 2385 4
647 2352 731 2385 mois,
741 2350 763 2377 8
776 2352 848 2378 mois
864 2360 903 2379 ou
920 2362 931 2378 1
943 2361 991 2386 an,
1002 2355 1057 2387 par
1069 2362 1125 2380 une
1134 2362 1245 2380 annon¬

347 2394 378 2412 ce
392 2394 446 2419 que
452 2386 487 2421 je
494 2386 560 2420 fais
570 2386 732 2414 moi-méme
742 2391 767 2413 et
777 2396 848 2414 nous
859 2396 929 2414 vous
941 2388 1069 2415 donnons
1080 2398 1118 2416 un
1130 2392 1245 2416 numéro

338 2420 457 2453 faisant
475 2422 552 2449 suite
572 2424 589 2448 à
609 2425 682 2449 cette
698 2431 835 2450 annonce.
854 2421 930 2450 C’est
942 2427 997 2458 par
1010 2424 1038 2451 le
1051 2433 1153 2460 moyen
1167 2425 1200 2452 de
1214 2434 1246 2451 ce

346 2459 461 2483 numéro
486 2466 539 2493 que
563 2466 633 2485 vous
656 2461 767 2492 pouvez
789 2459 995 2493 correspondre
1022 2468 1092 2487 avec
1117 2464 1179 2488 tous
1203 2461 1244 2487 les

347 2491 472 2519 abonnés
486 2491 520 2520 de
535 2497 613 2520 notre
628 2493 704 2520 liste.

379 2527 508 2563 Lorsque
524 2538 594 2555 vous
608 2528 719 2556 désirez
733 2530 936 2564 correspondre
952 2539 1022 2557 avec
1033 2541 1071 2557 un
1087 2531 1194 2558 abonné
1218 2535 1244 2557 et

343 2572 396 2598 que
411 2572 481 2590 vous
496 2572 571 2599 ave%
584 2563 684 2591 choisi
696 2565 768 2592 dans
792 2565 822 2592 la
842 2564 968 2593 Revue
992 2565 1190 2595 Mensuelle
1217 2567 1245 2593 le

343 2599 424 2634 parti
437 2599 489 2634 qui
497 2608 566 2628 vous
573 2601 753 2635 plaîtleplus
767 2601 846 2628 voici
859 2605 998 2629 comment
1012 2603 1228 2637 vousprocédez
1236 2614 1243 2628 :

679 2666 870 2695 EXEMPLE
887 2680 894 2694 :

384 2721 500 2754 Jeune
514 2720 672 2761 homme,
696 2721 742 2754 30
761 2730 838 2760 ans,
861 2722 933 2754 très
961 2722 1056 2755 belle
1076 2721 1243 2757 situation

344 2764 432 2797 dans
452 2764 639 2804 industrie,
661 2769 807 2808 rapport
823 2766 865 2798 10
877 2766 895 2798 à
914 2766 1038 2799 12.000
1054 2767 1111 2807 fr.,
1125 2767 1242 2801 désire

343 2809 500 2850 mariage
521 2817 563 2841 en
585 2812 742 2851 rapport.
758 2827 802 2833 —
822 2809 942 2842 Ecrire
963 2811 1003 2841 N*
1029 2811 1062 2842 2.

518 2861 564 2884 ou

384 2895 597 2930 Demoiselle
623 2896 666 2929 25
702 2906 779 2939 ans,
815 2897 983 2931 situation
1018 2898 1061 2931 de
1100 2900 1240 2933 fortune

339 2940 465 2974 25.000
484 2940 615 2981 francs,
631 2944 700 2974 etc.
723 2960 765 2965 —
784 2940 908 2975 Ecrire
922 2943 964 2975 N*
988 2944 1021 2976 4.

383 3007 483 3040 Vous
494 3006 544 3040 lui
554 3006 690 3041 écrivez
704 3009 932 3042 vous-même
945 3018 992 3043 ou
1009 3010 1111 3043 faites
1124 3010 1239 3044 écrire

340 3060 404 3093 par
424 3052 618 3094 quelqu’un
647 3053 692 3085 de
719 3056 818 3086 votre
843 3053 992 3094 famille,
1021 3064 1065 3088 en
1096 3054 1240 3097 signant

340 3096 383 3129 de
404 3099 501 3129 votre
519 3096 680 3137 numéro,
697 3100 733 3130 et
747 3106 835 3130 vous
850 3101 977 3131 mettez
991 3107 1052 3131 sur
1068 3098 1238 3133 l’adresse

339 3140 507 3174 cachetée
524 3144 557 3173 et
567 3141 714 3174 timbrée
728 3141 760 3174 le
775 3141 924 3175 numéro
937 3143 980 3175 de
995 3143 1028 3176 la
1042 3152 1235 3186 personne,

339 3185 527 3218 deuxième
547 3185 756 3229 enveloppe,
778 3195 866 3219 avec
885 3196 944 3220 ces
956 3189 1129 3231 quelques
1146 3192 1237 3222 mots

339 3238 400 3261 sur
410 3238 479 3262 une
490 3233 588 3263 carte
602 3238 646 3263 ou
661 3240 706 3262 un
720 3231 806 3263 bout
816 3232 860 3264 de
869 3231 994 3274 papier
1002 3232 1093 3265 ainsi
1103 3233 1234 3266 libellé:

340 3284 357 3303 «
376 3274 555 3306 Monsieur
571 3284 616 3307 ou
631 3275 809 3315 Madame,
821 3285 866 3308 ou
880 3275 1148 3310 Mademoiselle
1161 3279 1233 3311 X...

338 3317 451 3360 (votre
475 3327 557 3351 nom
573 3322 609 3352 et
628 3323 727 3352 votre
746 3319 912 3363 numéro)
926 3320 1000 3363 prie
1020 3322 1182 3355 Madame
1201 3323 1237 3355 la

339 3362 529 3396 Directrice
550 3364 593 3396 de
610 3363 642 3396 la
659 3364 777 3397 Revue
786 3365 829 3397 de
851 3364 938 3397 faire
960 3366 1123 3407 parvenir
1143 3369 1235 3399 cette

337 3407 440 3440 lettre
456 3407 475 3439 à
495 3408 543 3440 tel
563 3408 713 3441 numéro
733 3420 752 3439 »
769 3412 804 3441 et
819 3417 907 3441 vous
926 3409 1094 3443 cachetez
1110 3413 1144 3443 et
1155 3411 1234 3444 tim¬

336 3451 418 3484 brez
445 3454 537 3484 cette
572 3453 761 3485 deuxième
792 3454 988 3496 enveloppe
1023 3455 1043 3487 à
1079 3455 1234 3497 laquelle

336 3504 423 3528 vous
445 3499 569 3529 mettez
587 3505 668 3529 mon
692 3497 849 3535 adresse,
871 3500 906 3530 et
930 3498 1079 3531 aussitôt
1112 3508 1231 3540 reçue,

336 3538 370 3576 je
389 3539 503 3573 défais
518 3541 553 3572 la
581 3540 758 3583 première
784 3542 993 3584 enveloppe,
1025 3542 1171 3585 j’efface
1199 3543 1233 3576 le

336 3584 485 3617 numéro
506 3585 550 3617 de
572 3586 603 3617 la
624 3585 812 3618 deuxième
833 3589 867 3618 et
888 3590 978 3618 mets
999 3586 1168 3621 l’adresse
1189 3588 1232 3621 de

333 3628 367 3661 la
388 3637 564 3670 personne
580 3632 614 3662 et
632 3629 821 3672 réexpédie
837 3630 872 3662 la
888 3631 1002 3663 lettre.
1025 3632 1122 3664 Vous
1140 3641 1231 3673 pou¬

335 3682 394 3705 vez
410 3674 670 3715 correspondre
684 3682 773 3706 avec
783 3677 863 3706 tous
883 3683 947 3706 nos
969 3675 1127 3708 abonnés
1150 3685 1232 3709 sans

335 3726 420 3750 vous
437 3717 525 3750 faire
541 3720 740 3751 connaître.
779 3718 825 3751 Ce
859 3718 949 3751 n’est
981 3728 1049 3760 que
1088 3719 1231 3764 lorsque

332 3770 421 3794 vous
438 3771 545 3794 aurez
564 3762 628 3795 fait
646 3766 746 3795 votre
764 3761 885 3801 choix,
920 3772 991 3805 que
1027 3773 1116 3796 vous
1142 3775 1231 3798 vous

334 3805 470 3839 donnez
492 3806 762 3839 mutuellement
780 3810 877 3839 votre
898 3806 1069 3841 véritable
1085 3809 1229 3842 adresse

332 3854 367 3883 et
386 3859 455 3891 que
490 3859 575 3883 vous
615 3859 702 3883 vous
741 3849 912 3892 ménagez
951 3860 1020 3884 une
1059 3856 1228 3887 entrevue

330 3902 422 3937 pour
438 3893 582 3928 décider
601 3895 645 3927 de
662 3897 759 3927 votre
781 3897 866 3927 sort.

368 3960 407 3987 Le
421 3960 492 3995 prix
505 3960 539 3987 de
550 3965 629 3988 notre
643 3960 831 3988 abonnement
845 3965 886 3987 est
899 3961 931 3987 de
946 3964 983 3995 25
988 3964 1033 3996 fr.
1049 3966 1122 3998 pour
1129 3973 1148 3998 4
1157 3965 1229 3992 mois

329 4005 368 4031 45
375 3998 403 4029 f
397 4006 412 4021 r
415 4017 421 4023 -
436 3999 508 4030 pour
521 3996 543 4022 8
555 3996 639 4027 mois;
654 3996 690 4029 65
699 3997 744 4029 fr.
759 3999 833 4030 pour
852 4006 863 4023 1
881 4006 928 4027 an,
945 4001 973 4024 et
988 4007 1058 4025 vous
1073 4008 1144 4026 avez
1153 4000 1229 4028 droit

331 4034 348 4058 à
363 4034 422 4058 être
436 4031 540 4058 inscrit
554 4032 761 4068 gratuitement
776 4041 826 4058 sur
841 4041 886 4058 ma
903 4032 979 4060 liste.

370 4066 449 4094 Vous
465 4075 559 4101 voye\
571 4066 689 4101 qu'avec
703 4071 777 4094 cette
791 4067 923 4102 modique
933 4077 1047 4101 somme,
1065 4078 1136 4097 vous
1151 4074 1225 4106 pou¬

329 4111 380 4130 vez
390 4111 460 4129 vous
476 4102 592 4135 marier,
605 4111 673 4128 sans
688 4103 772 4129 avoir
787 4105 804 4129 à
827 4105 928 4137 passer
956 4107 1010 4138 par
1026 4106 1073 4132 des
1102 4115 1226 4142 agences

327 4137 380 4173 qui
392 4147 424 4164 se
435 4140 499 4170 font
513 4147 611 4164 verser
623 4137 762 4164 d’avance
775 4138 809 4164 de
821 4145 935 4173 grosses
949 4141 1116 4174 provisions
1135 4146 1163 4169 et
1176 4143 1227 4177 qui

328 4176 500 4208 escomptent
514 4173 548 4199 de
561 4181 677 4209 grosses
694 4173 902 4207 commissions,
931 4178 1005 4210 pour
1027 4177 1170 4204 n’arriver
1199 4178 1226 4204 le

327 4210 395 4244 plus
409 4212 528 4236 souvent
543 4208 560 4234 à
574 4217 671 4235 aucun
683 4209 816 4236 résultat.
840 4208 925 4237 Nous
952 4211 1071 4239 n’avons
1100 4213 1164 4240 rien
1191 4213 1225 4239 de

327 4253 458 4272 commun
474 4253 545 4272 avec
559 4244 601 4271 les
616 4253 748 4279 agences,
766 4253 816 4271 car
832 4254 904 4272 nous
919 4255 953 4273 ne
968 4250 1091 4280 prenons
1113 4258 1225 4276 aucune

327 4280 509 4307 commission
523 4288 573 4306 sur
589 4279 619 4306 la
633 4279 690 4306 dot.
718 4278 762 4307 Un
792 4280 913 4307 modeste
939 4282 1126 4310 abonnement
1154 4294 1224 4312 nous

326 4325 366 4343 se-
375 4321 384 4341 1
399 4315 432 4342 de
442 4315 596 4350 paiemtnt.

363 4350 523 4386 Lorsqu’un
538 4349 646 4377 abonné
660 4349 727 4377 s'est
732 4348 834 4384 fiancé
848 4355 875 4378 et
886 4352 961 4386 qu’il
976 4353 1021 4380 n’a
1035 4353 1104 4388 plus
1124 4354 1224 4382 besoin

325 4386 359 4413 de
370 4390 448 4413 notre
458 4386 592 4420 reiyiefil
607 4394 677 4412 nous
689 4386 715 4412 le
726 4386 781 4416 fait
792 4388 891 4413 savoir
901 4386 960 4423 afin
973 4397 1026 4422 que
1037 4398 1106 4416 nous
1117 4400 1222 4425 rayons

324 4420 519 4454 son'ÿffhonce
529 4424 604 4455 pour
619 4430 653 4447 ne
664 4424 718 4455 pas
723 4421 808 4454 Jaire
822 4424 1026 4458 correspondre
1040 4425 1223 4453 inutilement

324 4467 375 4484 nos
389 4456 527 4484 abonnés.

363 4492 436 4520 Tout
450 4491 558 4519 abonné
572 4491 632 4518 doit
644 4491 783 4526 répondre
799 4495 815 4518 à
830 4495 921 4520 toutes
936 4494 978 4521 les
1002 4494 1100 4522 lettres
1111 4496 1163 4530 qui
1178 4496 1223 4524 lui

323 4532 384 4556 sont
400 4529 543 4555 adressées
558 4528 564 4561 ;
582 4528 611 4554 la
626 4527 762 4562 politesse
779 4527 895 4563 l’exige,
926 4538 960 4557 ne
967 4532 1085 4562 fussent
1112 4541 1165 4566 que
1175 4541 1220 4559 ces

321 4564 393 4592 trois
411 4574 446 4591 ou
457 4567 558 4599 quatre
572 4566 642 4590 mots
653 4562 659 4590 :
676 4562 795 4596 Inutile,
806 4568 868 4590 tous
882 4574 938 4592 mes
950 4571 1071 4601 regrets.
1084 4567 1114 4594 —
1126 4567 1155 4594 N
1160 4574 1165 4580 4
1170 4575 1220 4596 ...))

363 4638 461 4670 Pour
469 4639 593 4670 toutes
605 4637 857 4669 lesannonces
868 4638 1047 4678 ci-après,
1057 4641 1220 4674 s’adres¬

321 4696 387 4720 ser
404 4689 425 4719 à
451 4687 620 4719 Madame
637 4686 756 4718 Veuve
773 4685 988 4726 CHABAUD,
1011 4690 1218 4724 Directrice

320 4737 366 4769 de
381 4736 413 4768 la
436 4738 455 4755 “
474 4736 596 4768 Revue
615 4734 818 4767 Mensuelle

358 4868 471 4898 Veuve
488 4869 525 4897 43
541 4875 613 4899 ans,
627 4874 706 4896 sans
719 4865 846 4900 enfant,
863 4865 999 4896 fortune
1014 4868 1147 4899 300.000
1163 4873 1215 4907 tr.,

318 4914 465 4938 revenus
482 4906 593 4938 20.000
609 4905 649 4936 fr.
664 4913 726 4943 par
749 4913 804 4940 an,
827 4906 1026 4943 épouserait
1043 4911 1218 4941 monsieur

316 4949 418 4985 ayant
430 4947 514 4985 jolie
530 4946 692 4978 situation
709 4953 751 4976 ou
769 4945 917 4976 fortune.
934 4961 953 4968 -
969 4948 997 4977 N
1003 4954 1009 4962 -
1026 4948 1114 4979 2100.

355 5003 589 5034 Jeunefille29
604 5011 676 5040 ans,
694 5003 935 5041 représentant
952 5003 992 5034 de
1008 5012 1213 5042 commerce,

315 5045 419 5082 ayant
432 5044 620 5083 propriété,
637 5043 826 5074 cherchant
836 5042 1008 5080 affection,
1018 5052 1056 5073 se
1070 5043 1213 5077 dévoue¬

316 5083 382 5113 rait
410 5085 429 5113 à
451 5084 558 5120 grand
585 5083 699 5114 blessé
725 5084 764 5113 de
782 5090 919 5121 guerre,
944 5091 988 5113 ou
1004 5085 1022 5114 à
1040 5086 1214 5117 monsieur

314 5122 486 5160 distingué
514 5122 664 5160 fortuné,
694 5122 926 5154 recherchant
944 5123 1048 5163 appui
1063 5126 1182 5156 moral.
1198 5142 1212 5148 -

314 5163 355 5192 N-
373 5162 460 5191 4978.

1348 1396 1552 1428 Demoiselle
1575 1398 1613 1428 46
1643 1406 1715 1434 ans,
1746 1399 1952 1438 catholique,
1982 1401 2108 1433 famille
2137 1405 2208 1433 très

1306 1436 1508 1469 honorable,
1525 1440 1596 1467 très
1620 1438 1787 1475 sérieuse,
1817 1440 1908 1475 bien,
1938 1442 2062 1473 femme
2092 1441 2209 1474 d’inté¬

1308 1476 1414 1513 rieur,
1426 1477 1483 1507 dot
1491 1477 1603 1508 40.000
1614 1478 1667 1514 fr,,
1678 1480 1875 1518 épouserait
1886 1481 2044 1520 employé
2055 1482 2207 1518 sérieux,

1306 1519 1417 1556 poste,
1435 1517 1580 1554 douane,
1598 1519 1775 1555 P.-L.-M.,
1793 1520 2078 1560 administration,
2096 1523 2210 1554 même

1306 1558 1396 1588 veuf.
1413 1573 1432 1580 -
1447 1558 1475 1587 N
1482 1566 1488 1573 -
1504 1558 1593 1588 4931.

1345 1613 1453 1642 Jeune
1470 1610 1607 1642 homme
1619 1612 1660 1643 32
1674 1620 1747 1647 ans,
1764 1614 1959 1649 sud-ouest,
1985 1615 2037 1646 fils
2066 1616 2205 1655 unique,

1309 1651 1442 1681 300.000
1457 1650 1512 1686 fr.,
1529 1651 1629 1689 brun,
1639 1661 1700 1691 pas
1713 1654 1859 1691 fumeur,
1873 1656 2070 1693 épouserait
2081 1657 2207 1688 demoi¬

1307 1692 1392 1722 selle
1414 1699 1458 1721 ou
1480 1699 1592 1722 veuve
1620 1693 1788 1729 sérieuse,
1818 1695 1882 1734 âge
1910 1698 1944 1725 et
1970 1695 2133 1729 situation
2163 1707 2205 1728 en

1306 1733 1458 1771 rapport.
1475 1747 1494 1754 -
1510 1733 1549 1762 N'
1567 1732 1672 1764 5.004.

1346 1785 1602 1821 Ex-industriel,
1620 1786 1757 1817 divorcé
1786 1789 1804 1818 à
1830 1795 1889 1819 son
1919 1789 2033 1828 profit,
2063 1791 2101 1821 40
2131 1799 2203 1828 ans,

1305 1827 1413 1862 santé,
1431 1827 1621 1863 caractère,
1640 1827 1806 1866 physique
1824 1829 1995 1867 agréable,
2015 1831 2148 1861 110.000
2162 1832 2202 1862 fr.

1305 1869 1340 1896 et
1353 1865 1432 1895 villa
1447 1866 1559 1896 35.000
1575 1867 1628 1904 fr.,
1660 1869 1856 1906 épouserait
1868 1871 1975 1907 jeune
1992 1869 2061 1901 fille
2075 1871 2114 1901 25
2130 1880 2203 1909 ans,

1305 1905 1364 1936 dot
1376 1905 1491 1936 50.000
1505 1907 1546 1935 fr.
1562 1924 1601 1927 —
1616 1907 1656 1938 N-
1674 1907 1764 1938 5048.

1343 1961 1454 1990 Jeune
1470 1959 1607 1990 homme
1621 1960 1657 1991 21
1676 1968 1749 1997 ans,
1775 1961 1829 1992 fils
1852 1962 1991 2002 unique,
2009 1965 2203 2004 négociant,

1305 1998 1394 2029 belle
1411 2000 1572 2030 situation
1590 2002 1690 2040 après
1707 2002 1850 2038 service,
1878 2004 1972 2034 avoir
2002 2006 2132 2036 120.000
2147 2007 2202 2042 fr.,

1303 2039 1502 2078 épouserait
1513 2042 1619 2078 jeune
1633 2040 1703 2072 fille
1718 2042 1884 2078 sérieuse,
1897 2043 2010 2075 bonne
2026 2045 2201 2077 situation.

1303 2096 1341 2101 —
1356 2081 1397 2110 N-
1414 2080 1504 2110 5030.

1342 2133 1548 2164 Demoiselle
1581 2135 1622 2164 33
1661 2142 1735 2169 ans,
1777 2135 1984 2168 institutrice
2026 2139 2201 2177 publique,

1302 2172 1423 2208 brune,
1461 2174 1627 2212 physique
1663 2175 1835 2213 agréable,
1880 2180 2058 2209 caractère
2100 2179 2201 2217 doux,

1301 2214 1501 2246 épouserait
1530 2213 1781 2246 fonctionnaire
1810 2224 1854 2248 ou
1874 2218 2030 2257 employé
2048 2219 2089 2251 de
2105 2227 2201 2250 com¬

1303 2261 1429 2284 merce.
1448 2270 1484 2275 —
1501 2255 1529 2283 N
1536 2262 1542 2269 -
1558 2254 1649 2285 5079.

1341 2302 1543 2333 Célibataire
1553 2304 1592 2333 49
1601 2311 1673 2339 ans,
1686 2304 1798 2335 60.000
1814 2305 1853 2336 fr.
1872 2307 2080 2343 économies,
2097 2308 2200 2340 situa¬

1300 2341 1372 2373 tion
1403 2342 1515 2373 10.000
1542 2343 1582 2373 fr.
1619 2351 1681 2383 par
1709 2353 1764 2378 an,
1794 2346 1908 2376 désire
1936 2349 2088 2387 mariage
2117 2357 2200 2380 avec

1301 2382 1501 2413 demoiselle
1518 2390 1560 2414 ou
1578 2391 1685 2414 veuve
1702 2388 1800 2422 ayant
1815 2386 1926 2417 12.000
1936 2388 1975 2416 fr.
1990 2387 2033 2418 de
2045 2392 2143 2420 renie
2156 2398 2199 2420 ou

1300 2423 1505 2461 propriétés.
1522 2439 1541 2445 -
1554 2425 1595 2454 N-
1611 2424 1701 2455 5081.

1340 2471 1543 2502 Demoiselle
1571 2472 1611 2502 30
1635 2481 1708 2507 ans,
1746 2475 1886 2511 grande,
1930 2476 2030 2510 forte,
2074 2478 2197 2509 femme

1300 2510 1512 2547 d’intérieur,
1560 2512 1783 2548 musicienne,
1823 2514 1950 2546 famille
1992 2517 2194 2553 honorable,

1300 2550 1404 2584 aisée,
1436 2551 1492 2582 dot
1526 2552 1639 2583 30.000
1663 2552 1718 2587 fr.,
1762 2558 1968 2592 espérances
2010 2558 2194 2593 certaines,

1299 2592 1497 2630 épouserait
1511 2593 1689 2623 monsieur
1705 2593 1855 2631 sérieux,
1872 2596 2001 2632 grande
2019 2597 2192 2629 situation.

1298 2647 1315 2653 -
1330 2633 1372 2662 N-
1388 2631 1479 2662 5083.

1337 2682 1446 2711 Jeune
1461 2680 1598 2712 homme
1612 2681 1652 2711 30
1667 2689 1738 2718 ans,
1756 2682 1845 2714 belle
1866 2683 2204 2725 situatios^îçapital

1298 2720 1430 2751 100.000
1446 2721 1498 2757 fr.,
1517 2721 1631 2752 désire
1645 2722 1750 2753 union
1766 2731 1848 2754 avec
1870 2721 2080 2757 demoisèT^
2093 2716 2204 2775 mu«|

1297 2760 1419 2790 cienne
1436 2761 1476 2791 de
1492 2761 1707 2799 préférence,
1723 2762 1780 2792 dot
1795 2771 1836 2793 en
1854 2767 2003 2803 rapport.
2018 2783 2035 2788 -
2049 2767 2089 2797 N-
2104 2768 2138 2796 47
2143 2763 2202 2807 (M

1335 2809 1538 2838 Demoiselle
1548 2810 1588 2838 40
1599 2817 1671 2843 ans,
1684 2810 1761 2840 bien
1776 2819 1855 2841 sous
1870 2815 1946 2842 tous
1959 2813 2008 2843 les
2022 2819 2191 2853 rapports,

1298 2847 1459 2879 situation
1483 2848 1575 2879 7.000
1590 2848 1644 2884 fr.,
1671 2850 1868 2887 épouserait
1898 2853 2074 2884 monsieur
2102 2855 2193 2891 bien,

1296 2890 1398 2925 ayant
1413 2887 1573 2919 situation
1590 2895 1633 2919 ou
1650 2888 1797 2926 fortune,
1807 2891 1846 2921 40
1856 2892 1875 2921 à
1886 2891 1924 2922 50
1935 2900 2007 2923 ans.
2021 2910 2038 2916 -
2050 2894 2090 2924 N-
2101 2894 2191 2925 5086.

1333 2937 1451 2967 Veuve
1466 2937 1505 2966 48
1520 2945 1592 2973 ans,
1609 2944 1740 2969 revenu
1765 2939 1891 2971 annuel
1921 2941 2033 2972 10.000
2060 2943 2100 2973 fr.
2128 2944 2194 2981 joli

1294 2976 1474 3012 intérieur,
1491 2977 1604 3008 désire
1620 2977 1724 3008 union
1747 2987 1829 3010 avec
1856 2980 1992 3012 homme
2010 2983 2052 3013 du
2069 2984 2192 3015 monde

1294 3024 1373 3046 sans
1396 3017 1523 3052 enfant,
1552 3017 1665 3048 même
1693 3019 1768 3057 âge,
1798 3020 1961 3051 situation
1990 3026 2142 3063 rapport.
2172 3041 2191 3046 -

1293 3057 1334 3087 N-
1363 3056 1454 3088 5093.

1333 3106 1537 3137 Demoiselle
1554 3108 1592 3137 18
1607 3115 1678 3143 ans,
1692 3107 1789 3145 jolie,
1806 3108 1906 3145 forte,
1923 3110 2000 3141 bien
2016 3119 2096 3143 sous
2112 3115 2189 3144 tous

1293 3151 1464 3185 rapports,
1488 3146 1556 3178 fille
1583 3147 1721 3185 unique,
1753 3148 1889 3180 fortune
1918 3152 2019 3189 après
2047 3156 2190 3192 parents

1291 3185 1350 3216 500
1365 3185 1424 3216 000
1440 3186 1494 3222 fr.,
1512 3188 1710 3226 épouserait
1724 3188 1877 3224 docteur,
1895 3198 1937 3221 no
1956 3190 2039 3227 aire,
2057 3200 2100 3223 ou
2112 3201 2189 3231 pro¬

1290 3226 1456 3263 priétaire
1473 3228 1695 3264 agriculteur,
1726 3227 1856 3260 officier
1887 3237 1930 3260 ou
1960 3230 2153 3263 industriel.
2169 3250 2190 3256 -

1290 3265 1484 3297 S’adresser
1497 3269 1518 3297 à
1532 3267 1563 3297 la
1580 3267 1763 3297 directrice
1789 3270 1830 3299 de
1859 3270 1891 3301 la
1919 3273 2034 3302 Revue
2060 3272 2117 3311 qui
2145 3282 2188 3304 ne

1291 3311 1416 3336 mettra
1430 3314 1474 3336 en
1489 3311 1630 3347 rapport
1656 3315 1722 3345 que
1750 3309 1779 3338 si
1806 3313 1955 3348 proposé
1983 3313 2154 3343 convient.
2171 3329 2188 3336 -

1290 3345 1331 3375 N-
1349 3346 1438 3376 2651.

1330 3395 1536 3427 Demoiselle
1549 3397 1590 3426 40
1605 3404 1677 3432 ans,
1701 3396 1780 3427 bien
1796 3406 1876 3430 sous
1906 3401 1983 3430 tous
2014 3404 2185 3440 rapports,

1291 3437 1392 3472 ayant
1408 3436 1505 3466 avoir
1521 3441 1553 3466 et
1570 3439 1788 3476 espérances,
1807 3442 2088 3478 correspondrait
2104 3450 2187 3472 avec

1289 3476 1466 3505 monsieur
1493 3476 1633 3508 sérieux
1662 3480 1762 3515 ayant
1789 3478 1902 3509 bonne
1931 3480 2105 3512 situation.
2148 3499 2186 3503 —

1288 3514 1330 3545 N-
1345 3514 1437 3545 5099.

1328 3564 1566 3595 Sous-officier
1591 3566 1631 3596 de
1657 3565 1820 3598 carrière,
1850 3568 1889 3597 26
1916 3576 1989 3605 ans,
2020 3570 2186 3609 physique

1289 3604 1461 3641 agréable,
1477 3605 1676 3637 traitement
1691 3606 1783 3637 6.000
1798 3607 1852 3644 fr.,
1869 3610 2067 3646 épouserait
2077 3612 2186 3648 jeune

1288 3642 1355 3673 fille
1372 3645 1409 3674 17
1424 3645 1442 3674 à
1457 3645 1496 3675 23
1512 3653 1584 3682 ans,
1602 3646 1762 3676 situation
1779 3655 1821 3677 en
1838 3651 1988 3687 rapport.
2001 3666 2020 3672 -
2035 3650 2074 3680 N-
2093 3650 2182 3681 6002.

1325 3691 1528 3724 Célibataire
1554 3696 1595 3725 29
1622 3703 1694 3730 ans,
1730 3695 2044 3735 Alsacien-Lorain,
2090 3707 2183 3730 sous-

1286 3731 1419 3764 officier
1429 3734 1470 3764 de
1485 3735 1737 3772 gendarmerie,
1754 3736 1970 3773 cultivateur,
1987 3739 2095 3778 petite
2110 3739 2184 3770 for¬

1285 3774 1378 3806 tune,
1397 3773 1511 3804 désire
1527 3777 1678 3813 mariage
1694 3782 1776 3806 avec
1791 3777 1991 3808 demoiselle
2014 3787 2058 3810 ou
2074 3787 2182 3811 veuve

1285 3813 1452 3850 posédant
1467 3816 1642 3853 propriété
1658 3815 1819 3853 agricole.
1838 3832 1848 3839 -
1863 3817 1892 3847 N
1898 3825 1904 3831 -
1922 3818 2012 3848 6003.

1323 3862 1561 3894 Sous-officier
1591 3863 1806 3895 d'infanterie
1836 3866 2013 3905 coloniale,
2047 3869 2087 3899 26
2111 3876 2182 3899 ans.

1284 3899 1396 3932 bonne
1412 3902 1572 3933 situation
1591 3905 1631 3934 de
1647 3903 1784 3941 famille,
1800 3907 1995 3937 économies
2014 3908 2051 3937 10
2065 3908 2125 3939 000
2137 3910 2178 3939 fr.

1283 3941 1481 3979 épouserait
1523 3943 1721 3975 demoiselle
1751 3947 1916 3984 sérieuse,
1945 3947 2106 3979 situation
2137 3958 2178 3979 en

1282 3984 1434 4019 rapport.
1452 3998 1471 4005 -
1484 3984 1526 4013 N'
1542 3984 1631 4014 6004.

1321 4031 1429 4060 Jeune
1445 4031 1582 4062 homme
1606 4033 1645 4063 24
1661 4040 1732 4069 ans,
1749 4034 1867 4064 mntüé
1885 4035 1924 4064 de
1942 4044 2080 4072 guerre,
2098 4045 2179 4075 pen¬

1282 4067 1355 4098 sion
1371 4072 1533 4101 annuelle
1554 4072 1649 4103 3.500
1663 4073 1715 4109 fr.,
1730 4073 1787 4103 dot
1801 4074 1889 4105 8.000
1904 4074 1956 4112 fr.,
1982 4078 2180 4111 épouserait

1277 4109 1383 4145 jeune
1400 4109 1466 4141 fille
1482 4119 1526 4142 ou
1541 4121 1649 4143 veuve
1666 4121 1744 4143 sans
1761 4113 1908 4145 fortune.
1925 4132 1937 4137 -
1959 4117 1998 4146 N-
2017 4116 2104 4148 6005.

1320 4159 1521 4197 Ex-officier,
1547 4162 1588 4191 30
1609 4170 1678 4198 ans,
1696 4162 1818 4200 Légion
1847 4163 2047 4202 d’honneur,
2063 4165 2177 4197 indus¬

1279 4197 1368 4235 trie',
1396 4199 1509 4230 50.000
1524 4201 1563 4231 fr.
1579 4209 1642 4241 par
1655 4209 1708 4238 an,
1732 4206 1819 4240 auto,
1847 4205 2046 4241 épouserait
2069 4208 2177 4243 jeune

1280 4235 1349 4267 fille
1365 4238 1567 4278 distinguée,
1599 4241 1822 4279 musicienne,
1852 4244 2014 4275 situation
2036 4253 2079 4276 en
2095 4254 2176 4286 rap¬

1277 4280 1367 4314 port.
1383 4293 1403 4301 -
1417 4281 1457 4309 N'
1474 4281 1565 4312 6006.

1320 4328 1532 4366 Veuf44ans,
1543 4332 1610 4361 trô“
1623 4330 1642 4360 b
1656 4338 1734 4360 >nne
1744 4330 1882 4369 famille,
1901 4332 2036 4364 fortune
2050 4335 2175 4366 150.000

1277 4368 1330 4403 fr.,
1360 4368 1522 4400 situation
1563 4370 1707 4401 libérale
1734 4372 1753 4399 à
1768 4373 1869 4409 Lyon,
1907 4377 2048 4413 rapport
2061 4376 2175 4407 25.000

1277 4409 1318 4439 fr.
1347 4410 1544 4447 épouserait
1550 4418 1660 4441 veuve
1673 4417 1717 4440 ou
1727 4410 1935 4443 demoiselle,
1944 4413 2008 4451 âge
2016 4418 2049 4444 et
2064 4415 2174 4446 situa¬

1275 4448 1345 4479 tion
1361 4456 1405 4479 en
1418 4453 1568 4489 rapport.
1586 4467 1599 4473 -
1609 4452 1649 4482 N'
1665 4450 1755 4485 6007,

1313 4502 1449 4532 Officier
1477 4503 1518 4533 de
1546 4504 1730 4539 cavalerie,
1758 4508 1869 4536 comte
1886 4506 2119 4546 authentique,
2135 4509 2174 4537 42

1275 4550 1347 4579 ans,
1362 4543 1452 4574 3.000
1467 4542 1508 4572 fr.
1522 4544 1664 4581 pension
1678 4546 1713 4574 et
1727 4544 1889 4575 situation
1905 4546 2170 4585 indépendante,

1274 4582 1441 4622 physique
1469 4584 1540 4614 très
1567 4583 1737 4622 agréable,
1768 4585 1949 4622 distingué,
1974 4585 2110 4616 homme
2127 4586 2171 4616 du

1275 4624 1407 4658 monde,
1436 4623 1548 4653 désire
1577 4623 1728 4661 mariage
1758 4632 1839 4656 avec
1868 4626 1965 4655 dame
1981 4633 2026 4656 ou
2053 4633 2171 4662 veuve,

1275 4662 1386 4694 même
1403 4663 1496 4700 âgée,
1512 4665 1613 4701 ayant
1628 4663 1695 4693 dot.
1707 4664 1736 4693 N
1742 4672 1748 4678 -
1762 4665 1850 4694 6008.

1313 4712 1517 4742 Demoiselle
1533 4713 1571 4742 57
1588 4720 1660 4746 ans,
1678 4714 1774 4743 santé
1789 4712 1946 4752 parfaite,
1977 4714 2170 4752 paraissant

1273 4751 1311 4781 45
1326 4759 1399 4786 ans,
1416 4752 1617 4783 immeubles
1630 4752 1670 4781 de
1686 4752 1773 4789 prix,
1784 4761 1805 4791 g
1827 4759 1863 4784 os
1881 4756 2023 4791 rapport
2035 4756 2167 4791 argent,

1273 4795 1526 4828 commerçante
1553 4793 1594 4822 de
1622 4795 1755 4824 nature,
1782 4793 1978 4832 épouserait
1993 4792 2170 4824 monsieur

1273 4831 1355 4861 dans
1371 4832 1403 4861 le
1420 4838 1613 4863 commerce
1629 4839 1672 4861 ou
1689 4832 1830 4869 rentier,
1848 4833 2009 4864 situation
2027 4840 2069 4863 en
2087 4841 2167 4872 rap¬

1270 4874 1360 4908 port.
1376 4887 1388 4894 -
1404 4872 1443 4901 N-
1461 4872 1551 4901 6013.

1311 4920 1448 4956 Dactylo
1460 4921 1577 4949 25ans.
1589 4920 1942 4957 intelligente,femme
1960 4921 2168 4959 d’intérieur,

1271 4958 1383 4990 désire
1400 4960 1551 4998 mariage
1567 4968 1650 4991 avec
1671 4960 1900 4991 sous-officier
1913 4962 1955 4991 de
1970 4961 2123 4992 carrière
2139 4964 2168 4992 si

1271 4998 1429 5035 possible.
1448 5016 1463 5022 -
1480 5001 1521 5029 N-
1545 5000 1635 5029 6014.

1307 5049 1423 5077 Veuve
1448 5056 1526 5077 sans
1555 5048 1680 5083 enfant,
1709 5048 1748 5077 60
1763 5057 1832 5087 ans,
1848 5057 1892 5079 ne
1907 5050 1955 5080 les
1971 5050 2166 5089 paraissant

1268 5094 1339 5124 pas,
1352 5087 1465 5117 bonne
1481 5087 1674 5124 éducation,
1703 5089 1773 5118 très
1802 5090 2004 5128 distinguée,
2015 5090 2107 5121 6.000
2124 5090 2164 5119 fr.

1270 5129 1309 5156 de
1337 5129 1463 5163 rentes,
1492 5129 1691 5166 épouserait
1719 5129 1861 5161 rétraité
1890 5137 1933 5160 ou
1962 5131 2094 5161 rentier
2124 5130 2165 5160 de

1268 5165 1380 5196 bonne
1398 5167 1589 5198 éducation.
1602 5182 1620 5190 -
1636 5168 1676 5197 N.
1692 5166 1781 5198 6015.

2305 1398 2522 1435 Demoiselle,
2543 1401 2582 1430 39
2598 1408 2671 1437 ans,
2697 1402 2958 1443 fonctionnaire,
2984 1409 3094 1440 10.000
3122 1411 3163 1442 fr.

2266 1435 2583 1476 d’appointements,
2600 1441 2712 1473 bonne
2722 1443 2859 1483 famille,
2868 1446 3041 1485 instruite,
3061 1452 3166 1490 épou¬

2265 1479 2371 1507 serait
2387 1480 2563 1511 monsieur
2580 1480 2620 1512 de
2631 1483 2669 1511 45
2685 1484 2703 1513 à
2717 1484 2757 1514 50
2772 1492 2844 1521 ans,
2863 1487 3024 1519 situation
3038 1489 3118 1521 faite
3132 1495 3165 1522 et

2264 1517 2411 1556 quelque
2426 1517 2577 1550 fortune.
2594 1537 2633 1543 —
2647 1524 2687 1554 N'
2704 1523 2795 1555 6016.

2303 1580 2519 1618 Demoiselle,
2548 1583 2587 1612 35
2624 1593 2697 1619 ans,
2728 1587 2939 1626 charmante,
2968 1593 3163 1631 paraissant

2262 1618 2338 1657 plus
2364 1621 2480 1658 jeune,
2512 1623 2678 1662 sérieuse,
2709 1626 2833 1658 femme
2863 1629 3074 1668 d’intérieur,
3106 1634 3162 1665 dot

2264 1659 2374 1690 10.000
2395 1662 2448 1696 fr.,
2479 1664 2676 1702 épouserait
2704 1668 2879 1700 monsieur
2907 1670 3058 1708 sérieux,
3087 1674 3128 1704 36
3141 1676 3162 1705 à

2262 1699 2301 1728 42
2343 1708 2415 1735 ans,
2460 1703 2711 1737 fonctionnaire
2750 1715 2793 1739 ou
2822 1711 2944 1741 travail
2972 1715 3105 1744 assuré.
3123 1731 3160 1737 —

2262 1740 2305 1769 N°
2319 1740 2408 1771 6017.

2301 1803 2533 1842 Propriétaire
2564 1808 2784 1846 agriculteur,
2815 1811 2955 1851 Afrique
2994 1814 3037 1845 du
3063 1817 3159 1854 nord,

2259 1841 2347 1879 veuf,
2361 1844 2381 1873 3
2396 1843 2542 1881 enfants,
2558 1845 2647 1878 belle
2671 1849 2844 1888 situation,
2872 1853 3061 1886 recherche
3086 1865 3160 1888 ma¬

2261 1882 2356 1919 riage
2367 1884 2476 1921 jeune
2501 1884 2569 1916 fille
2598 1887 2819 1926 affectueuse,
2850 1893 2889 1922 25
2918 1895 2936 1923 à
2964 1895 3003 1924 35
3032 1902 3161 1927 ans.—

2260 1922 2299 1951 N-
2318 1922 2407 1954 6018.

2299 1986 2517 2023 Demoiselle,
2546 1990 2584 2018 31
2614 1999 2686 2028 ans,
2717 1992 2950 2032 travailleuse,
2977 1999 3158 2034 économe,

2259 2024 2424 2057 demande
2440 2029 2542 2065 jeune
2559 2029 2695 2062 homme
2712 2040 2755 2063 ou
2772 2035 2854 2065 veuf
2866 2044 2945 2066 sans
2970 2039 3098 2076 enfant,
3121 2041 3161 2071 30

2261 2067 2278 2094 à
2295 2065 2335 2095 40
2350 2073 2423 2097 ans.
2441 2084 2479 2089 —
2494 2068 2535 2099 N-
2552 2069 2641 2100 6019.

2301 2115 2401 2146 Dame
2414 2117 2454 2147 50
2469 2125 2543 2154 ans,
2560 2126 2640 2150 sans
2656 2120 2796 2158 famille,
2813 2124 3035 2163 affectueuse,
3053 2133 3156 2167 ayant

2258 2153 2418 2186 situation
2434 2165 2516 2195 gros
2538 2163 2680 2199 rapport
2708 2165 2742 2192 et
2770 2165 2875 2200 avoir,
2907 2166 3020 2198 desire
3053 2170 3156 2202 union

2257 2202 2340 2224 avec
2355 2198 2533 2228 monsieur
2546 2206 2590 2228 en
2605 2204 2757 2240 rapport,
2775 2210 2843 2234 aux
2858 2206 3061 2239 sentiments
3082 2210 3157 2242 éle¬

2256 2235 2326 2270 vés,
2343 2234 2455 2267 bonne
2472 2238 2645 2270 situation.
2659 2257 2697 2262 —
2711 2243 2739 2272 N
2749 2251 2755 2257 -
2776 2243 2867 2275 6022.

2295 2289 2393 2325 Veuf,
2409 2291 2448 2320 48
2463 2299 2535 2328 ans,
2552 2293 2795 2333 propriétaire,
2813 2304 2881 2329 une
2895 2299 3017 2332 fillette
3041 2302 3059 2331 8
3082 2311 3155 2340 ans,

2257 2327 2370 2360 50.000
2386 2330 2439 2364 fr.,
2464 2331 2578 2362 désire
2594 2334 2745 2373 mariage
2772 2345 2853 2368 avec
2876 2347 2983 2371 veuve
3006 2349 3047 2372 en
3075 2352 3156 2383 rap¬

2254 2371 2343 2405 port,
2360 2371 2517 2409 pourrait
2532 2380 2569 2402 se
2594 2374 2765 2413 déplacer,
2792 2376 2942 2411 cherche
2963 2388 3154 2422 compagne

2253 2415 2343 2446 pour
2357 2410 2452 2441 vivre
2466 2411 2634 2444 heureux.
2652 2431 2691 2436 —
2705 2417 2734 2446 N
2739 2424 2745 2431 -
2764 2416 2853 2448 6023.

2292 2471 2403 2502 Jeune
2418 2473 2555 2504 homme
2572 2475 2730 2513 français,
2747 2478 2786 2509 30
2801 2486 2874 2514 ans,
2900 2482 3071 2521 orphelin,
3097 2487 3156 2518 sé¬

2252 2509 2363 2545 rieux,
2380 2512 2494 2543 20.000
2510 2513 2549 2544 fr.
2568 2520 2700 2554 argent,
2718 2520 2926 2557 espérances
2954 2523 2994 2553 50
3008 2524 3068 2555 000
3096 2526 3151 2564 fr.,

2253 2558 2295 2580 au
2312 2552 2440 2587 Maroc,
2458 2553 2572 2584 désire
2589 2559 2725 2587 rentrer
2738 2565 2780 2589 en
2791 2559 2920 2592 France
2932 2570 3021 2601 pour
3033 2566 3154 2597 maria¬

2252 2597 2293 2628 ge
2306 2599 2388 2622 avec
2403 2594 2507 2630 jeune
2523 2594 2591 2625 fille
2605 2596 2718 2628 bonne
2744 2599 2916 2631 situation.
2940 2619 2978 2624 —
2992 2604 3033 2633 N-
3061 2605 3150 2637 6024.

2302 2645 2416 2676 Veuve
2431 2646 2471 2676 4L
2485 2655 2557 2683 ans,
2567 2650 2762 2688 paraissant
2769 2651 2947 2694 beaucoup
2958 2657 3034 2695 plus
3047 2659 3154 2696 jeune

2251 2686 2354 2721 ayant
2382 2685 2500 2717 fillette
2521 2688 2562 2718 de
2593 2690 2631 2719 10
2646 2698 2718 2727 ans,
2750 2693 2951 2731 épouserait
2976 2699 3154 2731 monsieur

2241 2722 2363 2754 «bonne
2378 2726 2540 2758 situation
2556 2736 2600 2760 ou
2614 2730 2762 2768 fortune,
2781 2732 2822 2763 de
2846 2735 2886 2764 43
2912 2738 2931 2765 à
2958 2736 2998 2766 60
3025 2745 3096 2769 ans.
3114 2757 3152 2762 —

2241 2752 2398 2812 |N*l025.

2291 2814 2394 2844 Dame
2423 2815 2582 2847 divorcée
2618 2819 2636 2848 à
2669 2827 2730 2848 son
2766 2822 2879 2858 profit,
2913 2825 2953 2853 47
2990 2833 3062 2862 ans,
3091 2829 3148 2859 dot

2249 2851 2361 2883 80.000
2377 2853 2431 2889 fr.,
2449 2858 2582 2893 argent,
2598 2857 2705 2888 belles
2718 2861 2936 2898 espérances,
2950 2865 3148 2903 épouserait

2249 2893 2424 2924 monsieur
2438 2893 2516 2924 bien
2533 2903 2612 2928 sous
2628 2900 2705 2928 tous
2733 2904 2892 2939 rapports
2922 2903 3033 2935 même
3062 2915 3145 2939 avec

2248 2932 2378 2964 enfant.
2399 2951 2437 2954 —
2452 2936 2493 2965 N'
2511 2935 2599 2967 6026.

2287 2986 2462 3018 Monsieur
2490 2989 2576 3025 seul,
2601 2992 2640 3021 38
2669 3000 2740 3028 ans,
2773 3000 3017 3034 commerçant,
3048 3000 3144 3031 avoir

2245 3025 2359 3056 40.000
2374 3027 2427 3063 fr.,
2444 3028 2599 3061 bénéfice
2614 3033 2682 3067 net,
2701 3032 2791 3063 1.500
2807 3033 2844 3064 fr.
2855 3043 2918 3074 par
2927 3038 3022 3075 mois,
3033 3040 3143 3079 épou¬

2247 3067 2353 3096 serait
2368 3068 2568 3100 demoiselle
2584 3078 2627 3101 ou
2642 3079 2750 3103 veuve
2766 3073 2806 3103 de
2821 3076 2860 3105 24
2876 3076 2894 3106 à
2908 3077 2948 3106 34
2974 3086 3044 3117 ans,
3060 3083 3143 3119 pré¬

2247 3109 2384 3137 sentant
2407 3107 2494 3142 bien,
2525 3114 2626 3148 ayant
2650 3112 2735 3151 petit
2763 3115 2868 3151 avoir,
2906 3117 3071 3151 sérieuse.
3104 3138 3144 3143 —

2248 3147 2287 3175 N-
2305 3146 2396 3177 6027.

2288 3199 2563 3239 Fonctionnaire,
2578 3204 2616 3234 40
2631 3212 2703 3242 ans,
2727 3208 2928 3245 présentant
2956 3210 3045 3248 bien,
3077 3214 3143 3246 bon

2245 3242 2435 3273 caractère,
2451 3242 2657 3282 catholique,
2674 3247 2800 3277 famille
2816 3249 3015 3287 honorable,
3041 3254 3144 3286 situa¬

2245 3279 2328 3315 tion,
2344 3281 2431 3311 7.000
2447 3282 2501 3317 fr.,
2519 3284 2613 3314 avoir
2627 3285 2738 3316 20.000
2755 3287 2796 3316 fr.
2825 3292 2859 3319 et
2887 3290 2998 3322 40.000
3027 3292 3068 3324 fr.
3099 3302 3142 3326 en

2243 3319 2392 3357 valeurs,
2408 3321 2496 3358 veuf,
2513 3323 2601 3354 deux
2616 3325 2752 3356 enfants
2771 3327 2808 3356 12
2823 3331 2858 3359 et
2870 3330 2890 3359 8
2904 3338 2965 3361 ans
2979 3340 3041 3371 pas
3061 3335 3081 3364 à
3105 3343 3142 3365 sa

2244 3359 2382 3398 charge,
2400 3363 2597 3399 épouserait
2622 3365 2832 3403 demoiselle,
2849 3377 2957 3401 veuve
2969 3379 3013 3402 ou
3029 3373 3141 3405 divor¬

2243 3401 2315 3435 cée,
2333 3400 2446 3431 même
2460 3402 2536 3440 plus
2551 3402 2649 3443 âgée,
2666 3414 2711 3436 en
2724 3411 2877 3446 rapport.
2896 3427 2935 3431 —
2948 3411 2978 3442 N
2984 3421 2989 3427 -
3006 3412 3097 3444 6028.

2282 3461 2370 3493 Jolie
2399 3463 2523 3495 blonde
2549 3465 2589 3496 40
2612 3475 2685 3499 ans,
2710 3475 2754 3498 ne
2782 3469 2833 3501 les
2857 3472 3052 3510 paraissant
3066 3485 3139 3516 pas,

2243 3500 2368 3533 femme
2407 3503 2618 3542 d’intérieur,
2649 3507 2762 3538 80.000
2785 3508 2826 3540 fr.
2854 3516 2987 3550 argent,
3027 3516 3138 3553 titres,

2241 3542 2374 3573 maison
2404 3545 2438 3574 et
2452 3544 2548 3574 riche
2564 3546 2731 3582 mobilier,
2764 3556 2902 3587 grosses
2918 3555 3138 3594 espérances,

2241 3583 2438 3619 épouserait
2467 3584 2643 3616 monsieur
2677 3592 2777 3625 ayant
2799 3590 2885 3629 jolie
2915 3593 3089 3626 situation.
3120 3614 3140 3620 -

2240 3623 2281 3652 N-
2298 3622 2389 3653 6030.

2278 3676 2357 3711 Vve,
2375 3678 2413 3707 43
2429 3685 2502 3713 ans,
2520 3679 2742 3717 musicienne,
2767 3681 2844 3714 bien
2873 3692 2953 3715 sous
2982 3689 3058 3719 tous
3088 3690 3137 3721 les

2238 3720 2409 3754 rapports,
2426 3721 2526 3755 ayant
2542 3720 2647 3755 avoir,
2664 3720 2848 3753 immeuble
2864 3728 2898 3755 et
2915 3727 3088 3764 propriété
3119 3733 3136 3761 à

2238 3754 2270 3784 la
2286 3763 2484 3795 campagne,
2504 3758 2544 3788 de
2560 3763 2711 3799 rapport,
2728 3762 2823 3794 riche
2840 3765 3007 3802 mobilier,
3027 3769 3138 3808 épou¬

2237 3796 2343 3826 serait
2358 3799 2535 3828 monsieur
2550 3802 2651 3838 ayant
2663 3801 2746 3839 jolie
2764 3801 2937 3835 situation.
2953 3822 2970 3829 -
2984 3807 3009 3837 N
3015 3816 3021 3822 -
3037 3809 3130 3840 6033.

2276 3853 2439 3892 Français
2454 3855 2609 3888 habitant
2623 3859 2768 3896 Canada,
2792 3862 2883 3898 veuf,
2897 3864 2938 3893 52
2952 3871 3024 3901 ans,
3041 3865 3131 3904 bien,

2234 3891 2346 3923 bonne
2363 3895 2536 3932 situation,
2555 3897 2631 3936 plus
2648 3899 2781 3929 100.000
2803 3900 2844 3931 fr.
2876 3907 3007 3941 argent,
3025 3906 3134 3946 épou¬

2235 3933 2343 3963 serait
2353 3935 2459 3972 jeune
2475 3935 2553 3971 fille,
2568 3938 2666 3975 jolie,
2683 3938 2802 3976 douce,
2831 3941 2943 3973 même
2968 3952 3046 3976 sans
3064 3947 3131 3984 dot,

2235 3980 2279 4002 ou
2302 3975 2397 4005 toute
2419 3978 2517 4006 autre
2540 3984 2712 4014 personne
2735 3987 2778 4009 en
2806 3985 2956 4018 rapport.
2982 3985 3134 4024 Envoyer

2233 4012 2348 4051 photo.
2365 4015 2522 4046 Timbrer
2537 4019 2655 4048 lettres
2671 4018 2753 4054 0,50.
2771 4034 2789 4041 -
2804 4020 2833 4050 N
2839 4030 2844 4035 -
2862 4022 2952 4052 6034.

2273 4071 2341 4101 Vve
2356 4071 2647 4112 d’avant-guerre,
2678 4075 2866 4113 orpheline,
2898 4080 3063 4114 sérieuse.
3093 4085 3134 4115 34

2232 4118 2305 4145 ans,
2323 4120 2364 4141 en
2380 4113 2573 4151 paraissant
2587 4115 2636 4150 30,
2652 4115 2738 4153 petit
2752 4123 2881 4154 garçon
2896 4120 2914 4147 8
2942 4127 3013 4155 ans,
3043 4123 3134 4155 doux

2232 4152 2266 4179 et
2294 4150 2421 4182 aimant
2447 4153 2627 4189 intérieur,
2658 4158 2761 4191 ayant
2787 4157 2895 4194 gentil
2924 4167 3129 4200 commerce,

2230 4190 2342 4221 20.000
2358 4192 2398 4222 fr.
2416 4192 2558 4222 environ
2576 4196 2608 4223 et
2621 4195 2705 4232 petit
2725 4193 2904 4233 intérieur,
2934 4200 3132 4239 épouserait

2231 4232 2407 4262 monsieur
2420 4233 2460 4262 35
2475 4233 2494 4261 à
2509 4232 2548 4261 40
2563 4241 2634 4268 ans,
2651 4234 2857 4273 pratiquant,
2875 4245 2918 4268 ou
2945 4240 3029 4270 veuf
3048 4251 3131 4275 avec

2231 4274 2419 4308 garçonnet
2446 4279 2513 4301 aux
2542 4272 2670 4302 mêmes
2699 4274 2810 4312 goûts,
2841 4281 2942 4315 ayant
2968 4280 3130 4314 situation

2229 4311 2469 4342 commerciale
2485 4311 2568 4341 dans
2584 4320 2623 4342 ce
2639 4320 2696 4342 cas
2712 4314 2817 4346 serait
2838 4317 3014 4355 puissante
3037 4324 3131 4353 auxi¬

2228 4350 2340 4383 liaire,
2369 4358 2413 4381 ou
2443 4350 2604 4383 situation
2622 4351 2701 4382 sûre
2730 4354 2813 4385 dans
2842 4357 3126 4393 administration.

2229 4389 2373 4421 Divorcé
2390 4390 2581 4422 s’abstenir.
2596 4407 2616 4413 -
2637 4393 2677 4423 N'
2692 4393 2784 4423 6035.

2266 4447 2533 4485 Adjudant-chef
2544 4447 2760 4481 d’infanterie
2776 4453 2954 4491 coloniale,
2984 4458 3024 4487 29
3051 4468 3125 4497 ans,

2227 4489 2540 4517 momentanément
2551 4495 2593 4518 au
2607 4490 2733 4526 Maroc,
2753 4491 2864 4523 désire
2874 4501 3126 4536 correspondre

2226 4533 2316 4564 pour
2330 4525 2482 4564 mariage
2506 4535 2589 4559 avec
2608 4531 2715 4565 jeune
2738 4530 2807 4563 fille
2834 4533 2875 4563 de
2892 4536 2929 4564 18
2953 4537 2971 4566 à
2997 4539 3036 4569 25
3051 4548 3125 4578 ans,

2227 4566 2395 4601 sérieuse,
2409 4565 2523 4597 bonne
2538 4568 2711 4605 situation,
2728 4570 2899 4605 instruite.
2915 4591 2936 4598 -
2951 4577 2978 4608 N
2985 4587 2990 4592 -
3008 4578 3086 4610 6036

2264 4618 2373 4648 Jeune
2389 4618 2535 4656 homme,
2552 4621 2592 4651 25
2607 4629 2679 4655 ans,
2698 4622 2816 4655 mutilé
2831 4626 2870 4656 de
2880 4636 3017 4666 guerre,
3028 4641 3126 4665 exer¬

2224 4659 2304 4693 çant
2340 4657 2370 4687 la
2405 4659 2598 4695 profession
2637 4661 2879 4703 d’électricien,
2910 4670 2994 4700 mais
3024 4678 3127 4711 ayant

2224 4695 2415 4728 l’intention
2423 4698 2463 4728 de
2472 4700 2622 4737 prendre
2633 4708 2836 4741 commerce,
2848 4715 3126 4748 correspondrait

2224 4744 2307 4767 avec
2323 4737 2521 4769 demoiselle
2538 4741 2579 4771 de
2595 4742 2632 4770 18
2647 4742 2666 4772 à
2680 4743 2720 4772 26
2734 4751 2805 4782 ans,
2834 4750 3054 4784 connaissant
3078 4763 3124 4784 un

2224 4784 2290 4814 peu
2306 4777 2338 4808 le
2353 4786 2558 4810 commerce.
2576 4797 2591 4804 -
2611 4782 2640 4811 N
2646 4790 2652 4796 -
2669 4783 2759 4813 6037.

2263 4835 2468 4867 Demoiselle
2481 4838 2522 4867 33
2531 4845 2603 4873 ans,
2617 4839 2671 4870 dot
2682 4841 2794 4873 25.000
2802 4844 2843 4874 fr.
2858 4849 2892 4876 et
2902 4850 3121 4888 espérances,

2222 4874 2395 4912 instruite,
2412 4878 2609 4916 épouserait
2625 4880 2821 4914 célibataire
2836 4893 2880 4916 ou
2894 4889 2982 4922 veuf,
2992 4890 3124 4921 officier

2223 4922 2267 4944 ou
2284 4916 2545 4954 fonctionnaire,
2563 4920 2784 4959 échangerait
2797 4925 2913 4964 photo.
2931 4928 2971 4958 N-
2988 4929 3080 4960 6039.

2262 4964 2465 4997 Lieutenant
2504 4966 2718 5000 d’infanterie
2757 4974 2935 5009 colan'ale,
2970 4977 3011 5006 30
3047 4987 3120 5015 ans,

2223 5003 2358 5042 décoré,
2377 5007 2472 5037 avoir
2499 5008 2610 5039 25.000
2639 5009 2693 5046 fr.,
2724 5012 2921 5049 épouserait
2950 5023 3121 5054 personne

2222 5051 2304 5075 avec
2321 5046 2387 5080 dot,
2405 5046 2479 5085 âge,
2498 5049 2702 5080 antécédent
2727 5050 2934 5084 indifférent.
2952 5071 2970 5078 -
2984 5057 3027 5085 N-
3042 5059 3123 5089 6042

2261 5093 2369 5124 Jeune
2385 5094 2521 5126 homme
2537 5099 2607 5128 très
2625 5098 2774 5134 sérieux,
2796 5102 3120 5138 ajusteur-mécani¬

2221 5130 2308 5169 cien,
2326 5134 2365 5163 23
2380 5143 2452 5169 ans,
2471 5137 2583 5168 désire
2598 5139 2847 5176 correspondre
2877 5150 2959 5172 avec
2988 5145 3121 5176 demoi¬

2222 5171 2317 5209 selle,
2330 5174 2427 5211 jolie,
2446 5175 2600 5212 aimable,
2620 5177 2659 5208 de
2675 5178 2710 5206 18
2726 5179 2743 5208 à
2760 5179 2797 5207 22
2814 5187 2885 5210 ans.
2899 5197 2918 5203 -
2934 5182 2961 5212 N
2968 5191 2973 5197 -
2991 5183 3082 5215 6043.
