3536 5552
2520 281 2605 319 20
2656 280 2820 317 Avril
2874 275 3019 315 1931

318 461 1217 680 REVUE
1430 436 3078 661 MENSUELLE

450 740 641 797 Liste
663 736 1110 793 d’Annonces
1132 722 1706 786 Matrimoniales
1721 718 2142 794 paraissant
2167 713 2227 770 le
2248 712 2348 769 20
2367 711 2450 767 de
2472 711 2740 782 chaque
2763 722 2876 764 mo

577 856 611 895 U
616 854 890 894 Abonnement
903 854 942 890 et
956 852 1005 890 de
1022 848 1135 894 TRENTE
1156 844 1270 895 FRANCS
1284 856 1389 895 pour
1407 845 1545 894 quatre
1565 843 1667 879 mois
1688 841 1726 878 et
1743 837 1899 896 QUARANTE
1916 833 2028 884 FRANCS
2043 845 2149 884 pour
2167 834 2233 870 six
2251 832 2353 869 mois
2374 830 2560 868 donnant
2578 828 2683 865 droit
2703 830 2726 865 à
2748 837 2825 864 une

789 920 1022 969 inscription
1040 915 1216 966 gratuite
1235 924 1307 951 sur
1325 923 1389 950 ma
1410 912 1499 949 liste
1543 931 1580 935 —
1607 909 1677 946 Les
1697 916 1899 945 annonces
1918 903 2012 942 sont
2032 902 2079 939 de
2099 901 2239 950 quatre
2259 900 2387 948 lignes
2408 897 2638 935 maximum.

378 1002 651 1037 Abonnements
690 1009 783 1039 pour
822 998 1034 1036 l’Etranger
1070 1000 1078 1025 :
1114 990 1407 1027 TRENTE-CINQ
1443 989 1574 1019 francs
1614 995 1708 1026 pour
1744 986 1878 1025 quatre
1917 981 2011 1013 mois
2047 981 2083 1011 et
2122 974 2480 1015 QUARANTE-CINQ
2516 974 2648 1004 francs
2686 981 2781 1011 pour
2817 972 2873 1003 six

696 1069 876 1107 Adresser
897 1065 1034 1104 Lettres
1050 1065 1083 1102 et
1104 1061 1280 1100 Mandats
1301 1061 1321 1098 à
1342 1058 1448 1097 Mme
1459 1057 1598 1107 Jeanne
1620 1050 1960 1097 PENCHENIER,
1984 1047 2186 1087 Directrice
2206 1046 2252 1084 de
2272 1044 2305 1086 la
2327 1044 2463 1086 Revue
2483 1040 2703 1082 Mensuelle

1255 1127 1336 1168 Rue
1356 1125 1478 1163 Pierre
1495 1120 1666 1168 Taillant,
1689 1118 1980 1168 Pont-St-Esprit
2001 1114 2138 1166 (Qard)

333 1288 425 1315 Notre
438 1295 536 1314 œuvre
550 1295 568 1311 a
582 1288 654 1319 pour
669 1283 717 1310 but
733 1283 766 1309 de
780 1281 864 1308 venir
877 1290 911 1307 en
926 1279 1060 1306 aideaux
1070 1275 1199 1307 familles

300 1326 349 1358 qui
364 1323 396 1349 dé
413 1323 491 1349 irent
504 1321 611 1348 marier
628 1319 705 1345 leurs
722 1319 846 1350 enfants,
864 1325 924 1341 aux
942 1322 1047 1341 veuves
1063 1312 1113 1347 qui
1129 1321 1153 1336 i>>
1165 1320 1198 1336 u-

299 1359 413 1386 draient
427 1367 457 1385 se
471 1356 620 1386 remarier,
637 1363 697 1380 aux
725 1352 875 1387 orphelins
905 1355 931 1377 et
959 1358 1019 1376 aux
1048 1347 1199 1374 messieurs

300 1395 351 1430 qui
365 1397 463 1421 rêvent
478 1393 511 1419 de
525 1401 555 1417 se
562 1390 668 1424 fonder
684 1398 722 1416 un
730 1391 829 1423 fjyer,
844 1396 898 1413 une
906 1385 1038 1419 famille.

336 1438 427 1467 Notre
442 1445 539 1463 œuvre
554 1444 618 1462 sera
637 1435 801 1469 approuvée
820 1435 874 1466 par
889 1434 955 1457 tous
984 1437 1034 1455 nos
1063 1427 1188 1454 abonnés

303 1473 449 1508 lorsqu'ils
464 1475 585 1499 sauront
598 1469 684 1505 qu'ils
701 1472 825 1503 peuvent
840 1472 956 1493 trouver
982 1465 1072 1500 grâce
1088 1465 1104 1489 à
1121 1467 1200 1488 notre

302 1518 452 1541 concours,
470 1509 496 1535 le
512 1516 611 1542 moyen
626 1506 658 1532 de
673 1503 816 1532 semarier
828 1503 907 1529 selon
920 1502 996 1528 leurs
1011 1503 1108 1536 goûts,
1125 1499 1201 1524 leurs

306 1555 374 1573 vues
390 1550 415 1572 et
430 1545 510 1572 selon
525 1543 603 1569 leurs
618 1540 790 1568 conditions.

340 1589 421 1618 Nous
437 1589 536 1624 prions
553 1588 593 1614 les
609 1586 709 1612 Dames
725 1589 750 1611 et
767 1584 807 1611 les
822 1583 897 1609 Mess
915 1591 979 1608 eurs
1005 1580 1037 1607 de
1058 1588 1129 1606 nous
1153 1587 1201 1604 en¬

307 1635 394 1661 voyer
409 1626 436 1652 le
450 1625 518 1659 plus
531 1623 682 1649 d’abonnés
698 1619 835 1654 possible,
851 1617 912 1653 afin
927 1626 980 1652 que
1000 1619 1079 1642 notre
1106 1622 1204 1640 œuvre

305 1660 504 1698 s’agrandisse
519 1663 545 1685 et
561 1657 654 1693 puisse
665 1660 719 1691 par
734 1665 765 1682 ce
779 1663 879 1689 moyen
889 1652 1025 1686 faciliter
1042 1650 1157 1678 nombe
1173 1649 1204 1675 de

306 1697 440 1732 mariage
455 1701 481 1722 et
488 1695 572 1728 faire
588 1695 615 1720 le
629 1693 696 1727 plus
719 1691 879 1717 d'heureux
893 1688 1030 1723 possible,
1059 1695 1110 1713 car
1137 1684 1204 1711 c'est

307 1742 363 1760 une
375 1732 465 1759 bonne
481 1730 577 1757 action
592 1739 645 1764 que
658 1737 728 1755 vous
736 1729 819 1760 ferez,
852 1734 885 1751 en
914 1726 1094 1759 propageant
1127 1726 1205 1747 notre

306 1778 412 1800 œuvre,
429 1776 498 1794 vous
506 1775 576 1792 nous
596 1764 710 1797 aiderez
728 1762 807 1789 ainsi
822 1764 838 1787 à
853 1759 1018 1787 contribuer
1030 1767 1067 1784 au
1079 1756 1205 1784 bonheur

306 1805 353 1831 des
362 1803 498 1836 familles
512 1801 563 1837 qui
572 1800 696 1827 désirent
707 1803 824 1824 trouver
834 1806 871 1822 un
883 1799 978 1829 époux
989 1803 1024 1821 ou
1035 1803 1090 1819 une
1100 1795 1207 1826 épouse

307 1844 381 1875 pour
401 1840 478 1866 leurs
494 1840 616 1871 enfants,
635 1844 695 1861 aux
711 1842 815 1860 veuves
835 1842 874 1858 un
890 1830 1016 1862 soutien,
1047 1831 1063 1855 à
1084 1828 1203 1862 l'orphe¬

308 1877 352 1903 lin
368 1885 406 1901 un
413 1877 503 1909 foyer
519 1877 544 1900 et
559 1883 595 1899 au
611 1872 782 1897 relèvement
796 1869 829 1894 de
844 1868 875 1894 la
892 1867 1000 1894 France
1027 1865 1079 1899 qui
1105 1864 1205 1894 donne,

308 1916 363 1946 par
380 1912 419 1938 les
435 1910 578 1944 mariages
586 1905 719 1941 féconds,
736 1905 781 1931 des
798 1903 906 1930 soldats
923 1905 938 1928 à
955 1902 983 1928 la
999 1900 1102 1927 Patrie
1118 1904 1141 1925 et
1157 1899 1207 1933 qui

299 1950 370 1981 font
384 1946 431 1973 des
445 1948 561 1977 femmes
575 1944 608 1970 de
623 1942 728 1969 bonnes
738 1943 828 1967 mères
843 1939 877 1965 de
884 1938 1017 1971 famille.

345 1990 420 2019 C'est
436 1990 506 2016 dans
521 1997 552 2016 ce
567 1987 614 2014 but
630 1996 683 2022 que
699 1994 768 2012 nous
789 1992 878 2010 avons
886 1982 980 2016 fo-dé
997 1982 1025 2008 la
1041 1980 1055 2007 «
1072 1978 1208 2007 REVUE

310 2024 554 2054 MENSUELLE
568 2031 593 2050 ».

346 2071 430 2100 Nous
447 2080 480 2096 ne
495 2074 593 2096 tenons
608 2071 660 2102 pas
676 2075 732 2093 une
744 2073 853 2101 agence
867 2061 1080 2089 matrimoniale
1100 2063 1125 2086 et
1140 2067 1209 2085 nous

310 2118 346 2135 ne
359 2111 483 2142 prenons
496 2114 607 2132 aucune
620 2101 803 2129 commission
816 2108 866 2126 sur
881 2099 912 2125 la
931 2097 986 2124 dot.
1022 2096 1103 2122 Voici
1133 2104 1209 2121 com¬

312 2148 385 2170 ment
402 2151 472 2169 nous
486 2140 640 2176 procédons
655 2149 659 2165 :

352 2187 429 2215 Vous
444 2195 514 2213 nous
534 2185 701 2218 indiquerez
713 2180 827 2207 d'abord
842 2183 922 2206 votre
937 2179 1004 2213 âge,
1021 2180 1101 2204 votre
1116 2175 1208 2201 situa-

314 2222 412 2251 tionde
416 2225 547 2256 fortune,
558 2224 635 2247 votre
645 2222 674 2253 pi
683 2217 819 2249 ofession,
831 2214 1031 2245 votredofvos
1044 2214 1210 2246 -spérances

313 2264 338 2286 et
353 2268 385 2286 ce
398 2267 451 2293 que
467 2256 536 2283 vous
564 2255 743 2282 désireet
772 2261 827 2278 nou
832 2260 842 2270 c
870 2259 940 2277 vous
969 2248 1133 2275 inscrivons
1161 2255 1211 2272 sur

314 2300 394 2322 notre
408 2294 485 2326 liste,
502 2296 574 2325 pour
587 2290 658 2317 trois
673 2289 755 2320 mois,
766 2290 821 2322 par
833 2295 888 2312 une
903 2293 1031 2311 annonce
1045 2293 1099 2317 que
1105 2282 1139 2318 je
1145 2281 1212 2314 fais

313 2330 474 2358 moi-même
487 2333 513 2354 et
528 2336 598 2354 nous
614 2334 684 2352 vous
697 2324 824 2350 donnons
840 2331 878 2348 un
890 2323 982 2347 numéi
991 2330 1005 2346 o
1008 2320 1125 2352 faisant
1137 2318 1212 2344 suite

313 2370 331 2393 à
346 2370 417 2393 cette
430 2372 566 2392 annonce.
584 2361 608 2389 C
618 2365 660 2387 est
673 2366 727 2394 par
740 2360 767 2386 le
781 2366 882 2392 moyen
896 2357 930 2382 de
956 2365 989 2382 ce
1017 2357 1132 2380 numéro
1160 2362 1213 2387 que

315 2411 385 2429 vous
401 2405 510 2435 pouvez
525 2396 732 2431 correspondre
745 2403 815 2421 avec
828 2398 890 2419 tous
901 2393 941 2418 les
957 2391 1080 2417 abonnés
1092 2389 1124 2415 de
1137 2395 1213 2414 notie

315 2439 392 2464 liste.

350 2481 479 2515 Lorsque
495 2488 564 2507 vous
579 2477 689 2504 désirez
704 2473 908 2508 correspondre
923 2481 992 2498 avec
1004 2480 1040 2497 un
1058 2470 1165 2496 abonné
1189 2471 1214 2495 et

315 2527 369 2552 que
384 2525 454 2543 vous
469 2524 544 2550 ave\
557 2512 655 2540 choisi
669 2512 740 2538 dans
765 2511 793 2537 la
814 2509 939 2535 Revue
964 2504 1161 2533 Mensuelle
1190 2504 1216 2529 le

317 2553 396 2588 parti
410 2551 462 2586 qui
470 2559 539 2577 vous
548 2548 726 2583 plaîtleplus
742 2545 819 2572 voici
833 2547 968 2571 comment
986 2551 1058 2569 vous
1065 2543 1149 2575 procé
1159 2541 1200 2566 lez
1208 2550 1215 2565 :

653 2633 844 2662 EXEMPLE
861 2643 868 2659 :

363 2706 476 2738 Jeune
492 2702 648 2739 homme,
673 2698 718 2730 30
739 2705 815 2735 ans,
837 2694 909 2727 très
936 2693 1030 2726 belle
1051 2691 1217 2724 situation

321 2751 409 2782 dans
429 2744 616 2784 industrie,
638 2743 783 2784 rapport
800 2740 841 2771 10
853 2738 870 2771 à
889 2737 1013 2770 12.000
1030 2736 1087 2773 fr.,
1102 2735 1217 2768 désire

321 2792 478 2834 mariage
499 2798 542 2823 en
564 2789 720 2830 rapport.
737 2803 780 2808 —
801 2782 921 2816 Ecrire
941 2782 981 2814 N-
1006 2781 1040 2812 2.

497 2852 543 2876 ou

365 2895 577 2931 Demoiselle
602 2893 646 2926 25
682 2900 758 2933 ans,
794 2888 961 2922 situation
997 2887 1040 2919 de
1080 2886 1219 2917 fortune

320 2943 446 2977 25.000
465 2941 596 2978 francs,
613 2940 681 2971 etc.
705 2954 747 2958 —
766 2933 888 2967 Ecrire
903 2933 945 2964 N-
969 2933 1002 2963 4.

366 2997 464 3029 Vous
477 2993 525 3025 lui
537 2991 672 3024 écrivez
687 2988 915 3021 vous-même
929 2993 973 3018 ou
992 2983 1093 3017 faites
1107 2981 1220 3015 écrire

323 3049 388 3084 par
407 3037 601 3082 quelqu’un
632 3035 675 3067 de
703 3036 801 3065 votre
827 3030 974 3068 famille,
1004 3037 1048 3061 en
1079 3027 1221 3069 signant

324 3086 368 3118 de
388 3087 487 3116 votre
503 3080 666 3119 numéro,
683 3080 716 3111 et
731 3086 819 3109 vous
834 3077 959 3107 mettez
975 3082 1036 3105 sur
1051 3072 1221 3104 l’adresse

323 3127 492 3163 cachetée
509 3128 542 3159 et
553 3123 699 3158 timbrée
712 3122 746 3154 le
760 3119 908 3154 numéro
922 3119 964 3151 de
979 3118 1013 3150 la
1027 3124 1219 3159 personne,

324 3172 512 3207 deuxième
532 3169 743 3209 enveloppe,
764 3174 851 3198 avec
870 3172 930 3196 ces
942 3162 1115 3205 quelques
1132 3163 1221 3192 mots

326 3227 386 3251 sur
397 3225 465 3250 une
477 3218 574 3248 carte
589 3223 633 3246 ou
648 3222 692 3244 un
706 3211 791 3243 bout
803 3210 845 3241 de
856 3208 979 3251 papier
989 3206 1078 3239 ainsi
1090 3203 1220 3237 libellé:

326 3275 345 3293 «
362 3260 543 3296 Monsieur
559 3268 604 3290 ou
618 3257 795 3292 Madame,
808 3263 854 3286 ou
867 3249 1135 3285 Mademoiselle
1147 3250 1221 3281 X...

325 3307 438 3349 (votre
463 3313 544 3337 nom
562 3305 595 3335 et
615 3303 713 3334 votre
734 3296 898 3339 numéro)
912 3295 987 3338 prie
1008 3295 1170 3327 Madame
1190 3293 1225 3325 la

325 3348 517 3384 Directrice
537 3348 582 3380 de
597 3346 632 3379 la
647 3346 765 3378 Revue
774 3343 818 3375 de
838 3341 928 3375 faire
948 3338 1113 3382 parvenir
1131 3339 1224 3370 cette

327 3397 429 3428 lettre
446 3394 465 3426 à
484 3393 531 3425 tel
553 3390 702 3423 numéro
723 3399 741 3418 »
759 3389 793 3420 et
810 3395 895 3418 vous
916 3384 1083 3417 cachetez
1100 3387 1133 3415 et
1147 3382 1224 3414 tim¬

325 3441 407 3473 brez
436 3440 527 3471 cette
563 3433 752 3467 deuxième
781 3429 979 3471 enveloppe
1014 3427 1033 3460 à
1069 3426 1225 3470 laquelle

326 3492 413 3517 vous
435 3484 561 3514 mettez
578 3487 659 3512 mon
683 3477 840 3513 adresse,
863 3476 896 3506 et
922 3471 1071 3506 aussitôt
1104 3479 1223 3510 reçue,

329 3528 363 3571 je
384 3526 496 3560 défais
513 3526 547 3558 la
576 3521 752 3566 première
776 3518 986 3559 enveloppe,
1018 3516 1163 3558 j’efface
1192 3514 1226 3547 le

329 3571 478 3605 numéro
501 3570 544 3601 de
565 3568 598 3600 la
618 3564 806 3599 deuxième
827 3566 861 3595 et
882 3566 971 3594 mets
994 3561 1161 3593 l’adresse
1183 3559 1226 3592 de

330 3617 364 3649 la
384 3622 561 3657 personne
577 3615 610 3644 et
629 3606 818 3650 réexpédie
834 3607 868 3640 la
884 3607 998 3638 lettre.
1021 3606 1119 3638 Vous
1136 3613 1226 3645 pou¬

330 3670 391 3693 vez
407 3655 666 3699 correspondre
681 3662 768 3686 avec
778 3655 858 3684 tous
879 3660 943 3683 nos
964 3649 1123 3682 abonnés
1144 3657 1227 3681 sans

332 3713 418 3737 vous
435 3701 523 3736 faire
539 3700 737 3734 connaître.
776 3696 823 3729 Ce
857 3695 946 3728 n’est
978 3703 1045 3736 que
1084 3694 1227 3735 lorsque

331 3757 419 3782 vous
437 3754 543 3780 aurez
563 3743 626 3776 fait
645 3745 744 3774 votre
763 3739 883 3778 choix,
919 3748 988 3781 que
1025 3747 1114 3770 vous
1140 3745 1228 3769 vous

333 3795 469 3826 donnez
491 3787 762 3822 mutuellement
779 3787 876 3816 votre
897 3782 1068 3816 véritable
1084 3782 1229 3814 adresse

332 3840 368 3870 et
387 3845 457 3878 que
489 3842 577 3866 vous
615 3840 703 3863 vous
742 3828 914 3870 ménagez
951 3837 1021 3860 une
1059 3829 1230 3859 entrevue

333 3890 423 3924 pour
440 3877 583 3912 décider
603 3877 646 3908 de
662 3876 761 3908 votre
781 3876 866 3906 sort.

371 3977 409 4006 Le
424 3976 494 4012 prix
508 3975 541 4001 de
552 3977 631 4001 notre
646 3972 834 3999 abonnement
848 3973 887 3996 est
896 3969 929 3995 de
944 3973 1033 3996 trente
1041 3971 1145 4001 francs
1158 3971 1232 4002 pour

333 4019 433 4050 quatte
448 4012 518 4039 mois
533 4014 559 4037 et
568 4012 708 4043 quarante
713 4009 821 4039 francs
843 4009 917 4039 pour
943 4005 993 4031 six
1018 4004 1089 4031 mois
1108 4008 1134 4031 et
1162 4012 1233 4030 vous

335 4059 404 4078 avez
420 4047 495 4075 droit
511 4049 527 4072 à
542 4048 600 4073 être
616 4042 719 4070 inscrit
735 4041 942 4077 gratuitement
957 4049 1008 4066 sur
1023 4049 1068 4066 ma
1084 4040 1160 4066 liste.

376 4093 456 4121 Vous
471 4099 564 4125 voye\
576 4088 695 4124 qu'avec
708 4091 781 4112 celte
795 4086 927 4119 modique
938 4093 1052 4115 somme,
1070 4093 1140 4111 vous
1155 4087 1233 4118 pou¬

337 4139 388 4158 vez
399 4137 468 4156 vous
483 4126 598 4157 marier,
612 4132 680 4151 sans
696 4122 778 4148 avoir
794 4123 811 4146 à
835 4124 935 4155 passer
962 4123 1016 4154 par
1033 4120 1080 4146 des
1110 4127 1234 4154 agences

336 4165 388 4200 qui
401 4173 431 4191 se
443 4166 506 4196 font
521 4169 618 4188 verser
632 4158 768 4184 d'avance
782 4157 816 4182 de
829 4164 943 4190 grosses
957 4154 1123 4189 provisions
1143 4159 1171 4181 et
1184 4153 1234 4189 qui

338 4203 448 4234 escomp
463 4202 509 4224 ent
523 4197 556 4223 de
571 4203 686 4231 grosses
703 4192 910 4223 commissions,
941 4194 1013 4226 pour
1035 4190 1179 4217 n’arriver
1208 4190 1235 4215 le

337 4238 403 4271 plus
419 4236 537 4261 souvent
553 4232 568 4257 à
584 4238 678 4257 aucun
694 4228 825 4254 résultat.
851 4226 933 4253 Nous
961 4226 1080 4253 n’avons
1110 4226 1173 4251 rien
1201 4225 1234 4251 de

337 4279 468 4299 commun
485 4276 554 4295 avec
570 4267 610 4292 les
626 4272 758 4299 agences,
776 4271 827 4288 car
843 4271 912 4288 nous
929 4271 962 4288 ne
977 4265 1100 4295 prenons
1124 4269 1235 4287 aucune

338 4304 519 4334 commission
534 4312 584 4329 sur
600 4303 629 4327 la
645 4301 701 4326 dot.
729 4297 773 4326 Un
802 4298 923 4323 modeste
951 4297 1137 4324 abonnement
1165 4305 1235 4323 nous

341 4353 371 4370 se
389 4348 398 4368 t
412 4342 446 4367 de
455 4341 609 4376 paiement.

375 4376 533 4411 Lorsqu’un
549 4373 656 4399 abonné
672 4369 737 4396 s'est
746 4368 845 4402 fiancé
860 4371 886 4394 et
899 4367 971 4400 qu'il
989 4368 1031 4393 n’a
1050 4368 1116 4400 plus
1139 4366 1235 4393 besoin

337 4414 371 4441 de
382 4417 461 4439 notre
471 4419 567 4441 revue,
580 4408 605 4434 il
620 4415 691 4433 nous
702 4405 729 4430 le
739 4404 794 4435 fait
804 4403 903 4429 savoir
914 4402 973 4437 afin
986 4412 1038 4436 que
1050 4412 1120 4429 nous
1131 4411 1237 4436 rayons

338 4458 389 4476 son
404 4455 532 4475 annonce
544 4447 617 4480 pour
633 4451 666 4468 ne
679 4444 731 4475 pas
737 4440 822 4472 faire
836 4438 1039 4472 correspondre
1055 4437 1237 4464 inutilement

340 4494 390 4512 nos
405 4483 542 4510 abonnés.

379 4528 451 4556 Tout
466 4525 574 4553 abonné
589 4521 648 4549 doit
659 4518 798 4554 répondre
815 4520 831 4543 à
846 4520 937 4543 toutes
953 4516 993 4542 les
1020 4517 1116 4543 lettres
1129 4516 1179 4550 qui
1195 4516 1239 4542 lui

340 4567 401 4592 Sont
417 4563 561 4590 adressées
576 4559 582 4591 ;
600 4559 629 4584 la
644 4556 780 4591 politesse
797 4552 912 4586 l’exige,
944 4560 977 4577 ne
986 4554 1103 4583 fussent
1130 4561 1183 4585 que
1193 4560 1238 4578 ces

341 4600 412 4627 trois
430 4608 465 4625 ou
477 4600 577 4631 quatre
592 4596 662 4620 mots
673 4591 678 4618 :
695 4590 815 4620 Inutile,
825 4592 888 4614 tous
902 4596 957 4613 mes
969 4590 1091 4622 regrets.
1102 4600 1133 4605 —
1145 4586 1238 4613 AL...»

379 4742 456 4771 Pour
479 4736 600 4767 faciliter
628 4734 667 4762 les
702 4731 830 4760 abonnés
858 4728 893 4756 de
923 4727 947 4755 la
990 4726 1124 4754 REVUE
1167 4737 1238 4755 nous

342 4780 403 4807 leur
416 4778 581 4804 donnerons
592 4772 632 4799 les
645 4770 775 4797 adresses
786 4766 836 4793 des
852 4766 989 4791 numéros
1002 4772 1030 4788 se
1045 4763 1240 4795 rapprochant

341 4816 376 4842 de
392 4814 453 4840 leur
469 4808 610 4838 situation
626 4807 659 4834 de
676 4809 799 4831 fortune.
820 4800 855 4827 Ils
866 4800 1000 4826 n’auront
1018 4807 1090 4830 pour
1106 4797 1162 4824 cela
1176 4797 1240 4829 qu’à

343 4859 415 4878 nous
433 4846 568 4880 indiquer
585 4844 623 4870 les
641 4841 778 4868 numéros
795 4836 844 4871 qui
860 4836 924 4862 leur
937 4833 1138 4860 conviennent.
1160 4832 1241 4859 Cha¬

343 4895 398 4920 que
412 4881 554 4911 demande
569 4879 602 4905 de
618 4887 647 4904 ce
663 4884 751 4909 genre
765 4874 851 4900 devra
868 4873 927 4897 être
939 4870 1144 4902 accompagnée
1156 4867 1241 4894 d’une

344 4920 501 4953 enveloppe
517 4914 638 4943 timbrée
653 4920 728 4945 pour
744 4909 768 4936 la
785 4911 918 4941 réponse.

381 4965 434 4992 Les
444 4962 572 4990 abonnés
583 4956 713 4985 désirant
722 4953 826 4987 garder
838 4947 1006 4982 l’incognito
1020 4946 1165 4974 voudront
1177 4946 1242 4973 bien

345 5009 418 5029 nous
441 5000 466 5026 le
481 4997 552 5024 faire
576 4991 684 5024 savoir,
709 4989 767 5017 afin
789 4996 844 5022 que
870 4993 943 5012 nous
974 4993 1009 5010 ne
1037 4982 1161 5009 livrions
1191 4990 1242 5015 pas

346 5039 422 5068 leurs
441 5034 582 5062 adresses.

1296 1272 1394 1303 Pour
1417 1272 1543 1302 toutes
1567 1270 1622 1300 les
1649 1274 1840 1298 annonces
1870 1262 2042 1303 ci-après
2078 1260 2153 1292 s’a¬

1254 1322 1416 1352 dresser
1458 1321 1477 1350 à
1523 1319 1554 1349 la
1601 1316 1805 1348 Directrice
1847 1314 1892 1344 de
1931 1312 1961 1342 la
1994 1320 2011 1341 «
2031 1310 2152 1341 Revue

1257 1368 1460 1402 Mensuelle
1483 1380 1510 1398 ».

1296 1493 1409 1522 Veuve
1426 1490 1464 1519 42
1479 1496 1550 1524 ans,
1569 1487 1705 1518 fortune
1720 1484 1851 1516 300.000
1884 1483 1939 1518 fr.,
1971 1480 2081 1511 12.000
2112 1479 2153 1509 fr.

1256 1538 1417 1566 revenus,
1440 1530 1531 1560 belle
1559 1528 1734 1566 propriété
1762 1524 1925 1563 agricole,
1955 1520 2156 1560 épouserait

1258 1571 1435 1602 Monsieur
1449 1570 1487 1600 40
1503 1571 1521 1600 à
1535 1569 1574 1598 60
1590 1576 1662 1603 ans,
1681 1568 1781 1604 ayant
1806 1564 1890 1603 jolie
1919 1561 2082 1593 situation
2112 1567 2156 1590 ou

1258 1612 1407 1642 fortune.
1425 1627 1436 1633 -
1451 1611 1480 1641 N
1485 1619 1490 1625 -
1508 1609 1588 1639 2630

1299 1729 1407 1757 Jeune
1423 1725 1558 1755 homme
1573 1724 1612 1753 32
1627 1730 1699 1757 ans,
1718 1720 1910 1755 sud-ouest,
1936 1717 1988 1747 61s
2016 1715 2157 1754 unique,

1259 1767 1388 1797 300.000
1402 1767 1457 1801 fr.,
1474 1766 1573 1800 brun,
1588 1771 1648 1803 pas
1664 1762 1810 1796 fumenr,
1823 1758 2022 1798 épouserait
2032 1756 2159 1786 demoi¬

1262 1808 1346 1838 selle
1362 1814 1405 1837 ou
1434 1812 1542 1836 veuve
1571 1803 1739 1836 sérieuse,
1769 1800 1831 1839 âge
1862 1802 1896 1830 et
1922 1797 2088 1829 situation
2116 1803 2159 1825 en

1262 1851 1413 1887 rapport.
1431 1863 1467 1869 —
1483 1846 1523 1875 N-
1541 1844 1632 1875 5004.

1302 1969 1387 2000 Veuf
1401 1968 1440 1998 55
1456 1975 1529 2002 ans,
1548 1973 1625 1996 sans
1642 1964 1769 1999 enfant,
1790 1962 1875 1997 seul,
1893 1960 2044 1994 sérieux,
2062 1958 2162 1988 habi¬

1263 2012 1337 2041 tant
1349 2008 1498 2046 Algérie,
1515 2006 1672 2045 employé
1684 2005 1725 2034 de
1736 2003 1869 2039 mairie,
1882 2003 1983 2040 ayant
1993 1998 2162 2030 intérieur

1265 2053 1298 2081 et
1314 2049 1482 2083 mobilier,
1509 2047 1623 2077 désire
1652 2045 1757 2076 union
1787 2051 1867 2073 avec
1896 2039 2096 2072 demoiselle
2118 2046 2161 2068 ou

1263 2097 1371 2121 veuve
1386 2089 1426 2118 36
1441 2089 1460 2118 à
1475 2088 1513 2118 46
1529 2095 1601 2123 ans,
1619 2087 1719 2124 ayant
1735 2083 1906 2114 situation.
1918 2097 1957 2103 —
1972 2082 2000 2111 N
2006 2088 2012 2096 1
2029 2079 2119 2110 5010.

1305 2204 1509 2237 Demoiselle
1532 2203 1645 2233 bonne
1662 2200 1800 2235 famille,
1817 2199 1856 2230 40
1872 2206 1943 2234 ans,
1971 2196 2165 2236 paraissant

1263 2249 1381 2286 jeune,
1399 2245 1523 2275 femme
1546 2243 1756 2277 d’intérieur,
1775 2240 1997 2272 affectueuse,
2015 2239 2164 2273 épouse¬

1266 2288 1332 2318 rait
1360 2285 1489 2316 officier
1516 2291 1561 2314 ou
1589 2281 1839 2313 fonctionnaire
1869 2279 2019 2312 sérieux,
2035 2277 2075 2306 40
2090 2277 2110 2307 à
2127 2276 2167 2305 45

1267 2335 1339 2358 ans.
1358 2343 1395 2348 —
1411 2326 1451 2356 N-
1469 2325 1559 2355 5011.

1309 2437 1556 2472 Sous-officier,
1575 2435 1614 2465 14
1629 2442 1690 2465 ans
1707 2434 1748 2464 de
1764 2431 1908 2465 service,
1924 2429 2068 2460 retraite
2084 2428 2168 2458 dans

1274 2480 1311 2509 16
1325 2478 1411 2509 mois
1429 2477 1519 2508 1.800
1536 2475 1590 2512 fr.,
1617 2472 1812 2505 économies
1839 2471 1949 2502 12.000
1970 2470 2024 2504 fr.,
2054 2467 2168 2498 désire

1270 2522 1408 2550 rentrer
1423 2525 1467 2549 en
1483 2514 1783 2552 correspondance
1799 2520 1842 2543 en
1857 2519 1923 2541 vue
1946 2510 1988 2540 de
2012 2509 2166 2546 mariage

1272 2567 1355 2591 avec
1371 2557 1569 2589 demoiselle
1583 2556 1622 2585 25
1638 2557 1656 2585 à
1671 2554 1709 2585 35
1726 2561 1798 2587 ans,
1822 2552 1988 2585 sérieuse,
2005 2548 2168 2584 honnête,

1270 2598 1480 2630 institutrice
1495 2605 1539 2628 ou
1555 2595 1733 2635 employée
1747 2595 1873 2633 postes,
1888 2591 2025 2629 dispose
2040 2590 2172 2628 photo.-

1272 2641 1315 2671 N°
1328 2640 1378 2669 47.

1313 2749 1489 2781 Monsieur
1511 2747 1552 2777 30
1579 2754 1652 2780 ans,
1678 2745 1749 2775 très
1774 2743 1921 2781 grandes
1954 2741 2098 2779 qualités
2127 2740 2169 2770 de

1276 2797 1382 2823 cœur,
1394 2788 1522 2818 aimant
1532 2785 1585 2816 vie
1601 2783 1779 2818 intérieur,
1792 2783 1927 2812 divorcé
1943 2781 1962 2810 à
1979 2787 2040 2809 son
2056 2779 2171 2818 profit,

1276 2838 1354 2859 sans
1371 2828 1501 2863 enfant,
1518 2824 1716 2865 épouserait
1732 2821 1930 2852 demoiselle
1947 2823 2049 2858 ayant
2062 2818 2173 2857 quali¬

1276 2871 1327 2899 tés
1345 2869 1385 2899 de
1402 2875 1509 2902 cœur,
1541 2864 1728 2896 cherchant
1757 2862 1842 2892 faire
1871 2861 2040 2895 bonheur,
2072 2860 2174 2897 ayant

1277 2910 1333 2940 dot
1348 2916 1392 2940 ou
1408 2913 1613 2939 commerce.
1632 2922 1669 2927 —
1684 2905 1726 2935 N°
1740 2903 1789 2933 65.

1317 3019 1521 3051 Demoiselle
1545 3019 1584 3048 34
1609 3025 1681 3051 ans,
1703 3015 1788 3053 jolie
1812 3014 1934 3049 brune,
1962 3013 2033 3042 très
2059 3010 2176 3041 distin¬

1277 3063 1377 3099 guée,
1393 3060 1553 3091 conduite
1568 3054 1838 3096 irréprochable,
1860 3053 2005 3092 parfaite
2031 3052 2176 3082 honora¬

1276 3101 1383 3135 bilité,
1420 3098 1646 3132 musicienne,
1691 3095 1816 3125 femme
1860 3094 1879 3122 d
1891 3092 2072 3128 intérieur,
2119 3090 2178 3120 dot

1276 3141 1389 3172 50.000
1404 3140 1458 3172 fr.,
1476 3141 1684 3175 espérances
1701 3136 1846 3165 directes
1864 3133 1995 3163 130.000
2006 3131 2060 3165 fr.,
2073 3133 2177 3170 épou¬

1278 3182 1384 3212 serait
1418 3178 1597 3210 monsieur
1625 3176 1775 3210 sérieux,
1806 3174 1950 3212 parfaite
1980 3171 2175 3206 éducaiion,

1278 3221 1390 3252 bonne
1408 3220 1581 3255 situation,
1601 3217 1757 3248 divorcés
1774 3214 1965 3245 s’asbtenir.
1984 3228 2019 3233 —
2049 3213 2091 3242 N°
2105 3211 2155 3240 66.

1319 3332 1409 3364 Veuf
1419 3339 1498 3362 sans
1514 3330 1644 3365 enfant,
1659 3329 1698 3358 48
1714 3335 1787 3361 ans,
1804 3324 2012 3360 économies,
2039 3321 2180 3353 ouvrier

1280 3372 1542 3411 métallurgiste,
1560 3369 1757 3408 épouserait
1780 3365 1990 3400 demoiselle,
2007 3369 2118 3395 veuve
2134 3369 2178 3392 ou

1281 3413 1452 3447 divorcée,
1470 3412 1532 3450 âge
1549 3413 1582 3441 et
1598 3407 1760 3440 situation
1776 3414 1819 3437 en
1835 3408 1986 3444 rapport.
2011 3417 2043 3426 --
2067 3403 2176 3433 N°67.

1322 3523 1565 3555 Sous-officier
1581 3519 1738 3555 colonial,
1767 3519 1806 3549 36
1831 3525 1904 3553 ans,
1932 3514 2074 3547 retraite
2096 3513 2179 3543 dans

1280 3565 1299 3594 3
1315 3572 1387 3599 ans,
1414 3562 1610 3594 économies
1635 3560 1747 3591 20.000
1771 3559 1823 3595 fr.,
1851 3557 1963 3588 désire
1993 3558 2110 3586 entrer
2136 3561 2179 3583 en

1282 3604 1448 3635 relations
1461 3611 1548 3641 pour
1559 3602 1709 3638 mariage
1720 3606 1800 3630 avec
1808 3601 1916 3638 jeune
1931 3596 2002 3628 fille
2012 3603 2056 3627 ou
2072 3601 2181 3625 veuve

1283 3647 1384 3683 ayant
1400 3643 1573 3674 situation.
1590 3659 1629 3664 —
1643 3642 1686 3672 N°
1700 3641 1747 3670 68.

1322 3755 1528 3787 Demoiselle
1543 3755 1578 3784 41
1597 3761 1671 3790 ans,
1689 3751 1855 3791 physique
1870 3750 2045 3789 agréable,
2058 3749 2179 3786 jeune,

1284 3797 1380 3827 seule
1397 3803 1480 3826 avec
1494 3803 1530 3826 sa
1547 3795 1653 3830 mère,
1672 3796 1771 3831 ayant
1783 3795 1909 3823 rentes,
1925 3789 2081 3820 mora’itô
2097 3787 2182 3818 irré¬

1283 3835 1482 3875 prochable,
1498 3833 1672 3869 instruite,
1702 3832 1884 3863 éducation
1913 3831 2066 3868 soignée,
2096 3828 2184 3857 inté¬

1285 3877 1381 3907 rieur
1395 3875 1619 3908 confortable,
1651 3874 1775 3904 femme
1802 3872 2013 3903 d’intérieur,
2033 3871 2183 3906 épouse¬

1285 3917 1353 3947 rait
1368 3915 1545 3947 monsieur
1559 3917 1662 3953 ayant
1677 3912 1838 3943 situation
1855 3911 1948 3946 sûre,
1965 3910 2004 3940 40
2019 3910 2040 3940 à
2054 3909 2093 3939 50
2108 3916 2182 3938 ans.

1285 3958 1327 3987 N°
1344 3956 1393 3986 69.

1326 4070 1436 4098 Jeune
1452 4066 1588 4097 homme
1603 4065 1643 4095 39
1663 4072 1736 4099 ans,
1761 4064 1855 4095 avoir
1879 4062 1993 4094 20.000
2017 4061 2057 4091 fr.
2080 4058 2185 4099 jardi¬

1288 4106 1555 4142 nier-fleuriste,
1575 4104 1772 4145 épouserait
1795 4106 1901 4142 jeune
1918 4103 1988 4133 fille
2004 4110 2047 4132 ou
2063 4107 2184 4134 veuve,

1288 4150 1543 4185 commerçante
1575 4154 1619 4176 ou
1644 4146 1854 4181 couturière,
1888 4151 1932 4174 ou
1960 4144 2062 4180 ayant
2087 4144 2185 4170 autre

1289 4189 1450 4219 situation
1468 4187 1558 4218 sûre.
1575 4203 1613 4209 —
1629 4186 1671 4216 N°
1686 4185 1735 4215 70.

1327 4302 1437 4331 Jeune
1448 4299 1584 4330 homme
1596 4297 1635 4328 34
1651 4305 1723 4330 ans,
1737 4295 1950 4327 cultivateur,
1959 4293 2024 4323 bon
2037 4290 2186 4326 ouvrier,

1289 4341 1368 4371 bien
1394 4348 1475 4371 sous
1501 4342 1578 4370 tous
1606 4340 1774 4376 rapports,
1803 4335 2000 4366 économies
2024 4334 2044 4362 2
2057 4332 2117 4362 000
2131 4331 2187 4366 fr.,

1291 4380 1450 4412 conduite
1465 4377 1737 4416 irréprochable,
1764 4376 1960 4413 épousesait
1983 4375 2090 4412 jeune
2117 4371 2188 4400 fille

1292 4429 1334 4452 ou
1352 4428 1459 4451 veuve
1473 4421 1512 4449 23
1527 4420 1548 4450 à
1561 4420 1601 4449 30
1613 4426 1685 4454 ans,
1701 4416 1864 4447 honnête.
1880 4431 1899 4437 -
1913 4417 1956 4446 N°
1970 4415 2020 4443 71.

1335 4532 1466 4567 Créole,
1489 4531 1574 4561 beau
1592 4536 1731 4567 garçon,
1748 4526 1846 4560 brun,
1872 4526 2019 4560 divorcé,
2051 4524 2068 4552 à
2095 4519 2190 4552 Paris

1293 4574 1337 4604 où
1352 4573 1376 4602 il
1390 4576 1444 4602 est
1460 4570 1641 4605 domicilié,
1651 4569 1690 4599 49
1703 4575 1774 4601 ans,
1791 4567 1956 4606 physique
1964 4566 2084 4602 jeune,
2101 4563 2191 4590 fonc¬

1294 4613 1464 4643 tionnaire
1478 4611 1587 4641 15.000
1600 4610 1639 4639 fr.
1658 4617 1720 4647 par
1735 4614 1789 4640 an,
1803 4608 2008 4645 espérances
2025 4601 2137 4634 24.000
2149 4600 2190 4629 fr.

1293 4654 1313 4682 3
1328 4652 1557 4685 décorations,
1581 4652 1602 4680 2
1617 4655 1761 4687 garçons
1777 4647 1797 4676 9
1811 4651 1845 4677 et
1859 4648 1877 4676 7
1894 4653 1968 4680 ans,
1994 4640 2193 4680 épouserait

1296 4693 1490 4722 civilement
1513 4698 1621 4721 veuve
1646 4698 1690 4719 ou
1716 4689 1851 4716 divorcé
1877 4688 1894 4715 à
1912 4693 1972 4716 son
1989 4683 2102 4723 profit,
2119 4681 2158 4709 35
2174 4680 2191 4709 à

1295 4733 1334 4761 45
1349 4740 1422 4766 ans,
1435 4731 1607 4769 répondra
1621 4731 1639 4759 à
1655 4731 1767 4760 toutes
1779 4726 1898 4757 lettres
1911 4725 2061 4756 donnant
2074 4721 2190 4751 adres¬

1297 4780 1344 4801 se.
1362 4787 1379 4794 -
1395 4773 1437 4802 N°
1458 4772 1507 4800 72.

1337 4882 1540 4912 Célibataire
1566 4880 1721 4919 employé
1739 4879 1915 4912 P.-L.-M.,
1940 4877 1979 4907 25
2003 4881 2075 4907 ans,
2093 4872 2191 4906 brun,

1298 4922 1368 4951 très
1385 4922 1591 4956 affectueux,
1610 4920 1768 4951 situation
1787 4918 1887 4949 5.200,
1912 4912 2110 4955 épouserait
2134 4911 2195 4940 de¬

1299 4961 1453 4992 moiselle
1470 4969 1512 4992 ou
1529 4969 1636 4992 veuve
1652 4960 1742 4995 bien,
1759 4958 1798 4988 20
1813 4960 1831 4988 à
1846 4959 1884 4988 24
1900 4965 1972 4993 ans,
1991 4955 2091 4998 ayant
2108 4950 2195 4981 situ¬

1300 4999 1390 5030 ation
1408 5009 1452 5033 ou
1470 5002 1533 5032 dot.
1555 5018 1568 5023 -
1582 5002 1626 5032 N°
1640 5001 1689 5030 73.

2246 1260 2357 1289 Jeune
2371 1257 2509 1287 homme
2524 1255 2563 1285 30
2578 1262 2651 1290 ans,
2679 1253 2773 1283 taille
2798 1259 2980 1290 moyenne,
3004 1251 3105 1286 brun,

2208 1297 2436 1329 honorabilité
2453 1295 2608 1334 parfaite,
2630 1293 2823 1333 profession
2854 1291 3106 1325 commerciale,

2209 1339 2371 1369 situation
2388 1338 2428 1368 de
2445 1336 2580 1366 fortune
2597 1334 2728 1365 150.000
2742 1333 2797 1368 fr.,
2816 1333 3005 1363 recherche
3020 1338 3109 1370 pour

2209 1379 2362 1417 mariage
2390 1384 2561 1416 personne
2591 1374 2741 1406 honnête
2763 1373 2842 1404 bien
2868 1380 2948 1403 sous
2966 1376 3042 1402 tous
3057 1372 3108 1401 les

2209 1421 2379 1459 rapports,
2397 1425 2441 1448 ne
2456 1416 2668 1447 s’arrêterait
2681 1423 2741 1453 pas
2757 1414 2777 1444 à
2792 1413 2823 1444 la
2840 1413 2911 1444 dot.
2931 1428 2944 1434 -
2959 1413 3002 1442 N“
3016 1412 3067 1442 74.

2251 1537 2463 1569 Institutrice
2487 1536 2661 1576 publique,
2691 1542 2799 1566 veuve
2832 1533 2872 1564 de
2902 1540 3039 1572 guerre,
3069 1532 3108 1561 32

2211 1586 2284 1612 ans,
2313 1578 2457 1617 pension
2483 1577 2573 1607 1.200
2598 1576 2652 1612 fr.,
2679 1574 2777 1606 avoir
2802 1574 2916 1605 20.000
2931 1573 2985 1608 fr.,
3003 1574 3017 1602 1
3042 1571 3109 1607 fils,

2212 1618 2379 1658 physique
2408 1617 2579 1655 agréable,
2609 1614 2806 1655 épouserait
2827 1614 3003 1645 monsieur
3024 1613 3064 1642 35
3087 1612 3108 1641 â

2212 1660 2251 1689 40
2266 1667 2339 1695 ans,
2358 1666 2436 1688 sans
2453 1658 2578 1693 enfant,
2597 1656 2757 1686 situation
2775 1654 2866 1685 sûre.
2883 1671 2895 1677 -
2910 1654 2952 1685 N°
2966 1652 3016 1683 75.

2253 1780 2424 1819 Adjudant
2439 1779 2480 1810 de
2496 1778 2659 1814 carrière,
2688 1779 2724 1807 31
2750 1784 2822 1811 ans,
2841 1774 2936 1806 avoir
2949 1773 3042 1805 4.000
3055 1773 3111 1808 fr.,

2214 1821 2273 1852 700
2290 1822 2329 1851 fr.
2344 1829 2407 1859 par
2422 1820 2519 1854 mois,
2530 1819 2609 1850 bien
2620 1819 2894 1857 physiquement,
2906 1814 3112 1852 catholique,

2216 1862 2331 1892 désire
2355 1863 2506 1899 épouser
2529 1858 2728 1890 demoiselle
2758 1859 2859 1895 ayant
2884 1854 3046 1886 situation
3072 1861 3114 1884 en

2217 1903 2369 1940 rapport.
2386 1917 2399 1923 -
2415 1901 2455 1932 N”
2469 1900 2520 1930 76.

2257 2020 2502 2053 Sous-officier
2539 2019 2698 2054 colonial,
2735 2019 2851 2048 armée
2887 2017 2931 2047 du
2974 2016 3112 2051 Levant,

2219 2062 2331 2094 désire
2349 2060 2599 2099 correspondre
2615 2067 2696 2090 avec
2709 2060 2814 2096 jeune
2829 2060 2864 2088 et
2872 2056 3013 2095 gentille
3029 2063 3117 2086 mar¬

2219 2103 2328 2139 raine,
2345 2102 2385 2132 20
2400 2103 2420 2132 à
2432 2101 2472 2131 25
2487 2108 2560 2131 ans.
2577 2115 2597 2123 -
2610 2101 2653 2130 N“
2667 2099 2717 2129 77.

2259 2213 2403 2245 Ouvrier
2432 2212 2594 2250 forgeron
2615 2212 2654 2241 44
2683 2218 2754 2247 ans,
2782 2211 2882 2248 ayant
2908 2208 2976 2239 bon
2992 2206 3117 2246 emploi

2220 2258 2365 2287 travaux
2385 2252 2530 2292 publics,
2547 2253 2697 2290 gagnant
2720 2250 2811 2280 1.500
2835 2257 2898 2287 par
2920 2248 3018 2282 mois,
3037 2250 3119 2278 éco¬

2222 2295 2353 2326 nomies
2380 2293 2493 2324 20.000
2520 2292 2575 2326 fr.,
2615 2293 2813 2328 épouserait
2844 2288 3044 2320 demoiselle
3074 2295 3118 2318 ou

2219 2343 2329 2366 veuve
2346 2334 2456 2364 même
2472 2340 2556 2363 avec
2570 2331 2699 2365 enfant,
2713 2331 2753 2361 30
2768 2332 2787 2360 à
2809 2329 2850 2360 40
2865 2338 2936 2364 ans,
2969 2328 3121 2359 désirant

2222 2376 2316 2406 vivre
2333 2382 2375 2405 en
2392 2373 2586 2410 Amérique,
2603 2371 2740 2403 fortune
2755 2378 2814 2409 pas
2832 2369 2964 2408 exigée.
2981 2385 2993 2390 -
3009 2369 3051 2399 N°
3066 2368 3117 2397 78.

2263 2485 2468 2517 Demoiselle
2495 2485 2535 2514 34
2563 2491 2635 2517 ans,
2653 2481 2844 2521 orpheline,
2862 2480 3040 2518 employée
3068 2479 3122 2509 ad¬

2226 2527 2454 2557 ministration
2472 2525 2514 2555 de
2531 2524 2638 2559 l’Etat,
2656 2521 2824 2556 mobilier,
2841 2520 3049 2555 économies,
3065 2518 3120 2549 dé¬

2226 2567 2294 2597 sire
2309 2566 2460 2604 mariage
2475 2572 2558 2595 avec
2574 2562 2749 2594 monsieur
2766 2562 2829 2600 âge
2845 2564 2879 2591 et
2895 2561 3057 2591 situation
3074 2567 3117 2590 en

2226 2608 2377 2646 rapport.
2394 2622 2413 2628 -
2426 2605 2469 2635 N*
2482 2605 2533 2635 79.

2265 2717 2405 2748 Officier
2432 2715 2599 2746 artillerie
2624 2714 2717 2750 veuf,
2746 2713 2784 2743 31
2814 2720 2888 2747 ans,
2918 2711 3017 2745 brun,
3043 2711 3123 2741 bien

2227 2766 2307 2788 sous
2322 2761 2400 2788 tous
2416 2757 2465 2785 les
2481 2757 2652 2793 rapports,
2665 2752 2863 2791 épouserait
2870 2754 2977 2789 jeune
2993 2751 3064 2781 fille
3078 2758 3123 2782 ou

2227 2804 2335 2827 veuve
2351 2796 2389 2825 25
2404 2796 2423 2825 à
2437 2795 2476 2824 35
2491 2802 2564 2828 ans,
2576 2793 2672 2832 jolie,
2690 2795 2790 2830 ayant
2806 2792 2863 2822 dot
2879 2799 2922 2821 ou
2939 2791 3027 2820 belle
3044 2790 3124 2820 situ¬

2229 2836 2334 2867 ation.
2351 2852 2363 2857 -
2377 2837 2421 2867 N°
2435 2835 2487 2865 80.

2268 2950 2378 2978 Jeune
2394 2946 2529 2976 homme
2542 2946 2580 2974 23
2597 2952 2669 2980 ans,
2678 2943 2796 2981 grand,
2805 2942 2953 2977 châtain,
2967 2941 3127 2972 situation

2230 2988 2322 3019 6.000
2337 2986 2393 3022 fr.,
2410 2986 2505 3016 avoir
2521 2985 2558 3015 10
2572 2984 2695 3019 000fr.,
2712 2983 2910 3021 épouserait
2927 2981 3125 3011 demoiselle

2233 3030 2269 3059 18
2285 3030 2303 3058 à
2318 3028 2357 3058 22
2372 3034 2444 3062 ans,
2461 3027 2582 3061 brune,
2601 3023 2762 3055 situation
2779 3024 2957 3061 analogue.
2981 3038 2994 3044 -
3022 3022 3061 3052 N*
3076 3021 3125 3051 81.

2271 3150 2379 3179 Jeune
2394 3147 2465 3177 fille
2480 3146 2519 3176 26
2535 3153 2607 3181 ans,
2624 3145 2703 3174 bien
2718 3142 2991 3182 physiquement,
3007 3141 3125 3176 douce,

2233 3190 2399 3224 sérieuse,
2429 3185 2680 3217 fonctionnaire
2710 3183 2825 3219 d’Etat,
2857 3182 3129 3221 appointements

2231 3229 2323 3259 6.000
2339 3228 2393 3264 fr.,
2412 3229 2617 3265 espérances
2628 3224 2741 3255 20.000
2757 3224 2809 3259 fr.,
2823 3222 3021 3262 épouserait
3037 3227 3131 3252 mon¬

2234 3270 2328 3300 sieur
2343 3268 2423 3299 sûre
2439 3275 2481 3297 en
2498 3268 2648 3305 rapport.
2665 3280 2678 3287 -
2693 3265 2735 3295 N°
2749 3264 2799 3294 82.

2274 3379 2450 3410 Monsieur
2465 3378 2549 3413 aisé,
2564 3374 2725 3407 situation
2742 3373 2877 3410 sûre,41
2895 3381 2968 3409 ans,
2980 3371 3130 3408 sérieux,

2235 3420 2348 3451 désire
2384 3419 2563 3449 connaître
2601 3423 2690 3455 pour
2724 3416 2888 3452 mariage,
2911 3416 3018 3452 jeune
3047 3411 3130 3448 fille,

2234 3468 2342 3492 veuve
2358 3466 2401 3489 ou
2419 3458 2588 3491 divorcée,
2605 3458 2670 3486 bon
2686 3457 2874 3489 caractère,
2896 3453 2985 3484 belle
3013 3455 3047 3482 et
3076 3459 3130 3482 su¬

2234 3500 2341 3541 perbe
2354 3498 2490 3529 femme.
2508 3513 2526 3520 -
2540 3497 2583 3526 N°
2597 3497 2646 3525 83.

2276 3608 2481 3641 Demoiselle
2497 3606 2689 3638 excellente
2705 3605 2844 3640 famille,
2862 3604 2901 3633 40
2917 3612 2988 3636 ans,
3006 3603 3131 3633 femme

2236 3649 2447 3684 d’intérieur,
2475 3647 2648 3677 sérieuses
2679 3645 2822 3685 qualités
2852 3644 3013 3678 morales,
3031 3643 3131 3681 prati¬

2237 3694 2372 3730 quante,
2391 3688 2616 3720 musicienne,
2633 3686 2728 3716 avoir
2743 3685 2837 3715 futur
2852 3684 2982 3714 100.000
2998 3682 3052 3718 fr.,
3075 3682 3133 3712 dot

2235 3731 2349 3763 25.000
2361 3731 2415 3765 fr.,
2428 3728 2583 3759 s’unirait
2594 3727 2613 3756 à
2628 3724 2803 3755 monsieur
2813 3723 2922 3754 40à46
2938 3731 3011 3758 ans,
3029 3723 3132 3757 doux,

2238 3772 2444 3804 affectueux,
2475 3765 2713 3800 honorabilité,
2744 3763 2938 3799 éducation,
2971 3762 3132 3793 situation

2238 3813 2417 3850 analogue.
2436 3825 2453 3831 -
2469 3809 2512 3839 N°
2526 3808 2575 3836 84.

2278 3922 2485 3955 Fille-mère,
2497 3918 2538 3949 30
2552 3925 2624 3953 ans,
2640 3913 2837 3946 économies
2854 3913 3005 3950 1.500fr.,
3021 3913 3135 3943 bonne

2240 3965 2363 3994 femme
2380 3960 2591 3992 d’intérieur,
2610 3954 2801 3995 orpheline,
2818 3955 3017 3992 épouserait
3028 3955 3134 3991 jeune

2239 4005 2376 4034 homme
2384 4000 2595 4035 travailleur,
2608 3994 2770 4031 honnête,
2782 3994 2883 4025 ferait
2895 4001 2957 4024 son
2964 3993 3133 4024 bonheur.

2241 4045 2283 4074 N°
2297 4043 2346 4072 85.

2281 4163 2492 4196 Institutrice
2507 4162 2606 4197 libre,
2620 4162 2661 4190 32
2675 4168 2748 4195 ans,
2777 4157 2986 4197 parisienne,
3016 4158 3138 4195 brune,

2242 4213 2369 4245 garçon
2384 4205 2404 4233 5
2417 4211 2488 4237 ans,
2506 4201 2696 4232 recherche
2721 4206 2808 4237 pour
2834 4199 2985 4236 mariage
3000 4198 3137 4229 homme

2243 4248 2284 4277 de
2300 4252 2406 4280 cœur,
2424 4242 2626 4274 sentiments
2643 4239 2796 4273 délicats,
2812 4238 2870 4276 qui
2898 4239 2999 4269 ferait
3027 4239 3137 4269 situa¬

2243 4287 2325 4321 tion,
2356 4284 2419 4321 âge
2443 4280 2651 4315 indifférent,
2694 4278 2911 4309 seconderait
2938 4278 3021 4309 dans
3048 4287 3137 4309 com¬

2243 4332 2370 4359 merce,
2387 4321 2571 4353 habiterait
2587 4322 2618 4351 la
2633 4326 2832 4358 campagne.
2851 4335 2888 4340 —
2902 4320 2931 4350 N
2936 4327 2943 4333 -
2966 4319 3056 4348 5023.

2284 4438 2387 4466 Dame
2399 4433 2536 4468 blonde,
2549 4433 2619 4463 très
2634 4431 2724 4465 bien,
2740 4430 2780 4460 40
2795 4437 2867 4464 ans,
2885 4428 3009 4459 femme
3022 4427 3139 4459 d’inté¬

2245 4475 2352 4512 rieur,
2380 4473 2494 4504 80.000
2509 4473 2551 4503 fr.
2574 4474 2609 4502 et
2623 4472 2842 4511 espérances,
2871 4469 2926 4498 bel
2955 4468 3136 4504 intérieur,

2246 4514 2444 4555 épouserait
2485 4512 2661 4544 monsieur
2689 4511 2814 4539 aimant
2843 4508 2897 4539 vie
2926 4507 2968 4537 de
2996 4508 3138 4544 famille,

2245 4555 2377 4594 répond
2392 4562 2460 4585 aux
2474 4554 2594 4584 lettres
2610 4551 2755 4589 signées.
2773 4565 2811 4570 —
2826 4549 2855 4579 N
2861 4556 2866 4563 -
2884 4547 2974 4578 5025.

2287 4670 2396 4697 Jeune
2412 4666 2547 4696 homme
2561 4663 2601 4692 23
2616 4670 2688 4696 ans,
2700 4660 2800 4694 brun,
2813 4658 2964 4694 sérieux,
2982 4659 3144 4690 situation

2248 4708 2340 4738 7.800
2356 4706 2409 4742 fr.,
2434 4702 2708 4735 administration
2736 4701 2864 4734 Maroc,
2896 4700 3008 4730 désire
3038 4700 3143 4730 union

2250 4756 2332 4779 avec
2343 4749 2450 4786 jeune
2465 4744 2532 4774 fille
2549 4743 2586 4771 18
2601 4743 2619 4772 à
2633 4742 2672 4771 23
2689 4747 2760 4776 ans,
2778 4755 2814 4760 —
2828 4739 2859 4770 N
2865 4748 2870 4754 -
2887 4740 2978 4770 5028.

2289 4855 2491 4889 Célibataire
2506 4853 2545 4884 35
2560 4860 2631 4887 ans,
2658 4851 2795 4887 aimant,
2812 4850 2963 4884 instruit,
2982 4850 3145 4881 situation

2250 4898 2393 4931 libérale
2433 4893 2697 4932 indépendante,
2728 4891 2783 4922 bel
2811 4891 2918 4926 avoir,
2949 4891 3149 4928 épouserait

2250 4944 2424 4980 personne
2441 4936 2510 4964 très
2528 4933 2686 4967 aimante,
2704 4931 2778 4970 âge.
2797 4931 2923 4967 enfant,
2941 4932 3027 4965 tare,
3047 4932 3147 4960 anté¬

2251 4980 2391 5011 cédents
2405 4973 2632 5006 indifférents.
2643 4990 2683 4994 —
2697 4973 2727 5003 N
2731 4981 2737 4987 -
2755 4971 2846 5002 5006.
