3536 5552
398 467 573 498 Demoiselle
593 475 624 501 35
641 474 705 499 ans,
729 462 806 490 taille
832 469 983 495 moyenne,
1009 457 1075 485 bien
1098 453 1260 489 physique¬

363 511 452 538 ment,
481 502 641 538 possédant
671 508 768 534 15.000
796 496 832 524 fr.
861 496 896 522 de
924 495 984 525 dot,
1011 491 1107 520 désire
1139 493 1261 523 épouser

363 539 574 570 fonctionnaire
603 547 639 564 ou
666 538 861 566 commerçant
894 528 1035 559 situation
1067 537 1101 554 en
1131 529 1260 559 rapport,

366 577 438 606 mais
455 585 534 603 assez
546 572 640 608 grand
654 572 689 599 de
703 570 789 600 taille,
807 572 861 602 âge
875 565 1056 594 indifférent.
1076 561 1112 591 N'
1129 560 1202 588 6209
1209 581 1215 587 .

401 627 489 659 Jeune
505 625 622 651 homme
638 631 669 655 23
686 629 750 653 ans,
767 617 937 648 affectueux,
954 616 1048 642 bonne
1064 613 1157 643 santé,
1175 612 1266 643 épou¬

368 661 456 690 serait
471 661 504 688 de
521 659 596 687 suite
611 655 776 684 demoiselle
800 664 836 680 ou
862 661 952 679 veuve
976 648 1160 680 affectueuse,
1185 644 1267 672 avoir

371 707 487 726 100.000
501 695 549 728 fr.,
566 697 619 728 âge
633 691 811 720 indifférent.
830 703 860 708 —
878 687 913 715 N'
928 685 998 713 6210
1002 706 1008 712 .

407 744 581 774 Demoiselle
609 741 756 773 italienne,
787 748 820 772 30
850 746 912 768 ans,
944 742 1086 769 personne
1123 729 1267 764 agréable,

371 782 459 817 petite
474 780 562 812 taille,
576 779 691 812 parlant
701 782 729 804 et
740 774 870 802 écrivant
880 771 1085 806 parfaitement
1096 768 1121 794 le
1132 764 1269 798 français,

372 817 496 845 modiste
512 821 539 842 et
554 812 728 845 couturière,
746 810 826 838 avoir
858 816 955 842 15.000
979 805 1015 832 fr.
1045 814 1112 831 avec
1143 811 1182 829 un
1212 801 1269 828 bon

374 861 537 883 trousseau,
566 848 720 878 désirerait
749 844 897 873 monsieur
926 842 991 869 veut
1020 840 1055 867 de
1069 849 1104 874 40
1119 841 1134 864 à
1147 847 1180 872 45
1206 845 1271 867 ans,

374 895 461 924 ayant
477 886 565 922 petite
581 884 733 916 situation,
751 884 841 909 même
858 889 924 906 avec
940 886 979 905 un
996 875 1095 903 enfant
1108 874 1148 901 les
1159 872 1272 900 aimant

376 926 533 957 beaucoup.
552 921 660 949 France
676 929 712 947 ou
729 917 863 945 colonies.
880 928 911 934 —
927 912 963 941 N'
979 911 1050 938 6213
1055 932 1060 938 .

409 973 511 1002 Veuve
528 973 598 1006 âgée
612 970 647 997 de
672 977 702 1003 51
729 976 792 1000 ans,
822 974 891 992 sans
921 962 1032 994 enfant,
1065 968 1161 994 15.000
1177 956 1212 984 fr.
1239 965 1274 982 en

377 1015 489 1045 argent,
522 1008 610 1041 linge,
642 1003 785 1033 mobilier,
821 1001 925 1028 femme
958 997 1092 1025 honnête,
1129 997 1275 1024 économe,

377 1043 542 1080 épouserait
556 1041 688 1076 employé
702 1043 755 1073 âge
769 1047 804 1065 en
820 1040 950 1070 rapport.
965 1048 999 1053 —
1014 1032 1049 1060 N'
1063 1030 1134 1057 6213
1137 1051 1144 1056 .

416 1091 620 1122 Sous-officier
637 1099 665 1124 31
685 1097 747 1118 ans,
764 1084 900 1114 libérable
916 1083 989 1110 dans
1008 1090 1020 1116 5
1038 1090 1090 1108 ans
1116 1087 1182 1106 avec
1208 1085 1279 1111 pen¬

380 1130 443 1158 sion
474 1136 501 1157 et
530 1128 586 1155 bon
615 1124 731 1159 emploi,
757 1120 918 1150 économies
936 1119 1034 1146 28.000
1049 1115 1098 1149 fr.,
1114 1111 1280 1148 épouserait

380 1164 548 1193 demoiselle
559 1172 594 1190 ou
607 1171 698 1189 veuve
710 1168 777 1187 sans
790 1156 888 1185 enfant
899 1155 933 1183 de
946 1164 978 1181 20
989 1156 1004 1180 à
1017 1163 1046 1186 31
1062 1161 1125 1183 ans,
1140 1148 1278 1181 sérieuse,

381 1201 524 1229 situation
540 1208 575 1226 en
591 1202 719 1232 rapport.
736 1209 770 1214 —
786 1193 820 1221 N'
838 1191 908 1219 6215
913 1213 918 1218 .

420 1248 600 1278 Célibataire
614 1249 649 1274 60
664 1254 725 1276 ans,
751 1246 809 1270 très
839 1241 958 1269 robuste
986 1244 1014 1265 et
1039 1235 1145 1267 valide,
1172 1232 1282 1261 famille

384 1286 479 1319 noble,
504 1284 620 1312 fortune
643 1290 761 1316 700.000
783 1278 830 1312 fr.,
854 1277 985 1304 donnant
1000 1274 1034 1301 de
1050 1281 1082 1306 35
1099 1276 1114 1299 à
1129 1278 1230 1305 40.000
1246 1267 1281 1295 fr.

383 1323 418 1350 de
433 1327 540 1354 rentes,
563 1315 728 1353 épouserait
749 1322 893 1349 personne
908 1311 942 1339 de
958 1311 1053 1337 bonne
1068 1306 1233 1338 éducation,
1248 1303 1284 1331 de

385 1359 479 1386 bonne
493 1355 612 1388 famille,
629 1353 663 1381 de
685 1361 718 1387 30
743 1355 757 1377 à
783 1358 814 1384 35
839 1358 901 1380 ans,
932 1356 966 1380 40
990 1355 1041 1372 ans
1066 1353 1102 1370 au
1129 1342 1206 1376 plus,
1232 1348 1283 1374 pas

385 1394 519 1428 exigeant
535 1400 608 1425 pour
622 1390 650 1416 la
666 1389 791 1416 fortune.
809 1400 840 1404 —
856 1383 892 1412 N'
908 1382 979 1410 6216
985 1403 990 1407 .

422 1439 601 1469 Demoiselle
616 1447 649 1472 34
664 1446 728 1468 ans,
743 1435 794 1462 dot
809 1441 909 1468 25.000
923 1433 958 1458 fr.
975 1435 1003 1457 et
1018 1431 1198 1462 espérances,
1222 1424 1285 1451 ins¬

388 1477 486 1511 truite,
510 1473 674 1510 épouserait
697 1470 862 1499 célibataire
885 1477 921 1494 ou
945 1464 1015 1493 veuf
1034 1469 1122 1499 ayant
1144 1460 1286 1489 situation

387 1514 460 1541 dans
476 1513 603 1544 l’armée,
618 1519 656 1537 ou
671 1504 882 1535 fonctionnaire
905 1514 913 1536 ;
935 1501 1096 1534 échangera
1113 1498 1214 1533 photo.
1252 1509 1286 1513 —

388 1550 426 1578 N°
440 1547 510 1575 6220
514 1569 520 1575 .

423 1597 511 1631 Veuf,
528 1594 681 1631 négociant
697 1601 732 1619 en
747 1590 824 1622 vins,
842 1585 1031 1623 propriétaire
1045 1584 1081 1612 de
1092 1581 1245 1617 vignobles
1261 1585 1289 1606 et

388 1635 422 1662 de
438 1633 552 1662 maison
567 1631 667 1659 valeur
683 1636 801 1663 300.000
817 1625 852 1652 fr.
870 1633 937 1651 avec
955 1629 1070 1650 100.000
1093 1620 1128 1646 fr.
1150 1620 1289 1652 espéran¬

390 1680 445 1703 ces,
463 1680 502 1696 un
518 1668 564 1695 fils
582 1677 611 1701 17
627 1675 678 1693 ans
695 1669 722 1691 et
736 1672 792 1690 une
807 1660 865 1688 fille
882 1658 986 1687 mariée
1000 1661 1088 1692 ayant
1101 1655 1163 1682 leur
1173 1652 1289 1681 fortune

390 1704 584 1740 personnelle,
600 1699 765 1736 épouserait
781 1704 924 1731 personne
939 1694 973 1721 de
990 1702 1023 1727 30
1039 1694 1054 1719 à
1069 1701 1103 1726 40
1120 1699 1183 1723 ans,
1201 1692 1290 1723 ayant

390 1741 531 1770 situation
546 1739 580 1766 de
597 1738 721 1765 fortune.
738 1750 770 1754 —
786 1732 822 1761 N'
838 1731 906 1759 6221
912 1752 918 1759 .

426 1787 602 1818 Demoiselle
622 1796 656 1822 47
676 1794 740 1818 ans,
765 1780 914 1813 instruite,
930 1777 1107 1811 distinguée,
1123 1774 1174 1802 dot
1192 1782 1291 1808 50.000

391 1826 437 1860 fr.,
455 1823 620 1860 épouserait
637 1820 784 1849 monsieur
800 1817 923 1848 sérieux,
943 1813 1058 1845 cultivé,
1083 1816 1172 1847 ayant
1196 1809 1291 1836 bonne

393 1862 545 1890 situation.
562 1874 595 1879 —
609 1857 646 1886 N'
662 1855 733 1883 6222
738 1877 743 1882 .

427 1909 577 1939 Monsieur
591 1916 624 1943 45
641 1916 705 1940 ans,
721 1903 852 1939 employé
867 1896 1146 1928 d’administration,
1160 1898 1292 1929 gagnant

395 1957 475 1975 1.000
490 1946 526 1974 fr.
544 1954 595 1979 par
611 1942 696 1976 mois,
714 1945 801 1975 ayant
814 1948 850 1966 en
865 1937 930 1971 plus
943 1934 1031 1970 petite
1039 1932 1129 1960 ferme
1139 1937 1166 1958 et
1175 1929 1291 1957 enfants

393 1984 428 2011 de
452 1992 484 2017 14
505 1991 558 2009 ans
585 1985 612 2006 et
635 1980 653 2006 6
677 1986 741 2010 ans,
764 1973 929 2009 épouserait
951 1968 1118 1998 demoiselle
1141 1977 1177 1994 ou
1203 1974 1293 1992 veuve

393 2017 584 2047 recherchant
600 2013 743 2042 affection.
760 2026 794 2031 —
809 2009 845 2038 N'
862 2008 934 2035 6223
937 2029 943 2035 .

429 2068 519 2101 Jeune
541 2066 660 2093 homme
677 2072 709 2096 23
726 2071 790 2093 ans,
814 2058 946 2093 employé
966 2056 1001 2083 de
1020 2055 1146 2087 banque,
1169 2050 1294 2082 sérieux,

395 2101 559 2139 épouserait
576 2100 657 2134 jeune
673 2098 731 2125 fille
746 2094 918 2129 comptable,
939 2091 1086 2126 employée
1101 2089 1136 2116 de
1151 2087 1240 2120 l’état,
1258 2095 1294 2112 ou

396 2145 478 2168 autre
489 2136 640 2166 situation.
660 2149 688 2153 —
707 2132 742 2161 N'
760 2130 832 2159 6224
839 2153 844 2158 .

430 2189 520 2221 Jeune
549 2186 666 2213 homme
694 2183 731 2210 26
759 2190 822 2213 ans,
848 2178 963 2214 parlant
985 2174 1132 2210 plusieurs
1162 2172 1296 2205 langues,

397 2224 499 2252 mutilé
514 2222 549 2249 de
562 2229 666 2256 guerre
682 2227 749 2246 avec
771 2215 903 2251 pension,
929 2212 1045 2240 ouvrier
1071 2218 1181 2243 maçon,
1208 2212 1298 2242 ayant

396 2259 544 2295 propriété
558 2267 594 2285 en
609 2254 740 2287 Tunisie,
766 2249 932 2286 épouserait
955 2246 1120 2276 demoiselle
1135 2243 1255 2278 gentille
1270 2247 1298 2268 et

398 2297 535 2324 honnête.
552 2307 584 2313 —
601 2291 636 2320 N'
653 2290 722 2317 6225
728 2311 733 2317 .

434 2342 609 2373 Célibataire
632 2350 665 2376 34
689 2348 752 2372 ans,
776 2335 906 2371 employé
931 2334 966 2361 de
991 2339 1149 2359 commerce
1169 2332 1185 2355 à
1202 2327 1296 2362 Lyon,

399 2380 541 2408 situation
556 2387 639 2414 9.000
654 2379 690 2403 lr.
707 2384 759 2409 par
773 2383 819 2405 an,
837 2371 941 2405 petites
958 2366 1118 2396 économies
1132 2362 1298 2399 personnel¬

399 2418 449 2451 les,
468 2422 584 2450 parents
601 2410 806 2447 propriétaires
819 2404 1033 2438 d’immeubles,
1041 2402 1136 2431 désire
1149 2402 1299 2427 connaître

399 2462 472 2487 pour
488 2450 615 2483 mariage
630 2445 796 2477 demoiselle
811 2441 974 2471 couturière
993 2450 1030 2467 ou
1055 2438 1164 2472 lingère
1187 2435 1299 2463 aimant

399 2489 424 2516 le
439 2495 608 2517 commerce,
625 2482 706 2511 avoir
736 2481 760 2508 si
785 2478 911 2514 possible
936 2487 942 2510 ;
966 2484 1072 2504 veuves
1094 2483 1131 2501 ou
1149 2472 1298 2499 divorcées

401 2522 568 2552 s’abstenir.
583 2535 616 2540 —
631 2519 667 2548 N'
683 2517 753 2545 6226
758 2538 763 2544 .

435 2582 526 2615 Jeune
539 2580 657 2607 homme
673 2586 705 2612 29
722 2585 784 2607 ans,
800 2572 905 2608 grand,
927 2571 1013 2602 brun,
1035 2566 1176 2596 situation
1203 2572 1300 2599 14.000

402 2618 449 2651 fr.,
479 2616 574 2644 désire
603 2612 730 2646 mariage
760 2619 827 2638 avec
853 2615 996 2643 personne
1024 2604 1134 2639 grande
1150 2608 1177 2628 et
1196 2601 1300 2632 brune,

401 2653 547 2690 physique
571 2649 714 2685 agréable,
739 2645 880 2674 situation
903 2652 937 2670 en
966 2645 1087 2674 rapport
1115 2643 1142 2665 et
1171 2640 1302 2670 pouvant

401 2689 484 2718 venir
498 2698 534 2715 au
547 2687 644 2714 Maroc
658 2695 664 2718 ;
681 2685 749 2717 âgée
766 2682 800 2709 de
816 2690 848 2715 25
865 2685 880 2706 à
897 2687 930 2713 30
948 2685 1011 2704 ans.
1028 2690 1061 2695 —
1075 2673 1112 2703 N'
1126 2671 1197 2700 6227
1201 2694 1207 2699 .

437 2738 527 2771 Jeune
542 2736 660 2763 homme
674 2743 708 2767 33
719 2741 783 2764 ans,
797 2729 863 2756 bien
874 2736 944 2755 sous
953 2733 1020 2753 tous
1033 2728 1182 2757 rapports,
1192 2719 1302 2748 famille

403 2772 572 2804 honorable,
596 2776 752 2797 commerce
776 2776 809 2793 en
835 2771 1003 2796 campagne,
1021 2759 1102 2787 avoir
1137 2766 1237 2784 20.000
1252 2754 1300 2789 fr.,

402 2809 497 2837 désire
521 2806 650 2839 mariage
673 2812 741 2831 avec
764 2799 930 2829 demoiselle
955 2806 992 2824 ou
1013 2804 1104 2823 veuve
1124 2791 1301 2825 catholique,

403 2846 501 2878 douce,
519 2842 702 2872 affectueuse,
720 2836 862 2866 situation
878 2844 913 2861 en
929 2837 1059 2867 rapport.
1077 2845 1110 2849 —
1127 2829 1162 2856 N'
1179 2827 1249 2855 6228
1253 2849 1259 2855 .

439 2893 540 2921 Veuve
555 2892 589 2918 de
605 2898 718 2924 guerre,
738 2896 769 2919 50
785 2895 848 2915 ans,
866 2884 1002 2914 honnête,
1020 2890 1058 2908 un
1074 2879 1121 2906 fils
1139 2878 1173 2905 de
1194 2885 1221 2911 15
1239 2885 1302 2904 ans,

405 2927 566 2957 économies
583 2934 662 2961 5.000
677 2923 713 2952 fr.
730 2929 757 2949 et
774 2919 917 2952 mobilier,
933 2916 1027 2944 désire
1044 2915 1133 2943 union
1151 2922 1217 2940 avec
1237 2910 1308 2939 veuf

404 2966 438 2993 de
454 2974 485 2999 50
501 2968 515 2991 à
531 2965 566 2990 60
581 2971 645 2993 ans,
662 2960 719 2987 bon
735 2956 914 2987 travailleur,
931 2954 965 2980 de
976 2951 1139 2987 préférence
1155 2952 1170 2976 à
1183 2948 1211 2975 la
1226 2956 1305 2974 cam¬

404 3010 508 3036 pagne.
525 3008 600 3033 pour
613 2995 656 3024 lui
669 2995 750 3022 aider
764 2994 837 3021 dans
853 2990 975 3019 culture.
993 3002 1005 3007 -
1021 2986 1056 3015 N'
1072 2985 1142 3013 6229
1146 3007 1152 3012 .

441 3056 617 3087 Célibataire
645 3064 681 3089 49
707 3062 771 3085 ans,
801 3060 836 3077 au
868 3049 900 3076 P.
918 3046 951 3075 L.
969 3046 1020 3079 M.,
1038 3054 1120 3079 7.000
1136 3043 1170 3070 fr.
1189 3051 1240 3077 par
1257 3050 1304 3072 an,

406 3094 486 3122 avoir
511 3101 610 3127 25.000
635 3091 670 3117 fr.
694 3087 788 3116 désire
812 3084 941 3119 mariage
963 3080 1131 3109 demoiselle
1153 3089 1190 3105 ou
1214 3086 1306 3104 veuve

405 3139 474 3158 sans
490 3129 617 3159 enfants,
633 3126 813 3155 charmante,
830 3130 898 3148 avec
914 3118 1005 3150 avoir,
1024 3121 1144 3151 rapport
1157 3114 1250 3147 d’âge.
1273 3126 1304 3131 —

406 3165 440 3194 N'
459 3165 529 3193 6230
533 3186 539 3192 .

441 3219 644 3252 Sous-officier
658 3214 842 3246 d’infanterie
857 3211 1005 3244 coloniale,
1025 3220 1057 3245 34
1073 3219 1137 3240 ans,
1152 3206 1224 3235 veuf
1235 3214 1305 3236 sans

406 3259 515 3291 enfant,
533 3256 690 3291 possédant
706 3251 924 3281 établissement
946 3248 1018 3275 dans
1043 3244 1154 3281 grande
1177 3242 1246 3270 ville
1266 3241 1305 3268 du

408 3296 514 3328 Maroc,
536 3292 619 3320 fonds
643 3287 836 3324 disponibles,
861 3284 957 3312 désire
981 3282 1110 3315 mariage
1133 3289 1201 3306 avec
1222 3278 1306 3311 jeune

406 3332 463 3358 fille
478 3330 513 3357 de
529 3339 563 3363 24
577 3331 592 3355 à
609 3337 642 3361 27
655 3335 707 3352 ans
724 3334 760 3351 ou
780 3331 871 3351 veuve
896 3329 964 3348 sans
994 3318 1105 3349 enfant,
1123 3317 1214 3343 même
1240 3316 1304 3348 âge,

406 3369 587 3400 compétente
603 3372 676 3397 pour
692 3360 768 3388 tenir
784 3357 872 3389 hôtel,
890 3355 1033 3384 situation
1049 3362 1084 3381 en
1104 3356 1235 3386 rapport,
1254 3358 1305 3383 pas

407 3402 520 3431 sérieux
536 3397 700 3427 s’abstenir.
718 3410 751 3416 —
767 3393 801 3422 N'
818 3392 888 3420 6195
897 3414 903 3420 .

444 3457 621 3488 Célibataire
637 3457 670 3491 36
686 3463 749 3486 ans,
774 3456 948 3488 protestant,
972 3446 1076 3483 grand,
1099 3445 1223 3476 sérieux,
1244 3445 1311 3477 pré¬

409 3500 527 3524 sentant
542 3494 620 3526 bien,
638 3492 696 3519 bon
713 3489 824 3522 métier,
854 3496 906 3523 900
921 3485 958 3513 fr.
986 3493 1038 3518 par
1055 3481 1140 3514 mois,
1157 3489 1257 3514 25.000
1272 3478 1310 3505 fr.

409 3529 583 3563 économies,
600 3527 694 3555 désire
711 3525 839 3557 mariage
858 3532 924 3551 avec
945 3520 1027 3554 jeune
1048 3517 1106 3545 fille
1122 3515 1258 3549 sérieuse,
1275 3513 1310 3541 de

411 3577 441 3603 25
457 3570 472 3594 à
489 3575 522 3601 30
537 3574 600 3592 ans.
617 3578 649 3583 —
667 3562 702 3590 N'
719 3560 789 3589 6218
793 3582 797 3586 .

443 3622 620 3653 Demoiselle
651 3629 682 3656 35
707 3629 770 3652 ans,
786 3615 964 3650 catholique,
991 3612 1129 3644 sérieuse,
1158 3608 1310 3642 instruite,

407 3667 497 3696 ayant
512 3659 573 3692 dot,
591 3655 757 3691 épouserait
772 3651 920 3681 monsieur
936 3647 1058 3677 instruit
1081 3652 1108 3673 et
1131 3645 1197 3673 bien
1222 3645 1310 3677 élevé,

408 3703 496 3731 ayant
513 3694 655 3723 situation
671 3695 686 3719 à
706 3693 733 3718 la
758 3689 836 3723 ville,
862 3697 913 3722 pas
941 3684 1055 3713 sérieux
1082 3680 1251 3710 s’abstenir.
1278 3693 1310 3698 —

406 3733 441 3761 N’
461 3730 529 3759 6231
535 3752 541 3757 .

443 3787 620 3819 Célibataire
637 3785 710 3819 seul,
728 3793 761 3819 39
775 3792 838 3815 ans,
859 3781 981 3816 peintre,
999 3778 1072 3805 beau
1086 3785 1205 3811 garçon,
1222 3775 1309 3808 brun,

408 3836 459 3862 pas
472 3825 600 3857 fumeur,
617 3830 722 3850 10.000
736 3820 773 3847 fr.
790 3816 964 3848 économies,
980 3811 1148 3848 épouserait
1159 3811 1242 3844 jeune
1253 3809 1311 3837 fille

408 3874 443 3891 ou
462 3862 544 3894 jeune
559 3868 650 3886 veuve
667 3857 743 3890 jolie,
761 3853 950 3888 intelligente,
978 3858 1094 3884 propre,
1124 3847 1253 3880 gentille,
1276 3856 1310 3873 ne

409 3897 566 3933 regardant
583 3904 633 3929 pas
650 3896 664 3920 à
680 3893 708 3919 la
724 3889 866 3919 situation
881 3888 916 3915 de
931 3885 1056 3913 fortune.
1074 3898 1108 3903 —
1123 3882 1157 3911 N'
1173 3881 1245 3909 6232
1250 3904 1255 3909 .

443 3953 595 3984 Monsieur
609 3950 733 3982 sérieux,
750 3950 785 3984 36
812 3955 876 3979 ans,
893 3946 959 3973 bien
972 3942 1213 3978 physiquement,
1235 3940 1311 3967 deux

408 3991 496 4028 petits
510 3997 633 4026 garçons
649 3987 665 4015 6
680 3992 708 4013 et
724 3995 738 4020 7
755 3993 817 4015 ans,
832 3983 865 4010 de
881 3983 1023 4009 caractère
1033 3981 1091 4006 très
1103 3977 1191 4010 doux,
1206 3979 1311 4003 écono¬

409 4029 480 4056 mies
500 4034 600 4054 20.000
615 4023 664 4056 fr.,
680 4025 785 4055 gérant
798 4018 869 4046 d’un
881 4016 976 4051 grand
993 4013 1139 4048 magasin,
1155 4011 1310 4047 appointe¬

410 4069 503 4092 ments
515 4069 608 4095 15.000
619 4059 667 4091 fr.,
677 4056 771 4084 désire
782 4054 910 4087 mariage
920 4062 986 4080 avec
995 4049 1162 4079 demoiselle
1171 4048 1308 4079 sérieuse,

409 4100 476 4128 bien
493 4096 731 4132 physiquement,
756 4099 830 4125 pour
850 4090 875 4115 le
898 4086 1036 4115 seconder
1054 4085 1129 4112 dans
1153 4093 1207 4111 son
1230 4093 1311 4111 com¬

408 4144 510 4163 merce.
528 4146 559 4151 —
576 4130 612 4158 N'
628 4128 699 4156 6233

445 4188 536 4216 Dame
552 4184 683 4212 divorcée
695 4190 729 4208 en
746 4189 777 4206 sa
791 4177 902 4210 faveur,
919 4174 984 4203 bien
997 4183 1065 4202 sous
1079 4179 1144 4200 tous
1161 4177 1308 4207 rapports,

407 4235 441 4260 47
453 4232 516 4256 ans,
533 4221 584 4248 dot
598 4220 699 4246 80.000
717 4215 766 4248 fr.,
783 4218 887 4249 argent
901 4218 929 4239 et
945 4209 1118 4245 propriétés,
1144 4207 1311 4242 épouserait

409 4259 558 4287 monsieur
570 4255 636 4283 bien
649 4262 718 4282 sous
732 4257 796 4278 tous
807 4250 848 4277 les
858 4252 1004 4282 rapports,
1016 4244 1133 4272 retraité
1144 4253 1180 4271 ou
1191 4244 1310 4271 rentier.

415 4311 445 4315 -
461 4294 495 4322 N-
514 4292 585 4320 6234
591 4313 596 4319 .

446 4348 537 4381 Jeune
555 4344 623 4377 fille,
637 4352 668 4377 23
680 4350 743 4372 ans,
760 4337 935 4372 distinguée,
948 4335 1014 4363 bien
1026 4343 1094 4362 sous
1112 4339 1175 4360 tous
1189 4333 1228 4360 les
1242 4341 1312 4365 rap¬

408 4391 499 4419 ports,
516 4380 690 4413 catholique,
710 4374 901 4406 musicienne,
919 4372 1055 4402 sérieuse,
1069 4368 1136 4396 bien
1150 4368 1311 4403 physique¬

409 4426 499 4452 ment,
534 4420 593 4444 très
625 4415 720 4441 bonne
754 4410 874 4442 famille,
905 4407 1098 4440 intelligente,
1124 4403 1309 4436 affectueuse,

410 4455 481 4483 belle
495 4456 546 4480 dot
561 4458 589 4479 et
603 4452 782 4484 espérances,
799 4443 964 4478 épouserait
981 4443 1063 4475 jeune
1081 4441 1197 4467 homme
1217 4441 1269 4473 âge
1283 4444 1312 4465 et

409 4489 552 4519 situation
567 4496 603 4514 en
617 4489 748 4519 rapport.
764 4497 797 4501 —
813 4480 849 4508 N‘
866 4479 937 4506 6235
944 4500 949 4506 .

445 4543 579 4573 Divorcé,
598 4538 673 4570 bien,
689 4537 772 4567 libre,
794 4532 902 4561 famille
918 4531 1086 4562 honorable,
1112 4529 1196 4557 sobre
1225 4527 1311 4555 affec¬

410 4586 508 4611 tueux,
525 4577 620 4605 bonne
636 4575 729 4605 santé,
747 4567 951 4605 physionomie
978 4565 1121 4602 agréable,
1152 4563 1311 4592 immeuble

409 4616 479 4643 d’un
496 4616 615 4646 rapport
631 4609 665 4636 de
681 4615 762 4642 3.400
779 4605 814 4632 fr.
833 4609 890 4637 net,
908 4602 1074 4637 épouserait
1090 4610 1181 4628 veuve
1203 4610 1238 4628 ou
1264 4599 1310 4626 di¬

411 4653 512 4679 vorcée
528 4657 563 4675 ou
580 4643 747 4674 demoiselle
762 4641 797 4668 de
811 4640 846 4674 48
861 4642 876 4666 à
901 4648 930 4672 55
956 4647 1019 4671 ans,
1048 4640 1131 4664 santé
1160 4642 1188 4663 et
1215 4635 1310 4662 bonne

411 4693 506 4717 tenue,
523 4683 626 4712 femme
642 4676 823 4709 d’intérieur,
841 4679 928 4709 ayant
945 4672 1036 4706 avoir,
1054 4671 1078 4700 si
1095 4671 1224 4705 possible
1240 4680 1310 4703 s?ns

412 4722 521 4755 enfant,
538 4719 606 4746 ville
621 4726 658 4744 ou
670 4720 840 4747 campagne,
853 4709 1015 4744 préférence
1025 4708 1164 4735 brune.—
1176 4706 1213 4735 N.
1226 4706 1298 4733 6236
1302 4728 1308 4733 .

445 4771 621 4804 Demoiselle
632 4779 664 4804 35
676 4777 740 4800 ans,
752 4762 931 4793 institutrice
940 4761 1091 4795 publique,
1099 4760 1197 4794 petite,
1205 4759 1310 4793 brune,

401 4810 556 4847 ■physique
582 4805 728 4840 agréable,
758 4801 847 4828 douce
876 4805 904 4825 et
933 4796 1117 4828 affectueuse,
1144 4795 1311 4828 épouserait

412 4846 560 4876 monsieur
579 4846 631 4876 âge
652 4849 686 4868 en
707 4842 836 4871 rapport,
861 4832 1085 4864 fonctionnaire,
1111 4829 1249 4858 militaire
1274 4830 1311 4857 de

410 4882 582 4918 préférence,
600 4887 635 4904 ou
652 4875 783 4909 employé
797 4872 831 4899 de
846 4871 964 4898 bureau.
981 4882 1014 4887 —
1030 4867 1068 4895 N’
1085 4865 1154 4893 6237
1159 4888 1165 4893 .

447 4932 622 4963 Célibataire
657 4938 691 4964 44
721 4936 783 4960 ans,
815 4921 1052 4955 sous-brigadier
1085 4920 1135 4947 des
1166 4919 1308 4952 douanes,

410 4973 495 5003 brun,
517 4967 642 4998 sérieux,
663 4963 744 4991 avoir
764 4969 864 4996 30.000
882 4958 929 4989 fr.,
951 4956 1117 4992 épouserait
1141 4954 1311 4982 demoiselle

408 5018 443 5035 ou
473 5013 564 5032 veuve
586 5010 654 5029 sans
675 4999 785 5031 enfant,
809 4996 844 5022 de
869 5004 901 5028 32
924 4996 939 5020 à
960 5003 994 5028 40
1015 5002 1078 5025 ans,
1107 4991 1243 5019 sérieuse.
1274 5004 1309 5010 —

411 5043 444 5070 N-
460 5041 530 5069 6238
536 5060 541 5066 .

443 5090 617 5123 Célibataire
636 5096 667 5119 50
683 5095 746 5117 ans,
763 5087 957 5115 commerçant
973 5090 1007 5108 en
1026 5080 1146 5113 Guinée,
1168 5090 1203 5107 en
1229 5077 1306 5106 train

409 5132 442 5158 de
472 5132 607 5163 préparer
640 5121 766 5157 grandes
793 5117 974 5152 plantations
1003 5116 1038 5144 de
1064 5115 1194 5144 caféiers,
1225 5113 1308 5141 avoir

413 5175 505 5201 15.000
523 5163 570 5195 fr.,
586 5159 679 5188 désire
696 5155 824 5187 mariage
840 5162 873 5180 en
890 5157 1021 5185 rapport.
1038 5166 1071 5171 —
1087 5151 1122 5178 N'
1139 5149 1209 5177 6239
1213 5171 1218 5176 .

1353 447 1557 479 Sous-officier
1572 447 1606 474 de
1622 444 1754 476 carrière,
1768 443 1800 470 28
1811 450 1874 474 ans,
1888 439 2066 471 traitement,
2083 438 2170 471 7.600
2181 437 2218 462 fr.

1317 497 1370 522 par
1403 496 1451 519 an,
1485 480 1720 515 correspondrait
1753 488 1820 506 avec
1851 474 2029 504 institutrice
2064 482 2101 499 ou
2136 478 2219 499 autre

1319 522 1424 557 emploi
1441 521 1474 549 de
1491 529 1523 547 20
1535 522 1550 545 à
1568 518 1600 546 28
1615 526 1678 544 ans.
1695 530 1728 535 —
1745 513 1779 543 N'
1797 512 1867 540 6168
1871 534 1877 539 .

1357 575 1475 604 Officier
1489 574 1524 601 de
1539 571 1622 606 génie
1637 570 1671 598 de
1695 570 1810 597 l’armée
1840 566 1943 597 active,
1975 574 2006 598 33
2031 572 2095 595 ans,
2125 560 2221 588 désire

1322 611 1451 646 mariage
1467 619 1533 636 avec
1550 609 1632 641 jeune
1648 605 1705 633 fille
1721 615 1756 631 ou
1774 605 1856 638 jeune
1872 610 1962 628 veuve
1972 599 2057 626 aisée.
2073 612 2082 617 -
2093 598 2127 626 N'
2140 597 2221 630 6240.

1360 648 1499 681 Employé
1525 645 1574 671 des
1598 643 1711 674 Postes,
1737 650 1769 675 34
1792 648 1855 672 ans,
1879 636 1982 671 grand,
2013 635 2099 666 brun,
2130 632 2224 666 plutôt

1325 684 1428 716 mince,
1447 690 1546 709 20.000
1563 680 1609 712 fr.,
1631 676 1795 711 épouserait
1820 675 1944 701 honnête
1969 679 2111 705 personne
2136 672 2225 702 ayant

1325 718 1451 754 qualités
1467 718 1501 744 de
1514 724 1602 744 cœur.
1620 728 1631 733 -
1646 713 1680 742 N‘
1697 710 1765 739 6241
1772 733 1777 739 .

1363 771 1549 801 Cultivateur
1574 767 1734 801 distingué,
1761 762 1936 796 catholique,
1966 763 2024 788 très
2054 757 2226 788 affectueux,

1327 807 1404 840 veuf,
1420 808 1495 834 deux
1511 804 1626 833 enfants
1643 802 1747 837 placés,
1765 800 1836 828 belle
1853 798 1966 826 maison
1994 795 2028 822 de
2057 801 2226 827 campagne,

1329 844 1469 879 quelques
1483 847 1590 874 rentes,
1607 840 1632 866 le
1647 844 1712 866 tout
1728 845 1827 870 75.000
1849 835 1895 864 fr.,
1927 830 2092 866 épouserait
2117 825 2228 856 demoi¬

1330 880 1397 908 selle
1421 888 1458 906 ou
1489 886 1580 905 veuve
1605 883 1673 902 sans
1697 872 1806 903 enfant,
1835 868 2010 902 catholique,
2042 865 2226 894 affectueuse,

1329 916 1365 943 de
1380 924 1412 951 45
1430 924 1481 942 ans
1498 912 1629 940 environ.
1647 924 1660 929 -
1676 908 1712 937 N'
1728 907 1798 934 6242
1802 928 1809 934 .

1367 968 1448 997 Veuf
1460 977 1492 1002 50
1507 975 1570 994 ans.
1587 961 1769 995 cordonnier,
1788 970 1857 989 sans
1886 957 1995 989 enfant,
2013 965 2082 983 sans
2104 953 2230 983 fortune,

1333 1008 1475 1033 caractère
1504 1002 1591 1034 doux,
1623 997 1800 1028 travailleur,
1841 999 1928 1029 ayant
1957 991 2107 1023 intérieur,
2137 987 2232 1015 désire

1334 1041 1424 1070 union
1440 1048 1509 1066 avec
1522 1035 1688 1064 demoiselle
1704 1043 1740 1061 ou
1756 1041 1847 1060 veuve
1868 1038 1937 1057 sans
1963 1027 2074 1057 enfant,
2103 1026 2138 1052 de
2167 1033 2201 1055 30
2216 1025 2232 1049 à

1334 1087 1368 1112 40
1382 1085 1445 1110 ans,
1461 1074 1535 1108 jolie,
1553 1073 1652 1104 douce,
1670 1069 1781 1097 aimant
1797 1077 1849 1094 son
1865 1065 2016 1093 intérieur.
2034 1078 2042 1081 -
2063 1061 2098 1089 N'
2115 1059 2186 1088 6243
2190 1081 2195 1086 .

1373 1130 1476 1159 Comte
1493 1136 1526 1163 34
1541 1135 1604 1160 ans,
1620 1136 1629 1152 1
1651 1134 1688 1152 m.
1702 1133 1745 1157 71,
1759 1124 1816 1150 très
1828 1120 1892 1148 bien
1904 1117 2140 1153 physiquement,
2154 1111 2235 1140 avoir

1338 1175 1437 1202 50.000
1462 1164 1509 1193 fr..
1525 1160 1703 1195 catholique,
1728 1156 1869 1185 situation
1895 1152 2119 1187 indépendante,
2146 1152 2235 1190 épou¬

1338 1202 1426 1230 serait
1442 1201 1524 1234 jeune
1540 1198 1597 1224 fille
1613 1195 1708 1229 noble,
1727 1194 1800 1227 jolie,
1820 1191 1995 1226 distinguée,
2014 1188 2119 1215 femme
2134 1185 2236 1212 d’inté¬

1337 1238 1426 1269 rieur,
1439 1235 1551 1263 aimant
1562 1240 1722 1266 campagne
1732 1236 1760 1257 et
1768 1234 1877 1263 sports,
1889 1224 2047 1254 discrétion
2061 1222 2235 1250 d’honneur.

1338 1289 1371 1294 —
1388 1273 1422 1301 N'
1449 1271 1519 1299 6244
1523 1292 1528 1296 .

1376 1323 1561 1356 Demoiselle,
1580 1331 1613 1357 29
1639 1330 1702 1353 ans,
1731 1318 1867 1348 sérieuse,
1893 1315 2014 1351 grande,
2043 1312 2126 1345 belle,
2152 1309 2238 1341 forte,

1341 1364 1445 1394 brune,
1463 1359 1530 1387 chef
1545 1354 1794 1389 administration,
1812 1352 1979 1380 traitement
1994 1351 2075 1384 6.500
2091 1348 2138 1379 fr.,
2160 1344 2240 1373 avoir

1343 1408 1440 1427 10.000
1456 1395 1503 1428 fr.,
1520 1391 1684 1429 épouserait
1700 1389 1875 1421 célibataire,
1892 1384 2114 1417 fonctionnaire,
2131 1381 2236 1409 indus¬

1342 1434 1417 1466 triel,
1433 1431 1552 1464 officier,
1566 1429 1695 1462 retraité,
1710 1435 1742 1462 30
1758 1429 1771 1453 à
1787 1435 1821 1461 40
1837 1434 1902 1457 ans,
1925 1421 2019 1459 grand
2045 1425 2073 1448 et
2101 1415 2177 1446 bien.
2207 1431 2238 1435 —

1342 1470 1377 1498 N'
1395 1468 1465 1495 6245
1470 1489 1475 1495 .

1380 1522 1442 1551 Fils
1460 1520 1577 1555 unique,
1596 1515 1796 1552 propriétaire,
1816 1524 1847 1548 23
1864 1522 1926 1544 ans,
1945 1509 2123 1539 travailleur,
2140 1505 2243 1534 catho¬

1343 1560 1431 1594 lique,
1449 1558 1535 1587 doux,
1553 1555 1673 1585 aimant,
1689 1552 1855 1585 s’occupant
1879 1546 2096 1582 d’agriculture,
2122 1546 2242 1577 épouse¬

1345 1596 1402 1623 rait
1417 1594 1501 1628 jeune
1517 1591 1573 1619 fille
1588 1589 1663 1624 jolie,
1681 1586 1864 1618 affectueuse,
1881 1583 2046 1617 catholique
2063 1580 2088 1608 si
2103 1577 2242 1613 possible,

1345 1636 1433 1666 ayant
1449 1629 1499 1657 dot
1514 1633 1541 1655 et
1556 1624 1778 1653 connaissances
1792 1621 1946 1655 agricoles.
1966 1633 2000 1638 —
2016 1616 2050 1645 N'
2068 1615 2138 1643 6246
2143 1636 2148 1641 .

1381 1682 1462 1712 Veuf
1473 1683 1507 1717 48
1519 1690 1582 1714 ans,
1595 1679 1669 1706 deux
1685 1676 1810 1709 enfants,
1828 1684 1867 1702 un
1886 1684 1912 1700 11
1936 1682 1999 1705 ans,
2016 1671 2118 1698 l’autre
2142 1670 2158 1696 6
2180 1678 2248 1704 ans,

1346 1721 1441 1748 bonne
1457 1716 1610 1748 situation,
1639 1712 1800 1749 propriétés
1829 1718 1856 1737 et
1884 1708 2036 1741 intérieur,
2066 1714 2167 1741 40.000
2196 1704 2244 1738 fr.,

1347 1755 1442 1784 désire
1459 1752 1586 1786 mariage
1602 1760 1669 1778 avec
1685 1747 1849 1776 demoiselle
1864 1755 1900 1772 ou
1916 1753 2007 1772 veuve
2021 1752 2052 1777 35
2078 1746 2092 1768 à
2121 1749 2154 1776 45
2182 1751 2245 1774 ans,

1348 1792 1531 1821 affectueuse,
1549 1792 1637 1822 ayant
1654 1787 1744 1813 même
1758 1784 1846 1818 goûts
1862 1791 1898 1809 en
1921 1785 2042 1815 rapport
2056 1789 2064 1812 ;
2091 1776 2181 1804 écrire
2209 1777 2244 1804 de

1348 1827 1434 1856 suite.
1453 1840 1483 1846 —
1499 1824 1534 1853 N'
1551 1822 1620 1850 6247
1625 1844 1631 1850 .

1385 1879 1545 1911 Monsieur,
1562 1877 1677 1904 divorcé
1702 1878 1717 1902 à
1740 1883 1792 1901 son
1808 1870 1905 1905 profit,
1921 1871 1956 1906 46
1970 1878 2034 1902 ans,
2052 1877 2120 1895 sans
2137 1866 2247 1900 enfant,

1350 1916 1476 1947 sérieux,
1493 1912 1636 1942 situation
1650 1911 1725 1939 dans
1740 1907 1856 1936 chemin
1870 1907 1904 1933 de
1921 1906 1973 1940 fer,
1999 1903 2104 1932 salaire
2132 1913 2185 1938 300
2211 1902 2247 1929 fr.

1350 1963 1402 1987 par
1419 1950 1503 1984 mois,
1521 1947 1693 1979 économies,
1710 1955 1791 1981 4.000
1808 1943 1854 1976 fr.,
1869 1943 1934 1976 plus
1951 1940 2039 1975 petite
2051 1939 2164 1967 maison
2181 1948 2248 1966 avec

1350 1988 1447 2022 jardin
1465 1987 1538 2014 dans
1553 1984 1671 2017 village,
1687 1981 1788 2009 valeur
1810 1988 1892 2013 3.000
1920 1978 1968 2010 fr.,
1998 1976 2093 2004 désire
2121 1975 2250 2008 mariage

1351 2034 1418 2052 avec
1433 2033 1523 2051 veuve
1538 2030 1606 2048 sans
1622 2018 1732 2050 enfant,
1749 2016 1783 2043 de
1799 2024 1831 2049 35
1848 2018 1863 2042 à
1878 2024 1911 2048 40
1936 2022 2000 2042 ans.
2031 2017 2119 2046 ayant
2144 2011 2248 2044 petites

1351 2058 1514 2088 économies
1530 2067 1566 2084 ou
1582 2055 1671 2090 petite
1686 2052 1842 2088 propriété.
1858 2064 1892 2070 —
1906 2048 1942 2077 N"
1956 2047 2027 2075 6248
2031 2069 2037 2075 .

1387 2123 1489 2151 Veuve
1505 2129 1573 2148 sans
1589 2117 1699 2148 enfant,
1715 2124 1748 2151 45
1776 2123 1838 2143 ans,
1863 2111 2029 2145 catholique
2051 2109 2250 2144 pratiquante,

1353 2157 1512 2187 honorable
1529 2154 1647 2185 famille,
1665 2151 1809 2187 physique
1826 2148 1969 2183 agréable,
1987 2155 2109 2174 revenus
2120 2154 2202 2179 7.000
2214 2144 2249 2171 fr.

1354 2205 1421 2223 avec
1437 2192 1552 2226 capital,
1578 2189 1673 2218 désire
1697 2186 1826 2221 mariage
1850 2194 1917 2211 avec
1945 2182 2016 2211 veuf
2041 2190 2110 2209 sans
2139 2179 2250 2212 enfant,

1355 2229 1514 2258 honorable
1530 2225 1649 2257 famille,
1666 2224 1700 2251 de
1714 2232 1746 2259 45
1763 2226 1778 2249 à
1796 2231 1826 2256 52
1842 2230 1906 2252 ans,
1930 2218 2038 2246 rentier
2059 2226 2095 2244 ou
2123 2215 2251 2247 retraité,

1355 2266 1428 2298 seul,
1457 2264 1593 2292 habitant
1614 2260 1701 2295 petite
1726 2258 1803 2290 ville,
1833 2255 1975 2284 situation
2000 2264 2035 2282 en
2062 2258 2193 2286 rapport.
2219 2266 2253 2269 —

1353 2302 1387 2330 N'
1406 2301 1476 2328 6249
1481 2322 1487 2328 .

1391 2363 1530 2395 Retraité,
1557 2370 1588 2396 57
1615 2368 1678 2391 ans,
1705 2357 1800 2393 légion
1823 2355 1996 2386 d’honneur,
2025 2352 2097 2384 seul,
2127 2350 2253 2381 divorcé,

1355 2400 1479 2436 pension
1493 2400 1576 2426 6.000
1592 2396 1640 2428 fr.,
1658 2394 1730 2429 petit
1743 2391 1848 2427 capital
1870 2400 1906 2417 en
1925 2399 1987 2421 sus,
2013 2388 2137 2419 sérieux,
2168 2384 2256 2413 affec¬

1355 2444 1453 2467 tueux,
1472 2430 1708 2466 correspondrait
1723 2439 1789 2457 avec
1804 2435 1948 2461 personne
1963 2435 1998 2452 en
2023 2428 2153 2458 rapport,
2186 2430 2254 2449 sans

1355 2472 1465 2505 enfant,
1482 2468 1625 2497 situation
1641 2466 1726 2494 aisée.
1744 2479 1776 2483 —
1791 2463 1828 2492 N'
1844 2462 1915 2489 6250
1919 2483 1925 2489 .

1392 2522 1570 2554 Célibataire
1584 2530 1618 2557 45
1634 2529 1699 2551 ans,
1717 2518 1781 2546 bien
1797 2526 1866 2545 sous
1892 2521 1958 2542 tous
1971 2518 2119 2548 rapports,
2135 2510 2256 2539 catholi¬

1356 2571 1422 2596 que,
1439 2558 1627 2594 agriculteur,
1645 2556 1727 2587 libre,
1745 2553 1826 2581 avoir
1844 2560 1959 2579 100.000
1972 2550 2006 2578 fr.
2029 2555 2057 2576 et
2073 2551 2253 2582 espérances,

1356 2595 1522 2632 épouserait
1548 2594 1633 2621 dame
1657 2601 1694 2619 ou
1720 2588 1887 2618 demoiselle
1915 2590 1968 2621 âge
1997 2591 2025 2613 et
2049 2582 2193 2612 situation
2220 2592 2256 2609 en

1357 2637 1488 2668 rapport.
1506 2629 1537 2656 —
1553 2628 1623 2656 6251
1630 2650 1635 2655 .

1395 2692 1571 2723 Célibataire
1610 2692 1643 2725 63
1685 2698 1748 2720 ans,
1793 2692 1858 2721 port
1898 2685 1990 2718 jeune,
2032 2680 2256 2712 fonctionnaire,

1361 2740 1460 2766 15.000
1474 2729 1571 2756 francs
1587 2736 1639 2761 par
1652 2735 1699 2757 an,
1717 2723 1811 2755 Paris,
1832 2720 1998 2756 épouserait
2025 2717 2192 2746 demoiselle
2220 2726 2258 2742 ou

1358 2776 1460 2797 veuve,
1475 2764 1564 2795 seule,
1581 2760 1757 2794 catholique,
1783 2758 1928 2792 physique
1957 2754 2101 2788 agréable,
2132 2751 2257 2787 qualités

1359 2801 1483 2830 morales
1499 2806 1528 2827 et
1537 2807 1672 2825 revenus.
1689 2810 1722 2814 —
1738 2794 1773 2822 N’
1790 2792 1861 2821 6252
1865 2813 1871 2820 .

1396 2854 1621 2886 Fonctionnaire
1639 2853 1674 2881 27
1694 2862 1758 2886 ans,
1779 2850 1903 2882 sérieux,
1929 2848 1986 2876 bon
2017 2848 2170 2878 caractère,
2195 2843 2261 2871 bien

1360 2904 1428 2923 sous
1450 2901 1516 2921 tous
1541 2892 1582 2919 les
1602 2895 1748 2924 rapports,
1775 2885 1948 2915 sentiments
1980 2881 2161 2915 artistiques,
2190 2879 2261 2907 belle

1360 2930 1503 2959 situation
1523 2926 1645 2955 actuelle
1661 2931 1690 2952 et
1708 2923 1848 2955 d’avenir,
1868 2929 1986 2956 grosses
2006 2922 2188 2952 espérances,
2213 2915 2261 2942 fils

1359 2967 1394 2994 de
1413 2963 1621 3000 propriétaires
1653 2960 1786 2992 rentiers,
1813 2957 1907 2984 désire
1933 2955 2034 2987 union,
2061 2952 2121 2980 fille
2142 2951 2260 2986 unique,

1359 3000 1526 3029 demoiselle
1540 3008 1578 3026 ou
1588 3006 1679 3026 veuve
1692 3001 1781 3031 ayant
1799 2994 1894 3021 bonne
1913 2989 2067 3023 situation,
2083 2986 2263 3016 institutrice

1359 3039 1394 3065 de
1410 3036 1572 3071 préférence
1591 3039 1618 3061 et
1634 3028 1818 3060 affectueuse.
1835 3027 1904 3055 6256
1908 3049 1914 3054 .

1396 3099 1497 3127 Veuve
1517 3098 1551 3125 de
1575 3094 1688 3130 guerre,
1715 3093 1748 3120 38
1772 3101 1835 3124 ans,
1861 3099 1929 3118 sans
1955 3087 2065 3120 enfant,
2095 3086 2147 3113 800
2163 3085 2203 3112 frs
2227 3084 2261 3111 de

1360 3135 1484 3170 pension
1502 3131 1530 3161 et
1555 3131 1657 3160 45.000
1680 3128 1796 3163 capital,
1825 3127 1926 3158 brune,
1945 3123 2091 3159 physique
2116 3120 2261 3157 agréable,

1361 3170 1457 3199 désire
1473 3168 1600 3202 mariage
1623 3176 1690 3194 avec
1713 3163 1861 3192 monsieur
1881 3167 1970 3196 ayant
1992 3163 2086 3187 bonne
2108 3155 2262 3185 situation.

1361 3206 1433 3234 6257
1438 3228 1444 3234 .

1398 3262 1574 3292 Demoiselle
1594 3263 1664 3295 âgée
1692 3257 1727 3286 de
1749 3257 1784 3284 40
1805 3265 1869 3290 ans,
1893 3255 1987 3282 bonne
2020 3251 2161 3280 situation
2191 3250 2263 3277 dans

1363 3300 1612 3334 l’enseignement,
1642 3295 1723 3323 avoir
1743 3300 1770 3320 et
1791 3295 1960 3326 espérances
1981 3289 2135 3320 sérieuses,
2160 3285 2265 3313 femme

1363 3336 1544 3365 d’intérieur,
1570 3329 1806 3365 correspondrait
1831 3337 1898 3354 avec
1922 3324 2070 3353 monsieur
2081 3322 2157 3358 loyal
2174 3328 2201 3348 et
2215 3323 2262 3347 sé¬

1365 3373 1458 3406 rieux,
1477 3371 1589 3398 aimant
1607 3367 1652 3395 vie
1669 3366 1704 3394 de
1716 3364 1833 3397 famille,
1845 3363 1879 3390 de
1892 3363 1986 3389 bonne
1998 3359 2162 3390 éducation,
2177 3362 2265 3391 ayant

1365 3407 1509 3436 situation
1524 3415 1561 3433 ou
1577 3402 1669 3432 avoir.
1687 3401 1758 3429 6258
1765 3423 1771 3429 .

1402 3458 1577 3488 Demoiselle
1590 3457 1624 3485 29
1643 3466 1707 3490 ans,
1723 3452 1897 3486 catholique,
1913 3452 2001 3486 goûts
2016 3448 2147 3482 simples,
2165 3447 2261 3473 bonne

1364 3496 1553 3528 instruction,
1579 3490 1814 3526 correspondrait
1838 3497 1905 3515 avec
1930 3485 2079 3514 monsieur
2095 3482 2208 3511 sérieux
2224 3481 2260 3508 de

1364 3534 1400 3561 30
1414 3533 1430 3560 à
1445 3532 1480 3560 39
1495 3540 1559 3561 ans,
1576 3529 1707 3557 désirant
1723 3536 1752 3554 se
1768 3528 1845 3553 créer
1859 3524 1940 3557 foyer
1957 3522 2084 3549 heureux
2101 3519 2209 3546 France
2227 3527 2263 3544 ou

1367 3567 1503 3597 colonies.
1531 3566 1600 3594 6260
1605 3587 1609 3591 .

1403 3619 1579 3649 Demoiselle
1599 3618 1634 3646 35
1650 3626 1713 3650 ans,
1731 3615 1867 3647 sérieuse,
1891 3610 2042 3645 orpheline
2064 3608 2213 3642 employée
2233 3605 2269 3632 de

1366 3658 1467 3692 l’Etat,
1487 3655 1645 3691 possédant
1660 3651 1800 3680 intérieur
1815 3655 1843 3676 et
1860 3647 1962 3683 petites
1979 3644 2152 3675 économies,
2170 3641 2265 3670 désire

1366 3694 1495 3728 mariage
1518 3701 1585 3719 avec
1610 3688 1759 3716 monsieur
1785 3689 1838 3720 âge
1861 3689 1890 3711 et
1913 3681 2055 3710 situation
2075 3689 2109 3707 en
2136 3684 2268 3712 rapport.

1365 3729 1433 3757 6261
1440 3751 1445 3756 .

1403 3779 1579 3810 Demoiselle
1600 3778 1634 3806 36
1656 3787 1709 3804 ans
1726 3776 1891 3810 paraissant
1918 3771 1984 3799 bien
2011 3770 2077 3804 plus
2101 3768 2194 3801 jeune,
2221 3776 2270 3793 or¬

1366 3818 1492 3853 pheline,
1520 3813 1716 3844 honorabilité
1740 3810 1872 3847 parfaite,
1903 3809 1999 3835 bonne
2025 3804 2143 3836 famille,
2175 3803 2270 3830 bonne

1366 3852 1530 3885 éducation,
1558 3849 1666 3878 certain
1692 3847 1773 3876 avoir
1795 3853 1822 3875 et
1838 3843 1981 3876 mobilier,
2006 3838 2171 3875 épouserait
2187 3847 2270 3865 mon¬

1366 3890 1446 3918 sieur
1462 3888 1574 3916 sérieux
1590 3891 1679 3920 ayant
1690 3881 1842 3911 situation.
1859 3879 1931 3907 6262
1935 3901 1939 3906 .

1404 3940 1611 3970 Sous-officier
1628 3936 1836 3973 gestionnaire,
1850 3934 1945 3962 bonne
1967 3929 2060 3964 santé,
2083 3928 2117 3955 32
2137 3937 2202 3960 ans,
2223 3937 2270 3954 ca¬

1367 3979 1508 4012 tholique,
1527 3977 1694 4004 traitement
1709 3974 1725 4000 6
1739 3973 1790 4000 000
1807 3971 1857 3999 frs.
1874 3968 1924 3997 dot
1940 3967 2038 3994 15.000
2054 3966 2108 3992 frs.
2133 3966 2270 3997 espéran¬

1367 4014 1414 4043 ces
1430 4014 1532 4042 20.000
1553 4012 1605 4039 frs.
1626 4009 1792 4045 épouserait
1816 4002 1983 4033 demoiselle
1997 4001 2032 4029 23
2048 4001 2064 4028 à
2079 4000 2112 4028 30
2127 4008 2192 4032 ans,
2208 3998 2270 4026 ins¬

1367 4050 1466 4085 truite,
1477 4048 1660 4082 distinguée,]
1674 4048 1781 4073 mêmes
1798 4041 1981 4071 sentiments,
2001 4036 2141 4066 situation
2157 4045 2193 4062 en
2207 4044 2270 4068 rap¬

1366 4093 1443 4121 port,
1459 4086 1587 4118 échange
1601 4081 1703 4118 photo.
1718 4080 1789 4107 6263
1792 4100 1799 4106 .

1402 4138 1483 4168 Veuf
1494 4138 1529 4165 52
1546 4147 1611 4170 ans,
1627 4133 1829 4170 propriétaire,
1847 4139 1887 4157 un
1903 4137 2010 4163 garçon
2026 4126 2060 4153 de
2077 4125 2124 4152 dix
2139 4134 2203 4156 ans,
2219 4123 2269 4150 dé¬

1367 4176 1482 4203 sirerait
1508 4175 1657 4201 connaître
1672 4179 1763 4198 veuve
1777 4166 1812 4196 de
1827 4166 1861 4193 40
1877 4164 1892 4192 à
1912 4164 1947 4191 45
1963 4171 2015 4190 ans
2040 4170 2114 4195 pour
2131 4160 2268 4193 mariage,

1365 4219 1510 4246 personne
1525 4208 1663 4240 sérieuse,
1675 4206 1711 4234 de
1726 4204 1886 4239 préférence
1902 4201 1936 4227 de
1953 4199 1979 4225 la
2001 4195 2168 4230 campagne.
2189 4194 2258 4222 6264
2263 4216 2268 4221 .

1403 4264 1505 4297 Dame,
1533 4264 1600 4295 âgée
1623 4258 1657 4287 de
1682 4258 1717 4285 40
1741 4267 1792 4285 ans
1809 4254 1962 4284 excellente
1980 4250 2098 4281 famille,
2116 4247 2269 4276 éducation

1367 4306 1394 4327 et
1417 4298 1596 4327 instruction
1612 4294 1762 4330 parfaites,
1781 4294 1833 4320 dot
1855 4290 1889 4317 10
1901 4289 1954 4315 000
1974 4286 2027 4314 frs.
2044 4286 2149 4312 femme
2164 4283 2270 4310 d’inté¬

1367 4336 1455 4369 rieur,
1481 4333 1626 4368 physique
1651 4329 1794 4365 agréable,
1811 4327 1905 4355 désire
1929 4327 2051 4358 épouser
2067 4318 2214 4348 monsieur
2235 4319 2270 4345 de

1368 4372 1463 4399 bonne
1477 4368 1630 4396 éducation
1646 4372 1734 4401 ayant
1750 4360 1902 4392 situation.
1917 4359 1988 4386 6265
1993 4380 1998 4385 .

1406 4425 1581 4455 Demoiselle
1595 4424 1630 4452 26
1645 4433 1708 4454 ans,
1724 4422 1838 4453 blonde,
1856 4419 1931 4452 jolie,
1953 4414 2118 4449 distinguée
2141 4413 2270 4440 instruc¬

1368 4464 1429 4492 tion
1446 4469 1473 4491 et
1488 4461 1641 4489 éducation
1657 4457 1805 4493 parfaites,
1821 4456 1880 4483 fille
1897 4453 2015 4486 unique,
2032 4454 2150 4484 parents
2167 4447 2271 4474 indus¬

1368 4500 1460 4533 triels,
1472 4505 1574 4534 grosse
1590 4494 1732 4524 situation
1750 4494 1784 4520 de
1804 4492 1929 4522 fortune,
1940 4484 2106 4522 épouserait
2121 4483 2271 4511 monsieur

1367 4541 1456 4571 ayant
1482 4532 1624 4561 situation
1651 4540 1686 4558 ou
1718 4529 1865 4556 monsieur
1894 4525 1944 4559 qui
1971 4519 2108 4550 voudrait
2146 4518 2270 4553 prendre

1366 4572 1394 4599 la
1410 4570 1486 4598 suite
1500 4569 1550 4596 des
1568 4566 1696 4602 parents.
1715 4564 1784 4592 6266
1789 4587 1794 4592 .

1403 4631 1483 4661 Veuf
1489 4632 1525 4659 55
1536 4640 1599 4658 ans.
1609 4630 1696 4661 brun,
1709 4627 1775 4658 fort,
1790 4626 1918 4656 robuste,
1931 4631 1971 4649 un
1983 4619 2084 4647 enfant
2095 4621 2110 4645 à
2122 4627 2153 4645 sa
2164 4617 2272 4650 charge

1366 4670 1383 4697 9
1405 4679 1469 4702 ans,
1492 4667 1651 4701 possédant
1671 4663 1754 4692 usine
1776 4663 1849 4690 dans
1870 4658 1943 4694 petit
1962 4657 2070 4688 village
2086 4654 2151 4680 bien
2167 4653 2269 4687 située,

1367 4705 1468 4733 valeur
1484 4702 1584 4730 20.000
1599 4700 1652 4728 frs.
1670 4699 1814 4728 demande
1829 4706 1863 4723 en
1884 4692 2012 4726 mariage
2026 4700 2117 4718 veuve
2136 4699 2205 4717 sans
2220 4698 2272 4715 en¬

1367 4741 1439 4773 fant,
1461 4739 1555 4768 bonne
1572 4738 1733 4770 ménagère,
1751 4734 1852 4766 brune,
1869 4730 1904 4758 de
1922 4728 2084 4763 préférence
2100 4725 2134 4752 de
2150 4726 2177 4752 la
2193 4733 2271 4752 cam¬

1367 4786 1472 4811 pagne,
1489 4774 1523 4801 de
1532 4773 1568 4800 40
1584 4774 1597 4800 à
1612 4772 1648 4798 50
1664 4780 1717 4798 ans
1735 4769 1740 4797 .
1755 4767 1825 4796 6267
1830 4789 1835 4794 .

1402 4837 1506 4866 Mutilé
1521 4837 1555 4863 de
1568 4832 1681 4869 guerre,
1695 4832 1731 4859 26
1746 4841 1809 4862 ans,
1827 4830 1944 4862 amputé
1958 4826 1998 4853 du
2014 4824 2080 4859 pied
2095 4821 2184 4856 droit,
2201 4822 2272 4850 2000

1366 4875 1418 4902 frs.
1442 4875 1476 4901 de
1497 4872 1630 4906 pension,
1648 4867 1806 4902 possédant
1828 4864 1900 4899 petit
1916 4870 2075 4889 commerce
2090 4858 2272 4886 d’alimenta¬

1367 4911 1429 4937 tion
1444 4909 1539 4936 désire
1557 4905 1684 4938 mariage
1700 4912 1767 4930 avec
1779 4903 1863 4936 jeune
1877 4898 1938 4926 fille
1952 4896 1987 4924 de
2003 4896 2036 4922 18
2050 4896 2066 4923 à
2082 4895 2117 4922 25
2129 4904 2194 4926 ans,
2213 4897 2272 4921 très

1367 4945 1505 4977 sérieuse,
1523 4948 1588 4976 apte
1606 4950 1642 4967 au
1659 4947 1826 4969 commerce,
1843 4940 1932 4970 ayant
1946 4933 2019 4967 petit
2035 4931 2126 4959 avoir.
2148 4930 2217 4957 6268
2221 4949 2227 4957 .

1403 5006 1579 5035 Instituteur
1591 5000 1756 5033 honoraire,
1769 5000 1802 5026 58
1813 5007 1876 5030 ans,
1889 4995 1964 5027 veuf,
1977 4994 2043 5022 bien
2055 4998 2184 5028 portant,
2202 5000 2270 5018 sans

1365 5044 1500 5076 charges,
1518 5039 1641 5075 pension
1658 5036 1790 5064 annuelle
1805 5032 1839 5062 de
1853 5031 1936 5059 4.450
1951 5031 1998 5062 fr.,
2014 5027 2180 5062 épouserait
2201 5036 2272 5053 veu¬

1364 5089 1399 5106 ve
1414 5079 1449 5105 de
1465 5084 1569 5112 guerre
1585 5083 1622 5101 ou
1648 5070 1906 5105 d’enseignement,
1927 5065 1961 5093 de
1981 5065 2016 5092 40
2037 5065 2051 5091 à
2077 5064 2110 5090 55
2132 5072 2196 5094 ans,
2221 5061 2270 5088 de¬

1364 5113 1495 5141 moiselle
1520 5119 1556 5137 ou
1576 5109 1661 5136 dame
1684 5107 1817 5133 divorcée
1836 5107 1852 5130 à
1873 5111 1925 5130 son
1946 5099 2044 5135 profit,
2069 5097 2211 5127 situation
2234 5105 2270 5122 en

1363 5153 1495 5182 rapport.
1518 5145 1556 5173 N°
1571 5143 1641 5171 6253
1645 5165 1651 5171 .

2310 435 2411 464 Veuve
2428 434 2534 462 officier
2550 435 2712 469 supérieur,
2731 444 2762 470 33
2772 443 2836 466 ans,
2848 433 2923 461 deux
2935 430 3051 458 fillettes
3064 430 3177 456 entrées

2277 472 2386 506 Légion
2401 471 2577 503 d’honneur,
2593 471 2627 498 de
2643 482 2666 498 11
2686 477 2714 498 et
2726 476 2756 498 io
2772 479 2836 503 ans,
2864 466 2987 503 pension
3017 473 3098 499 3.500
3128 464 3175 494 fr.,

2278 514 2372 535 rentes
2393 516 2469 542 1.500
2496 508 2543 538 lr.,
2574 512 2601 534 et
2630 510 2811 541 espérances,
2839 508 2897 532 très
2925 502 3003 530 riche
3033 499 3177 530 mobilier,

2276 544 2397 578 grande,
2413 539 2531 574 blonde,
2549 542 2613 574 jolie
2627 542 2805 577 distinguée,
2818 544 2875 568 très
2897 536 3047 569 instruite,
3065 536 3180 563 recher¬

2277 580 2328 606 che
2342 578 2470 612 mariage
2479 577 2586 605 officier
2601 587 2636 604 en
2652 579 2779 612 activité,
2792 574 3004 605 fonctionnaire
3019 573 3054 600 de
3065 571 3174 599 France

2278 625 2315 642 ou
2330 614 2469 642 colonies.
2486 629 2519 632 —
2536 613 2571 640 N'
2589 612 2670 647 6255.

2356 728 2387 788 A
2406 724 2545 787 TOUS
2566 725 2665 787 LES
2686 723 2961 787 LECTEURS

2282 801 2515 837 graphologique
2531 799 2680 828 dévoilant
2689 803 2842 832 caractère,
2864 798 3024 833 aptitudes,
3046 794 3183 830 qualités,

2283 838 2409 870 défauts,
2427 836 2537 869 avenir,
2555 842 2620 868 etc.,
2638 846 2711 870 pour
2729 846 2738 863 1
2757 837 2794 863 fr.
2813 844 2844 870 50
2856 835 3017 862 seulement
3027 841 3100 865 pour
3112 839 3185 858 nous

2284 874 2355 901 faire
2371 875 2531 900 connaître.
2549 871 2630 899 Ceux
2646 872 2696 906 qui
2712 872 2859 900 voudront
2881 868 3032 897 bénéficier
3056 868 3090 894 de
3114 872 3186 893 cette

2285 909 2436 944 gracieuse
2451 909 2552 935 faveur
2568 907 2755 935 adresseront
2779 908 2920 942 quelques
2944 905 3037 938 lignes
3064 902 3098 930 de
3122 902 3185 929 leur

2286 945 2409 972 écriture
2425 954 2461 971 ou
2471 944 2505 970 de
2515 944 2541 970 la
2551 953 2694 978 personne
2703 944 2743 971 les
2754 943 2943 975 intéressant,
2954 949 3022 967 avec
3033 939 3058 965 le
3068 947 3134 966 nom
3147 937 3185 964 du

2288 980 2411 1014 journal,
2442 983 2457 1007 à
2487 980 2526 1007 M.
2563 979 2737 1013 Bertillaud,
2768 979 2934 1013 professeur
2961 973 3126 1010 spécialiste
3153 973 3188 1000 de

2287 1018 2320 1044 de
2350 1016 2454 1044 l’Ecole
2484 1014 2664 1049 hermétique
2693 1015 2727 1042 de
2758 1014 2854 1047 Paris,
2881 1018 2963 1040 route
2984 1009 3149 1042 Nationale,
3173 1012 3187 1035 à

2289 1052 2435 1080 Belleville
2452 1050 2589 1085 (Rhône).

2292 1160 2817 1228 Renseignements
3156 1170 3193 1224 ü

2294 1248 2419 1271 sonnes
2450 1243 2484 1270 et
2516 1241 2610 1270 leurs
2639 1239 2798 1270 familles.
2829 1257 2867 1261 —
2896 1241 3023 1277 Agents
3053 1238 3087 1265 et
3115 1234 3193 1263 fila¬

2293 1285 2387 1312 tures
2405 1281 2486 1310 dans
2503 1283 2579 1310 tous
2597 1289 2689 1319 pays.
2706 1297 2745 1302 —
2761 1281 2869 1310 Marin
2886 1288 2900 1309 s
2918 1280 3076 1312 aeBume,
3093 1275 3111 1304 5
3129 1276 3187 1310 bis,

2295 1329 2357 1352 rue
2373 1321 2601 1359 Hemy-Ding,
2620 1322 2638 1350 à
2653 1321 2822 1351 Grenoble
2838 1318 2971 1359 (Isère).

2436 1452 2585 1508 Avis
2626 1467 2741 1506 aux
2775 1450 3051 1507 Abonnés

2338 1564 2436 1591 Nous
2463 1561 2668 1590 conseillons
2693 1567 2769 1589 aux
2793 1565 2986 1595 personnes
2998 1555 3156 1592 pouvant
3169 1556 3199 1583 le

2299 1602 2401 1637 faire,
2430 1602 2470 1630 de
2496 1602 2671 1630 souscrire
2687 1607 2735 1629 un
2758 1601 2992 1630 abonnement
3007 1596 3046 1627 dé
3061 1598 3082 1626 8
3098 1597 3198 1628 mois,

2298 1644 2332 1672 et
2346 1643 2387 1671 de
2397 1641 2606 1677 préférence
2629 1643 2643 1669 1
2661 1647 2721 1669 an.
2737 1641 2827 1669 Elles
2849 1644 2981 1670 auront
3001 1638 3200 1671 l'avantage

2300 1684 2339 1711 de
2354 1689 2398 1711 ne
2409 1688 2475 1716 pas
2487 1682 2616 1715 perdre
2637 1682 2677 1709 de
2699 1687 2763 1710 vue
2787 1687 2837 1710 un
2855 1682 2929 1709 seul
2945 1679 3080 1710 abonné
3106 1678 3138 1706 et
3161 1677 3201 1704 de

2300 1724 2449 1752 réaliser
2463 1729 2532 1751 une
2547 1722 2723 1750 économie
2738 1722 2777 1750 de
2793 1722 2838 1750 20
2853 1719 2901 1755 %.

2342 1843 2446 1873 AVIS.
2481 1859 2515 1863 —
2544 1843 2607 1871 Les
2636 1840 2793 1871 Abonnés
2819 1841 2860 1871 de
2889 1840 2921 1870 la
2939 1840 3077 1870 REVUE
3093 1838 3204 1867 MEN¬

2304 1884 2471 1919 SUELLE,
2498 1882 2649 1912 désirant
2679 1881 2836 1912 recevoir
2859 1882 2890 1911 la
2918 1892 2935 1908 «
2951 1882 3066 1910 Revue
3083 1889 3099 1905 »
3123 1886 3202 1907 sous

2305 1925 2512 1962 enveloppes
2541 1923 2689 1952 fermées
2719 1924 2798 1952 sont
2830 1921 2922 1959 priés
2951 1920 3143 1949 d’adresser
3171 1917 3202 1947 la

2305 1972 2435 1995 somme
2453 1966 2492 1992 de
2507 1964 2527 1992 2
2542 1962 2581 1991 fr.
2599 1970 2640 1992 en
2656 1962 2733 2000 plus
2750 1970 2837 1999 pour
2861 1962 2913 1992 les
2943 1960 3025 1989 frais
3056 1961 3096 1989 de
3123 1962 3203 1988 tim¬

2305 2005 2384 2034 bres
2401 2012 2408 2040 ;
2441 2004 2490 2033 les
2516 2002 2668 2032 abonnés
2697 2005 2773 2031 sont
2803 2002 2998 2039 également
3026 2001 3117 2038 priés
3164 1999 3204 2027 de

2305 2045 2450 2075 timbrer
2477 2047 2572 2073 leurs
2601 2045 2722 2072 lettres
2752 2043 2771 2071 à
2798 2042 2837 2071 25
2853 2045 2942 2072 cent,
2969 2048 3056 2078 pour
3071 2046 3205 2069 corres¬

2305 2086 2438 2124 pondre
2448 2087 2546 2114 entre
2562 2083 2724 2113 abonnés.

2346 2217 2471 2244 Jeunes
2491 2219 2584 2249 gens,
2605 2213 2732 2247 jeunes
2759 2212 2844 2247 filles
2872 2213 2904 2241 et
2933 2217 3017 2241 vous
3046 2212 3122 2240 tous
3150 2210 3208 2245 qui

2306 2256 2438 2285 désirez
2476 2259 2562 2283 vous
2598 2253 2747 2287 marier,
2787 2254 2980 2282 demandez
3017 2252 3047 2279 le
3076 2250 3210 2280 GUIDE

2308 2296 2533 2326 PRATIQUE
2568 2294 2631 2323 DU
2663 2294 2875 2322 BONHEUR
2909 2294 2973 2321 EN
3007 2283 3207 2321 MÉNAGE,

2309 2336 2498 2365 contenant
2513 2336 2569 2364 des
2584 2334 2727 2363 conseils
2741 2334 2810 2362 1res
2824 2333 2924 2361 utiles
2934 2338 3027 2367 pour
3035 2332 3065 2359 le
3074 2330 3210 2360 maria¬

2308 2382 2361 2412 ge,
2378 2378 2407 2405 le
2421 2377 2559 2404 volume
2569 2380 2642 2408 par
2655 2375 2684 2402 J.
2705 2365 2936 2403 PÈLISSIER
2956 2371 3117 2406 pouvant
3137 2367 3211 2399 être

2310 2420 2345 2446 lu
2357 2423 2428 2451 par
2444 2416 2516 2444 tout
2532 2417 2561 2444 le
2574 2415 2708 2443 monde.

2349 2458 2519 2486 Adressez
2534 2457 2569 2484 la
2582 2460 2715 2483 somme
2728 2454 2767 2482 de
2777 2456 2799 2482 3
2810 2453 2858 2488 fr.
2876 2454 2923 2482 50
2937 2451 2960 2482 à
2973 2453 3008 2480 la
3022 2450 3212 2480 Directrice

2309 2498 2349 2525 de
2364 2498 2398 2526 la
2414 2496 2563 2525 REVUE
2578 2494 2857 2525 MENSUELLE,
2875 2494 2935 2528 qui
2955 2497 3040 2521 vous
3068 2488 3212 2519 l'adres¬

2309 2543 2390 2566 sera
2405 2537 2533 2571 franco
2549 2536 2588 2563 de
2598 2534 2692 2568 port.

2352 2661 2417 2688 Les
2445 2662 2622 2687 annonces
2649 2657 2738 2685 dans
2766 2655 2801 2683 la
2816 2656 2834 2683 «
2848 2656 2963 2683 Revue
2978 2659 2996 2682 »
3022 2652 3102 2681 sont
3132 2654 3173 2681 de
3192 2652 3215 2680 4

2313 2700 2424 2735 lignes
2439 2705 2487 2727 au
2501 2698 2702 2726 maximun.
2717 2697 2778 2724 Les
2783 2700 2976 2729 personnes
2992 2694 3050 2729 qui
3065 2693 3216 2722 désirent

2313 2741 2390 2769 leur
2415 2743 2578 2767 annonce
2601 2737 2679 2770 plus
2695 2736 2820 2769 longue
2831 2734 2997 2768 paieront
3012 2740 3061 2762 un
3076 2733 3215 2766 supplé¬

2315 2780 2411 2808 ment
2423 2779 2464 2806 de
2479 2779 2500 2805 3
2515 2777 2563 2811 fr.
2582 2777 2617 2805 la
2632 2776 2732 2810 ligne.

2357 2901 2406 2929 La
2422 2900 2439 2928 «
2452 2899 2565 2928 Revue
2580 2897 2764 2926 Mensuelle
2773 2902 2789 2924 »
2806 2895 2943 2929 accepte
2959 2894 3068 2923 toutes
3084 2899 3217 2923 annon¬

2317 2946 2370 2970 ces
2398 2938 2660 2969 commerciales
2686 2943 2731 2965 ou
2746 2936 2877 2969 autres,
2894 2934 2960 2963 soit
2970 2935 3097 2966 ventes,
3115 2933 3219 2968 fonds

2317 2982 2357 3010 de
2369 2984 2563 3009 commerce
2577 2984 2622 3006 ou
2637 2976 2818 3005 industrie.

2344 3124 2756 3185 ANNONCES
2813 3122 3193 3179 DIVERSES

2328 3263 2341 3285 A
2382 3261 2387 3303 |
2412 3260 2449 3303 RI
2463 3259 2534 3301 IFR
2581 3259 2635 3280 ma
2638 3250 2650 3280 i
2652 3257 2713 3280 ?on
2734 3247 2952 3278 d’habitation
2983 3249 3001 3276 à
3029 3247 3061 3276 la
3090 3254 3220 3283 campa-

2324 3286 2346 3316 A
2384 3284 2534 3317 LUULn
2582 3299 2659 3329 gne,
2678 3290 2749 3319 de6
2765 3290 2782 3318 à
2799 3290 2817 3317 8
2834 3288 2949 3326 pièces
2976 3287 3124 3324 garnies,
3153 3288 3222 3323 jar¬

2320 3334 2388 3370 din,
2403 3332 2562 3364 banlieue
2578 3331 2677 3361 d’une
2699 3329 2803 3367 petite
2824 3328 2915 3363 ville,
2929 3335 3010 3366 pays
3035 3328 3077 3357 de
3101 3327 3223 3356 chasse

2322 3377 2355 3405 et
2371 3375 2411 3404 de
2427 3373 2547 3412 pêche.
2567 3388 2584 3393 -
2601 3372 2640 3401 N-
2660 3370 2708 3400 10.

2327 3431 2345 3474 A
2384 3429 2388 3473 I
2414 3428 2453 3473 DI
2468 3428 2539 3472 IFR
2587 3419 2827 3458 appartement
2861 3418 2880 3446 4
2911 3417 3027 3455 pièces
3071 3414 3222 3453 garnies,

2325 3456 2348 3485 M
2384 3452 2540 3491 HJULD
2585 3462 2605 3490 2
2620 3459 2814 3492 chambres,
2831 3457 2916 3487 salle
2933 3460 2949 3486 à
2966 3464 3121 3493 manger,
3148 3456 3223 3485 cui¬

2323 3503 2408 3538 sine,
2428 3501 2604 3536 vestibule,
2615 3498 2859 3533 water-closet,
2872 3497 3007 3528 cabinet
3023 3496 3063 3526 de
3079 3495 3221 3526 toilette.

2323 3561 2339 3566 -
2355 3545 2396 3573 N-
2415 3544 2463 3572 11.

2328 3600 2348 3643 A
2389 3600 2413 3642 V
2423 3599 2445 3641 F
2456 3599 2480 3641 N
2492 3598 2516 3640 n
2525 3598 2548 3640 R
2559 3596 2581 3639 F
2629 3597 2650 3627 &
2653 3588 2758 3618 rande
2791 3585 2967 3625 propriété
3001 3587 3226 3624 comprenant

2328 3625 2349 3655 A
2395 3623 2583 3654 VLIMUnL
2630 3628 2780 3658 maisons
2795 3628 2835 3657 de
2845 3626 2968 3656 maître
2979 3628 3011 3655 et
3021 3626 3061 3655 de
3072 3624 3222 3655 fermier.

2323 3673 2404 3703 Prix
2420 3673 2440 3701 à
2456 3671 2622 3701 débattre.
2639 3685 2657 3690 -
2671 3668 2711 3698 N-
2731 3668 2780 3696 12.

2330 3729 2349 3771 A
2391 3728 2414 3770 V
2424 3728 2446 3769 F
2458 3729 2482 3769 M
2493 3727 2518 3768 H
2527 3727 2549 3768 R
2560 3725 2583 3767 F
2629 3726 2650 3756 P
2653 3715 2735 3747 etite
2765 3715 2873 3745 ferme
2905 3716 3130 3752 comprenant
3159 3716 3227 3744 ter-

2327 3753 2351 3783 A
2395 3753 2447 3782 VL
2458 3752 2482 3783 11
2494 3751 2584 3781 UnL
2632 3757 2723 3787 rains
2741 3759 2774 3786 et
2790 3756 2921 3785 maison
2949 3753 3168 3784 d’habitation
3186 3754 3226 3783 de

2324 3800 2478 3832 fermier.
2496 3799 2577 3829 Prix
2594 3807 2600 3827 :
2618 3796 2731 3827 20.000
2745 3796 2785 3825 fr.
2802 3812 2821 3818 -
2835 3796 2866 3825 N
2871 3804 2877 3810 -
2896 3795 2945 3824 13.

2330 3858 2350 3901 A
2395 3858 2419 3900 V/
2428 3857 2450 3899 F
2461 3857 2484 3899 N
2497 3856 2520 3898 n
2529 3856 2553 3898 R
2564 3855 2586 3897 F
2634 3845 2763 3876 "iàon
2774 3844 2992 3874 d’habitation
3002 3844 3084 3873 dans
3092 3843 3226 3879 village,

2328 3883 2351 3913 A
2427 3881 2485 3911 Ll\
2497 3879 2587 3917 Une.
2634 3887 2716 3916 avec
2732 3887 2751 3915 4
2763 3886 2783 3914 à
2796 3884 2816 3914 5
2830 3884 2990 3915 hectares
3007 3884 3049 3913 de
3064 3884 3224 3914 terrains.

2326 3931 2407 3960 Prix
2423 3929 2441 3959 à
2457 3928 2622 3959 débattre.
2638 3943 2657 3948 -
2672 3927 2712 3956 N-
2732 3926 2779 3956 14.

2329 3984 2523 4043 GRANDS
2553 3982 2660 4039 VINS
2695 3979 2958 4037 MOUSSEUX
3003 3979 3226 4043 S",?""

2327 4068 2409 4090 avec
2434 4059 2483 4088 les
2509 4058 2584 4096 plus
2614 4056 2739 4093 grands
2769 4055 3013 4092 champagnes.
3046 4053 3125 4083 Prix
3155 4054 3226 4082 très

2327 4100 2494 4129 modérés.
2513 4114 2531 4119 -
2546 4098 2574 4127 N
2581 4106 2586 4111 -
2607 4097 2654 4126 15.

2329 4156 2351 4210 A
2392 4152 2585 4209 VENDRE

2329 4244 2351 4298 A
2396 4240 2590 4297 VENDRE

2325 4315 2527 4346 CHABAUD.

2631 4143 2780 4173 terrains
2801 4150 2890 4180 pour
2916 4142 2948 4171 la
2978 4140 3224 4172 construction.

2632 4183 2932 4221 Paris-Plage,site
2947 4183 3129 4211 ravissant.
3143 4182 3172 4212 N
3191 4182 3227 4211 16

2634 4233 2849 4262 lotissement
2865 4232 2906 4260 de
2922 4231 3070 4260 terrains
3094 4232 3112 4260 à
3128 4233 3228 4259 Arca-

2635 4273 2733 4303 chon.
2751 4288 2788 4293 —
2804 4271 3000 4301 S’adresser
3014 4271 3034 4300 à
3055 4272 3143 4300 Mme
3161 4271 3228 4300 Vve

2332 4372 2349 4412 A
2394 4372 2416 4411 \/
2427 4371 2448 4410 F
2460 4369 2483 4410 M
2496 4369 2519 4409 n
2529 4369 2552 4409 R
2564 4361 2585 4408 F
2630 4361 2646 4390 k
2652 4370 2669 4390 e
2666 4401 2671 4406 .
2674 4360 2717 4390 de
2749 4360 2901 4390 carrière
2939 4360 2979 4390 de
3014 4359 3148 4398 pierres
3188 4359 3228 4388 de

2330 4398 2351 4427 A
2398 4394 2586 4430 VLIVUnL
2629 4401 2722 4430 taille
2738 4402 2779 4430 de
2789 4400 2876 4430 belle
2886 4399 3023 4438 qualité.
3033 4399 3228 4429 S’adresser

2327 4445 2345 4473 à
2374 4443 2562 4473 Directrice
2590 4444 2705 4472 Revue
2737 4443 2931 4475 Mensuelle,
2963 4441 2982 4470 à
3011 4440 3228 4470 Montélimar

2326 4482 2488 4523 (Drôme).

2329 4538 2400 4580 \/n|
2413 4539 2435 4578 Il
2462 4533 2665 4578 F7-\/nilÇ
2711 4533 2852 4560 trouver
2880 4537 2925 4559 un
2955 4528 3130 4567 logement
3156 4528 3175 4557 à
3198 4527 3228 4556 la

2336 4567 2517 4596 VUULLl
2549 4563 2666 4601 VUUO
2712 4577 2900 4607 campagne
2942 4577 2986 4599 ou
3028 4576 3071 4598 en
3109 4568 3187 4597 ville
3210 4566 3230 4596 ?

2328 4613 2598 4643 Adressez-vous
2621 4612 2640 4640 à
2668 4611 2752 4640 Mme
2784 4612 2850 4638 Vve
2874 4609 3079 4643 CHABAUD,
3109 4608 3226 4637 Direc¬

2327 4653 2413 4683 trice
2444 4653 2483 4682 de
2511 4652 2540 4680 la
2571 4654 2588 4682 «
2614 4653 2726 4682 Revue
2740 4651 2924 4681 Mensuelle
2948 4660 2964 4676 »
3008 4648 3065 4686 qui
3103 4654 3230 4685 pourra

2329 4694 2506 4731 s’occuper
2523 4694 2727 4728 moyennant
2743 4689 2961 4724 rétribution,
2979 4689 3020 4718 de
3036 4695 3120 4717 vous
3129 4690 3230 4717 trou¬

2327 4742 2388 4764 ver
2402 4741 2448 4763 un
2465 4732 2648 4770 logement.

2329 4793 2414 4860 U
2452 4781 2855 4833 nïDETTDirF
2905 4781 2945 4811 de
2976 4781 3006 4809 la
3042 4783 3064 4798 “
3078 4777 3230 4810 Revue"

2453 4814 2652 4857 UlrVÜL
2669 4814 2683 4857 I
2703 4810 2857 4855 Alun
2904 4824 3006 4857 ayant
3048 4821 3126 4849 loué
3162 4825 3231 4848 une

2328 4867 2406 4896 villa
2424 4867 2442 4896 à
2457 4866 2489 4895 la
2512 4872 2700 4902 campagne
2715 4871 2797 4892 avec
2813 4861 2921 4900 grand
2933 4860 3061 4898 jardin,
3079 4859 3142 4888 site
3159 4859 3230 4887 très

2328 4906 2502 4944 agréable,
2532 4912 2615 4942 pays
2647 4904 2687 4933 de
2715 4904 2836 4931 chasse
2862 4904 2896 4930 et
2926 4906 2966 4929 ne
2994 4900 3109 4936 pêche.
3124 4899 3232 4926 Sous-

2328 4947 2476 4976 louerait
2492 4945 2733 4983 appartement
2746 4940 2846 4979 garni
2863 4948 2871 4975 ;
2888 4937 3095 4969 détaillerait
3113 4937 3229 4974 pièces

2368 5044 2413 5071 La
2430 5039 2788 5071 Directrice-Gérante
2805 5045 2812 5066 :
2850 5037 2964 5065 Veuve
2989 5034 3191 5063 CHABAUD.

2524 5127 2597 5159 Imp.
2620 5123 2811 5161 BAFFERJJ’,
2833 5121 3034 5160 Mop^élimar.
