3536 5552
368 505 485 535 Mutilé
522 504 563 534 de
598 510 737 540 guerre,
779 498 1043 531 fonctionnaire,
1080 497 1119 526 37
1155 503 1227 529 ans,

330 546 423 576 5.000
452 545 490 575 fr.
520 544 561 574 de
589 546 719 578 rentes,
750 540 948 579 épouserait
976 536 1157 576 orpheline
1186 542 1230 565 ou

332 594 439 616 veuve
456 593 533 615 sans
550 584 676 618 enfant,
694 583 735 611 de
749 583 788 611 25
804 582 823 611 à
836 581 876 610 35
892 587 964 609 ans,
979 576 1230 609 sentimentale,

334 628 435 662 ayant
477 627 604 658 rentes,
651 623 822 660 française
863 627 907 650 ou
948 619 1145 656 étrangère,
1198 631 1233 636 —

334 668 374 696 N-
403 665 491 695 6098.

378 715 444 744 Fils
474 714 612 750 unique,
643 711 858 746 cultivaleur,
887 710 922 738 31
942 716 1014 741 ans,
1032 705 1177 745 pension
1196 704 1236 733 de

338 757 464 785 Guerre
481 754 573 784 2.400
589 753 642 788 fr,,
661 754 866 790 espérances
897 747 1027 778 150.000
1044 747 1097 782 fr.,
1128 747 1237 783 épou¬

341 795 444 826 serait
462 793 659 823 demoiselle
675 800 718 823 ou
735 798 842 821 veuve
869 791 910 819 de
929 790 968 818 22
983 790 1001 818 à
1016 788 1052 816 31
1071 793 1142 822 ans,
1155 786 1239 823 pré¬

343 838 478 866 sentant
494 834 584 869 bien,
602 833 744 863 voulant
767 830 901 860 habiter
922 829 1011 858 belle
1039 831 1238 863 campagne,

342 884 402 915 pas
425 875 564 905 sérieux
587 871 777 903 s’abstenir.
794 887 832 890 —
846 871 875 900 N
883 879 888 885 -
904 869 994 899 6099.

384 927 636 958 Célibataire32
651 933 724 958 ans,
738 925 873 955 fortune
886 922 995 953 12.000
1010 921 1064 956 fr.,
1081 918 1242 949 situation

345 978 387 999 au
405 971 531 1001 Maroc,
554 967 673 1001 ferme,
705 963 900 1003 épouserait
928 968 1101 1001 personne
1129 958 1244 988 d’inté¬

347 1009 452 1041 rieur,
469 1006 631 1039 honnête,
649 1007 749 1035 dotée
764 1005 793 1034 si
820 1003 971 1043 possible
987 1009 1074 1040 pour
1088 999 1187 1030 venir
1201 1004 1244 1027 en

347 1050 432 1080 aide.
451 1065 468 1070 -
484 1049 524 1077 N-
541 1047 631 1077 6100.

386 1099 496 1127 Jeune
511 1096 582 1126 fille
596 1096 635 1124 27
650 1102 723 1127 ans,
735 1093 833 1131 jolie,
850 1091 1056 1129 distinguée,
1080 1088 1247 1118 fonction¬

349 1139 445 1168 naire
474 1137 589 1168 d'E'at,
620 1137 814 1164 traitement
843 1132 933 1162 6.000
968 1131 1019 1160 fr..
1050 1128 1247 1159 économies

351 1178 462 1208 10.000
478 1177 531 1211 fr.,
563 1176 760 1213 épouserait
788 1173 964 1203 monsieur
991 1171 1030 1201 28
1059 1171 1078 1199 à
1106 1169 1144 1199 40
1174 1173 1246 1200 ans,

350 1219 510 1248 situation
526 1225 569 1245 en
581 1225 587 1242 i
598 1223 696 1251 appo*
707 1217 730 1245 t.
741 1213 821 1243 irait
830 1221 896 1242 aux
907 1210 1071 1242 colonies.
1081 1226 1092 1231 -
1100 1210 1130 1239 N
1133 1217 1139 1224 -
1156 1208 1246 1237 6101.

390 1265 592 1296 Célibataire
607 1265 646 1294 38
668 1272 740 1299 ans,
771 1260 982 1292 mécanicien
1012 1268 1054 1288 au
1083 1258 1248 1288 P.-L.-M.,

353 1307 446 1337 9.500
460 1306 515 1340 fr.,
531 1313 592 1343 par
601 1313 655 1340 an,
667 1303 818 1336 robuste,
831 1301 1035 1332 affectueux,
1053 1295 1251 1337 épouserait

353 1347 551 1377 demoiselle
576 1345 720 1383 grande,
740 1343 825 1373 forte
848 1341 1066 1379 corpulence,
1084 1337 1250 1377 physique

355 1386 527 1423 agréable,
546 1384 695 1415 honnête
712 1383 839 1412 aimant
854 1389 914 1411 son
938 1380 1119 1414 intérieur,
1149 1378 1251 1415 ayant

355 1428 461 1462 avoir,
479 1426 519 1454 de
535 1427 574 1455 27
590 1428 604 1454 à
622 1426 662 1454 32
676 1432 748 1454 ans.
765 1440 777 1445 -
791 1423 831 1452 N-
848 1421 939 1452 6103.

392 1474 477 1506 Yeuf
485 1475 523 1504 53
533 1482 605 1505 ans,
617 1473 757 1502 retraité
768 1472 930 1504 finances,
943 1468 1104 1499 colonies.
1116 1466 1196 1497 5210
1206 1465 1252 1501 fr.,

353 1516 428 1554 plus
445 1515 540 1545 avoir
553 1514 612 1544 300
627 1514 685 1543 000
701 1513 755 1547 fr.,
767 1514 785 1541 3
797 1512 930 1540 enfan's
945 1512 963 1540 é
979 1511 1058 1539 èves
1074 1508 1198 1545 lycées,
1211 1506 1251 1535 de

353 1557 403 1590 21,
421 1556 459 1585 19
474 1557 508 1585 et
524 1555 561 1584 13
576 1562 648 1587 ans,
677 1552 874 1590 épouserait
890 1550 998 1584 dame,
1028 1548 1092 1585 âge
1113 1555 1152 1576 en
1172 1554 1252 1584 rap¬

354 1599 441 1636 port,
459 1595 534 1624 bien
559 1594 688 1627 élevée,
713 1595 813 1628 ayant
840 1591 1010 1620 intérieur
1032 1594 1064 1617 et
1089 1587 1251 1625 quelques

355 1643 514 1670 revenus,
527 1636 656 1664 a'mant
666 1632 723 1662 vie
732 1631 942 1668 tranquille.-
956 1629 1092 1659 N-6104.

394 1686 503 1714 Jeune
520 1683 588 1712 fille
604 1681 796 1712 excellente
819 1679 958 1712 famille,
989 1685 1072 1708 avec
1087 1678 1204 1707 rentes
1220 1677 1254 1705 et

355 1725 464 1754 belles
493 1727 711 1762 espérances,
756 1721 867 1750 bonne
906 1718 1098 1752 éducation,
1130 1717 1254 1745 femme

356 1763 568 1799 d’intérieur,
581 1762 677 1801 jolie,
709 1760 929 1793 affectueuse,
960 1758 1074 1788 désire
1104 1757 1255 1793 mariage

357 1813 439 1835 avec
451 1806 557 1843 jeune
573 1802 709 1832 homme
726 1801 814 1831 de30
824 1803 837 1830 à
848 1801 887 1830 35
897 1807 956 1829 ans
975 1800 1075 1835 ayant
1093 1795 1254 1827 situation

357 1845 474 1876 élevée
490 1845 620 1873 France
637 1851 679 1872 ou
697 1841 859 1871 colonies.
875 1856 892 1862 -
909 1841 949 1869 N'
966 1838 1056 1868 6105.

400 1893 526 1927 Mutilé,
544 1891 754 1925 célibataire,
766 1889 955 1920 recherche
965 1888 1070 1917 union
1087 1893 1147 1924 par
1156 1884 1257 1915 affec¬

357 1934 429 1964 tion
446 1933 582 1963 sincère
598 1934 633 1961 et
648 1931 755 1961 solide
777 1937 864 1966 pour
888 1928 1045 1958 bonheur
1073 1925 1255 1963 tranquile,

359 1974 509 2007 sérieux,
528 1971 630 2011 appui
650 1971 756 2001 moral
775 1979 782 2005 ;
795 1972 902 2008 jeune
931 1967 1112 1998 écervelée
1139 1965 1257 2004 prière

360 2014 400 2044 de
417 2013 608 2043 s’abstenir.
626 2028 642 2033 -
659 2013 698 2042 N'
715 2011 803 2040 6106.

399 2065 600 2096 Célibataire
621 2063 837 2097 cultivateur,
853 2063 889 2092 31
908 2069 981 2095 ans,
998 2059 1105 2098 petite
1121 2057 1257 2096 propri-

360 2109 393 2136 té
409 2111 444 2136 et
460 2105 655 2136 économies
681 2103 870 2133 recherche
897 2109 937 2132 en
955 2108 1019 2130 vue
1036 2100 1077 2129 de
1107 2099 1259 2136 mariage

357 2150 462 2185 jeune
492 2146 561 2175 fille
584 2145 624 2174 de
652 2145 691 2174 20
707 2145 722 2172 à
739 2144 777 2173 30
807 2151 878 2176 ans,
909 2142 1060 2178 gentille,
1093 2139 1257 2173 honnête,

361 2186 565 2223 catholique.
582 2201 600 2207 -
614 2186 654 2214 N-
669 2184 760 2214 6107.

396 2236 496 2263 Veuve
511 2233 704 2268 d’ingénieur,
731 2241 762 2267 50
786 2240 849 2264 ans,
875 2240 910 2258 ne
936 2228 1102 2263 paraissant
1127 2237 1178 2261 pas
1205 2237 1259 2255 son

361 2274 424 2306 âge,
451 2270 628 2304 distinguée,
665 2267 848 2299 affectueuse,
886 2265 1062 2299 catholique,
1100 2263 1260 2298 possédant

367 2317 463 2334 10.000
479 2306 514 2333 fr.
531 2312 558 2333 et
575 2314 666 2339 15.000
682 2303 718 2331 fr.
736 2304 822 2337 linge,
839 2302 933 2329 désire
950 2300 1077 2334 mariage
1103 2309 1171 2327 avec
1193 2297 1264 2326 veuf

362 2353 398 2370 ou
414 2343 539 2376 divorcé,
560 2346 648 2376 ayant
672 2349 712 2367 un
741 2340 850 2370 enfant,
880 2339 914 2365 de
940 2336 1103 2371 préférence
1133 2345 1172 2362 un
1201 2334 1258 2366 fils,

363 2378 471 2406 France
486 2387 523 2404 ou
539 2376 675 2404 colonies.
692 2390 706 2395 -
722 2375 757 2403 N’
778 2375 859 2402 6108.

401 2425 510 2453 Jeune
527 2422 662 2452 homme
692 2420 731 2450 32
760 2427 832 2453 ans,
857 2418 950 2448 6.000
978 2417 1019 2446 fr.
1050 2415 1260 2450 économies,

363 2465 432 2494 très
449 2462 598 2496 sérieux,
631 2462 721 2490 doux
751 2460 862 2489 désire
892 2456 1144 2495 correspondre
1174 2463 1262 2493 pour

364 2503 515 2541 mariage
531 2509 614 2532 avec
629 2500 828 2530 demoiselle
844 2506 888 2528 ou
904 2505 1012 2528 veuve
1037 2499 1138 2534 ayant
1152 2497 1262 2525 situa¬

363 2543 432 2574 tion
450 2551 492 2572 ou
511 2540 717 2572 économies.
735 2556 752 2562 -
768 2540 807 2570 N'
821 2539 910 2568 6109.

403 2591 604 2622 Célibataire
631 2591 669 2619 23
701 2597 773 2625 ans,
803 2587 959 2625 employé
987 2586 1119 2620 textile,
1150 2585 1263 2614 désire

365 2633 450 2662 faire
466 2631 713 2662 connaissance
730 2628 828 2658 d’une
854 2631 961 2663 jeune
990 2626 1059 2655 fille
1087 2633 1131 2656 ou
1156 2627 1264 2663 jeune

364 2680 474 2704 veuve
489 2680 577 2710 pour
593 2672 755 2707 mariage.
771 2685 784 2690 -
798 2669 826 2698 N
855 2667 948 2697 6110.

403 2722 513 2751 Jeune
527 2721 664 2750 homme
678 2718 851 2756 indigène,
865 2717 904 2746 23
919 2724 992 2751 ans,
1021 2714 1266 2753 p-opriétaire-

365 2762 579 2795 cultivateur,
597 2760 709 2789 bonne
726 2757 805 2787 fami
822 2757 863 2792 le,
882 2756 1046 2786 demande
1059 2763 1100 2784 en
1114 2754 1265 2792 mariage

361 2804 467 2840 jeune
484 2800 562 2836 fille,
581 2800 621 2829 de
632 2800 668 2828 18
684 2799 702 2829 à
713 2798 752 2827 25
763 2806 834 2832 ans,
846 2796 1002 2834 ayantfor
1012 2797 1103 2830 tune,
1116 2802 1265 2832 envoyer

366 2842 480 2879 photo.
498 2857 510 2862 -
523 2841 563 2869 N-
583 2840 671 2870 6111.

406 2889 558 2920 Cavah'er
587 2889 645 2917 des
675 2888 839 2921 douanes,
884 2884 1094 2918 célibataire,
1123 2883 1162 2912 28
1192 2890 1263 2917 ans,

365 2931 565 2961 traitement
578 2928 671 2958 7.000
686 2926 741 2959 fr.,
754 2935 797 2956 ne
809 2927 900 2955 fume
915 2933 987 2960 pas,
999 2925 1150 2957 sérieux,
1162 2925 1267 2960 épou¬

367 2971 472 3000 serait
484 2972 590 3008 jeune
606 2968 675 2997 fille
695 2967 792 3005 jolie,
820 2965 981 2997 honnête,
1014 2964 1118 2999 aisée,
1137 2964 1177 2992 de
1195 2964 1231 2992 18
1247 2963 1266 2991 à

364 3011 403 3041 25
416 3019 488 3042 ans,
507 3010 669 3039 situation
686 3015 729 3038 en
745 3011 894 3044 rapport.
912 3021 932 3027 -
947 3006 975 3035 N
981 3013 986 3019 -
1004 3004 1094 3034 6112.

407 3058 496 3089 Veuf
506 3059 545 3088 63
562 3065 633 3093 ans,
652 3056 856 3089 affectueux,
869 3055 963 3084 idées
980 3054 1105 3091 larges,
1122 3052 1214 3082 5.000
1224 3050 1264 3080 fr.

366 3100 407 3129 de
424 3101 552 3134 rentes,
584 3096 773 3127 recherche
802 3095 954 3132 mariage
983 3101 1065 3123 avec
1094 3100 1267 3130 personne

367 3139 523 3170 sérieuse
539 3146 622 3168 avec
637 3136 812 3169 situation,
829 3135 869 3164 de
884 3134 923 3164 45
938 3136 956 3163 à
972 3134 1012 3163 60
1022 3141 1095 3162 ans.
1112 3149 1125 3154 -
1140 3132 1267 3161 N‘6113

401 3197 490 3230 Jeune
507 3195 564 3223 fille
581 3203 613 3229 25
631 3204 694 3228 ans,
712 3192 883 3227 comptable,
902 3194 959 3219 très
976 3192 1158 3223 affectueuse,
1172 3189 1266 3216 bonne

365 3232 528 3265 éducation,
546 3233 725 3265 espérances,
742 3228 835 3256 désire
855 3237 929 3262 pour
959 3226 1087 3260 mariage
1117 3224 1266 3252 monsieur

366 3275 455 3304 ayant
470 3267 613 3296 situation
630 3267 757 3299 assurée,
769 3262 992 3295 fonctionnaire,
1006 3261 1139 3290 aimerait
1155 3260 1267 3294 s’expa¬

367 3305 447 3332 trier.
464 3319 477 3323 -
494 3303 530 3330 N"
547 3305 620 3336 6114.

401 3352 553 3386 Adjudant
567 3352 602 3379 de
617 3349 767 3382 cavalerie,
784 3358 817 3383 42
832 3358 895 3381 ans,
906 3347 1012 3383 grand,
1023 3345 1091 3379 fort,
1102 3345 1264 3378 distingué,

366 3388 431 3417 bien
448 3397 516 3416 sous
534 3394 598 3415 tous
615 3391 761 3420 rapports,
777 3384 846 3420 gain
874 3383 1004 3411 mensuel
1021 3391 1095 3410 1.000
1112 3381 1159 3414 fr.,
1184 3380 1265 3408 avoir

367 3434 471 3453 20.000
487 3423 533 3454 ir.,
551 3422 669 3450 retraité
684 3422 757 3449 dans
785 3433 801 3455 4
816 3430 879 3454 ans,
911 3428 992 3452 3.000
1022 3417 1069 3451 fr.,
1100 3416 1266 3451 épouserait

366 3461 449 3494 jeune
464 3469 565 3490 veuve,
581 3458 657 3492 jolie,
674 3456 858 3488 affectueuse,
875 3461 963 3490 ayant
978 3453 1103 3488 qualités
1125 3452 1159 3480 de
1175 3462 1264 3485 coeur,

366 3495 506 3524 intérieur
519 3501 547 3522 et
563 3493 704 3522 situation
713 3502 748 3520 en
764 3497 893 3526 rapport,
906 3489 1079 3524 accepterait
1091 3499 1130 3516 un
1142 3498 1178 3515 ou
1191 3489 1265 3515 deux

365 3531 491 3560 enfants.
507 3545 522 3550 -
537 3530 573 3558 N'
589 3531 668 3563 6115.

402 3584 563 3619 Orpheline
579 3593 609 3618 35
627 3593 690 3617 ans,
707 3580 896 3613 institutrice,
912 3579 1006 3607 brune
1021 3578 1165 3612 agréable,
1192 3577 1266 3611 petit

365 3621 447 3649 avoir
462 3630 496 3648 en
512 3619 684 3654 propriétés,
703 3618 796 3645 bonne
810 3619 903 3648 santé,
933 3615 1027 3642 désire
1056 3614 1265 3647 correspondre

365 3667 438 3692 pour
450 3656 579 3689 mariage
593 3665 660 3682 avec
674 3651 888 3682 fonctionnaire
917 3650 1039 3678 colonial
1069 3659 1105 3676 ou
1134 3649 1263 3682 retraité,

364 3692 433 3721 irait
446 3702 502 3720 aux
518 3690 653 3719 colonies.
670 3704 685 3709 -
699 3689 739 3718 N'
758 3689 838 3716 6116.

401 3747 499 3774 Veuve
514 3744 651 3773 d’officier
666 3754 696 3778 31
715 3752 778 3776 ans,
795 3751 864 3770 sans
881 3740 990 3773 enfant,
1008 3739 1075 3768 bien
1098 3748 1166 3767 sous
1199 3745 1264 3766 tous

366 3788 514 3817 rapports,
531 3790 613 3816 2.400
624 3780 660 3807 fr.
675 3780 711 3807 de
726 3785 817 3811 rente,
832 3786 950 3812 grosses
979 3778 1161 3810 espérances,
1176 3777 1264 3809 épou¬

367 3818 457 3847 serait
472 3817 622 3845 monsieur
636 3821 724 3851 ayant
740 3813 882 3842 situation
897 3822 933 3840 ou
956 3811 1062 3839 officier
1092 3811 1202 3838 France
1228 3819 1265 3837 ou

365 3854 501 3882 colonies.
518 3868 532 3872 -
547 3853 583 3880 N'
599 3853 677 3885 6117.

401 3907 616 3939 Lieutenant30
626 3914 688 3938 ans,
697 3903 809 3932 bientôt
820 3901 972 3936 capitaine,
983 3899 1079 3936 légion
1089 3899 1264 3931 d’honneur,

366 3955 381 3978 7
397 3942 543 3973 citations,
561 3942 648 3973 doux,
666 3939 863 3971 sentimental,
881 3937 959 3965 taille
976 3945 1127 3971 moyenne,
1147 3934 1264 3961 chatain

365 3979 456 4012 foncé,
470 3987 543 4013 yeux
565 3977 665 4008 bruns,
683 3974 765 4002 avoir
777 3983 875 4009 50,000
890 3972 939 4006 l’r.,
951 3971 1044 3999 désire
1055 3971 1183 4004 mariage
1198 3979 1266 3997 avec

367 4016 449 4048 jeune
465 4013 522 4040 fille
537 4022 574 4040 ou
590 4012 673 4046 jeune
698 4020 788 4038 veuve
817 4009 911 4036 bonne
940 4006 1093 4034 éducation
1123 4012 1150 4033 et
1174 4006 1235 4033 dot.
1252 4019 1265 4023 -

365 4050 401 4079 N’
418 4052 496 4085 6119.

402 4101 628 4130 Fonctionnaire
642 4100 750 4132 d’Etat,
766 4109 801 4134 44
815 4108 879 4131 ans,
907 4106 976 4125 sans
1006 4095 1117 4130 enfant,
1146 4094 1266 4122 retraité

367 4140 439 4168 dans
456 4139 529 4166 deux
547 4147 610 4170 ans,
628 4136 709 4164 avoir
735 4144 835 4163 20.000
854 4134 908 4162 fr..
939 4130 1174 4166 correspondrait
1199 4140 1266 4158 avec

367 4173 533 4203 demoiselle
548 4184 585 4201 ou
600 4182 702 4206 veuve,
732 4174 782 4206 âge
812 4176 840 4198 et
868 4169 1010 4197 situation
1041 4178 1076 4195 en
1103 4173 1234 4201 rapport.
1251 4181 1265 4185 -

364 4210 401 4239 N‘
416 4212 497 4238 6120.

403 4262 578 4291 Demoiselle
592 4271 624 4295 27
638 4270 701 4295 ans,
715 4260 765 4287 dot
777 4266 804 4287 et
826 4262 1006 4293 espérances,
1027 4256 1131 4285 femme
1159 4256 1266 4283 d’inté¬

367 4299 455 4334 rieur,
473 4297 668 4328 travailleuse,
699 4295 863 4329 épouserait
891 4295 973 4327 jeune
1004 4294 1119 4320 homme
1139 4291 1263 4324 sérieux,

365 4335 496 4369 employé
508 4333 543 4360 de
559 4332 730 4367 préférence,
748 4331 857 4358 France
871 4339 908 4357 ou
919 4328 1056 4356 colonies.
1075 4328 1111 4356 N‘
1127 4328 1209 4355 6121.

400 4388 489 4420 Jeune
505 4387 632 4419 homme,
649 4394 681 4420 24
698 4394 760 4416 ans,
777 4383 907 4418 employé
915 4382 950 4410 de
960 4391 1128 4414 commerce,
1141 4381 1264 4415 appoin¬

365 4430 489 4452 tements
504 4425 522 4450 6
535 4432 588 4450 000
602 4421 648 4452 fr.,
666 4419 748 4448 avoir
766 4428 864 4447 12.000
880 4419 928 4450 fr.,
945 4418 1038 4445 désire
1053 4416 1183 4451 mariage
1198 4426 1266 4443 avec

366 4460 449 4493 jeune
464 4458 523 4486 fille
541 4459 572 4485 18
587 4460 601 4485 à
632 4467 663 4483 22
690 4465 754 4489 ans,
782 4454 858 4488 jolie;
888 4452 1071 4485 affectueuse,
1102 4452 1265 4486 préférence

367 4495 480 4523 blonde.
497 4509 511 4513 -
527 4493 562 4521 N'
580 4493 652 4521 6118.

400 4549 490 4581 Jeune
519 4547 636 4574 homme
663 4555 696 4580 24
725 4554 787 4578 ans,
815 4543 881 4570 bien
909 4541 1145 4576 physiquement,
1177 4546 1266 4575 ayant

366 4594 471 4619 agence
487 4582 600 4610 maison
618 4580 753 4615 Sénégal,
771 4578 934 4613 épouserait
951 4578 1032 4611 jeune
1049 4576 1106 4603 fille
1127 4576 1263 4609 honnête,

366 4621 507 4651 fortunée,
525 4627 650 4653 envoyer
665 4616 766 4650 photo-
781 4630 794 4634 -
811 4614 846 4642 N'
863 4616 943 4641 6122.

402 4662 577 4692 Célibataire
617 4670 648 4696 35
680 4669 743 4692 ans,
784 4658 856 4690 seul,
899 4657 1088 4692 agriculteur,
1128 4655 1265 4683 domaine

365 4699 518 4732 28.000fr.,
526 4698 614 4733 petite
625 4696 712 4729 taille,
723 4693 889 4729 énergique,
900 4696 980 4720 santé
989 4693 1023 4720 de
1033 4692 1084 4725 fer,
1094 4691 1262 4726 passionné,

365 4735 536 4763 travailleur
551 4740 580 4761 et
593 4736 737 4761 économe,
755 4731 810 4757 dur
825 4728 979 4762 d’oreilles,
996 4727 1104 4755 service
1120 4732 1147 4754 et
1163 4725 1261 4754 muni-

365 4771 506 4799 tionniste
521 4773 536 4797 à
552 4770 578 4796 la
593 4778 707 4804 guerre,
724 4765 817 4793 désire
834 4764 962 4797 mariage
981 4772 1048 4790 avec
1071 4763 1174 4789 femme
1195 4764 1264 4796 âgée

363 4807 398 4834 de
413 4806 478 4839 plus
494 4805 529 4833 de
558 4815 590 4832 22
606 4814 668 4838 ans,
700 4805 843 4834 économe,
861 4800 997 4831 sérieuse,
1012 4798 1089 4826 taille
1110 4807 1261 4832 moyenne,

363 4834 529 4875 catholique
544 4846 632 4872 ayant
647 4840 708 4872 dot,
724 4844 789 4872 apte
805 4840 820 4864 à
831 4836 921 4868 aider,
939 4844 1001 4862 sera
1018 4836 1076 4862 très
1093 4833 1194 4866 aimée,
1212 4835 1262 4859 née

364 4887 399 4906 en
416 4876 483 4910 mai,
501 4876 573 4909 juin,
592 4875 755 4909 septembre
770 4884 806 4901 ou
823 4872 949 4904 octobre,
964 4872 1105 4898 caractère
1119 4868 1264 4896 s'harmo¬

364 4912 505 4945 niseront,
522 4911 653 4938 divorcée
669 4909 834 4941 s’abstenir,
849 4923 863 4928 -
879 4908 914 4936 N'
932 4909 1005 4941 6123.

400 4965 518 4994 Officier
528 4974 563 4991 en
579 4964 708 4998 retraite,
724 4961 868 4990 chevalier
883 4961 918 4988 de
933 4961 960 4987 la
975 4959 1072 4995 légion
1087 4958 1262 4990 d’honneur,

363 5003 398 5038 48
408 5011 472 5034 ans,
483 5000 578 5028 bonne
587 5002 678 5032 santé,
691 4998 784 5027 désire
796 4997 924 5032 mariage
935 5006 1002 5024 avec
1013 4996 1107 5027 dame,
1120 4992 1262 5021 situation

362 5048 397 5065 en
413 5041 542 5070 rapport.
556 5050 569 5054 -
585 5034 608 5062 N
613 5041 619 5047 -
637 5036 716 5069 6124.

397 5089 483 5122 Veuf,
499 5098 533 5123 47
548 5098 609 5120 ans,
629 5087 773 5122 physique
800 5086 943 5121 agréable,
973 5095 988 5112 2
1014 5083 1140 5116 fillettes,
1155 5084 1172 5110 6
1189 5088 1216 5110 et
1237 5093 1260 5109 11

360 5135 422 5157 ans,
439 5123 611 5155 économies,
635 5122 790 5150 immeuble
818 5124 917 5149 26.000
947 5120 994 5153 fr,,
1025 5118 1217 5153 propriétaire
1233 5124 1262 5145 et

360 5160 515 5192 industrie,
538 5158 703 5193 épouserait
722 5157 899 5190 demoiselle,
930 5165 1020 5182 veuve
1049 5164 1086 5181 ou
1115 5154 1258 5186 divorcée,

360 5195 529 5226 honorable.
545 5209 559 5214 -
576 5194 611 5222 N'
627 5195 701 5228 6125.

1323 490 1499 520 Célibataire
1525 489 1569 517 fils
1592 488 1711 522 unique,
1730 488 1762 521 36
1778 495 1841 519 ans,
1862 484 2004 512 situation
2017 491 2127 510 100.000
2139 481 2187 514 fr.,

1286 537 1386 563 25.000
1402 527 1438 554 fr.
1465 524 1640 553 association
1666 523 1739 550 dans
1763 522 1874 555 grande
1897 520 1981 547 usine
2008 517 2185 546 association

1287 569 1408 598 rapport
1425 571 1527 590 20.000
1541 560 1578 588 fr.
1590 558 1756 594 épouserait
1768 558 1873 584 femme
1884 556 1987 589 brune,
2000 553 2142 582 situation
2153 562 2189 580 en

1288 605 1418 634 rapport.
1434 613 1448 616 -
1464 597 1498 625 N'
1516 597 1586 624 6126
1589 618 1595 624 .

1328 646 1506 675 Célibataire
1535 655 1566 680 32
1593 655 1656 677 ans,
1683 642 1814 677 employé
1837 641 1871 668 de
1901 641 2020 672 bureau,
2049 637 2191 666 situation

1294 693 1380 719 5.400
1394 683 1491 710 francs
1504 691 1555 715 par
1566 691 1612 713 an,
1626 682 1684 707 très
1697 679 1820 712 sérieux,
1833 676 2002 707 affectueux,
2014 673 2191 706 catholique,

1293 718 1459 754 épouserait
1473 716 1639 744 demoiselle
1660 725 1697 742 ou
1718 723 1808 742 veuve
1823 711 1995 745 catholique,
2023 711 2057 737 de
2084 708 2192 736 famille

1293 756 1379 788 aisée,
1397 754 1508 782 aimant
1524 753 1550 780 la
1565 760 1734 785 campagne,
1752 749 1883 777 bonheur
1899 749 2009 774 assuré.
2028 761 2035 764 -
2061 745 2085 773 N
2090 751 2096 757 -
2113 746 2190 778 6127.

1334 802 1510 831 Célibataire
1535 811 1565 836 52
1589 811 1653 834 ans,
1677 798 1750 833 seul,
1777 797 1867 825 établi
1890 794 2072 828 cordonnier,
2102 793 2196 820 désire

1297 839 1425 874 mariage
1441 848 1508 865 avec
1523 835 1689 864 demoiselle
1704 844 1740 862 ou
1757 843 1846 861 veuve
1862 838 1951 867 ayant
1975 830 2075 857 métier
2095 838 2196 856 secon¬

1297 875 1389 909 daire,
1411 873 1500 909 petite
1521 873 1582 906 dot,
1610 875 1661 906 âge
1692 869 1867 900 indifférent,
1898 878 1935 895 ou
1962 876 1998 894 en
2026 870 2156 900 rapport.
2183 878 2197 883 -

1299 913 1334 940 N'
1351 911 1429 938 6128.

1335 958 1547 993 Ex-adjudant,
1571 966 1599 992 41
1624 965 1687 989 ans,
1716 954 1847 982 médaille
1878 951 2024 984 militaire,
2056 949 2134 978 croix
2165 949 2198 976 de

1299 1006 1414 1031 guerre,
1439 993 1561 1028 pension
1587 1001 1670 1020 2.200
1697 990 1745 1024 fr.,
1770 989 1859 1017 établi
1890 987 2044 1020 armurier,
2069 990 2201 1020 gagnant

1300 1034 1383 1060 8.000
1399 1031 1434 1059 fr.
1457 1039 1508 1064 par
1527 1039 1573 1059 an,
1599 1027 1693 1055 désire
1722 1034 1880 1060 compagne
1904 1024 1938 1051 de
1969 1032 1999 1058 33
2025 1025 2040 1049 à
2072 1031 2106 1057 40
2135 1030 2199 1052 ans,

1302 1073 1390 1103 ayant
1405 1065 1496 1094 avoir.
1513 1080 1527 1084 -
1542 1064 1577 1093 N'
1594 1065 1668 1100 6129.

1339 1116 1439 1143 Veuve
1470 1124 1497 1149 51
1530 1123 1593 1146 ans,
1624 1113 1760 1144 honnête,
1788 1109 1892 1137 femme
1920 1107 2102 1139 d’intérieur,
2133 1114 2201 1133 sans

1304 1152 1413 1184 enfant,
1438 1150 1518 1178 avoir
1546 1158 1638 1182 15.000
1664 1147 1710 1179 fr.,
1735 1146 1799 1180 plus
1825 1144 1965 1175 mobilier,
1992 1143 2086 1170 désire
2111 1141 2203 1168 s’unir

1303 1198 1370 1216 avec
1398 1186 1530 1221 employé
1559 1177 1696 1216 honnête,
1726 1181 1849 1214 sérieux,
1878 1183 1930 1214 âge
1956 1189 1991 1207 en
2029 1183 2159 1212 rapport.
2190 1191 2203 1195 -

1304 1225 1340 1252 N'
1356 1225 1430 1257 6130.

1342 1270 1519 1299 Célibataire
1535 1269 1606 1299 seul,
1624 1277 1656 1303 45
1674 1276 1736 1300 ans,
1754 1265 1921 1301 paraissant
1944 1263 2009 1291 bien
2026 1263 2091 1297 plus
2109 1262 2202 1294 jeune,

1305 1308 1424 1336 châtain
1440 1309 1531 1339 foncé,
1548 1304 1628 1331 avoir
1656 1312 1753 1336 50.000
1769 1301 1817 1335 fr.,
1847 1299 2011 1335 épouserait
2039 1297 2205 1325 demoiselle

1306 1354 1396 1372 veuve
1410 1353 1447 1370 ou
1463 1342 1604 1374 divorcée,
1619 1339 1734 1366 fortune
1746 1337 1924 1371 réciproque,
1939 1336 2038 1363 lettres
2054 1334 2180 1367 signées.
2192 1346 2206 1351 -

1307 1381 1342 1408 N’
1358 1381 1438 1413 6131.

1342 1433 1444 1460 Veuve
1460 1440 1489 1466 55
1504 1440 1567 1463 ans,
1585 1439 1618 1456 ne
1632 1430 1672 1457 les
1685 1426 1851 1463 paraissant
1861 1435 1923 1460 pas,
1934 1425 2028 1452 bonne
2040 1422 2204 1455 éducation,

1308 1468 1425 1497 retraite
1445 1477 1522 1494 1.000
1538 1465 1585 1498 fr.,
1603 1464 1744 1492 situation
1762 1472 1843 1495 3.000
1859 1461 1893 1489 fr.
1909 1471 1960 1495 par
1972 1470 2030 1492 an.,
2042 1457 2207 1493 épouserait

1309 1505 1458 1533 monsieur
1474 1502 1597 1531 sérieux,
1616 1500 1687 1535 petit
1712 1498 1820 1526 rentier
1849 1507 1885 1524 ou
1915 1495 2118 1531 propriétaire,
2135 1503 2208 1528 pour

1307 1544 1368 1568 être
1384 1541 1536 1567 heureuse.
1553 1552 1567 1556 -
1581 1537 1618 1564 N'
1634 1538 1715 1570 6132.

1346 1582 1570 1611 Fonctionnaire
1586 1591 1615 1615 53
1633 1589 1697 1614 ans,
1726 1579 1820 1607 bonne
1849 1580 1942 1610 santé,
1973 1574 2208 1609 appointements

1312 1630 1409 1649 10.000
1425 1620 1473 1652 fr.,
1490 1629 1519 1646 se
1536 1615 1685 1645 marierait
1701 1624 1768 1642 avec
1796 1623 1887 1641 veuve
1914 1623 1951 1639 ou
1980 1611 2122 1642 divorcée,
2140 1618 2208 1636 sans

1310 1666 1344 1685 en
1350 1658 1360 1672 r
1360 1662 1420 1690 ant,
1439 1664 1489 1690 pas
1505 1654 1571 1688 plus
1586 1663 1620 1687 47
1634 1661 1698 1684 ans,
1715 1656 1803 1686 ayant
1819 1658 1899 1684 2.500
1915 1648 1950 1675 fr.
1967 1648 2003 1675 de
2018 1652 2125 1673 rentes.
2142 1660 2155 1664 -
2171 1644 2208 1673 N’

1309 1695 1389 1726 6133.

1346 1734 1522 1763 Demoiselle
1538 1743 1568 1768 31
1583 1742 1647 1765 ans,
1667 1740 1746 1763 1.500
1770 1729 1806 1757 fr.
1836 1729 1871 1757 de
1899 1734 2008 1760 rentes,
2037 1729 2207 1761 espérances

1311 1772 1450 1807 quelques
1466 1768 1612 1797 centaines
1628 1768 1663 1795 de
1680 1767 1757 1794 mille
1771 1766 1876 1797 francs,
1892 1764 1964 1791 belle
1980 1765 2073 1796 santé,
2090 1761 2207 1795 simple,

1310 1808 1448 1839 aimante,
1464 1805 1597 1835 cultivée,
1627 1802 1720 1831 désire
1752 1801 1879 1835 mariage
1907 1798 2108 1826 d’inclination
2138 1805 2207 1824 avec

1312 1843 1462 1871 monsieur
1475 1841 1512 1869 de
1526 1850 1558 1876 32
1574 1844 1590 1867 à
1602 1849 1638 1874 40
1652 1848 1715 1866 ans.
1733 1853 1744 1856 -
1760 1837 1795 1865 N'
1812 1837 1892 1871 6136.

1347 1896 1434 1929 Veuf,
1450 1905 1484 1930 44
1499 1903 1562 1927 ans,
1578 1903 1645 1920 avec
1659 1901 1700 1919 un
1724 1891 1769 1918 fils
1799 1891 1833 1917 de
1866 1899 1896 1916 10
1925 1898 1988 1921 ans,
2021 1887 2213 1921 propriétaire

1312 1934 1386 1961 deux
1402 1930 1563 1966 propriétés
1582 1938 1593 1963 5
1611 1929 1752 1960 hectares,
1775 1926 1878 1960 vignes
1903 1930 1931 1951 et
1957 1923 2086 1951 cultures
2104 1925 2213 1950 maraî¬

1312 1969 1423 1999 chères,
1441 1966 1599 2002 possédant
1610 1965 1758 1999 logement
1769 1972 1806 1989 en
1819 1961 1899 1993 ville,
1916 1959 2082 1994 épouserait
2101 1957 2214 1986 demoi¬

1314 2004 1382 2033 selle
1398 2014 1435 2030 ou
1452 2012 1541 2029 veuve
1557 2010 1625 2027 sans
1639 1999 1749 2031 enfant,
1766 1995 1960 2024 honorabilité
1977 1994 2109 2030 parfaite,
2130 1994 2165 2021 de
2182 2002 2214 2029 35

1313 2044 1329 2068 à
1344 2050 1378 2075 40
1394 2048 1457 2066 ans.
1475 2036 1640 2065 Habiterait
1656 2035 1682 2062 la
1699 2043 1857 2067 compagne
1869 2032 1932 2059 l’été
1947 2038 1975 2058 et
1985 2031 2010 2058 la
2019 2031 2087 2057 ville
2099 2030 2213 2057 l’hiver.

1314 2076 1350 2104 N'
1369 2077 1450 2109 6137.

1351 2118 1526 2147 Demoiselle
1540 2118 1574 2152 46
1589 2126 1653 2149 ans,
1684 2113 1832 2147 instruite,
1864 2112 1966 2139 femme
1995 2111 2034 2138 du
2067 2110 2171 2138 monde
2188 2115 2214 2137 et

1312 2154 1494 2187 d’intérieur,
1508 2157 1697 2187 protestante,
1716 2150 1771 2177 fille
1801 2149 1835 2176 de
1865 2146 2079 2175 fonctionnaire
2108 2145 2212 2173 estimé

1315 2195 1492 2220 récemment
1505 2188 1616 2222 décédé,
1634 2184 1814 2221 portefeuille
1845 2193 1943 2219 50.000
1970 2182 2016 2215 fr.,
2047 2180 2214 2216 épouserait

1316 2225 1528 2255 fonctionnaire
1544 2234 1578 2252 en
1608 2221 1725 2250 activité
1754 2230 1790 2249 ou
1821 2230 1856 2247 en
1882 2218 2010 2249 retraite,
2038 2216 2145 2244 officier
2175 2226 2213 2244 ou

1316 2260 1508 2298 propriétaire
1524 2260 1557 2287 de
1572 2261 1607 2294 46
1622 2262 1636 2285 à
1656 2259 1687 2292 58
1702 2267 1754 2284 ans
1771 2267 1777 2288 ;
1795 2255 1889 2283 désire
1905 2256 1998 2287 santé,
2010 2252 2216 2285 honorabilité,

1317 2297 1490 2327 distinction
1505 2305 1578 2330 pour
1592 2293 1695 2321 fonder
1710 2293 1790 2328 foyer
1805 2290 2009 2318 harmonieux.
2024 2304 2038 2308 -
2053 2289 2089 2317 N‘
2105 2289 2186 2322 6138.

1354 2351 1526 2379 Instituteur
1542 2348 1670 2379 retraité,
1691 2356 1723 2381 57
1740 2355 1803 2378 ans,
1820 2345 1886 2372 n’en
1902 2342 2073 2377 paraissant
2099 2352 2151 2376 pas
2177 2352 2217 2376 50,

1316 2388 1394 2419 veuf,
1402 2387 1470 2414 bien
1479 2390 1608 2419 portant,
1616 2392 1685 2410 sans
1692 2384 1809 2416 charge,
1821 2379 1943 2414 pension
1949 2379 2173 2412 annuelle4.050
2182 2378 2216 2405 fr.

1318 2421 1483 2458 épouserait
1499 2430 1589 2448 veuve
1605 2420 1639 2446 de
1650 2427 1764 2453 guerre,
1780 2417 2000 2450 enseignement
2015 2424 2052 2441 ou
2075 2409 2219 2441 adminis¬

1320 2459 1441 2492 tration,
1458 2457 1493 2484 de
1505 2467 1539 2491 40
1555 2458 1570 2482 à
1587 2464 1617 2489 55
1635 2463 1699 2488 ans,
1709 2453 1845 2484 sérieuse,
1856 2450 2040 2482 affectueuse,
2053 2449 2219 2477 demoiselle

1317 2505 1354 2523 ou
1370 2495 1455 2522 dame
1468 2492 1600 2520 divorcée
1616 2494 1633 2518 à
1647 2499 1702 2518 son
1716 2489 1814 2524 profit,
1828 2486 1971 2515 situation
2000 2496 2035 2513 en
2058 2491 2189 2519 rapport.
2205 2499 2219 2504 -

1319 2531 1354 2559 N’
1373 2532 1455 2565 6139.

1354 2584 1445 2616 Jeune
1461 2582 1576 2609 homme
1593 2590 1624 2614 27
1641 2588 1704 2612 ans,
1735 2577 1813 2612 parle
1844 2575 1991 2604 marocain
2024 2581 2052 2601 et
2081 2574 2219 2608 algérien,

1323 2618 1513 2647 connaissant
1526 2616 1648 2648 culture,
1677 2614 1772 2641 désire
1800 2612 2010 2646 correspondre
2042 2620 2109 2637 avec
2135 2610 2219 2643 jeune

1320 2655 1376 2682 fille
1392 2656 1427 2682 de
1447 2654 1476 2680 18
1492 2656 1507 2680 à
1523 2662 1556 2679 20
1572 2661 1635 2685 ans,
1648 2656 1736 2685 ayant
1747 2650 1797 2677 dot
1812 2660 1818 2681 ;
1832 2658 1865 2675 ne
1878 2646 1985 2681 répond
2000 2646 2105 2680 qu’aux
2118 2646 2220 2673 lettres

1319 2691 1446 2725 signées.
1463 2704 1476 2708 -
1492 2689 1528 2716 N’
1545 2689 1625 2722 6140.

1360 2742 1536 2771 Demoiselle
1553 2751 1583 2775 25
1601 2750 1664 2774 ans,
1678 2744 1866 2773 protestante,
1883 2736 2059 2771 distinguée,
2072 2735 2220 2768 instruite,

1321 2783 1379 2808 très
1396 2779 1523 2806 aimante
1551 2783 1577 2804 et
1606 2776 1742 2808 dévouée,
1771 2774 1822 2801 dot
1850 2779 1950 2807 30.000
1979 2771 2026 2800 fr.,
2057 2770 2221 2805 épouserait

1321 2815 1472 2843 monsieur
1487 2813 1603 2841 sérieux
1619 2818 1647 2839 et
1669 2810 1776 2840 cultivé
1799 2814 1889 2844 ayant
1903 2806 2057 2835 situation.
2068 2821 2081 2826 -
2093 2806 2128 2834 N’
2140 2808 2221 2841 6141.

1359 2866 1514 2895 Industriel
1531 2871 1559 2893 et
1574 2870 1782 2899 entrepreneur
1797 2863 1831 2897 48
1845 2871 1907 2892 ans,
1926 2859 2093 2895 paraissant
2116 2859 2221 2892 moins,

1320 2904 1437 2933 divorcé
1452 2906 1466 2929 à
1491 2912 1544 2929 son
1573 2901 1662 2935 profit
1690 2909 1741 2933 par
1770 2898 1846 2925 suite
1875 2897 1909 2925 de
1937 2905 2051 2931 guerre,
2077 2895 2223 2929 physique

1322 2940 1466 2976 agréable,
1484 2937 1656 2971 affectueux,
1671 2935 1794 2966 sérieux,
1812 2932 1890 2966 actif,
1905 2932 1983 2959 idées
1995 2932 2101 2965 larges,
2112 2930 2224 2958 aimant

1321 2975 1472 3006 intérieur,
1490 2972 1632 3001 situation
1647 2980 1744 2999 10.000
1755 2970 1802 3003 fr.,
1819 2975 1922 3004 argent
1933 2974 1960 2995 et
1972 2966 2053 2995 avoir
2067 2966 2221 3002 50.000fr.,

1320 3011 1414 3040 désire
1430 3019 1503 3045 pour
1520 3008 1659 3036 terminer
1674 3007 1719 3034 vie
1736 3006 1887 3037 heureuse,
1905 3003 1996 3031 union
2012 3013 2079 3030 avec
2109 3001 2220 3029 demoi¬

1322 3048 1400 3080 selle,
1418 3055 1509 3073 veuve
1524 3054 1561 3072 ou
1576 3044 1720 3075 divorcée,
1738 3040 1922 3072 affectueuse,
1939 3038 2066 3073 qualités
2080 3037 2115 3065 de
2131 3047 2219 3068 cœur,

1322 3084 1425 3111 femme
1441 3079 1620 3113 d’intérieur,
1637 3080 1724 3114 goûts
1742 3076 1897 3109 modestes,
1916 3080 2004 3109 ayant
2033 3074 2105 3108 petit
2128 3074 2221 3106 avoir,

1322 3118 1448 3153 qualités
1477 3126 1512 3143 en
1541 3121 1662 3149 rapport
1690 3124 1697 3147 ;
1727 3112 1823 3141 aurait
1861 3110 2026 3138 l’intention
2058 3109 2158 3137 d'aller
2187 3119 2222 3137 au

1324 3154 1430 3182 Maroc.
1449 3168 1461 3172 -
1477 3152 1513 3180 N'
1531 3153 1612 3186 6142.

1357 3197 1439 3225 Veuf
1452 3206 1476 3231 51
1493 3206 1555 3230 ans,
1572 3195 1658 3223 belles
1675 3193 1801 3227 qualités
1824 3192 1857 3219 de
1888 3200 1976 3222 cœur,
2007 3195 2096 3224 ayant
2125 3189 2224 3216 enfant

1327 3244 1386 3262 non
1413 3237 1428 3260 à
1455 3242 1486 3259 sa
1515 3233 1631 3265 charge,
1662 3229 1830 3257 traitement
1859 3236 1941 3260 3.000
1969 3226 2018 3259 fr.,
2048 3226 2113 3259 plus
2143 3223 2224 3252 avoir

1323 3268 1510 3304 (immeubles
1523 3267 1637 3295 maison
1649 3271 1676 3292 et
1690 3265 1869 3299 campagne),
1878 3261 2044 3296 épouserait
2059 3260 2225 3288 demoiselle

1325 3316 1361 3333 ou
1377 3313 1468 3332 veuve
1483 3304 1518 3331 de
1534 3303 1567 3337 38
1583 3305 1598 3329 à
1614 3311 1645 3337 45
1663 3310 1727 3334 ans,
1744 3305 1832 3336 ayant
1847 3297 1939 3326 avoir.
1955 3312 1969 3316 -
1985 3296 2019 3325 N'
2037 3298 2117 3331 6143.

1363 3353 1451 3386 Veuf,
1468 3362 1482 3386 3
1498 3351 1614 3379 enfants
1628 3349 1746 3377 ouvrier
1760 3347 1886 3382 agricole
1896 3351 2028 3380 gagnant
2039 3353 2091 3379 300
2107 3344 2156 3374 fr.,
2173 3353 2225 3378 par

1322 3389 1417 3423 mois,
1433 3388 1527 3416 désire
1544 3386 1671 3420 mariage
1685 3395 1752 3412 avec
1766 3382 1932 3412 demoiselle
1947 3392 1983 3409 ou
2006 3390 2097 3408 veuve
2113 3389 2143 3414 35
2161 3383 2176 3406 à
2191 3389 2225 3414 40

1321 3435 1383 3454 ans,
1401 3434 1475 3459 pour
1498 3424 1592 3452 élever
1607 3423 1722 3449 entants
1738 3426 1765 3448 et
1778 3419 1853 3447 tenir
1869 3418 2020 3445 intérieur.
2037 3431 2051 3435 -
2067 3417 2101 3444 N'
2119 3418 2196 3450 6144.

1354 3470 1435 3497 Veut
1450 3478 1484 3504 40
1499 3478 1562 3500 ans,
1581 3477 1650 3494 avec
1657 3465 1732 3494 deux
1746 3463 1852 3499 gentils
1863 3462 1977 3490 enfants
1986 3461 2021 3488 de
2035 3462 2053 3488 8
2068 3466 2095 3488 et
2114 3470 2143 3487 12
2161 3468 2224 3492 ans,

1321 3511 1409 3542 ayant
1428 3504 1501 3539 petit
1516 3511 1676 3531 commerce
1692 3507 1719 3528 et
1736 3499 1839 3528 travail
1855 3501 1956 3527 assuré
1973 3507 2040 3525 avec
2055 3499 2224 3531 espérances

1321 3543 1355 3570 de
1372 3550 1470 3576 15.000
1485 3540 1520 3567 fr.
1547 3538 1679 3567 environ,
1711 3535 1876 3570 épouserait
1901 3532 2068 3561 demoiselle
2083 3542 2119 3559 ou
2135 3540 2225 3558 veuve

1321 3587 1389 3606 sans
1406 3575 1519 3610 enfant,
1537 3576 1572 3602 de
1586 3583 1618 3609 35
1634 3577 1649 3601 à
1676 3582 1710 3607 42
1739 3581 1802 3605 ans,
1833 3569 1976 3599 situation
2005 3578 2039 3596 en
2067 3573 2195 3601 rapport.
2213 3581 2226 3585 -

1322 3613 1345 3642 N
1351 3620 1356 3625 -
1374 3615 1453 3647 6145.

1357 3652 1559 3685 Sous-officier
1573 3654 1608 3681 de
1624 3653 1756 3685 carrière,
1787 3650 1924 3678 libérable
1951 3650 2025 3677 dans
2042 3648 2115 3676 deux
2132 3657 2184 3674 ans
2199 3653 2227 3674 et

1321 3693 1425 3725 demie,
1443 3701 1510 3720 avec
1524 3690 1648 3725 pension
1659 3694 1687 3716 et
1704 3688 1759 3715 bon
1775 3686 1891 3721 emploi,
1909 3686 2005 3713 désire
2016 3683 2226 3718 correspondre

1322 3739 1390 3757 avec
1405 3727 1572 3756 demoiselle
1601 3725 1636 3752 de
1665 3734 1697 3752 22
1724 3727 1738 3751 à
1766 3725 1800 3751 26
1828 3732 1891 3754 ans,
1923 3726 2012 3757 ayant
2040 3718 2195 3747 situation.
2213 3733 2228 3737 -

1323 3765 1358 3793 N'
1375 3766 1455 3799 6146.

1362 3810 1452 3841 Jeune
1474 3808 1589 3834 homme
1606 3815 1638 3837 30
1653 3814 1716 3836 ans,
1734 3803 1822 3838 petite
1832 3802 1984 3836 situation,
1997 3800 2091 3828 désire
2101 3799 2228 3834 mariage

1321 3855 1373 3872 ave
1382 3855 1395 3871 c
1410 3845 1445 3871 de
1454 3841 1582 3870 moiselle
1598 3841 1632 3868 de
1642 3850 1673 3875 23
1691 3843 1706 3867 à
1720 3850 1753 3874 30
1762 3849 1824 3873 ans,
1834 3849 1871 3866 ou
1883 3848 1973 3865 veuve
1988 3837 2023 3865 de
2035 3846 2068 3871 25
2085 3839 2099 3864 à
2116 3845 2149 3870 30
2163 3844 2224 3867 ans,

1323 3896 1337 3901 -
1351 3880 1386 3908 N'
1403 3881 1480 3914 6147

1358 3933 1498 3960 Divorcée
1513 3934 1527 3958 à
1543 3940 1595 3958 son
1612 3929 1709 3964 profit,
1727 3939 1759 3964 39
1774 3938 1836 3958 ans,
1855 3937 1923 3955 sans
1941 3925 2051 3958 enfant,
2074 3925 2140 3953 bien
2157 3934 2225 3952 sous

1323 3975 1389 3997 tous
1410 3968 1452 3996 les
1469 3971 1614 4001 rapports,
1631 3965 1735 3992 femme
1750 3963 1929 3994 d’intérieur,
1945 3971 2045 3990 20.000
2062 3961 2108 3994 fr.,
2123 3966 2226 3994 argent

1325 4004 1392 4039 plus
1414 4003 1549 4031 mobilier
1568 4008 1595 4028 et
1620 4010 1738 4035 grosses
1767 4003 1947 4033 espérances,
1975 3997 2071 4026 désire
2100 3996 2228 4031 mariage

1321 4050 1389 4068 avec
1411 4038 1571 4071 monsieur,
1589 4037 1661 4071 petit
1675 4036 1792 4068 rentier,
1810 4045 1845 4062 ou
1861 4041 1949 4070 ayant
1977 4032 2127 4064 situation,
2143 4032 2179 4059 de
2193 4041 2225 4067 45

1320 4080 1335 4104 à
1351 4077 1384 4110 65
1400 4085 1464 4107 ans,
1485 4075 1611 4102 honnête
1627 4079 1654 4100 et
1667 4072 1762 4100 bonne
1777 4073 1867 4098 santé.
1884 4085 1896 4089 -
1913 4070 1947 4097 N‘
1965 4069 2045 4104 6148.

1355 4130 1437 4158 Veuf
1447 4130 1479 4157 62
1496 4138 1559 4160 ans,
1578 4127 1680 4154 ancien
1692 4129 1896 4157 commerçant,
1919 4123 2014 4150 bonne
2034 4124 2126 4151 santé,
2140 4120 2225 4148 habi¬

1322 4171 1388 4193 tant
1404 4165 1470 4198 jolie
1486 4164 1554 4191 ville
1569 4163 1607 4190 du
1628 4161 1709 4194 midi,
1724 4161 1838 4188 fortune
1855 4168 1971 4186 200.000
1987 4157 2034 4189 fr.,
2065 4156 2225 4184 affectueux

1321 4207 1350 4229 et
1379 4199 1557 4233 catholique,
1583 4196 1752 4231 épouserait
1793 4203 1937 4228 personne
1965 4199 2054 4229 ayant
2082 4192 2226 4220 situation

1320 4236 1473 4270 analogue.
1493 4250 1507 4254 -
1522 4235 1557 4262 N'
1574 4235 1654 4269 6149.

1359 4287 1536 4317 Célibataire
1565 4285 1700 4319 français,
1732 4285 1765 4312 28
1803 4293 1864 4314 ans,
1902 4281 2067 4317 ingénieur,
2108 4281 2224 4309 homme

1320 4324 1478 4357 d’affaires,
1503 4321 1695 4357 propriétaire
1725 4330 1760 4347 en
1790 4318 1961 4352 Roumanie,
1992 4318 2095 4354 grand,
2126 4317 2223 4349 blond,

1322 4364 1404 4390 santé
1421 4359 1555 4394 parfaite,
1571 4357 1665 4384 désire
1683 4356 1811 4390 mariage
1826 4364 1893 4382 avec
1917 4354 1999 4387 jeune
2016 4353 2073 4380 fille
2089 4362 2125 4380 ou
2142 4352 2224 4384 jeune

1324 4406 1414 4425 veuve
1432 4397 1523 4423 même
1540 4397 1590 4429 âge
1607 4403 1642 4420 ou
1660 4391 1766 4425 moins,
1784 4390 1885 4423 brune,
1915 4390 1949 4416 de
1965 4389 2129 4423 préférence
2144 4388 2179 4414 de
2197 4387 2221 4413 la

1325 4441 1495 4466 campagne,
1512 4428 1654 4458 situation
1675 4437 1710 4454 en
1740 4432 1859 4461 rapport
1876 4436 1882 4459 ;
1899 4425 2020 4453 timbrer
2035 4428 2052 4452 à
2068 4433 2140 4459 0,50.
2158 4438 2172 4442 -
2187 4422 2222 4450 N’

1321 4471 1395 4503 6151.

1357 4513 1498 4546 Employé
1513 4510 1548 4537 de
1563 4509 1677 4537 chemin
1693 4507 1727 4534 de
1744 4507 1795 4540 fer,
1813 4506 1919 4540 Maroc,
1940 4515 1974 4540 40
1991 4515 2054 4538 ans,
2071 4503 2223 4538 appointe¬

1322 4554 1416 4577 ments
1434 4546 1555 4575 annuels
1571 4545 1653 4579 4.800
1668 4542 1716 4576 fr.,
1734 4541 1895 4570 économies
1917 4551 1999 4569 2.000
2015 4541 2079 4574 frs.,
2097 4538 2222 4569 sérieux,

1321 4582 1487 4620 épouserait
1503 4579 1669 4609 demoiselle
1686 4588 1722 4605 ou
1739 4579 1822 4606 dame
1838 4587 1906 4605 avec
1922 4577 2047 4610 fortune,
2066 4579 2118 4611 âge
2135 4574 2223 4601 indif¬

1321 4621 1423 4648 férent.
1443 4634 1456 4639 -
1471 4618 1507 4645 N‘
1523 4619 1603 4649 6152.

1356 4672 1443 4706 Veuf,
1462 4672 1494 4705 58
1509 4680 1572 4703 ans,
1597 4669 1655 4704 gai,
1673 4671 1756 4695 santé
1771 4667 1807 4694 de
1833 4666 1884 4700 fer,
1916 4666 1997 4693 avoir
2013 4674 2113 4700 70.000
2128 4663 2180 4691 frs.
2197 4668 2224 4690 et

1319 4707 1471 4740 intérieur,
1487 4705 1652 4740 épouserait
1668 4703 1761 4737 dame,
1778 4705 1830 4736 âge
1846 4708 1874 4729 et
1888 4702 2030 4729 situation
2053 4711 2087 4728 en
2104 4699 2172 4727 ville
2187 4708 2222 4726 ou

1320 4748 1334 4772 à
1351 4744 1379 4771 la
1394 4751 1565 4776 campagne.
1580 4755 1596 4760 -
1610 4740 1687 4768 N'61
1696 4748 1737 4773 53.

1356 4797 1446 4829 Jeune
1465 4796 1582 4822 homme
1606 4804 1638 4828 33
1669 4801 1732 4824 ans,
1763 4791 1864 4819 mutilé
1892 4791 1927 4817 de
1956 4800 2069 4824 guerre,
2101 4788 2223 4824 pension

1321 4834 1390 4869 3860
1410 4832 1473 4863 frs.,
1493 4830 1661 4858 traitement
1676 4837 1758 4862 4.400
1773 4826 1825 4854 frs.
1853 4826 1974 4854 sérieux,
1995 4826 2052 4852 bon
2069 4828 2221 4856 caractère,

1321 4868 1492 4900 affectueux,
1509 4865 1602 4893 désire
1621 4864 1749 4897 mariage
1773 4872 1839 4890 avec
1867 4863 1950 4895 jeune
1980 4860 2037 4888 fille
2067 4871 2102 4887 ou
2134 4868 2222 4886 veuve

1320 4909 1371 4939 âge
1388 4914 1421 4931 en
1440 4908 1568 4936 rapport.
1588 4915 1599 4919 -
1616 4900 1651 4928 N'
1669 4900 1743 4934 6154.

1354 4958 1445 4990 Jeune
1459 4956 1577 4984 homme
1600 4955 1635 4981 26
1663 4962 1727 4985 ans,
1757 4949 1941 4982 cordonnier,
1971 4947 2061 4982 petite
2088 4946 2220 4981 pension,

1322 5004 1400 5022 1.100
1418 4993 1464 5026 fr.,
1483 4992 1576 5019 blessé
1591 5000 1627 5017 au
1644 4988 1709 5023 pied
1725 4985 1814 5017 droit,
1830 4986 1958 5017 robuste,
1978 4983 2124 5018 physique
2138 4986 2221 5016 agré¬

1318 5030 1390 5062 able,
1405 5028 1530 5063 qualités
1548 5025 1671 5054 morales
1688 5029 1715 5051 et
1731 5021 1905 5051 sentiments
1933 5019 2039 5047 élevés.
2057 5033 2071 5038 -
2088 5018 2121 5046 N'
2139 5020 2219 5052 6155.

1354 5083 1479 5111 Divorcé
1495 5084 1510 5108 à
1525 5090 1578 5107 son
1597 5078 1695 5113 profit,
1710 5087 1742 5111 37
1758 5084 1821 5107 ans,
1841 5084 1878 5101 un
1894 5072 1993 5100 enfant
2008 5083 2030 5099 11
2051 5082 2113 5104 ans,
2132 5081 2190 5098 non
2204 5074 2220 5098 à

1322 5130 1352 5147 sa
1369 5119 1486 5152 charge,
1504 5118 1618 5143 fortune
1645 5122 1743 5140 20.000
1759 5111 1821 5142 frs.,
1851 5109 1945 5137 désire
1975 5109 2077 5135 femme
2093 5107 2127 5134 de
2142 5116 2220 5133 com¬

1317 5163 1421 5186 merce,
1440 5161 1529 5179 veuve
1546 5160 1581 5177 ou
1597 5149 1740 5180 divorcée,
1770 5155 1838 5174 sans
1869 5150 1979 5178 entant,
2010 5143 2082 5177 petit
2098 5142 2189 5169 avoir.
2206 5155 2220 5161 -

1319 5190 1354 5217 N-
1370 5190 1447 5223 6156.

2280 480 2454 509 Demoiselle
2470 481 2503 507 28
2518 490 2583 512 ans,
2612 480 2770 515 employée,
2804 487 2854 512 300
2884 477 2948 510 frs.,
2979 484 3030 510 par
3060 472 3144 503 mois,

2246 517 2333 552 petite
2349 518 2409 549 dot,
2427 519 2596 549 espérances
2613 525 2713 549 30.000
2730 515 2793 548 frs.,
2811 516 2894 547 après
2912 516 3040 547 parents,
3058 512 3148 542 épou¬

2246 553 2335 580 serait
2351 551 2501 579 monsieur
2516 551 2552 578 de
2567 561 2601 585 30
2616 553 2631 577 à
2646 561 2683 584 40
2698 560 2762 582 ans,
2785 549 2916 583 employé
2942 557 2979 574 ou
3007 554 3150 573 commer¬

2245 595 2320 623 çant.
2338 603 2352 607 -
2368 588 2402 615 N'
2420 589 2500 620 6157.

2281 633 2371 665 Jeune
2401 632 2467 661 fille,
2494 631 2529 658 28
2558 640 2621 662 ans,
2650 630 2796 665 physique
2827 628 2970 664 agréable,
2998 625 3152 653 excellente

2247 668 2365 699 famille,
2383 667 2573 699 musicienne,
2590 665 2712 700 peintre,
2740 665 2907 700 épouserait
2921 662 3037 696 officier,
3052 665 3153 688 avocat

2249 715 2285 732 ou
2303 703 2470 736 industriel,
2485 718 2498 721 -
2515 701 2549 729 N'
2567 703 2647 736 6158.

2286 746 2684 782 Propriétaire-agriculteur,
2699 745 2875 778 célibataire,
2900 743 2973 776 seul,
2991 742 3056 769 bien
3084 749 3152 767 sous

2251 791 2317 812 tous
2334 789 2479 817 rapports,
2497 783 2584 817 goûts
2600 781 2732 816 simples,
2762 782 2843 809 avoir
2858 791 2890 807 20
2905 789 2957 808 000
2980 778 3043 810 frs.,
3059 776 3155 803 désire

2254 819 2381 853 mariage
2397 828 2464 846 avec
2481 819 2585 845 femme
2609 817 2789 850 d’intérieur,
2816 817 2927 844 aimant
2944 816 2968 841 la
2985 821 3152 846 campagne,

2252 857 2286 883 de
2301 865 2335 890 40
2351 859 2365 882 à
2385 864 2416 890 50
2432 864 2483 881 ans
2501 855 2592 881 même
2609 863 2676 880 avec
2692 863 2731 881 un
2747 853 2858 880 enfant.
2875 867 2889 870 -
2903 851 2938 879 N'
2954 852 3033 884 6159.

2291 900 2388 926 Veuve
2402 898 2473 928 d’un
2489 897 2643 925 architecte
2658 898 2693 932 48
2708 907 2771 930 ans,
2802 899 2945 924 caractère
2976 895 3066 927 jeune,
3097 895 3155 919 très

2255 936 2328 970 gaie,
2346 934 2474 969 position
2490 933 2565 960 aisée
2588 933 2721 960 aimerait
2751 936 2900 960 connaître
2930 938 3072 966 personne
3085 937 3156 955 ana¬

2255 973 2349 1006 logue.
2368 968 2529 997 Désirerait
2544 969 2702 996 au-dessus
2718 969 2752 996 de
2778 974 2841 996 tout
2858 967 2990 995 bonheur
3010 963 3154 997 conjugal.

2255 1007 2390 1035 Timbrer
2405 1005 2504 1032 lettres
2520 1008 2536 1031 à
2552 1013 2615 1039 0,50
2632 1014 2638 1036 ;
2655 1003 2801 1038 étranger.
2818 1018 2831 1023 -
2848 1004 2883 1031 N’
2898 1004 2977 1031 6;6o.

2293 1050 2466 1078 Demoiselle
2484 1050 2516 1084 38
2531 1059 2595 1082 ans,
2619 1048 2683 1075 bien
2711 1058 2780 1076 sous
2811 1054 2876 1076 tous
2904 1052 3050 1081 rapports,
3069 1043 3157 1078 petite

2257 1086 2410 1117 situation,
2426 1084 2589 1112 économies
2606 1094 2639 1118 30
2655 1094 2707 1111 000
2732 1083 2798 1116 frs.,
2828 1082 2965 1111 s’unirait
2978 1085 2991 1108 à
3010 1080 3158 1108 monsieur

2259 1126 2317 1151 très
2333 1122 2458 1155 sérieux,
2472 1119 2643 1152 affectueux,
2661 1123 2713 1154 âge
2729 1129 2763 1146 en
2780 1125 2910 1154 rapport.
2929 1135 2935 1137 -
2954 1118 2978 1145 N
2983 1124 2989 1131 -
3006 1118 3086 1145 6161.

2294 1167 2374 1194 Veuf
2384 1176 2418 1202 40
2432 1175 2494 1199 ans,
2512 1174 2568 1191 une
2583 1164 2639 1192 fille
2658 1175 2687 1191 12
2704 1174 2767 1197 ans,
2785 1163 2959 1191 surveillant
2975 1162 3047 1189 dans
3064 1160 3159 1188 admi¬

2259 1203 2427 1233 nistration,
2441 1202 2513 1229 forts
2529 1201 2765 1235 appointements
2781 1207 2810 1227 et
2825 1200 2972 1233 propriété
2983 1198 3017 1225 de
3028 1208 3036 1224 1
3044 1203 3159 1231 apport,

2260 1242 2318 1267 très
2332 1238 2446 1265 sérieux
2463 1244 2490 1264 et
2506 1239 2564 1264 très
2582 1237 2716 1264 honnête.
2734 1250 2747 1254 -
2764 1236 2799 1263 N'
2816 1236 2898 1263 6162.

2296 1286 2446 1314 Monsieur
2475 1284 2776 1320 horloger-bijoutier,
2807 1283 2869 1311 seul
2899 1283 2980 1311 avoir
3001 1292 3097 1317 17.000
3113 1281 3160 1315 fr.,

2260 1323 2355 1351 désire
2372 1322 2500 1356 mariage
2515 1331 2583 1348 avec
2596 1320 2774 1351 demoiselle,
2792 1329 2883 1347 veuve
2894 1330 2930 1347 ou
2940 1319 3073 1346 divorcée
3084 1327 3119 1344 en
3131 1327 3162 1345 sa

2262 1360 2372 1392 faveur,
2389 1368 2424 1385 en
2436 1363 2556 1392 rapport
2571 1357 2653 1391 d’âge
2669 1363 2696 1384 et
2711 1356 2745 1383 de
2762 1355 2914 1383 situation.
2931 1369 2945 1375 -
2962 1355 2995 1383 N'
3010 1353 3090 1388 6163.

2262 1408 2787 1476 Renseignements

2264 1492 2389 1515 sonnes
2421 1486 2454 1513 et
2486 1484 2579 1512 leurs
2609 1481 2767 1513 familles.
2799 1499 2838 1504 —
2868 1484 2995 1518 Agents
3025 1482 3059 1509 et
3088 1478 3165 1507 fila¬

2263 1528 2359 1555 tures
2375 1525 2457 1552 dans
2473 1525 2551 1552 tous
2567 1531 2660 1560 pays.
2677 1539 2717 1544 —
2733 1523 2861 1552 Marins
2892 1524 3050 1555 B^aume,
3067 1519 3087 1548 5
3103 1520 3163 1553 bis,

2266 1573 2328 1595 rue
2345 1562 2573 1600 Henry-Ding,
2591 1564 2610 1592 à
2626 1563 2795 1594 Grenoble
2811 1561 2944 1602 (Isère).

2405 1676 2554 1732 Avis
2597 1691 2713 1731 aux
2748 1674 3023 1731 Abonnés

2307 1789 2403 1815 Nous
2433 1786 2636 1814 conseillons
2664 1791 2739 1813 aux
2764 1788 2956 1818 personnes
2969 1781 3126 1816 pouvant
3139 1782 3169 1809 le

2267 1827 2370 1862 faire,
2398 1827 2438 1854 de
2464 1826 2640 1854 souscrire
2668 1826 2707 1854 de
2720 1824 2926 1859 préférence
2941 1829 2990 1851 un
3013 1822 3165 1851 abonne¬

2268 1868 2364 1896 ment
2379 1863 2419 1896 dê
2433 1868 2455 1895 6
2469 1866 2568 1895 mois.
2592 1866 2681 1894 Elles
2703 1866 2834 1894 auront
2857 1862 3056 1897 l'avantage
3071 1862 3111 1889 de
3126 1867 3169 1889 ne

2265 1913 2331 1942 pas
2343 1907 2472 1940 perdre
2486 1907 2526 1934 de
2541 1912 2606 1934 vue
2621 1911 2670 1933 un
2680 1906 2753 1934 seul
2769 1904 2905 1933 abonné
2919 1903 2952 1932 et
2967 1904 3006 1931 de
3020 1902 3169 1931 réaliser

2269 1954 2338 1976 une
2352 1947 2529 1976 économie
2543 1947 2584 1974 de
2598 1947 2645 1974 20
2659 1944 2707 1978 %•

2311 2044 2413 2072 AVIS.
2447 2058 2481 2063 —
2511 2043 2573 2071 Les
2603 2041 2759 2071 Abonnés
2786 2041 2826 2070 de
2856 2040 2887 2069 la
2906 2040 3044 2069 REVUE
3061 2038 3171 2067 MEN¬

2272 2083 2439 2116 SUELLE,
2466 2081 2617 2111 désirant
2647 2082 2804 2110 recevoir
2828 2080 2858 2109 la
2885 2091 2903 2107 «
2920 2081 3034 2110 Revue
3051 2089 3067 2105 »
3091 2085 3171 2107 sous

2272 2123 2479 2160 enveloppes
2510 2122 2656 2151 fermées
2687 2123 2764 2151 sont
2798 2120 2889 2158 priés
2918 2119 3110 2149 d’adresser
3140 2117 3170 2147 la

2272 2171 2403 2193 somme
2420 2163 2461 2191 de
2475 2163 2495 2191 2
2510 2161 2551 2191 fr.
2567 2169 2609 2190 en
2625 2161 2702 2199 plus
2718 2168 2806 2199 pour
2830 2160 2881 2189 les
2911 2159 2994 2189 frais
3024 2159 3065 2188 de
3092 2158 3172 2188 tim¬

2273 2204 2352 2232 bres
2370 2211 2376 2238 ;
2410 2202 2458 2231 les
2484 2201 2636 2231 abonnés
2665 2203 2742 2230 sont
2771 2200 2966 2237 également
2995 2200 3086 2236 priés
3132 2198 3173 2226 de

2274 2243 2417 2272 timbrer
2445 2244 2538 2272 leurs
2569 2242 2689 2271 lettres
2719 2241 2737 2271 à
2765 2241 2805 2269 25
2820 2242 2909 2270 cent,
2937 2246 3023 2277 pour
3039 2245 3173 2268 corres¬

2274 2283 2405 2322 pondre
2416 2285 2514 2312 entre
2529 2281 2692 2311 abonnés.

2313 2386 2439 2412 Jeunes
2457 2389 2541 2418 gens
2546 2383 2552 2416 ,
2571 2383 2699 2416 jeunes
2725 2380 2811 2415 filles
2837 2380 2871 2409 et
2899 2385 2985 2408 vous
3012 2379 3088 2407 tous
3116 2377 3176 2413 qui

2274 2424 2404 2453 désirez
2444 2429 2528 2452 vous
2565 2423 2703 2451 marier
2707 2422 2713 2454 ,
2753 2421 2946 2449 demandez
2984 2420 3012 2447 le
3042 2417 3176 2448 GUIDE

2276 2464 2499 2495 PRATIQUE
2534 2464 2597 2492 DU
2629 2461 2841 2491 BONHEUR
2875 2461 2938 2488 EN
2973 2451 3173 2489 MÉNAGE,

2275 2504 2465 2533 contenant
2477 2504 2535 2532 des
2551 2503 2694 2531 conseils
2707 2501 2775 2529 très
2790 2500 2890 2529 utiles
2899 2505 2992 2534 pour
3000 2500 3030 2527 le
3040 2499 3176 2528 maria¬

2274 2550 2326 2580 ge,
2344 2546 2372 2572 le
2387 2545 2524 2572 volume
2535 2549 2607 2576 par
2621 2543 2649 2571 J.
2671 2533 2900 2570 PÉLISSIER
2922 2538 3081 2573 pouvant
3103 2535 3176 2566 être

2275 2587 2312 2613 lu
2323 2591 2393 2618 par
2409 2584 2483 2612 tout
2497 2584 2527 2612 le
2539 2583 2674 2611 monde.

2316 2625 2485 2653 Adressez
2501 2625 2534 2652 la
2549 2628 2681 2651 somme
2694 2622 2733 2649 de
2744 2622 2765 2649 3
2776 2620 2823 2654 fr.
2842 2621 2888 2649 50
2903 2619 2925 2649 à
2939 2620 2973 2648 la
2989 2618 3178 2647 Directrice

2275 2666 2315 2693 de
2330 2666 2365 2693 la
2380 2664 2529 2693 REVUE
2544 2662 2823 2693 MENSUELLE,
2841 2661 2900 2695 qui
2920 2665 3005 2688 vous
3033 2657 3178 2687 l'adres¬

2274 2711 2356 2734 sera
2370 2705 2499 2738 franco
2513 2704 2554 2731 de
2564 2702 2657 2737 port.

2319 2792 2380 2818 Les
2409 2794 2586 2818 annonces
2613 2788 2701 2816 dans
2730 2786 2764 2814 la
2779 2787 2797 2814 «
2812 2786 2926 2814 Revue
2942 2790 2958 2811 »
2985 2783 3063 2812 sont
3096 2784 3135 2811 de
3157 2783 3178 2812 4

2279 2830 2389 2865 lignes
2405 2835 2452 2857 au
2466 2828 2667 2857 maximun.
2682 2827 2743 2854 Les
2747 2830 2940 2858 personnes
2956 2824 3014 2857 qui
3029 2822 3180 2851 désirent

2279 2871 2357 2898 leur
2382 2873 2542 2897 annonce
2566 2868 2642 2899 plus
2658 2867 2783 2901 longue
2796 2864 2960 2898 paieront
2975 2869 3024 2891 un
3039 2863 3178 2896 supplé¬

2277 2910 2374 2937 ment
2386 2910 2427 2937 de
2441 2910 2462 2936 3
2477 2908 2526 2941 fr.
2544 2909 2579 2935 la
2594 2907 2695 2941 ligne.

2320 2995 2368 3022 La
2383 2995 2400 3022 «
2412 2994 2526 3021 Revue
2542 2992 2726 3020 Mensuelle
2735 2999 2750 3015 »
2767 2989 2904 3022 accepte
2920 2989 3029 3016 toutes
3045 2993 3179 3016 annon¬

2279 3040 2332 3063 ces
2360 3033 2622 3063 commerciales
2646 3037 2693 3059 ou
2707 3029 2838 3062 autres,
2854 3029 2922 3057 soit
2931 3029 3049 3056 ventes
3053 3027 3058 3060 ,
3076 3027 3181 3060 fonds

2278 3076 2317 3103 de
2330 3078 2524 3102 commerce
2538 3078 2583 3100 ou
2598 3070 2779 3099 industrie.

2305 3178 2717 3238 ANNONCES
2773 3172 3153 3231 DIVERSES

2283 3313 2307 3366 A
2342 3312 2346 3332 i
2372 3311 2408 3349 f||
2423 3310 2459 3348 |p
2471 3310 2493 3338 D
2542 3301 2672 3330 maison
2693 3296 2912 3328 d’habitation
2943 3297 2960 3326 à
2989 3295 3020 3325 la
3050 3301 3181 3331 campa-

2342 3330 2495 3367 LUULn
2541 3349 2620 3379 gne,
2637 3340 2709 3369 de6
2724 3340 2742 3369 à
2757 3339 2777 3367 8
2793 3337 2909 3375 pièces
2934 3335 3085 3373 garnies,
3112 3336 3181 3370 jar¬

2280 3384 2347 3419 din,
2364 3383 2522 3413 banlieue
2538 3382 2636 3411 d’une
2659 3380 2762 3416 petite
2785 3378 2875 3411 ville,
2890 3384 2970 3414 pays
2996 3376 3036 3405 de
3061 3374 3183 3404 chasse

2282 3427 2316 3454 et
2332 3425 2372 3454 de
2387 3423 2507 3463 pêche.
2526 3423 2545 3452 -
2561 3423 2589 3452 N
2595 3431 2600 3436 -
2620 3420 2668 3450 10.
3091 3429 3128 3436 —

2284 3481 2306 3535 A
2344 3480 2347 3518 I
2374 3479 2412 3518 (jl
2428 3478 2498 3517 IFR
2547 3469 2786 3509 »PPSfl6luent
2820 3467 2838 3495 4
2870 3464 2986 3502 pièces
3030 3463 3179 3500 garnies,

2343 3501 2499 3535 LUULn
2545 3512 2563 3540 2
2579 3509 2772 3541 chamb'es,
2790 3506 2874 3536 salle
2891 3508 2907 3533 à
2926 3510 3078 3541 manger,
3107 3505 3180 3532 cui¬

2281 3553 2368 3587 sine,
2387 3551 2564 3586 vestibule,
2573 3549 2818 3581 water-closet,
2830 3545 2967 3576 cabinet
2982 3544 3022 3572 de
3038 3541 3180 3572 toilette.

2281 3610 2298 3616 -
2315 3594 2355 3623 N-
2375 3594 2423 3622 11.

2285 3649 2308 3704 A
2347 3649 2371 3686 \/
2381 3649 2403 3686 F
2414 3648 2439 3686 M
2451 3648 2474 3685 n
2483 3649 2506 3685 R
2518 3647 2540 3685 F
2586 3648 2608 3677 g
2611 3646 2671 3668 ran
2676 3637 2715 3675 rïe
2748 3634 2925 3674 propriété
2959 3632 3184 3669 comprenant

2352 3670 2367 3702 V
2381 3676 2404 3704 L
2415 3669 2439 3704 IN
2451 3669 2475 3703 U
2484 3676 2507 3703 n
2518 3677 2541 3703 L
2588 3678 2738 3709 maisons
2752 3676 2794 3705 de
2804 3674 2926 3705 maître
2937 3674 2970 3702 et
2979 3673 3019 3701 de
3029 3670 3181 3701 fermier.

2283 3722 2363 3752 Prix
2378 3724 2397 3752 à
2414 3722 2579 3752 débattre.
2596 3720 2615 3748 -
2630 3719 2658 3748 N
2665 3727 2670 3732 -
2690 3718 2737 3747 12.

2288 3778 2306 3815 A
2348 3778 2372 3814 \/
2380 3778 2404 3814 F
2415 3778 2440 3814 M
2451 3777 2476 3813 H
2484 3777 2507 3813 R
2518 3776 2542 3813 F
2586 3767 2694 3806 petite
2722 3766 2832 3795 ferme
2862 3761 3088 3799 comprenant
3117 3761 3184 3788 ter-

2286 3799 2308 3832 M
2353 3798 2368 3834 V
2382 3796 2542 3834 LllUnL
2589 3807 2681 3838 raina
2698 3810 2732 3836 et
2748 3805 2878 3833 maison
2906 3798 3125 3831 d’habitation
3143 3799 3183 3828 de

2282 3851 2434 3882 fermier.
2454 3850 2533 3880 Prix
2551 3857 2557 3878 :
2575 3847 2688 3878 20.000
2701 3846 2742 3875 fr.
2760 3845 2779 3873 -
2794 3845 2821 3873 N
2828 3852 2834 3858 -
2854 3843 2902 3871 13.

2285 3908 2308 3964 A
2351 3908 2406 3943 \/F
2418 3908 2441 3942 M
2454 3906 2477 3942 n
2487 3906 2509 3942 R
2520 3905 2543 3942 F
2591 3896 2721 3926 maison
2730 3891 2949 3923 d’habitation
2958 3889 3041 3918 dans
3049 3887 3184 3925 village,

2354 3928 2371 3964 Y
2384 3926 2406 3963 t
2418 3925 2441 3961 IN
2454 3925 2477 3961 U
2487 3937 2509 3961 n
2521 3934 2544 3961 L
2590 3944 2673 3967 avec
2688 3936 2706 3964 4
2720 3936 2738 3964 à
2753 3934 2772 3962 5
2788 3933 2946 3962 hectares
2964 3930 3004 3959 de
3020 3928 3180 3959 terrains.

2282 3981 2363 4011 Prix
2378 3983 2396 4010 à
2413 3979 2578 4010 débattre.
2594 3978 2614 4006 -
2628 3976 2669 4006 N'
2688 3976 2736 4004 14.

2285 4036 2479 4094 GRANDS
2507 4033 2615 4090 VINS
2649 4026 2913 4086 MOUSSEUX

2959 4024 3182 4053 marques

2959 4056 3183 4087 rivalisant

2282 4118 2365 4139 avec
2388 4110 2440 4139 les
2464 4109 2540 4146 plus
2569 4104 2694 4142 grands
2725 4102 2969 4139 champagnes.
2999 4099 3081 4128 Prix
3111 4098 3183 4126 très

2282 4150 2449 4179 modérés.
2467 4164 2486 4170 -
2501 4147 2541 4176 N'
2562 4146 2609 4175 15.

2284 4208 2307 4262 A
2348 4203 2541 4261 VENDRE

2283 4294 2306 4350 A
2351 4289 2544 4347 VENDRE

2585 4192 2735 4223 terrains
2755 4197 2844 4228 pour
2871 4188 2903 4217 la
2932 4185 3179 4217 construction.

2586 4228 2885 4267 Paris-Plage,site
2902 4227 3084 4257 ravissant.
3098 4226 3127 4255 N
3145 4225 3182 4255 16

2587 4281 2803 4312 lotissement
2819 4279 2859 4307 de
2876 4275 3024 4306 terrains
3048 4276 3066 4305 à
3081 4276 3182 4304 Arca-

2588 4322 2688 4355 chop.
2705 4335 2742 4341 —
2758 4318 2954 4348 S’adresser
2968 4317 2988 4345 à
3008 4317 3098 4345 Mme
3113 4316 3182 4344 Vve

2278 4365 2481 4396 GHABAUD.

2303 4421 2319 4476 A
2346 4421 2370 4452 \/
2379 4421 2401 4452 H
2413 4422 2437 4452 M
2448 4419 2473 4451 R
2482 4419 2505 4451 D
2516 4418 2539 4451 d
2581 4409 2672 4440 belle
2701 4407 2856 4438 carrière
2891 4406 2932 4435 de
2967 4404 3102 4443 pierres
3139 4404 3180 4433 de

2306 4462 2314 4471 -
2350 4440 2367 4475 V
2380 4440 2402 4475 L
2414 4439 2438 4474 IM
2449 4439 2473 4474 L)
2483 4447 2505 4474 n
2517 4446 2539 4474 L.
2582 4449 2675 4480 taille
2692 4449 2733 4479 de
2742 4447 2830 4478 belle
2841 4446 2978 4485 qualité.
2988 4444 3181 4474 S’adresser

2280 4496 2298 4524 à
2327 4492 2515 4523 Directrice
2543 4493 2658 4521 Revue
2691 4489 2885 4524 Mensuelle,
2917 4487 2936 4515 à
2965 4483 3182 4514 Montélimar

2278 4532 2441 4573 (Drôme).

2281 4586 2618 4646 VOULEZ-VOUS

2663 4581 2805 4609 trouver
2833 4584 2878 4606 un
2908 4574 3084 4613 logement
3110 4573 3128 4601 à
3151 4572 3182 4600 la

2663 4623 2852 4654 campagne
2894 4623 2939 4645 ou
2981 4621 3023 4642 en
3061 4612 3139 4641 ville
3163 4610 3183 4641 ?

2280 4663 2550 4693 Adressez-vous
2573 4661 2592 4689 à
2620 4658 2704 4688 Mme
2736 4659 2803 4687 Vve
2826 4654 3031 4688 GHABAUD,
3063 4651 3179 4681 Direc¬

2278 4703 2364 4734 trice
2393 4703 2434 4732 de
2462 4702 2492 4729 la
2522 4702 2539 4729 «
2564 4702 2678 4729 Revue
2690 4698 2875 4728 Mensuelle
2899 4705 2917 4722 »
2960 4692 3016 4730 qui
3055 4697 3182 4728 pourra

2279 4744 2457 4781 s’occuper
2473 4741 2680 4777 moyennant
2694 4736 2914 4769 rétribution,
2931 4734 2973 4762 de
2988 4739 3072 4761 vous
3081 4733 3182 4760 trou¬

2278 4791 2338 4814 ver
2354 4791 2398 4813 un
2416 4781 2600 4818 logement.

2280 4857 2363 4924 LA
2400 4849 2807 4921 DIRECTRICE
2992 4835 3183 4909 K.:

2278 4930 2356 4960 villa
2373 4931 2390 4959 à
2407 4929 2438 4958 la
2461 4932 2649 4962 campagne
2664 4931 2746 4953 avec
2761 4921 2871 4960 grand
2882 4917 3010 4957 jardin,
3029 4918 3093 4947 site
3110 4918 3180 4946 très

2278 4969 2452 5008 agréable,
2482 4974 2565 5004 pays
2595 4965 2636 4993 de
2664 4964 2786 4993 chasse
2812 4964 2846 4990 et
2875 4964 2916 4988 de
2944 4957 3060 4995 pêche.
3074 4957 3182 4985 Sous-

2276 5009 2423 5040 louerait
2442 5005 2682 5044 appartement
2696 5001 2796 5040 garni
2813 5009 2820 5036 ;
2839 4997 3046 5030 détaillerait
3063 4996 3179 5034 pièces
