3536 5552
1498 452 1598 501 PRIX
1651 464 1660 501 :
1721 452 1818 502 50
1875 453 2070 502 Centimes

2459 269 2466 305 •
2493 272 2517 315 -,
2534 272 2538 276 ■

2278 319 2314 355 .«
2493 320 2507 355 j

2243 349 2573 427 éM-J-M

2337 459 2399 465 .

2653 285 2683 322 l
2683 289 2698 309 e
2700 294 2706 308 ‘
2740 286 2906 324 Avril
2943 288 3093 326 1»355

2606 448 2646 483 ,û

2612 476 2650 518 D

2654 424 2706 455 x>

2643 466 2672 492 O
2700 479 2704 485 ■

408 590 1305 810 REVUE
1520 602 3161 818 MENSUELLE

677 849 869 906 Liste
898 848 1345 909 d’Annonces
1374 853 1947 912 Matrimoniales
1977 862 2042 913 et
2071 857 2519 916 d’Annonces
2548 860 2876 920 Diverses

412 943 545 981 (Fonds
583 943 628 974 de
666 952 892 983 commerce,
937 945 1130 984 industrie,
1169 948 1276 978 vente
1319 948 1586 988 d’immeubles,
1632 950 1798 989 location,
1837 951 2031 990 échange).
2140 950 2175 982 —
2279 951 2524 985 Paraissant
2561 952 2597 984 le
2634 954 2651 985 1
2658 960 2692 977 er
2726 954 2772 985 de
2815 956 2971 997 chaque
3006 956 3128 988 mois.

425 1010 459 1049 U
462 1011 736 1051 Abonnement
750 1015 788 1051 et
806 1013 854 1051 de
874 1011 984 1058 TRENTE
1007 1013 1118 1064 FRANCS
1132 1027 1238 1065 pour
1254 1016 1283 1054 3
1300 1019 1415 1066 mois,
1438 1015 1593 1074 QUARANTE
1612 1017 1723 1068 FRANCS
1738 1029 1844 1068 pour
1860 1019 1886 1057 4
1906 1021 2007 1058 mois
2028 1022 2066 1058 et
2083 1019 2244 1078 CINQUANTE
2263 1021 2374 1072 FRANCS
2388 1035 2495 1073 pour
2512 1024 2538 1062 6
2556 1026 2658 1063 mois
2678 1025 2864 1064 donnant
2881 1027 2988 1065 droit
3007 1031 3030 1066 à
3051 1040 3129 1066 une

372 1079 604 1128 inscription
621 1081 798 1129 gratuite
815 1092 888 1118 sur
905 1092 971 1120 ma
989 1082 1090 1120 liste.
1116 1083 1155 1120 —
1174 1083 1245 1121 Les
1259 1095 1462 1122 annonces
1475 1086 1570 1123 sont
1588 1086 1637 1123 de
1654 1087 1794 1135 quatre
1812 1088 1941 1136 lignes
1960 1089 2190 1125 maximum.
2213 1111 2253 1116 —
2278 1088 2321 1133 Le:
2335 1088 2412 1146 ligne!
2427 1090 2637 1147 supplémentaires
2652 1094 2705 1136 sont
2719 1099 2805 1148 piyéoj
2821 1095 2836 1138 à
2850 1093 2930 1138 raison
2946 1093 2972 1139 de
2988 1093 3001 1139 3
3017 1093 3040 1140 lr
3063 1094 3088 1140 la
3103 1094 3177 1153 ligne.

837 1145 934 1176 Pour
965 1147 1193 1187 l’Etranger:
1223 1147 1245 1179 3
1279 1149 1382 1187 mois,
1413 1147 1465 1179 35
1495 1149 1638 1181 francs.
1680 1151 1719 1178 —
1761 1151 1785 1182 ù,
1810 1152 1913 1190 mois,
1930 1151 1983 1183 45
2013 1152 2156 1183 francs.
2198 1172 2237 1176 —
2281 1154 2303 1186 6
2331 1155 2435 1195 mois,
2476 1155 2527 1187 55
2557 1156 2700 1189 francs.

531 1212 710 1251 Adresser
732 1213 868 1253 Lettres
884 1216 918 1253 et
938 1214 1115 1255 Mandats
1135 1216 1156 1255 à
1176 1216 1282 1255 Mme
1310 1216 1439 1256 Veuve
1458 1217 1727 1265 CHABAUD,
1750 1218 1950 1262 Directrice
1979 1220 2026 1259 de
2056 1220 2088 1262 la
2118 1221 2255 1262 Revue
2283 1224 2514 1269 Mensuelle,
2549 1225 2607 1269 18,
2641 1226 2720 1266 Rue
2749 1225 3020 1274 Sainte-Croix,

1516 1286 1761 1329 Nlontélimar
1793 1287 1965 1337 (Drôme)

404 1387 494 1414 Notre
508 1397 604 1415 œuvre
620 1399 635 1415 a
651 1393 723 1423 pour
739 1389 786 1416 but
802 1390 835 1416 de
850 1390 933 1416 venir
946 1400 980 1416 en
995 1390 1059 1416 aide
1069 1400 1128 1416 aux
1137 1392 1267 1422 familles

368 1424 419 1457 qui
433 1423 558 1450 déirent
573 1425 680 1451 marier
697 1425 773 1452 leurs
791 1428 914 1458 enfants,
932 1435 991 1452 aux
1009 1436 1114 1453 veuves
1129 1428 1179 1460 qui
1195 1438 1265 1453 vou¬

367 1459 480 1485 draient
495 1468 524 1486 se
540 1461 687 1492 remarier,
705 1469 764 1486 aux
793 1461 943 1494 orphelins
973 1466 998 1487 et
1027 1471 1086 1487 aux
1114 1464 1266 1489 messieurs

366 1494 418 1529 qui
432 1497 531 1521 rêvent
545 1496 578 1521 de
591 1505 622 1522 se
628 1496 736 1528 fonder
750 1506 791 1522 un
797 1498 897 1531 foyer,
910 1506 966 1523 une
973 1497 1105 1529 famille.

401 1538 492 1565 Notre
507 1548 604 1566 œuvre
618 1550 683 1566 sera
702 1543 866 1575 approuvée
885 1544 939 1575 par
954 1546 1020 1568 tous
1050 1551 1099 1567 nos
1127 1542 1252 1569 abonnés

369 1573 515 1608 lorsqu'ils
530 1580 652 1602 sauront
664 1575 750 1610 qu'ils
767 1581 892 1610 peuvent
907 1581 1023 1603 trouver
1048 1579 1138 1612 grâce
1154 1581 1170 1604 à
1186 1583 1266 1604 notre

367 1619 516 1642 concours,
534 1612 561 1637 le
576 1621 676 1646 moyen
690 1612 722 1637 de
737 1622 767 1638 se
773 1613 879 1639 marier
891 1613 971 1639 selon
984 1613 1060 1639 leurs
1075 1616 1171 1648 goûts,
1188 1615 1265 1640 leurs

369 1655 436 1672 vues
452 1650 477 1672 et
491 1647 570 1673 selon
588 1648 650 1673 leur
665 1647 821 1674 condition.

402 1690 484 1717 Nous
500 1692 598 1724 prions
615 1692 655 1718 les
672 1691 771 1719 Dames
788 1697 812 1718 et
829 1693 869 1718 les
884 1692 1041 1719 Messieurs
1066 1693 1099 1719 de
1120 1703 1190 1721 nous
1215 1703 1264 1720 en¬

368 1735 454 1760 voyer
471 1727 497 1752 le
512 1728 577 1761 plus
593 1727 743 1754 d'abonnés
759 1728 896 1761 possible,
914 1727 973 1764 afin
988 1739 1041 1763 que
1061 1733 1139 1755 notre
1167 1739 1264 1756 œuvre

367 1761 605 1796 s’agrandissent
621 1763 715 1797 puisse
726 1766 780 1798 par
794 1773 825 1790 ce
839 1773 939 1797 moyen
949 1764 1086 1796 Jaciliter
1101 1766 1217 1791 nombre
1232 1766 1264 1791 de

368 1798 514 1832 mariages
530 1804 555 1824 e>
563 1799 646 1831 faire
663 1799 688 1825 le
703 1800 770 1833 plus
795 1799 951 1826 d'heureux
968 1800 1102 1834 possible,
1119 1810 1170 1826 car
1197 1800 1263 1827 c'est

368 1843 422 1858 une
435 1833 524 1860 bonne
541 1835 636 1860 action
651 1844 704 1868 que
718 1845 787 1861 vous
795 1837 883 1870 fere\
912 1845 944 1861 en
973 1839 1153 1870 propageant
1185 1842 1264 1863 notre

367 1878 470 1900 ce.vre,
488 1879 635 1896 vousnous
655 1870 768 1904 aiderez
787 1871 866 1897 ainsi
881 1873 897 1896 à
912 1872 1077 1898 contribuer
1089 1882 1125 1897 au
1137 1871 1264 1899 bonheur

366 1904 412 1930 des
419 1905 556 1937 familles
569 1906 621 1939 qui
630 1906 754 1932 désirent
765 1911 880 1933 trouver
892 1916 931 1932 un
941 1910 1036 1941 époux
1046 1917 1082 1933 ou
1094 1916 1148 1934 une
1158 1912 1264 1942 épouse

366 1944 438 1974 pour
458 1941 535 1967 leurs
552 1943 673 1974 enfants,
693 1951 752 1968 aux
768 1951 872 1968 veuves
893 1952 931 1967 un
946 1943 1072 1974 soutien,
1103 1946 1119 1968 à
1139 1943 1259 1978 l'orphe¬

366 1975 408 2002 lin
425 1985 463 2001 un
470 1978 559 2011 foyer
574 1981 600 2003 et
615 1986 651 2002 au
667 1977 839 2004 relèvement
853 1978 885 2003 de
902 1978 930 2003 la
948 1978 1056 2005 France
1083 1979 1133 2012 qui
1161 1980 1261 2012 donne,

365 2015 418 2045 par
434 2012 475 2038 les
490 2013 633 2048 mariages
641 2013 774 2048 féconds,
790 2014 836 2040 des
853 2013 960 2040 soldats
977 2015 993 2040 à
1009 2015 1037 2040 la
1055 2014 1157 2042 Patrie
1172 2021 1197 2041 et
1212 2016 1263 2050 qui

363 2049 425 2077 font
440 2047 486 2073 des
501 2049 616 2077 femmes
631 2048 664 2074 de
679 2048 784 2074 bonnes
795 2052 883 2075 mères
899 2050 931 2074 de
939 2051 1071 2082 famille.

401 2091 476 2118 C'est
491 2092 560 2119 dans
576 2102 607 2119 ce
622 2092 670 2119 but
685 2102 738 2127 que
754 2103 824 2119 nous
844 2102 932 2120 avons
940 2094 1034 2127 fondé
1051 2095 1080 2120 la
1095 2094 1108 2122 «
1124 2094 1262 2123 REVUE

364 2126 606 2154 MENSUELLE
622 2135 645 2154 ».

398 2171 483 2198 Nous
499 2181 533 2198 ne
548 2177 645 2199 tenons
661 2176 713 2207 pas
729 2183 784 2199 une
796 2183 906 2208 agence
918 2175 1132 2201 matrimoniale
1152 2180 1176 2202 et
1190 2185 1260 2202 nous

365 2217 397 2233 ne
412 2212 534 2240 prenons
549 2218 659 2234 aucune
673 2210 855 2235 commission
868 2219 918 2235 sur
934 2210 963 2236 la
983 2210 1037 2236 dot.
1075 2210 1158 2237 Voici
1185 2221 1261 2238 com¬

365 2249 438 2269 ment
454 2253 524 2270 nous
538 2245 691 2278 procédons
706 2255 711 2271 :

404 2287 480 2313 Vous
496 2297 566 2314 nous
586 2288 752 2322 indiquerez
765 2288 879 2315 d'abord
894 2293 974 2315 votre
988 2292 1055 2325 âge,
1073 2294 1151 2317 votre
1166 2292 1260 2317 situa-

364 2323 462 2349 tionde
464 2325 597 2356 fortune,
606 2328 685 2350 votre
695 2325 867 2357 profession,
881 2326 1014 2352 votredot
1017 2335 1081 2356 ,vos
1094 2329 1260 2360 *spérances

363 2362 387 2384 et
402 2368 434 2384 ce
448 2368 500 2392 que
516 2360 584 2386 vous
613 2360 793 2386 désireet
821 2370 876 2386 nou
881 2369 890 2379 c
919 2370 988 2387 vous
1018 2361 1181 2389 inscrivons
1210 2372 1260 2389 sur

363 2398 442 2420 notre
457 2395 534 2428 liste,
550 2398 623 2427 pour
635 2395 706 2421 trois
722 2396 803 2427 mois,
814 2399 869 2430 par
881 2405 936 2422 une
951 2406 1079 2423 annonce
1093 2407 1146 2431 que
1153 2399 1186 2434 je
1194 2399 1260 2431 fais

362 2430 522 2456 moi-même
536 2435 560 2456 et
576 2440 645 2456 nous
662 2440 732 2457 vous
744 2432 870 2458 donnons
887 2441 925 2457 un
938 2436 1052 2459 numéro
1055 2434 1172 2464 faisant
1183 2435 1260 2460 suite

362 2468 378 2491 à
393 2470 464 2491 cette
477 2475 612 2492 annonce.
631 2466 655 2493 C
666 2471 707 2492 est
720 2473 773 2498 far
788 2468 814 2493 le
828 2477 928 2501 moyen
943 2468 976 2494 de
1004 2478 1036 2494 ce
1064 2472 1178 2496 numéro
1207 2480 1260 2504 que

362 2511 432 2527 vous
448 2504 557 2535 pouvez
571 2503 779 2536 correspondre
792 2512 862 2528 avec
874 2507 936 2529 tous
948 2504 989 2529 les
1005 2504 1127 2530 abonnés
1138 2505 1171 2531 de
1183 2511 1260 2532 notre

361 2537 438 2563 liste.

395 2581 523 2615 Lorsque
539 2591 609 2608 vous
623 2582 733 2608 désirez
747 2583 951 2616 correspondre
967 2593 1036 2610 avec
1047 2594 1085 2609 un
1101 2584 1209 2611 abonné
1233 2590 1258 2611 et

360 2626 412 2650 que
428 2626 496 2643 vous
513 2626 582 2651 ave^
601 2618 699 2644 choisi
714 2618 784 2644 dans
809 2619 837 2644 la
858 2618 982 2646 Revue
1008 2619 1204 2647 Mensuelle
1233 2622 1259 2647 le

360 2652 439 2686 parti
453 2652 503 2686 qui
513 2662 580 2679 vous
590 2653 696 2687 piaille
703 2653 768 2686 plus
784 2654 861 2680 voici
875 2659 1012 2681 comment
1028 2664 1100 2683 vous
1107 2657 1243 2689 procédez
1251 2668 1257 2682 :

695 2714 886 2742 EXEMPLE

400 2765 515 2795 Jeifuc
531 2764 687 2802 liO.Tiihe;
714 2763 756 2795 30
777 2771 856 2799 aa»\’
878 2765 947 2796 ïlès
969 2766 1069 2798 ‘beîie
1090 2768 1255 2799 satiation

360 2807 447 2838 dans
468 2805 654 2846 industrie,
677 2812 822 2849 rapport
839 2809 879 2839 10
892 2809 909 2839 à
929 2809 1052 2840 12.000
1068 2809 1125 2849 fr.,
1139 2810 1255 2843 désire

360 2850 516 2892 mariage
537 2860 579 2883 en
601 2855 757 2893 rapport.
775 2871 818 2875 —
838 2851 959 2885 Ecrire
979 2854 1019 2885 N-
1045 2854 1078 2885 2.

535 2913 580 2936 ou

401 2956 613 2989 Demoiselle
638 2957 682 2989 25
718 2966 795 3000 ans,
830 2957 998 2991 situation
1032 2960 1076 2992 de
1114 2961 1255 2994 fortune

356 3002 480 3034 25.000
499 3001 630 3041 francs,
648 3005 716 3034 etc.
739 3021 781 3025 —
801 3002 921 3035 Ecrire
937 3005 965 3036 N
973 3013 979 3020 -
1003 3007 1036 3037 4.

400 3055 498 3086 Vous
511 3054 560 3086 lui
571 3054 707 3087 écrivez
721 3057 948 3089 vous-même
962 3066 1007 3089 ou
1025 3057 1126 3090 faites
1140 3057 1253 3091 écrire

357 3108 421 3140 par
442 3099 634 3141 quelqu’un
665 3100 708 3131 de
736 3104 834 3132 votre
860 3100 1007 3141 famille,
1037 3112 1080 3134 en
1111 3102 1254 3145 signant

357 3144 400 3175 de
422 3147 519 3175 votre
537 3143 698 3182 numéro,
716 3148 749 3177 et
765 3154 852 3177 vous
867 3149 993 3178 mettez
1008 3155 1069 3178 sur
1085 3147 1254 3181 l’adresse

355 3187 524 3220 cachetée
541 3191 573 3220 et
584 3187 730 3220 timbrée
743 3189 777 3221 le
791 3189 939 3223 numéro
953 3191 996 3223 de
1010 3191 1045 3223 la
1059 3201 1249 3233 personne,

357 3231 543 3265 deuxième
563 3233 772 3275 enveloppe,
796 3243 882 3266 avec
902 3243 960 3267 ces
973 3236 1145 3277 quelques
1162 3242 1252 3270 mots

357 3286 417 3308 sur
427 3286 495 3308 une
507 3280 604 3309 carte
619 3286 663 3308 ou
677 3286 723 3309 un
736 3278 821 3310 bout
833 3279 876 3310 de
885 3279 1009 3321 papier
1019 3280 1109 3312 ainsi
1118 3280 1249 3314 libellé:

357 3332 375 3350 «
391 3320 572 3353 Monsieur
588 3330 634 3353 ou
648 3322 823 3361 Madame,
838 3332 884 3354 ou
897 3324 1164 3358 Mademoiselle
1176 3328 1248 3359 X...

355 3365 467 3406 (votre
492 3374 574 3397 nom
590 3369 624 3398 et
644 3369 742 3398 votre
762 3367 927 3409 numéro)
939 3368 1015 3410 prie
1035 3370 1197 3403 Madame
1217 3372 1252 3403 la

355 3408 544 3441 Directrice
566 3410 609 3442 de
625 3410 659 3442 la
675 3410 793 3442 Revue
802 3412 845 3443 de
866 3411 954 3444 faire
976 3414 1139 3454 parvenir
1159 3419 1249 3448 cette

354 3454 456 3486 lettre
473 3453 492 3484 à
512 3454 559 3486 tel
579 3454 729 3486 numéro
749 3466 768 3485 »
786 3457 820 3487 et
836 3464 923 3487 vous
942 3457 1109 3490 cachetez
1125 3463 1160 3491 et
1171 3460 1249 3492 tim¬

353 3498 434 3530 brez
461 3500 553 3530 cette
589 3497 776 3530 deuxième
808 3500 1003 3542 enveloppe
1040 3502 1058 3534 à
1094 3504 1249 3546 laquelle

352 3551 440 3574 vous
461 3545 586 3574 mettez
604 3551 685 3574 mon
708 3543 865 3582 adresse,
888 3547 922 3575 et
946 3545 1095 3578 aussitôt
1128 3556 1247 3588 reçue,

351 3585 386 3622 ie
406 3585 519 3619 défais
535 3587 568 3619 la
597 3586 773 3628 première
799 3588 1008 3631 enveloppe,
1042 3590 1185 3632 j’efface
1215 3593 1248 3625 le

352 3630 500 3663 numéro
523 3631 566 3663 de
587 3631 621 3663 la
640 3631 828 3664 deuxième
849 3636 883 3664 et
904 3638 993 3665 mets
1014 3634 1183 3668 l’adresse
1204 3638 1247 3669 de

352 3675 385 3707 la
405 3684 581 3716 personne
598 3679 632 3708 et
649 3675 838 3718 réexpédie
855 3677 890 3709 la
904 3677 1018 3710 lettre.
1042 3680 1139 3712 Vous
1157 3690 1247 3722 pou¬

351 3729 413 3751 vez
429 3721 687 3762 correspondre
702 3729 789 3753 avec
800 3724 878 3753 tous
900 3730 964 3755 nos
985 3723 1142 3757 abonnés
1166 3734 1247 3757 sans

354 3773 439 3796 vous
455 3763 543 3796 faire
559 3766 756 3797 connaître.
796 3766 843 3798 Ce
876 3766 966 3799 n’est
997 3777 1065 3809 que
1104 3769 1247 3812 lorsque

351 3817 439 3840 vous
457 3817 561 3841 aurez
582 3809 645 3841 fait
664 3812 761 3842 votre
783 3810 901 3849 choix,
936 3821 1005 3853 que
1044 3822 1130 3844 vous
1159 3823 1245 3847 vous

352 3853 487 3884 donnez
510 3853 780 3887 mutuellement
797 3858 894 3887 votre
915 3856 1085 3889 véritable
1100 3858 1245 3891 adresse

349 3899 383 3928 et
404 3905 472 3938 que
507 3907 592 3930 vous
631 3907 719 3930 vous
757 3899 928 3941 ménagez
969 3910 1037 3933 une
1075 3905 1244 3936 entrevue

349 3949 438 3982 pour
455 3940 598 3974 décider
618 3943 661 3974 de
678 3945 775 3976 votre
796 3947 881 3976 sort.

381 4012 423 4038 Le
437 4011 507 4045 prix
537 4013 569 4039 de
579 4017 659 4039 notre
687 4013 874 4041 abonnement
906 4021 945 4043 est
971 4017 1004 4043 de
1025 4022 1115 4044 trente
1138 4022 1243 4053 francs

345 4050 418 4081 pour
445 4047 515 4074 trois
532 4049 602 4075 mois
629 4053 654 4074 et
674 4049 827 4085 cinquante
830 4054 936 4083 francs
961 4056 1032 4087 pour
1056 4054 1105 4079 six
1128 4055 1198 4082 mois
1218 4060 1243 4081 et

347 4092 416 4108 vous
427 4092 497 4108 avez
506 4083 579 4109 droit
597 4087 613 4109 à
628 4086 686 4110 être
702 4084 804 4112 inscrit
819 4092 1024 4121 gratuitement
1041 4099 1091 4114 sur
1106 4099 1150 4115 ma
1166 4091 1241 4117 liste.

385 4126 464 4152 Vous
481 4135 551 4160 voye
555 4137 572 4163 ^
586 4127 704 4162 qu'avec
719 4134 792 4156 cette
807 4131 936 4165 modique
949 4142 1063 4164 somme,
1082 4143 1151 4159 vous
1166 4137 1241 4168 pou¬

346 4170 395 4187 vez
407 4171 476 4187 vous
492 4164 607 4195 marier,
621 4173 688 4190 sans
704 4167 788 4191 avoir
803 4168 819 4191 à
844 4169 943 4200 passer
972 4171 1026 4202 par
1043 4169 1090 4194 des
1118 4178 1242 4204 agences

344 4196 394 4230 qui
409 4206 439 4223 se
451 4200 513 4227 font
530 4208 626 4225 verser
639 4199 777 4226 d’avance
791 4201 823 4227 de
836 4209 950 4236 grosses
966 4204 1130 4237 provisions
1153 4209 1176 4231 et
1191 4206 1242 4239 qui

344 4235 514 4266 escomptent
530 4234 562 4259 de
576 4243 691 4269 grosses
710 4237 917 4270 commissions,
947 4243 1020 4273 pour
1042 4239 1184 4266 n’arriver
1214 4241 1240 4266 le

344 4268 410 4301 plus
425 4273 544 4294 souvent
559 4269 574 4295 à
590 4279 685 4295 aucun
699 4273 830 4298 résultat.
857 4273 938 4301 Nous
969 4275 1087 4301 n’avons
1115 4275 1179 4302 rien
1207 4277 1240 4302 de

342 4311 472 4328 commun
489 4313 558 4330 avec
574 4305 615 4330 les
630 4314 761 4340 agences,
781 4317 831 4334 car
847 4318 918 4335 nous
933 4320 968 4336 ne
982 4314 1105 4344 prenons
1128 4320 1240 4338 aucune

342 4339 524 4364 commission
539 4349 588 4365 sur
604 4341 633 4366 la
649 4341 704 4367 dot.
734 4342 777 4370 Un
807 4344 927 4371 modeste
955 4346 1142 4373 abonnement
1169 4357 1239 4373 nous

342 4379 399 4398 se-t
414 4374 447 4398 de
457 4374 611 4407 paiement.

376 4417 485 4451 Lorsqu
495 4427 535 4443 un
551 4419 660 4445 abonné
674 4419 740 4447 s'est
752 4421 848 4454 fiancé
862 4428 890 4449 et
901 4425 975 4458 qu’il
989 4426 1035 4452 n’a
1050 4427 1118 4460 plus
1139 4426 1237 4453 besoin

337 4453 371 4478 de
382 4456 461 4478 notre
471 4462 566 4486 revue,
580 4455 605 4480 il
620 4464 690 4481 nous
703 4456 729 4482 le
739 4458 796 4488 fait
805 4460 905 4485 savoir
915 4460 974 4495 afin
986 4471 1039 4495 que
1051 4471 1119 4488 nous
1130 4472 1236 4496 rayons

337 4497 388 4513 son
404 4497 532 4515 annonce
544 4493 616 4523 pour
632 4499 666 4516 ne
678 4494 731 4524 pas
737 4495 821 4525 Jaire
835 4498 1039 4530 correspondre
1053 4497 1235 4524 inutilement

339 4532 388 4549 nos
405 4523 541 4550 abonnés.

375 4566 447 4593 Tout
462 4567 570 4595 abonné
585 4569 644 4594 doit
657 4571 795 4603 répondre
811 4575 826 4598 à
842 4577 932 4601 toutes
949 4576 990 4602 les
1016 4578 1112 4603 lettres
1124 4577 1175 4611 qui
1190 4577 1235 4604 lui

337 4606 398 4628 ‘-ont
414 4602 557 4629 adressées
571 4604 578 4635 ;
597 4604 625 4629 la
640 4605 776 4637 politesse
793 4608 910 4643 l’exige,
940 4621 974 4637 ne
987 4614 1098 4641 fussent
1125 4621 1179 4647 que
1187 4622 1234 4639 ces

336 4638 408 4663 trois
426 4647 461 4664 ou
472 4643 572 4672 quatre
586 4643 657 4665 mots
667 4640 672 4665 :
689 4640 808 4674 Inutile,
819 4647 882 4670 tous
896 4655 951 4672 mes
963 4652 1084 4682 regrets.
1097 4662 1126 4666 —
1140 4648 1232 4675 N’...»

376 4698 473 4729 Pour
481 4700 604 4730 toutes
616 4699 868 4733 lesannonces
879 4705 1058 4745 ci-après,
1068 4709 1231 4740 s’adres¬

335 4755 400 4777 ser
417 4748 437 4777 à
464 4747 632 4779 Madame
650 4748 768 4781 Veuve
787 4751 999 4793 CHABAUD,
1024 4757 1229 4790 Directrice

333 4796 377 4826 de
392 4795 424 4825 la
448 4796 466 4812 “
486 4795 608 4827 Revue
627 4797 828 4830 Mensuelle

1361 1393 1527 1430 Adjudant
1538 1394 1639 1430 génie
1655 1395 1689 1422 31
1709 1383 1894 1427 ansjsolde
1909 1396 2098 1424 mensuelle
2109 1396 2168 1424 537
2179 1396 2218 1426 fr.

1324 1431 1434 1462 bonne
1450 1432 1643 1465 éducation,
1664 1433 1819 1481 médaille
1849 1435 2021 1468 militaire,
2052 1436 2148 1478 cr.çiT
2179 1436 2219 1466 de

1322 1479 1459 1508 guerre,
1476 1473 1495 1501 2
1509 1473 1705 1507 citations,4
1721 1469 1896 1503 médailles
1911 1474 2091 1505 deuxième
2103 1475 2218 1512 ordre,

1321 1512 1434 1542 désire
1449 1512 1602 1550 mariage
1623 1521 1666 1543 en
1677 1517 1827 1551 rapport.
1847 1530 1857 1536 -
1871 1516 1901 1544 N
1906 1523 1913 1528 -
1936 1515 2025 1545 4962.

1360 1571 1524 1599 Brunelte
1546 1570 1584 1599 22
1609 1578 1681 1605 ans,
1712 1571 1842 1605 artiste,
1869 1572 2036 1609 sérieuse,
2056 1573 2219 1604 situation

1322 1609 1411 1639 1.000
1426 1609 1466 1638 fr.
1485 1618 1546 1646 par
1562 1611 1658 1645 mois,
1676 1612 1871 1642 économies
1887 1613 1905 1640 4
1920 1612 1979 1642 000
1997 1614 2036 1642 fr.
2057 1616 2091 1643 et
2106 1613 2218 1643 mobi¬

1322 1649 1395 1685 lier,
1424 1651 1630 1688 espérances
1648 1652 1747 1688 après
1764 1654 1857 1690 père,
1889 1653 2087 1691 épouserait
2111 1656 2218 1691 jeune

1320 1689 1454 1719 homme
1471 1689 1566 1728 d’âge
1583 1694 1616 1720 et
1632 1691 1793 1721 situation
1810 1700 1852 1722 en
1864 1695 2015 1731 rapport.
2033 1710 2050 1715 -
2067 1695 2106 1723 N-
2127 1694 2215 1725 4965.

1358 1756 1562 1787 Demoiselle
1590 1759 1629 1787 29
1653 1766 1726 1792 ans,
1757 1767 1835 1789 sans
1851 1767 2056 1794 commerce,
2074 1763 2218 1798 épouse¬

1321 1798 1384 1826 rait
1398 1804 1524 1835 garçon
1541 1797 1604 1835 âge
1620 1806 1662 1827 en
1678 1798 1829 1835 rapport,
1856 1800 1896 1829 de
1912 1800 2035 1830 beaute
2062 1802 2215 1839 exquise,

1320 1839 1414 1867 avoir
1430 1837 1559 1867 100.000
1576 1838 1615 1867 fr.
1632 1846 1674 1868 ou
1692 1839 1882 1869 s’abstenir.
1906 1856 1924 1861 -
1941 1841 1983 1869 N’
2006 1842 2094 1870 4966.

1357 1904 1655 1935 Sous-lieutenant
1669 1905 1852 1936 infanterie
1868 1907 2048 1940 coloniale,
2066 1908 2215 1943 divorcé,

1316 1944 1355 1973 32
1370 1952 1443 1977 ans,
1469 1944 1567 1981 brun,
1599 1946 1793 1978 éoouseral-t
1816 1948 1919 1983 jeune
1943 1947 2024 1981 fille,
2049 1956 2156 1978 veuve
2171 1955 2215 1979 ou

1318 1984 1489 2018 divorcée,
1505 1985 1544 2013 25
1560 1987 1577 2014 à
1599 1986 1638 2015 30
1654 1994 1726 2019 ans,
1744 1986 1898 2024 échange
1914 1988 2214 2026 renseignements

1318 2026 1351 2053 et
1366 2024 1469 2062 photo
1484 2033 1637 2063 premier
1653 2027 1819 2056 courrier.
1837 2043 1855 2048 -
1876 2028 1905 2057 N
1913 2037 1916 2041 1
1935 2028 2024 2058 4967.

1356 2086 1560 2116 Demoiselle
1589 2088 1627 2118 28
1643 2095 1716 2123 ans,
1747 2088 1859 2119 bonne
1875 2089 2014 2124 famille,
2032 2090 2110 2119 bien
2135 2098 2215 2121 sous

1317 2127 1393 2156 tous
1409 2130 1578 2165 rapports,
1610 2128 1667 2157 dot
1682 2131 1716 2157 et
1727 2129 1812 2165 jolie
1833 2129 1995 2159 situation
2021 2131 2061 2159 de
2077 2130 2215 2161 fortune

1317 2168 1417 2203 après
1433 2169 1584 2204 parents,
1596 2168 1793 2206 épouserait
1809 2170 1983 2199 monsieur
1997 2170 2037 2199 30
2051 2172 2070 2200 à
2085 2171 2124 2199 45
2140 2179 2212 2205 ans,

1316 2206 1560 2241 sérieux,actif,
1571 2208 1751 2240 industriel
1762 2216 1805 2239 ou
1816 2214 2060 2247 commerçant.
2072 2212 2100 2241 N
2105 2219 2111 2226 -
2122 2211 2211 2241 4970.

1354 2268 1444 2299 Veuf
1461 2270 1499 2298 59
1516 2277 1587 2302 ans,
1605 2270 1703 2305 libre,
1721 2266 1815 2300 av^ir
1830 2272 1942 2301 50.000
1956 2271 2008 2308 fr.,
2036 2272 2114 2302 bien
2131 2281 2211 2302 sous

1317 2311 1391 2338 tous
1409 2310 1456 2338 les
1473 2312 1643 2348 rapports,
1672 2311 1869 2348 épouserait
1897 2319 2070 2350 personne
2084 2313 2124 2342 35
2140 2314 2156 2342 à
2174 2313 2213 2343 48

1315 2356 1386 2384 ans,
1404 2349 1575 2383 instruite,
1600 2353 1701 2387 ayant
1722 2351 1884 2391 situation
1899 2359 1941 2381 ou
1958 2354 2054 2382 avoir
2069 2360 2112 2382 en
2129 2361 2212 2391 rap¬

1314 2392 1402 2427 port.
1420 2405 1438 2411 -
1454 2391 1493 2419 N'
1512 2390 1601 2420 4973.

1353 2460 1607 2491 Lieutenant38
1623 2471 1694 2496 ans,
1715 2462 1814 2498 brun,
1833 2464 1982 2497 sérieux,
2002 2464 2093 2499 actif,
2112 2472 2213 2502 pour¬

1314 2502 1379 2531 rait
1396 2501 1542 2539 prendre
1556 2509 1594 2531 sa
1610 2503 1751 2532 retraite
1766 2511 1854 2542 pour
1869 2511 1905 2533 se
1921 2503 2027 2534 livrer
2048 2513 2090 2534 au
2117 2512 2212 2535 com¬

1313 2548 1441 2576 merce,
1465 2542 1578 2571 désire
1593 2544 1698 2572 union
1715 2550 1797 2573 a*ec
1812 2543 2010 2574 demoiselle
2026 2552 2067 2574 ou
2090 2552 2210 2581 veuve,

1313 2580 1475 2611 situation
1488 2589 1531 2611 en
1545 2585 1698 2621 rapport.
1714 2598 1732 2604 -
1748 2584 1788 2613 K-
1805 2584 1895 2616 4974,

1353 2639 1556 2669 Demoiselle
1593 2641 1633 2669 36
1668 2648 1739 2673 ans,
1783 2641 1949 2675 sérieuse,
1987 2642 2209 2679 affectueuse,

1313 2678 1437 2708 femme
1456 2679 1664 2715 d’intérieur,
1683 2681 1886 2719 catholique,
1903 2682 2069 2720 physique
2086 2685 2211 2720 agréa¬

1312 2718 1378 2754 ble,
1397 2720 1465 2752 dot,
1496 2719 1609 2750 désire
1626 2720 1774 2757 mariage
1793 2730 1874 2751 avec
1891 2723 2068 2752 monsieur
2083 2724 2122 2752 38
2139 2724 2156 2753 à
2172 2724 2211 2753 45

1299 2777 1303 2780 •
1312 2767 1386 2794 tïib,
1403 2762 1504 2795 ayant
1518 2760 1693 2789 situa,ion.
1709 2775 1729 2781 -
1741 2755 1783 2790 E
1800 2762 1889 2791 4876.
1921 2770 1930 2776 *

1351 2821 1459 2849 Jeune
1468 2819 1537 2848 fille
1545 2821 1584 2850 29
1600 2829 1671 2856 ans,
1690 2824 1929 2859 représentant
1946 2822 1986 2853 de
2003 2831 2209 2860 commerce,

1312 2863 1414 2897 ayant
1429 2860 1616 2898 propriété,
1635 2861 1821 2892 cherchant
1833 2862 2003 2899 affection,
2014 2872 2050 2893 se
2066 2864 2210 2894 dévoue¬

1312 2901 1377 2930 rait
1407 2901 1425 2929 à
1447 2901 1554 2937 grand
1582 2901 1696 2931 blessé
1721 2901 1762 2931 de
1777 2910 1913 2939 guerre,
1939 2910 1983 2933 ou
2001 2906 2018 2933 à
2035 2904 2211 2935 monsieur

1312 2939 1482 2977 distingué
1512 2939 1660 2976 fortuné,
1691 2941 1920 2972 recherchant
1940 2943 2042 2983 appui
2058 2945 2177 2974 moral.
2196 2961 2210 2966 -

1310 2980 1350 3009 N-
1367 2980 1457 3009 4978.

1349 3042 1521 3080 Capitaine
1537 3044 1661 3079 active,
1677 3044 1717 3072 34
1728 3052 1799 3081 ans,
1825 3053 1867 3075 au
1885 3047 1999 3075 Maroc
2017 3049 2208 3076 momenta¬

1309 3083 1459 3114 nément,
1472 3082 1584 3113 désire
1601 3085 1851 3122 correspondre
1863 3093 1947 3122 pour
1959 3087 2108 3125 mariage
2126 3094 2208 3118 avec

1305 3123 1413 3159 jeune
1429 3123 1497 3152 fille
1527 3124 1731 3161 catholique,
1760 3124 1872 3156 bonne
1888 3126 2026 3162 famille,
2045 3127 2207 3158 situation

1309 3170 1352 3192 en
1367 3167 1520 3202 rapport.
1537 3179 1555 3185 -
1569 3166 1611 3195 N‘
1628 3165 1719 3194 4981.

1347 3226 1457 3256 Jeune
1485 3226 1620 3258 homme
1635 3229 1674 3257 23
1696 3236 1769 3261 ans,
1800 3228 1950 3261 sérieux,
1981 3230 2204 3267 agriculteur,

1308 3273 1387 3295 sans
1404 3266 1551 3299 fortune,
1570 3272 1778 3305 espérances
1802 3270 1903 3307 après
1919 3273 2072 3307 parents,
2102 3273 2206 3309 épou¬

1308 3307 1414 3335 serait
1442 3306 1640 3337 demoiselle
1670 3315 1713 3337 ou
1729 3317 1848 3342 veuve,
1866 3310 1903 3338 19
1918 3310 1937 3339 à
1952 3311 1989 3340 28
2007 3318 2078 3345 ans,
2104 3314 2206 3347 ayant

1307 3347 1413 3383 petite
1429 3347 1603 3377 situation.
1620 3364 1637 3369 -
1653 3350 1682 3378 N
1711 3349 1798 3378 4983.

1346 3409 1549 3439 Demoiselle
1564 3411 1603 3439 35
1619 3418 1691 3446 ans,
1710 3411 1833 3441 femme
1851 3412 1894 3441 du
1914 3413 2049 3447 monde,
2066 3413 2202 3449 blonde,

1306 3447 1509 3486 distinguée,
1541 3450 1654 3480 désire
1682 3451 1787 3480 union
1804 3460 1885 3482 avec
1910 3454 2088 3482 monsieur
2103 3457 2205 3490 ayant

1304 3487 1393 3518 belle
1410 3489 1582 3520 situation.
1600 3506 1618 3512 -
1634 3491 1673 3520 N'
1692 3491 1780 3520 4985.

1344 3555 1547 3586 Demoiselle
1576 3558 1615 3586 48
1640 3565 1710 3594 ans,
1738 3565 1816 3587 sans
1843 3557 2045 3596 profession,
2079 3560 2204 3590 femme

1304 3593 1514 3629 d’intérieur,
1527 3597 1639 3627 bonne
1649 3598 1839 3633 éducation,
1849 3598 2018 3637 physique
2027 3600 2199 3637 agréable,

1304 3635 1443 3673 capable
1457 3636 1497 3666 de
1515 3637 1751 3671 dévouement,
1761 3639 1958 3677 épouserait
1969 3641 2145 3670 monsieur
2157 3647 2200 3670 ou

1302 3675 1444 3705 retraité
1460 3679 1560 3713 ayant
1576 3678 1688 3708 bonne
1705 3678 1876 3708 situation.
1901 3695 1917 3700 -
1934 3681 1963 3709 N
1969 3688 1974 3694 -
1992 3681 2081 3710 4986.

1343 3737 1455 3767 Veuve
1469 3739 1508 3768 35
1524 3747 1596 3772 ans,
1615 3748 1692 3769 sans
1717 3739 1842 3772 enfant,
1861 3741 2021 3773 situation
2038 3744 2056 3771 7
2072 3743 2132 3773 000
2150 3743 2199 3779 fr.,

1302 3777 1497 3808 économies
1515 3779 1551 3808 10
1565 3780 1625 3809 000
1640 3780 1694 3815 fr.,
1711 3780 1880 3811 intérieur
1895 3783 2066 3819 agréable,
2099 3788 2202 3816 épou¬

1301 3817 1407 3847 serait
1423 3819 1599 3850 monsieur
1614 3823 1714 3858 ayant
1730 3820 1891 3851 situation
1908 3821 1999 3852 sûre.
2016 3839 2035 3844 -
2050 3825 2090 3853 N-
2107 3825 2186 3854 4987

1340 3876 1449 3905 Jeune
1486 3877 1623 3907 homme
1664 3879 1704 3908 25
1743 3887 1815 3915 ans,
1847 3879 2008 3911 situation
2038 3883 2199 3913 annuelle

1299 3914 1412 3945 60.000
1425 3916 1478 3951 fr.,
1509 3925 1551 3945 au
1568 3919 1696 3951 Maroc,
1719 3920 1814 3949 avoir
1827 3920 1866 3949 30
1881 3920 1940 3949 000
1957 3921 1996 3950 fr.
2015 3924 2049 3950 et
2066 3922 2198 3952 maison

1300 3955 1523 3989 confortable,
1554 3959 1751 3995 épouserait,
1780 3961 1882 3996 jeune
1906 3960 1976 3991 fille
1993 3963 2030 3990 18
2046 3963 2065 3991 à
2081 3963 2119 3991 22
2138 3970 2198 3992 ans

1299 3996 1436 4025 voulant
1451 3996 1586 4027 habiter
1602 3999 1729 4029 Maroc.
1746 4015 1759 4020 -
1769 4001 1797 4029 N
1803 4008 1808 4013 -
1826 4000 1916 4029 4991.

1339 4058 1543 4089 Demoiselle
1564 4061 1603 4090 35
1631 4069 1703 4096 ans,
1717 4061 1811 4098 jolie,
1831 4062 2035 4100 distinguée,
2052 4063 2197 4093 affectu¬

1297 4104 1392 4132 euse,
1408 4099 1599 4134 éducation,
1618 4100 1713 4131 avoir
1732 4103 1767 4130 et.
1795 4102 1968 4138 situation,
1999 4103 2198 4142 épouserait

1297 4138 1474 4168 monsieur
1489 4140 1637 4177 sérieux,
1651 4141 1690 4170 38
1707 4142 1725 4170 à
1740 4141 1780 4172 40
1794 4150 1866 4177 ans,
1895 4142 2057 4173 situation
2084 4144 2194 4180 Baris,

1297 4177 1367 4207 très
1384 4179 1534 4208 sérieux.
1551 4196 1562 4202 -
1580 4181 1608 4210 N
1614 4189 1620 4195 -
1637 4181 1728 4210 4992.

1333 4235 1443 4266 Jeune
1455 4236 1525 4265 fifie
1540 4238 1578 4267 23
1595 4246 1666 4274 ans,
1683 4239 1872 4277 employée,
1889 4240 2011 4277 brune,
2029 4241 2194 4280 physique

1295 4276 1466 4312 agréable,
1494 4276 1607 4307 20.000
1620 4278 1674 4312 fr.,
1707 4279 1776 4309 très
1805 4279 2027 4316 affectueuse,
2045 4284 2193 4319 épouse¬

1294 4315 1359 4345 rait
1373 4324 1546 4354 personne
1577 4318 1738 4349 situation
1759 4326 1801 4348 en
1818 4323 1969 4358 rapport.
2000 4338 2018 4343 -
2044 4323 2084 4350 N-
2102 4322 2180 4352 4996

1331 4373 1440 4403 Jeune
1464 4374 1534 4404 fille
1556 4376 1596 4405 25
1625 4384 1698 4409 ans,
1711 4377 1808 4415 jolie,
1825 4378 2049 4414 musicienne,
2067 4378 2192 4410 femme

1293 4411 1335 4441 du
1353 4415 1485 4449 monde,
1502 4415 1673 4451 instruite,
1686 4417 1756 4446 fille
1774 4418 1814 4447 de
1829 4418 1911 4448 haut
1925 4418 2190 4457 fenctionnaire,

1291 4452 1488 4489 épouserait
1504 4456 1680 4486 monsieur
1691 4458 1729 4487 26
1739 4460 1753 4486 à
1765 4459 1803 4487 38
1816 4466 1875 4487 ans
1891 4459 2045 4489 habitant
2060 4461 2189 4497 grande

1289 4491 1368 4523 ville
1385 4495 1515 4524 France
1531 4503 1575 4525 ou
1591 4497 1755 4527 colonies.
1773 4514 1790 4520 -
1806 4499 1836 4528 N
1841 4507 1847 4513 -
1865 4499 1954 4528 4997.

1328 4551 1436 4580 Jeune
1452 4551 1600 4589 homme,
1618 4555 1813 4590 sud-ouest,
1832 4556 1884 4585 fils
1901 4556 2038 4595 unique,
2055 4558 2189 4589 300.000

1289 4588 1343 4625 fr.,
1358 4590 1458 4623 brun,
1474 4601 1535 4630 pas
1552 4594 1700 4630 fumeur,
1712 4596 1909 4633 épouserait
1925 4596 2127 4628 demoiselle
2144 4607 2187 4629 ou

1288 4636 1395 4659 veuve
1411 4633 1578 4668 sérieuse,
1609 4635 1673 4671 âge
1702 4637 1736 4664 et
1751 4635 1914 4665 situation
1929 4644 1972 4667 en
1998 4641 2151 4673 rapport.
2168 4655 2187 4662 -

1287 4670 1326 4698 N-
1344 4670 1433 4700 4998.

1325 4728 1415 4758 Veuf
1424 4729 1463 4759 50
1479 4738 1549 4762 ans,
1580 4733 1599 4761 2
1614 4732 1758 4767 enfants,
1784 4734 1949 4764 demande
1966 4735 2184 4766 cultivatrice

1286 4775 1367 4797 avec
1397 4770 1500 4806 petite
1530 4771 1597 4808 dot,
1613 4772 1653 4802 30
1668 4774 1686 4802 à
1700 4773 1738 4801 40
1753 4781 1825 4809 ans,
1856 4775 2009 4811 robuste,
2039 4783 2186 4812 envoyer

1285 4807 1401 4846 photo.
1420 4825 1430 4830 -
1445 4810 1484 4839 N-
1503 4811 1592 4841 5000.

2318 1399 2443 1432 Maroc,
2468 1406 2578 1428 veuve
2592 1399 2631 1429 50
2648 1408 2720 1432 ans,
2754 1401 2947 1437 paraissant,
2970 1401 3026 1439 plu
3059 1405 3164 1444 jeune

2277 1438 2346 1466 très
2381 1439 2547 1468 sié.’îerse.
2579 1439 2752 1470 instruite,
2783 1440 2862 1470 bien
2892 1441 3010 1471 élevee
3054 1442 3178 1472 femme

2276 1476 2487 1509 d'intérieur,
2499 1483 2599 1516 ayant
2608 1481 2737 1516 occupé
2750 1480 2838 1510 belle
2849 1480 3007 1511 situation
3016 1504 3022 1516 ,
3034 1481 3178 1511 recher¬

2275 1517 2338 1547 che
2368 1518 2520 1556 mariage
2548 1527 2630 1549 avec
2646 1519 2788 1555 rentier,
2806 1519 3000 1556 industriel,
3019 1522 3174 1556 sérieux,

2275 1565 2342 1587 aux
2358 1558 2522 1588 colonies.
2541 1575 2550 1580 -
2567 1560 2595 1589 N
2601 1567 2606 1573 -
2625 1560 2716 1589 4946.

2314 1616 2519 1647 Demoiselle
2541 1617 2580 1646 46
2608 1625 2679 1652 ans,
2711 1617 2916 1656 catholique,
2951 1618 3077 1649 famille
3105 1621 3176 1649 très

2275 1655 2474 1687 honorable,
2492 1659 2562 1685 très
2587 1658 2753 1692 sérieuse,
2784 1657 2875 1693 bien,
2904 1659 3029 1690 femme
3061 1659 3176 1690 d’inté¬

2274 1696 2380 1729 rieur,
2392 1696 2448 1726 dot
2456 1697 2569 1726 40.000
2581 1697 2632 1732 fr,.
2644 1698 2842 1736 épouserait
2853 1699 3009 1737 employé
3023 1700 3173 1734 sérieux,

2272 1738 2382 1773 poste,
2401 1737 2544 1771 douane,
2563 1738 2741 1772 P.-L.-M.,
2760 1738 3042 1775 administration,
3062 1740 3173 1770 même

2272 1776 2360 1805 veuf.
2378 1792 2397 1797 -
2412 1777 2561 1807 N-4931.

2312 1838 2517 1869 Demoiselle
2531 1839 2570 1868 25
2586 1847 2657 1876 ans,
2671 1840 2769 1878 jolie,
2788 1841 3013 1877 musicienne,
3045 1842 3173 1873 femme

2273 1878 2317 1907 du
2334 1880 2467 1913 monde,
2486 1879 2542 1909 dot
2558 1880 2614 1910 150
2631 1880 2670 1909 fr.
2689 1888 2751 1918 par
2771 1882 2868 1916 mois,
2898 1882 3070 1918 instruite,
3104 1883 3174 1912 fille

2272 1917 2314 1946 de
2328 1917 2411 1948 haut
2426 1919 2688 1953 fonctionnaire,
2706 1921 2903 1959 épouserait
2929 1922 3106 1953 monsieur
3132 1923 3173 1952 26

2272 1959 2289 1987 à
2304 1958 2343 1986 38
2359 1966 2419 1988 ans
2435 1959 2588 1989 habitant
2603 1961 2732 1998 grande
2748 1961 2837 1992 ville.
2855 1978 2874 1983 -
2890 1963 2918 1992 N
2925 1971 2930 1977 1
2949 1963 3039 1992 4997.

2309 2016 2417 2044 Jeune
2434 2016 2569 2046 homme
2581 2017 2620 2046 32
2636 2026 2708 2052 ans,
2726 2019 2920 2053 sud-ouest,
2948 2019 2999 2049 fils
3029 2020 3167 2059 unique,

2270 2055 2403 2086 300.000
2418 2056 2472 2089 fr.,
2490 2056 2589 2091 brun,
2600 2066 2660 2096 pas
2673 2058 2820 2095 fumeur,
2834 2059 3032 2098 épouserait
3043 2061 3169 2091 demoi¬

2271 2096 2355 2125 selle
2378 2103 2422 2126 ou
2444 2105 2554 2126 veuve
2584 2098 2751 2132 sérieuse,
2781 2099 2844 2138 âge
2873 2104 2907 2130 et
2934 2100 3098 2131 situation
3129 2109 3171 2131 en

2270 2139 2422 2173 rapport,
2439 2152 2460 2164 i-
2474 2138 2515 2167 N-
2532 2137 2636 2168 5.004.

2309 2194 2607 2225 Sous-lieutenant
2623 2196 2832 2233 célibataire,
2846 2198 2925 2228 bien
2936 2205 3015 2228 sous
3029 2201 3105 2229 tous
3123 2199 3172 2228 les

2269 2236 2439 2271 rapports,
2483 2236 2681 2273 épouserait
2718 2239 2826 2274 jeune
2864 2237 2934 2267 fille
2964 2238 3171 2277 catholique,

2269 2274 2390 2309 brune,
2409 2275 2571 2305 situation
2588 2283 2629 2306 en
2646 2280 2797 2316 rapport.
2816 2295 2832 2300 -
2850 2280 2890 2308 N-
2906 2279 2996 2308 5004.

2306 2342 2416 2371 Jeune
2431 2340 2501 2371 fille
2515 2342 2554 2372 30
2569 2350 2641 2377 ans,
2659 2343 2787 2373 fami'le
2814 2344 3016 2380 honorable,
3048 2346 3172 2376 catho¬

2271 2379 2370 2417 lique,
2400 2382 2455 2411 dot
2485 2386 2519 2411 et
2547 2383 2683 2414 fortune
2713 2384 2824 2414 40.000
2852 2385 2907 2421 fr.,
2938 2385 3050 2416 désire
3080 2386 3165 2416 faire

2267 2420 2514 2452 connaissance
2540 2430 2622 2453 avec
2643 2424 2818 2454 monsieur
2833 2425 3040 2463 catholique,
3072 2434 3171 2456 com¬

2268 2465 2422 2497 merçant
2438 2470 2480 2492 ou
2498 2463 2665 2501 employé.
2686 2480 2701 2485 -
2718 2465 2746 2494 N
2753 2473 2758 2479 -
2776 2464 2866 2495 5005.

2305 2523 2507 2554 Célibataire
2535 2525 2574 2554 35
2602 2533 2674 2561 ans,
2706 2526 2925 2562 cultivateur,
2969 2528 3081 2558 20.000
3112 2528 3169 2563 fr.,

2266 2564 2464 2599 épouserait
2488 2565 2687 2596 demoiselle
2715 2574 2758 2595 ou
2788 2574 2894 2597 veuve
2923 2576 3002 2597 sans
3033 2568 3166 2604 enfant,

2267 2602 2427 2634 situation
2444 2612 2486 2634 en
2503 2609 2653 2643 rapport.
2669 2623 2680 2628 -
2695 2607 2737 2635 N-
2756 2606 2847 2637 5009.

2304 2669 2401 2705 Veuf,
2413 2671 2452 2700 55
2468 2679 2540 2706 ans,
2558 2680 2637 2701 sans
2653 2672 2782 2707 enfant,
2801 2674 2890 2707 seul,
2909 2674 3061 2709 sérieux,
3077 2675 3170 2705 habi¬

2266 2711 2338 2738 tant
2349 2710 2496 2746 Algérie,
2507 2712 2663 2750 employé
2676 2713 2716 2742 de
2729 2713 2863 2749 mairie,
2884 2717 2985 2751 ayant
3000 2715 3169 2745 intérieur

2266 2752 2299 2778 et
2316 2749 2484 2782 mobilier,
2508 2752 2618 2781 désire
2646 2752 2765 2782 union-
2783 2760 2865 2782 avec
2897 2754 3098 2785 demoiselle
3124 2764 3168 2785 ou

2265 2796 2372 2818 veuve
2387 2789 2426 2818 36
2442 2792 2459 2819 à
2475 2791 2513 2820 46
2529 2798 2600 2826 ans,
2616 2794 2718 2828 ayant
2733 2792 2909 2822 situation.
2925 2809 2943 2814 -
2957 2793 2986 2822 N
2992 2801 2997 2807 -
3015 2794 3106 2824 5010.

2305 2856 2510 2886 Demoiselle
2525 2856 2637 2886 bonne
2653 2857 2791 2893 famille,
2815 2859 2854 2888 40
2880 2867 2952 2895 ans,
2970 2860 3166 2897 paraissant

2261 2895 2379 2932 jeune,
2398 2896 2521 2925 femme
2536 2896 2747 2933 d’intérieur,
2766 2897 2986 2934 affectueuse,
3014 2902 3164 2937 épouse¬

2264 2934 2331 2963 rait
2346 2934 2476 2965 officier
2492 2944 2536 2965 ou
2552 2936 2804 2967 fonctionnaire
2831 2939 2981 2976 sérieux,
3012 2939 3051 2970 40
3078 2942 3095 2970 à
3125 2941 3165 2970 45

2264 2983 2336 3004 ans.
2353 2991 2373 2996 -
2388 2975 2417 3005 N
2445 2976 2536 3006 5011.

2303 3038 2542 3067 Sous-officier
2557 3038 2597 3067 de
2614 3039 2777 3069 carrière.
2805 3041 2844 3071 30
2866 3049 2939 3077 ans,
2957 3041 3162 3078 affectueux,

2264 3076 2419 3108 aimable,
2438 3079 2634 3109 économies
2652 3080 2762 3109 10.000
2780 3080 2832 3115 fr.,
2861 3082 3003 3111 retraite
3034 3083 3116 3112 dans
3146 3084 3164 3112 2

2263 3125 2335 3148 ans,
2353 3119 2549 3153 épouserait
2566 3118 2765 3149 demoiselle
2781 3120 2947 3152 situation
2964 3130 3006 3152 en
3024 3126 3163 3162 rapport

2264 3165 2307 3187 ou
2324 3158 2544 3188 institutrice.
2564 3174 2581 3180 -
2595 3159 2624 3189 N
2630 3168 2636 3174 -
2653 3160 2743 3189 5012.

2300 3220 2410 3250 Jeune
2425 3220 2493 3250 fille
2508 3221 2546 3250 26
2563 3229 2635 3255 ans,
2651 3222 2727 3251 bien
2745 3223 3019 3262 physiquement,
3051 3225 3160 3255 douce

2262 3262 2295 3288 et
2307 3260 2474 3295 sérieuse,
2488 3259 2736 3292 fonctionnaire
2751 3253 2868 3296 d’É'at,
2884 3264 3160 3303 appointements

2259 3300 2280 3328 6
2294 3299 2353 3328 000
2395 3300 2450 3336 fr.,
2494 3302 2690 3331 économies
2731 3303 2824 3333 6.000
2853 3304 2908 3339 fr.,
2954 3309 3160 3342 espérances

2260 3339 2373 3369 20.000
2388 3339 2442 3375 fr.,
2473 3342 2670 3379 épouserait
2700 3343 2876 3374 monsieur
2904 3346 2944 3373 27
2970 3346 2989 3374 à
3017 3346 3056 3375 38
3085 3354 3158 3381 ans,

2263 3379 2425 3410 situation
2441 3380 2524 3410 sûre
2538 3389 2582 3410 en
2596 3386 2748 3421 rapport,
2768 3399 2785 3405 -
2799 3384 2841 3414 N-
2857 3385 2948 3415 5013.

2298 3446 2504 3477 Demoiselle
2526 3448 2564 3477 30
2580 3456 2652 3484 ans,
2682 3449 2794 3480 bonne
2823 3451 2961 3487 famille,
2992 3451 3159 3490 physique

2259 3486 2432 3524 agréable,
2450 3487 2674 3525 musicienne,
2694 3491 2803 3520 bonne
2819 3491 3037 3526 instruction,
3055 3494 3159 3528 épou¬

2259 3525 2364 3555 serait
2380 3528 2556 3557 monsieur
2572 3530 2710 3559 sérieux
2726 3534 2827 3567 ayant
2843 3539 2909 3561 une
2925 3531 3038 3561 bonne
3055 3532 3157 3562 situa¬

2261 3565 2347 3601 tion,
2365 3565 2546 3597 industriel
2563 3575 2606 3598 ou
2623 3570 2908 3601 administration.
2926 3587 2945 3593 -
2960 3572 3000 3601 N-
3017 3572 3106 3601 5016.

2297 3629 2538 3659 Sous-officier
2553 3632 2704 3669 retraité,
2728 3633 2767 3662 50
2795 3641 2869 3666 ans,
2898 3634 2990 3663 2.200
3020 3634 3075 3667 fr.,
3104 3634 3161 3664 bel

2256 3667 2436 3702 intérieur,
2454 3678 2500 3699 un
2516 3678 2643 3708 garçon
2671 3673 2754 3702 dans
2783 3673 2990 3710 pharmacie,
3023 3674 3090 3704 fille
3122 3676 3160 3704 13

2258 3717 2317 3737 ans
2334 3716 2376 3737 en
2392 3710 2548 3748 pension,
2564 3713 2762 3750 épouserait
2773 3713 2970 3743 demoiselle
2987 3721 3030 3743 ou
3050 3723 3158 3744 veuve

2257 3748 2320 3786 âge
2337 3751 2370 3778 et
2386 3749 2546 3779 situation
2564 3759 2605 3781 en
2624 3759 2774 3791 rapport.
2791 3769 2808 3776 -
2824 3755 2852 3783 N
2881 3754 2971 3783 5018.

2295 3812 2501 3841 Demoiselle
2515 3813 2554 3842 33
2570 3821 2640 3844 ans.
2659 3816 2716 3844 dot
2739 3816 2851 3846 15.000
2880 3816 2933 3848 fr.,
2963 3815 3042 3845 bien
3072 3825 3154 3847 sous

2254 3853 2424 3889 rapports,
2455 3854 2652 3889 épouserait
2688 3855 2938 3886 fonctionnaire
2977 3856 3082 3886 d’Etat
3109 3865 3153 3888 ou

2254 3891 2332 3921 veuf
2348 3890 2496 3928 fortuné,
2514 3893 2577 3931 âge
2593 3903 2659 3933 peu
2675 3895 2832 3934 importe.
2850 3913 2869 3918 -
2884 3897 2912 3925 N
2942 3896 3032 3930 5019,

2294 3949 2498 3980 Demoiselle
2516 3952 2639 3983 femme
2664 3954 2705 3983 de
2728 3954 2900 3987 chambre,
2916 3955 2956 3983 34
2971 3962 3043 3990 ans,
3060 3956 3153 3985 3.000

2254 3988 2295 4017 fr.
2324 3990 2532 4024 économies,
2572 3993 2666 4023 avoir
2706 3995 2805 4031 après
2847 3997 2998 4032 parents,
3039 3995 3152 4026 désire

2253 4029 2405 4062 mariage
2448 4039 2530 4061 avec
2570 4032 2746 4063 monsieur
2784 4033 2847 4071 âge
2887 4033 3094 4064 indifférent.
3140 4052 3152 4057 -

2252 4069 2292 4097 N-
2310 4068 2400 4099 5022.

2290 4135 2502 4168 Institutrice
2518 4138 2615 4174 libre,
2632 4141 2672 4169 32
2687 4147 2759 4175 ans,
2785 4139 2995 4177 parisienne,
3027 4141 3148 4177 brune,

2250 4183 2378 4213 garçon
2393 4178 2412 4206 5
2428 4186 2500 4211 ans,
2519 4179 2708 4209 recherche
2725 4187 2810 4210 pour
2834 4179 2983 4217 mariage
3013 4180 3151 4210 homme

2250 4216 2291 4244 de
2321 4224 2426 4251 cœur,
2454 4218 2655 4249 sentiments
2683 4218 2835 4253 délicats,
2853 4219 2909 4256 qui
2932 4218 3032 4249 ferait
3047 4222 3150 4250 situa¬

2248 4255 2331 4291 tion,
2348 4256 2411 4295 âge
2426 4257 2632 4294 indifférent,
2650 4259 2866 4288 seconderait
2882 4259 2963 4287 dans
2980 4267 3147 4290 commer¬

2248 4303 2298 4330 ce,
2316 4295 2500 4328 habiterait
2517 4300 2544 4328 la
2562 4306 2760 4336 campagne.
2778 4314 2796 4319 -
2813 4299 2841 4328 N
2847 4307 2853 4313 -
2870 4298 2949 4328 5023

2285 4364 2395 4394 Jeune
2410 4365 2545 4395 homme
2561 4365 2599 4395 23
2615 4373 2687 4399 ans,
2700 4365 2800 4399 brun,
2814 4365 2964 4400 sérieux,
2983 4366 3147 4398 situation

2246 4403 2339 4433 7.800
2354 4403 2409 4441 fr.,
2434 4405 2707 4434 administration
2736 4406 2864 4439 Maroc,
2896 4405 3009 4436 désire
3038 4408 3145 4438 union

2245 4451 2328 4473 avec
2339 4445 2445 4482 jeune
2461 4445 2529 4474 fille
2545 4445 2583 4473 18
2598 4447 2616 4474 à
2630 4445 2670 4474 23
2685 4452 2757 4479 ans,
2775 4460 2812 4466 —
2827 4445 2857 4474 N
2862 4453 2868 4460 -
2886 4445 2976 4475 5028.

2284 4511 2487 4541 Célibataire
2501 4511 2539 4540 35
2555 4518 2626 4546 ans,
2653 4511 2792 4545 aimant,
2809 4512 2960 4546 instruit,
2978 4512 3143 4544 situation

2244 4550 2387 4580 libérale
2428 4550 2691 4588 indépendante,
2723 4550 2778 4580 bel
2808 4552 2912 4588 avoir,
2946 4554 3145 4590 épouserait

2242 4597 2417 4628 personne
2433 4592 2504 4619 très
2521 4589 2680 4623 aimante,
2698 4590 2773 4627 âge.
2791 4592 2918 4628 enfant,
2936 4595 3022 4629 tare,
3042 4596 3143 4625 anté¬

2243 4630 2383 4659 cédents
2398 4629 2624 4659 indifférents.
2638 4645 2677 4650 —
2690 4631 2720 4659 N
2725 4638 2730 4644 -
2749 4630 2840 4661 5006.

2280 4688 2389 4717 Jeune
2419 4687 2517 4716 dame
2543 4686 2583 4715 30
2607 4695 2680 4720 ans,
2711 4695 2836 4725 garçon
2867 4690 2885 4719 4
2913 4698 2985 4723 ans,
3016 4692 3138 4727 brune,

2241 4730 2505 4763 commerçante,
2524 4727 2686 4760 dévouée,
2704 4727 2924 4763 affectueuse,
2940 4735 3039 4768 ayant
3054 4732 3139 4763 inté¬

2240 4767 2345 4801 rieur,
2363 4774 2442 4796 sans
2458 4766 2606 4801 fortune,
2624 4769 2821 4805 épouserait
2846 4771 3023 4801 monsieur
3052 4774 3090 4803 35
3121 4776 3138 4803 à

2238 4806 2278 4834 50
2293 4813 2365 4840 ans,
2384 4809 2486 4843 ayant
2501 4806 2662 4836 situation
2679 4807 2771 4837 sûre.
2788 4825 2826 4831 —
2842 4810 2882 4840 N’
2900 4811 2989 4841 5031.

368 4905 481 4933 Veuve
496 4904 535 4933 43
551 4912 622 4936 ans,
636 4913 715 4934 sans
729 4907 856 4941 enfant,
872 4908 1008 4941 fortune
1023 4913 1156 4945 280.000
1171 4918 1224 4952 fr.,

328 4951 475 4974 revenus
491 4944 603 4973 20.000
619 4944 659 4973 fr.
674 4952 736 4981 par
759 4954 813 4980 an,
837 4949 1036 4984 épouserait
1052 4957 1227 4986 monsieur

328 4986 429 5021 ayant
441 4983 525 5022 jolie
542 4984 702 5014 situation
720 4992 763 5015 ou
780 4985 927 5018 fortune.
944 5004 964 5011 -
979 4992 1007 5021 N
1013 4999 1018 5005 -
1035 4992 1123 5023 2100.

365 5042 547 5080 Disposant
576 5042 653 5070 d’un
670 5042 802 5072 certain
817 5044 940 5081 capital
966 5048 1004 5084 je
1029 5049 1224 5082 m’intéres¬

325 5082 417 5111 serai
432 5083 450 5112 à
466 5080 584 5111 affaire
597 5081 752 5112 sérieuse
769 5084 788 5112 à
803 5083 922 5113 lancer
935 5092 1084 5123 pouvant
1094 5090 1223 5122 donner

325 5129 405 5159 gros
420 5121 604 5152 bénéfices.
622 5122 648 5151 Il
665 5129 708 5151 ne
720 5130 796 5152 sera
806 5124 959 5159 répondu
969 5127 1091 5163 qu’aux
1103 5129 1221 5161 lettres

325 5161 550 5200 susceptibles
566 5162 800 5193 d’intéresser.
816 5179 835 5185 -
850 5164 893 5193 N°
907 5164 996 5195 4947.

1322 4870 1407 4900 Veuf
1422 4872 1459 4901 45
1475 4880 1547 4907 ans,
1573 4877 1777 4912 protestant.
1795 4876 1808 4904 1
1827 4875 1944 4906 enfant
1959 4877 1977 4907 9
1993 4885 2065 4906 ans.
2092 4876 2182 4906 fonc¬

1283 4909 1463 4945 tionnaire,
1500 4913 1661 4944 situation
1690 4915 1783 4944 6.000
1799 4915 1852 4947 fr.,
1878 4917 1974 4945 avoir
2001 4916 2111 4946 10.000
2127 4917 2180 4950 fr.,

1282 4951 1478 4983 épouserait
1506 4952 1705 4983 demoiselle
1732 4962 1776 4983 ou
1805 4963 1914 4985 veuve
1942 4956 1980 4985 33
2012 4959 2029 4985 à
2053 4956 2093 4984 42
2112 4963 2177 4986 ans

1281 4989 1442 5020 situation
1459 4999 1501 5021 en
1519 4996 1668 5031 rapport.
1680 5010 1693 5015 -
1712 4995 1752 5023 N-
1770 4994 1859 5024 5001.

1317 5052 1407 5082 Veuf
1417 5053 1457 5081 58
1472 5061 1543 5086 ans,
1573 5055 1778 5093 catholique,
1807 5057 1886 5086 bien
1918 5064 1999 5087 sous
2029 5060 2106 5086 tous
2131 5058 2179 5087 les

1279 5094 1447 5129 rapports,
1465 5093 1559 5122 avoir
1573 5095 1686 5125 60.000
1702 5096 1741 5125 fr.
1767 5096 1965 5134 épouserait
1983 5097 2177 5135 catholique

1277 5131 1504 5169 pratiquante,
1535 5134 1757 5173 affectueuse,
1787 5137 1886 5175 goûts
1903 5137 2054 5176 simples,
2073 5137 2177 5168 situa¬

1278 5172 1348 5201 tion
1364 5179 1407 5202 en
1424 5176 1574 5211 rapport.
1592 5175 1632 5204 N-
1648 5175 1736 5205 5002.

2277 4873 2386 4901 Jeune
2412 4880 2532 4906 veuve,
2564 4873 2683 4906 douce,
2709 4875 2930 4912 affectueuse,
2949 4879 3137 4910 sentimen¬

2238 4911 2318 4945 tale,
2333 4912 2444 4941 désire
2454 4915 2706 4945 correspondre
2723 4924 2805 4947 avec
2818 4919 2993 4948 monsieur
3007 4920 3046 4949 30
3062 4929 3139 4955 ans,

2237 4951 2442 4987 gentleman,
2491 4955 2591 4988 ayant
2633 4962 2828 4987 commerce
2872 4966 2915 4988 ou
2960 4959 3138 4993 situation,

2237 4990 2373 5027 dispose
2389 4991 2524 5029 photos.
2540 5009 2579 5013 —
2592 4994 2631 5024 N-
2644 4995 2734 5025 5032.

2275 5057 2480 5088 Demoiselle
2509 5060 2547 5089 26
2572 5068 2643 5092 ans.
2671 5061 2796 5092 femme
2810 5059 3024 5102 d’in^ri-«ur.
3042 5065 3135 5099 gaie,

2233 5097 2458 5134 musicienne,
2472 5099 2529 5129 dot
2545 5098 2675 5132 100.000
2692 5103 2762 5140 fr.,>
2775 5108 2996 5143 espérances,
3028 5108 3134 5144 épou¬

2233 5137 2339 5166 serait
2359 5139 2534 5169 monsieur
2550 5141 2699 5178 sérieux,
2718 5143 3072 5180 docteur,,ihdustriel
3088 5152 3135 5176 ou

2232 5182 2475 5216 commerçant.
2494 5197 2530 5201 —
2546 5182 2586 5211 N-
2599 5183 2691 5213 5034.
