2472 3696
1236 355 1287 361 -
1315 331 1340 372 4
1370 356 1420 362 -

821 452 1813 497 Aboivivemieivts

443 541 720 590 Trois
767 548 982 591 mois
1012 551 1048 588 ..
1113 549 1207 589 ^5
1265 563 1285 587 »
1317 549 1322 589 i
1359 550 1489 593 six
1528 550 1972 592 mois.
2035 549 2129 590 25
2188 560 2209 586 »

440 601 807 646 QUATRE
840 602 1056 645 MOIS
1114 602 1209 644 -1S
1268 617 1287 641 »
1318 587 1323 645 I
1363 604 1472 645 UN
1538 606 1971 646 AN.
2035 603 2130 644 45
2189 615 2208 639 »

485 697 832 732 L’abonnement
852 699 998 732 donne
1023 698 1141 732 droit
1165 708 1172 731 :

491 757 528 790 1°
558 758 586 790 A
609 757 852 792 l’insertion
875 757 1005 792 d’une
1038 765 1242 792 annonce
1266 760 1320 793 de
1341 758 1402 794 30
1425 761 1551 793 mots.
1575 760 1599 793 Il
1625 760 1693 793 est
1725 767 1860 800 perçu
1889 758 1992 792 0.20
2014 766 2095 798 par
2122 760 2210 792 mot

432 803 822 846 supplémentaire
848 807 892 839 et
913 805 937 838 2
964 805 1021 839 fr.
1061 814 1175 846 pour
1196 807 1494 849 changement
1516 805 1762 841 d’annonce
1786 808 1900 840 dans
1927 808 1965 839 le
1993 814 2130 840 cours
2152 808 2206 839 de

430 849 782 887 l’abonnement.
814 853 893 886 Les
916 853 1119 887 abonnés
1143 851 1354 888 désireux
1378 856 1432 888 de
1457 862 1510 888 ne
1536 862 1617 895 pas
1642 856 1801 888 mettre
1824 855 2072 887 d’annonce
2104 861 2206 894 per¬

430 901 637 934 sonnelle
659 904 821 943 payent
843 909 899 933 un
922 899 1207 942 supplément
1229 903 1281 936 de
1304 902 1328 935 2
1350 901 1413 938 fr.
1442 910 1525 943 par
1548 903 1657 936 mois
1675 909 1684 943 ;

483 959 525 993 2°
546 963 573 994 A
605 958 759 994 l’envoi
790 960 957 1001 gratuit
980 964 1034 993 du
1057 960 1261 1003 journal;

480 1019 524 1052 3»
547 1021 606 1053 Au
631 1020 811 1054 service
831 1020 884 1052 de
916 1020 953 1053 la
978 1022 1395 1062 correspondance.

483 1078 598 1112 Pour
636 1078 883 1113 s’abonner
904 1087 1113 1120 envoyer,
1137 1089 1189 1114 en
1229 1081 1413 1114 mandat
1443 1089 1496 1114 ou
1538 1081 1620 1115 bon
1663 1081 1804 1125 poste,
1843 1081 1881 1114 le
1918 1082 2118 1114 montant
2149 1080 2205 1113 de

421 1125 433 1168 j
461 1126 765 1161 abonnement
816 1125 969 1161 désiré
1009 1135 1062 1161 en
1096 1128 1298 1162 donnant
1323 1129 1359 1162 le
1380 1130 1495 1163 texte
1522 1130 1577 1163 de
1609 1127 1838 1163 l’annonce
1869 1126 1893 1161 è
1919 1126 2102 1162 insérer
2131 1128 2204 1168 qui

429 1173 521 1208 doit
541 1174 639 1208 être
666 1172 763 1209 très
784 1176 1003 1209 correcte.

480 1233 536 1266 En
561 1234 720 1267 retour
743 1232 946 1267 l’abonné
980 1234 1120 1276 reçoit
1143 1236 1195 1269 de
1216 1236 1334 1270 suite
1359 1244 1415 1269 un
1441 1234 1629 1270 numéro
1652 1235 1833 1269 d’ordre
1857 1235 1929 1276 qui
1955 1235 2010 1269 lui
2032 1235 2206 1276 permet

429 1280 487 1314 de
515 1282 857 1322 correspondre
885 1289 994 1315 avec
1020 1282 1086 1316 les
1109 1284 1268 1317 autres
1300 1281 1517 1317 abonnés.

471 1408 1025 1479 MANIÈRE
1066 1424 1170 1479 de
1209 1424 2171 1483 CORRESPONDRE

477 1558 643 1596 Insérez
674 1560 713 1596 la
750 1560 873 1596 lettre
903 1560 1092 1597 destinée
1121 1560 1144 1596 à
1174 1561 1337 1608 chaque
1365 1562 1531 1599 abonné
1561 1562 1663 1599 dont
1691 1572 1798 1599 vous
1835 1571 1935 1597 avez
1972 1561 2200 1608 remarqué

427 1606 649 1644 l’annonce
672 1608 776 1644 dans
793 1618 877 1644 une
899 1608 1133 1655 enveloppe
1152 1619 1227 1645 sur
1245 1610 1427 1656 laquelle
1447 1620 1555 1648 vous
1581 1610 1792 1647 inscrivez
1816 1609 1901 1646 très
1925 1609 2199 1650 lisiblement,

426 1655 449 1690 à
491 1655 689 1692 l’endroit
718 1655 771 1692 où
806 1655 895 1692 doit
934 1655 1023 1692 être
1064 1656 1171 1693 collé
1211 1657 1248 1693 le
1281 1657 1446 1702 timbre,
1485 1659 1520 1694 le
1557 1658 1735 1694 numéro
1773 1658 1823 1693 de
1856 1658 1894 1694 la
1930 1666 2142 1704 personne
2178 1657 2201 1692 à

426 1702 614 1749 laquelle
636 1702 713 1739 elle
734 1703 800 1739 est
821 1703 1026 1740 destinée.

474 1750 644 1796 Joignez
666 1751 833 1787 ensuite
851 1752 962 1787 cette
984 1761 1037 1787 ou
1063 1761 1131 1787 ces
1162 1753 1422 1799 enveloppes
1442 1753 1466 1789 à
1488 1762 1543 1788 un
1567 1752 1683 1789 billet
1705 1753 1878 1799 portant
1902 1752 2021 1788 votre
2045 1761 2198 1797 propre

426 1798 605 1834 numéro
633 1808 734 1835 avec
753 1807 830 1835 vos
867 1808 966 1834 nom
1004 1800 1045 1834 et
1077 1800 1250 1836 adresse
1280 1809 1326 1836 —
1364 1800 1467 1837 ceci
1494 1798 1595 1836 afin
1623 1803 1680 1837 de
1702 1810 1823 1837 nous
1848 1800 2117 1844 permettre
2140 1801 2198 1835 de

424 1854 548 1882 nous
570 1854 779 1882 assurer
814 1847 872 1881 de
903 1846 1262 1884 l’authenticité
1294 1849 1382 1884 des
1421 1845 1739 1892 expéditeurs
1761 1869 1805 1873 —
1827 1852 1868 1883 et
1902 1849 2133 1884 contenant
2160 1848 2199 1883 la

424 1902 589 1929 somme
624 1893 867 1929 nécessaire
898 1894 921 1929 à
948 1894 1393 1932 1’atFranchissement.
1428 1896 1588 1932 Glissez
1616 1896 1652 1932 le
1683 1898 1777 1932 tout
1805 1896 1909 1932 dans
1947 1904 2030 1931 une
2075 1897 2197 1931 autre

424 1940 660 1987 enveloppe
674 1950 757 1987 que
768 1950 875 1977 vous
895 1951 1093 1989 envoyez,
1110 1942 1357 1986 affranchie,
1379 1943 1403 1979 à
1422 1943 1820 1982 XIntermédiaire
1835 1943 1898 1980 du
1922 1943 2071 1988 Foyer
2076 1969 2083 1986 ,
2108 1941 2195 1988 qui,

426 1988 612 2025 aussitôt
632 1998 749 2032 reçu,
773 1990 985 2026 transmet
1005 1990 1040 2025 le
1060 1992 1244 2027 contenu
1272 2000 1353 2027 aux
1375 1990 1622 2028 intéressés.

474 2037 526 2072 La
554 2036 786 2072 discrétion
821 2036 858 2072 la
899 2037 995 2082 plus
1023 2037 1197 2074 absolue
1228 2048 1272 2074 se
1314 2040 1465 2076 trouve
1501 2039 1609 2075 ainsi
1650 2037 1835 2081 assurée,
1877 2038 1937 2074 les
1968 2036 2196 2073 intéressés

423 2085 552 2129 ayant
587 2083 678 2120 seul
714 2084 752 2120 la
785 2083 941 2121 faculté
985 2084 1034 2120 de
1070 2084 1170 2121 faire
1214 2086 1429 2122 connaître
1470 2087 1493 2122 à
1525 2087 1640 2122 leurs
1672 2086 2035 2131 correspondants
2080 2085 2196 2120 leurs

422 2140 545 2168 noms
575 2133 614 2167 et
642 2131 838 2168 adresses
857 2143 864 2175 ;
896 2131 945 2168 de
969 2134 1083 2168 sorte
1113 2142 1207 2178 que,
1233 2133 1268 2169 si
1297 2133 1422 2179 après
1445 2144 1501 2170 un
1529 2133 1718 2180 échange
1745 2144 1799 2170 ou
1829 2133 1940 2169 deux
1962 2133 2011 2168 de
2034 2132 2194 2176 lettres,

421 2178 483 2215 les
510 2179 621 2215 deux
642 2179 773 2224 partis
796 2180 1038 2216 constatent
1058 2180 1179 2225 qu’ils
1201 2190 1252 2216 ne
1269 2184 1455 2226 peuvent
1482 2191 1525 2217 se
1548 2181 1752 2218 convenir
1773 2181 1800 2217 il
1824 2180 1916 2216 leur
1938 2181 2002 2217 est
2030 2179 2195 2215 loisible

422 2225 471 2261 de
511 2236 655 2262 cesser
694 2226 786 2262 leur
820 2227 1197 2272 correspondance,
1235 2229 1344 2265 tout
1382 2237 1441 2265 en
1480 2230 1679 2266 restant
1726 2230 1964 2266 inconnus
2003 2226 2098 2264 l’un
2137 2229 2194 2263 de

420 2274 612 2310 l’autre.
635 2275 690 2310 De
719 2272 872 2315 même,
894 2274 999 2311 dans
1021 2275 1057 2309 le
1079 2285 1149 2312 cas
1171 2277 1398 2319 contraire,
1426 2277 1479 2312 ils
1510 2277 1693 2322 peuvent
1714 2287 1757 2313 se
1779 2277 1943 2312 donner
1968 2275 2196 2311 mutuelle¬

421 2324 536 2357 ment
568 2321 661 2357 leur
699 2321 871 2358 adresse
912 2322 1053 2367 quand
1091 2323 1141 2358 ils
1184 2324 1220 2359 le
1248 2325 1400 2370 jugent
1439 2325 1461 2359 à
1492 2333 1651 2370 propos
1672 2326 1715 2360 et
1748 2323 2063 2369 correspondre
2085 2322 2194 2358 ainsi

423 2369 704 2405 directement
724 2368 929 2413 entr’eux,
955 2379 1054 2406 sans
1076 2380 1228 2416 passer
1248 2381 1325 2418 par
1346 2371 1694 2408 l’intermédiaire
1716 2371 1770 2408 du
1789 2371 1974 2417 journal.

675 2521 1303 2577 OBSERVATIONS
1377 2523 1953 2579 IMPORTANTES

470 2658 494 2693 I.
515 2658 589 2692 Nul
610 2666 662 2693 ne
677 2659 780 2697 peut
795 2657 969 2693 utiliser
986 2660 1051 2693 les
1068 2660 1273 2694 services
1290 2661 1345 2695 du
1367 2660 1544 2702 journal
1564 2668 1673 2695 sans
1694 2660 1791 2695 être
1806 2658 1991 2694 abonné.
2014 2659 2193 2692 Aucune

419 2707 818 2747 correspondance
850 2715 987 2749 reçue
1015 2708 1116 2741 d’un
1155 2709 1327 2742 lecteur
1358 2708 1641 2742 occasionnel
1680 2717 1734 2742 ne
1756 2716 1864 2742 sera
1897 2709 2011 2742 donc
2039 2709 2193 2741 trans¬

424 2756 537 2788 mise
560 2752 584 2787 à
615 2762 670 2787 un
702 2752 890 2789 abonné.

466 2814 513 2849 II.
549 2813 601 2847 La
625 2813 839 2854 politesse
867 2814 1009 2856 oblige
1039 2816 1132 2848 tout
1156 2813 1331 2849 abonné
1357 2817 1570 2849 recevant
1591 2823 1678 2849 une
1703 2815 1834 2848 lettre
1856 2811 1881 2848 è
1905 2823 1930 2856 y
1950 2813 2192 2854 répondre.

421 2862 501 2895 Les
523 2869 781 2902 personnes
810 2860 978 2902 gênées
1009 2870 1124 2902 pour
1154 2863 1190 2896 le
1217 2862 1333 2896 faire
1363 2864 1556 2903 peuvent
1585 2860 1850 2897 s’adresser
1878 2861 1901 2896 â
1934 2870 2048 2897 nous
2079 2870 2194 2903 pour

417 2909 511 2942 cela
534 2916 587 2942 en
625 2910 788 2950 payant
813 2909 917 2943 0.50
938 2917 1022 2950 par
1045 2910 1171 2943 lettre
1193 2907 1218 2943 à
1241 2918 1448 2952 envoyer.

465 2968 521 3001 III.
557 2970 689 3002 Toute
711 2968 933 3003 demande
957 2969 1009 3002 de
1046 2969 1439 3011 renseignements
1463 2969 1552 3004 doit
1587 2968 1685 3004 être
1728 2967 2059 3011 accompagnée
2083 2967 2185 3003 d’un

418 3015 581 3049 timbre
605 3022 721 3055 pour
749 3017 786 3049 la
819 3013 1024 3057 réponse.

465 3075 517 3108 IV.
549 3072 630 3109 Dès
657 3073 789 3116 qu’un
829 3073 1005 3109 abonné
1046 3077 1115 3110 est
1148 3083 1200 3109 en
1242 3076 1339 3110 voie
1367 3077 1420 3111 de
1463 3076 1663 3118 mariage
1695 3075 1721 3109 11
1755 3084 1780 3110 a
1822 3075 1984 3111 intérêt
2014 3073 2038 3109 à
2074 3076 2191 3110 faire

418 3122 680 3163 supprimer
711 3131 792 3157 son
829 3130 1032 3157 annonce
1067 3122 1158 3157 afin
1189 3125 1243 3158 de
1266 3121 1447 3158 s’éviter
1481 3124 1533 3158 de
1558 3123 1768 3158 recevoir
1800 3124 1883 3158 des
1916 3131 2192 3165 correspon¬

420 3171 590 3203 dances
615 3169 817 3206 inutiles.

463 3229 509 3265 V.
543 3227 638 3262 Afin
674 3227 860 3263 d’éviter
889 3230 971 3263 des
1009 3237 1206 3264 erreurs
1237 3232 1281 3265 et
1319 3233 1369 3264 de
1404 3230 1598 3265 faciliter
1635 3231 1699 3265 les
1736 3231 2027 3270 recherches,
2068 3231 2092 3263 il
2123 3229 2193 3264 est

413 3274 731 3311 recommandé
752 3285 836 3310 aux
869 3275 1074 3311 abonnés
1108 3276 1312 3312 écrivant
1347 3276 1371 3311 à
1408 3279 1445 3311 la
1479 3278 1697 3312 Direction
1737 3280 1790 3311 de
1820 3277 2028 3319 toujours
2065 3277 2182 3311 faire

412 3323 568 3359 suivre
590 3324 714 3358 leurs
739 3332 837 3359 nom
860 3326 903 3358 et
922 3326 1117 3359 adresse
1141 3326 1194 3359 de
1223 3326 1322 3359 leur
1343 3323 1533 3360 numéro
1557 3324 1757 3360 d’ordre.
