2472 3696
742 465 1659 513 AB03V3VEME3VT
1667 464 1737 505 S

363 567 642 613 TROIS
688 563 971 609 MOIS...
1034 561 1132 604 -18
1186 573 1208 600 »
1237 558 1246 602 I
1281 556 1415 603 SIX
1452 556 1687 600 MOIS.
1728 583 1899 597 ...
1960 552 2058 597 30
2115 564 2142 592 »

362 620 730 671 QUATRE
762 617 979 662 MOIS
1028 615 1129 658 22
1188 627 1210 653 »
1238 599 1247 655 I
1285 612 1395 656 UN
1462 612 1897 654 AN..
1961 606 2058 651 55
2116 619 2139 646 »

408 717 763 755 L’abonnement
778 716 925 750 donne
948 711 1068 747 droit
1089 720 1099 745 :

414 779 453 815 1°
483 779 512 814 A
534 774 779 812 l’Insertion
800 773 931 808 d’une
963 776 1170 807 annonce
1193 770 1248 804 de
1270 766 1330 804 30
1354 767 1482 802 mots.
1504 765 1530 800 Il
1553 765 1624 801 est
1652 771 1791 807 perçu
1818 762 1922 798 0.30
1944 769 2028 805 par
2051 763 2145 798 mot

359 823 748 870 supplémentaire
775 822 819 858 et
839 821 864 856 2
889 820 936 854 fr
987 826 1104 860 pour
1124 815 1424 859 changement
1445 812 1692 848 d’annonce
1714 813 1831 847 dans
1856 811 1895 846 le
1924 817 2063 846 cours
2083 810 2143 844 de

361 871 712 910 l’abonnement.
741 871 821 904 Les
844 866 1049 903 abonnés
1072 864 1286 900 désireux
1308 864 1363 898 de
1387 869 1442 897 ne
1466 868 1548 904 pas
1572 861 1733 895 mettre
1756 859 2007 894 d’annonce
2036 865 2145 900 per¬

360 921 569 959 sonnelle
587 921 751 963 payent
772 925 831 952 un
850 912 1140 958 supplément
1158 913 1213 948 de
1233 911 1263 945 3
1281 911 1345 947 fr.
1371 916 1457 952 par
1477 908 1617 951 mois;

410 982 457 1017 2°
475 983 503 1017 A
534 978 692 1016 l’envol
718 976 887 1019 gratuit
908 979 964 1009 du
985 972 1192 1016 journal;

410 1041 459 1077 3°.
478 1041 539 1076 Au
564 1038 747 1075 service
762 1035 818 1071 de
847 1036 887 1070 la
910 1032 1330 1074 correspondance.

413 1101 533 1136 Pour
569 1097 818 1134 s’abonner
836 1100 1049 1135 envoyer,
1071 1099 1126 1126 en
1164 1090 1350 1125 mandat
1378 1095 1434 1123 ou
1473 1087 1557 1121 bon
1599 1084 1742 1130 poste,
1777 1085 1817 1119 le
1852 1083 2054 1119 montant
2086 1082 2146 1118 de

359 1150 376 1193 j
394 1146 701 1185 abonnement
750 1139 904 1178 désiré
944 1149 999 1176 en
1033 1139 1237 1175 donnant
1260 1138 1297 1172 le
1317 1138 1435 1172 texte
1460 1137 1516 1170 de
1547 1133 1776 1170 l’annonce
1805 1129 1831 1166 à
1856 1129 2042 1167 Insérer
2068 1130 2144 1172 qui

364 1196 458 1233 doit
476 1197 574 1231 être
599 1191 699 1229 très
717 1190 940 1227 correcte.

416 1256 475 1291 En
496 1255 657 1290 retour
678 1246 882 1286 l’abonné
916 1247 1058 1290 reçoit
1079 1247 1133 1280 de
1152 1245 1273 1280 suite
1296 1251 1353 1279 un
1378 1239 1567 1278 numéro
1589 1239 1771 1276 d’ordre
1793 1237 1867 1281 qui
1892 1238 1948 1273 lui
1969 1236 2149 1279 permet

367 1305 424 1340 de
453 1300 796 1343 correspondre
821 1304 932 1331 avec
957 1296 1025 1330 les
1045 1296 1206 1329 autres
1236 1288 1457 1327 abonnés.

404 1424 965 1503 MANIÈRE
1002 1434 1109 1495 de
1146 1433 1381 1494 COR
1388 1426 2112 1490 RESPONDRE

418 1579 587 1620 Insérez
617 1579 656 1615 la
693 1577 818 1614 lettre
846 1572 1038 1611 destinée
1064 1571 1090 1607 à
1120 1570 1287 1617 chaque
1313 1566 1480 1606 abonné
1508 1566 1612 1603 dont
1636 1574 1747 1603 vous
1782 1572 1883 1600 avez
1917 1561 2151 1610 remarqué

374 1631 595 1668 l’annonce
617 1626 723 1663 dans
738 1633 822 1661 une
844 1621 1080 1667 enveloppe
1098 1628 1175 1656 sur
1191 1616 1376 1665 laquelle
1393 1623 1506 1654 vous
1528 1613 1739 1651 inscrivez
1762 1611 1849 1649 très
1870 1610 2148 1651 lisiblement,

373 1680 397 1715 à
435 1675 635 1714 l’endroit
663 1671 718 1711 où
751 1671 841 1709 doit
878 1669 971 1706 être
1010 1666 1119 1705 collé
1156 1666 1195 1703 le
1227 1664 1394 1708 timbre,
1432 1663 1469 1700 le
1505 1662 1684 1700 numéro
1720 1661 1772 1697 de
1801 1660 1843 1697 la
1878 1667 2091 1706 personne
2125 1656 2151 1694 à

377 1724 561 1773 laquelle
582 1722 660 1760 elle
680 1721 747 1758 est
766 1716 974 1755 destinée.

420 1772 593 1819 Joignez
614 1768 782 1806 ensuite
800 1765 910 1802 cette
931 1773 986 1802 ou
1011 1771 1081 1799 ces
1111 1761 1373 1807 enveloppes
1392 1759 1416 1795 à
1438 1767 1495 1794 un
1517 1755 1634 1794 billet
1654 1755 1829 1802 portant
1852 1754 1973 1791 votre
1995 1761 2152 1799 propre

374 1821 556 1858 numéro
582 1827 684 1855 avec
701 1824 781 1853 vos
816 1822 915 1849 nom
953 1812 995 1848 et
1027 1810 1201 1847 adresse
1229 1817 1278 1844 —
1315 1805 1419 1844 ceci
1445 1803 1548 1842 afin
1573 1805 1632 1841 de
1652 1812 1775 1841 nous
1798 1802 2071 1847 permettre
2091 1801 2151 1837 de

374 1876 498 1907 nous
520 1872 731 1904 assurer
764 1863 822 1899 de
853 1854 1214 1897 l’authenticité
1245 1857 1334 1893 des
1372 1850 1693 1898 expéditeurs
1711 1871 1758 1878 —
1778 1853 1820 1885 et
1853 1849 2087 1886 contenant
2112 1848 2155 1884 la

375 1924 542 1954 somme
575 1910 820 1950 nécessaire
850 1909 874 1944 à
896 1904 1346 1944 l’affranchissement.
1380 1901 1541 1939 Glissez
1569 1900 1607 1937 le
1635 1900 1729 1936 tout
1757 1897 1862 1935 dans
1899 1905 1984 1933 une
2027 1896 2154 1933 autre

374 1963 612 2008 enveloppe
626 1969 709 2006 que
720 1965 827 1995 vous
846 1963 1046 2002 envoyez,
1062 1951 1312 1994 affranchie,
1332 1949 1356 1985 à
1376 1947 1774 1987 \'Intermédiaire
1789 1945 1852 1982 du
1870 1944 2026 1991 Foyer
2029 1971 2038 1988 ,
2062 1942 2152 1989 qui,

376 2010 564 2049 aussitôt
583 2017 702 2051 reçu,
724 2004 937 2042 transmet
956 2002 993 2039 le
1011 2002 1197 2038 contenu
1223 2007 1307 2036 aux
1326 1995 1576 2034 intéressés.

426 2060 480 2096 La
506 2055 741 2095 discrétion
775 2053 813 2089 la
853 2051 950 2098 plus
977 2048 1152 2086 absolue
1183 2056 1229 2084 se
1270 2047 1424 2083 trouve
1459 2043 1569 2080 ainsi
1608 2040 1793 2082 assurée,
1834 2040 1894 2077 les
1923 2036 2156 2076 intéressés

378 2108 509 2154 ayant
543 2103 638 2141 seul
669 2104 709 2139 la
741 2098 897 2137 faculté
939 2098 990 2134 de
1024 2095 1128 2133 faire
1169 2093 1388 2131 connaître
1426 2092 1451 2128 à
1481 2092 1598 2129 leurs
1628 2086 1994 2135 correspondants
2037 2086 2156 2122 leurs

379 2164 503 2193 noms
532 2155 572 2188 et
599 2151 798 2188 adresses
814 2157 823 2191 ;
853 2146 902 2182 de
926 2146 1041 2181 sorte
1070 2152 1166 2189 que,
1190 2142 1225 2178 si
1256 2139 1381 2188 après
1403 2149 1460 2177 un
1489 2137 1678 2184 échange
1704 2146 1758 2173 ou
1787 2135 1899 2172 deux
1920 2134 1971 2171 de
1992 2133 2154 2176 lettres,

378 2204 440 2240 les
467 2202 579 2238 deux
597 2197 733 2246 partis
753 2192 997 2232 constatent
1016 2191 1139 2238 qu’ils
1159 2199 1212 2225 ne
1228 2191 1416 2235 peuvent
1442 2196 1487 2224 se
1508 2184 1712 2223 convenir
1731 2184 1760 2220 il
1782 2182 1880 2218 leur
1897 2182 1963 2218 est
1987 2180 2158 2216 loisible

378 2250 428 2287 de
470 2256 614 2286 cesser
651 2246 745 2282 leur
778 2238 1163 2287 correspondance,
1196 2237 1306 2274 tout
1344 2243 1402 2273 en
1440 2233 1640 2272 restant
1684 2232 1923 2269 inconnus
1962 2227 2059 2266 l’un
2096 2228 2156 2265 de

380 2296 574 2344 l’autre.
594 2295 651 2332 De
679 2291 834 2332 même,
853 2290 960 2325 dans
981 2288 1019 2324 le
1039 2295 1111 2323 cas
1131 2285 1359 2325 contraire,
1386 2283 1441 2319 ils
1470 2281 1655 2328 peuvent
1674 2289 1717 2316 se
1738 2279 1904 2316 donner
1925 2275 2158 2314 mutuelle¬

382 2346 498 2383 ment
529 2343 623 2380 leur
659 2339 832 2378 adresse
871 2334 1013 2383 quand
1050 2333 1102 2370 ils
1142 2333 1180 2370 le
1207 2332 1360 2379 jugent
1397 2329 1421 2366 à
1452 2337 1611 2376 propos
1631 2328 1674 2364 et
1706 2323 2023 2372 correspondre
2045 2321 2156 2361 ainsi

382 2391 664 2430 directement
685 2385 890 2428 entr’eux,
914 2392 1014 2420 sans
1036 2389 1190 2428 passer
1209 2389 1287 2427 par
1305 2374 1656 2415 l’intermédiaire
1677 2374 1731 2410 du
1749 2372 1936 2420 journal.

633 2530 1261 2594 OBSERVATIONS
1334 2524 1912 2581 IMPORTANTES

430 2683 457 2719 I.
476 2681 552 2718 Nul
572 2687 625 2714 ne
638 2677 743 2717 peut
758 2673 932 2708 utiliser
948 2672 1015 2706 les
1031 2667 1238 2705 services
1254 2668 1311 2701 du
1331 2664 1510 2709 journal
1528 2671 1639 2698 sans
1657 2662 1756 2697 être
1769 2657 1956 2696 abonné.
1978 2659 2160 2693 Aucune

381 2725 784 2769 correspondance
815 2727 954 2763 reçue
980 2719 1082 2753 d’un
1120 2717 1295 2750 lecteur
1325 2711 1609 2749 occasionnel
1645 2717 1699 2745 ne
1721 2715 1830 2744 sera
1861 2708 1977 2743 donc
2004 2707 2161 2741 trans¬

384 2781 499 2814 mise
522 2774 547 2810 à
576 2782 633 2809 un
663 2767 854 2806 abonné.

431 2839 481 2874 II.
515 2836 570 2870 La
592 2832 808 2875 politesse
834 2827 978 2868 oblige
1006 2825 1102 2859 tout
1123 2818 1302 2857 abonné
1325 2819 1541 2854 recevant
1560 2823 1648 2851 une
1671 2817 1804 2851 lettre
1824 2813 1849 2849 à
1872 2823 1899 2858 y
1915 2812 2146 2853 répondre

381 2890 463 2922 Les
485 2886 745 2927 personnes
773 2872 942 2919 gênées
975 2880 1091 2913 pour
1119 2871 1156 2905 le
1183 2868 1300 2903 faire
1330 2866 1524 2909 peuvent
1552 2862 1819 2900 s’adresser
1844 2862 1869 2897 à
1900 2869 2016 2897 nous
2045 2867 2164 2903 pour

383 2934 480 2970 cela
502 2939 556 2967 en
590 2927 754 2971 payant
775 2924 880 2960 0.50
900 2928 986 2963 par
1006 2920 1135 2954 lettre
1156 2914 1183 2951 à
1205 2923 1416 2959 envoyer.

431 2993 491 3028 III.
525 2990 659 3025 Toute
681 2983 903 3021 demande
927 2982 981 3015 de
1017 2976 1413 3019 renseignements
1435 2972 1527 3008 doit
1559 2970 1659 3006 être
1699 2966 2031 3012 accompagnée
2054 2965 2159 3002 d’un

378 3041 544 3076 timbre
567 3043 683 3079 pour
710 3034 749 3068 la
780 3028 988 3072 réponse.

428 3100 483 3135 IV.
513 3094 596 3137 Dès
623 3092 757 3136 qu'un
795 3085 974 3124 abonné
1013 3086 1085 3121 est
1116 3091 1169 3118 en
1210 3081 1310 3117 voie
1335 3081 1390 3115 de
1432 3078 1633 3121 mariage
1664 3076 1691 3112 il
1724 3085 1751 3111 a
1790 3072 1954 3111 intérêt
1982 3072 2008 3109 à
2041 3073 2162 3110 faire

382 3145 647 3189 supprimer
679 3148 761 3176 son
798 3138 1016 3177 annonce,
1038 3131 1130 3168 afin
1161 3132 1215 3165 de
1238 3127 1421 3165 s’éviter
1454 3127 1508 3163 de
1530 3123 1742 3161 recevoir
1772 3124 1854 3159 des
1889 3129 2166 3164 correspon¬

383 3198 557 3231 dances
578 3190 783 3226 inutiles.

426 3255 474 3290 V.
509 3250 605 3287 Afin
640 3245 831 3283 d’éviter
855 3244 937 3277 des
976 3246 1172 3275 erreurs
1203 3237 1249 3272 et
1285 3237 1338 3270 de
1370 3234 1567 3270 faciliter
1603 3232 1668 3267 les
1703 3231 1998 3270 recherches,
2034 3228 2060 3263 il
2091 3230 2163 3264 est

383 3293 704 3338 recommandé
724 3301 809 3329 aux
841 3287 1046 3326 abonnés
1078 3284 1285 3321 écrivant
1319 3280 1345 3318 à
1379 3283 1419 3317 la
1450 3279 1670 3316 Direction
1708 3279 1765 3312 de
1793 3276 2005 3320 toujours
2040 3275 2161 3312 faire

384 3349 542 3386 suivre
564 3347 689 3381 leurs
714 3350 812 3377 nom
836 3340 879 3374 et
897 3338 1094 3372 adresse
1118 3334 1171 3369 de
1201 3333 1300 3366 leur
1320 3327 1512 3366 numéro
1533 3326 1729 3363 d’ordre.
