2472 3696
472 238 629 292 NE
679 239 911 294 PAS
962 235 1688 295 CONFONDRE
1732 253 1741 291 :
1788 238 2028 292 L'Œuvre

570 345 627 399 de
680 332 1266 408 L’INTERMÉDIAIRE,
1312 346 1406 408 25,
1452 345 1576 407 Quai
1619 346 1917 400 St-AiMne

637 456 667 507 à
699 455 848 523 Lyon,
881 455 968 509 n’a
994 469 1087 524 pas
1114 454 1171 508 de
1199 455 1507 516 Succursale,
1543 454 1600 508 ni
1626 447 1858 509 d’affiliés

987 570 996 577 -
1368 570 1419 577 •—
1778 572 1791 591 T
1840 569 1850 579 *

702 674 918 778 LE
994 674 1762 778 MARIAGE

1130 780 1170 813 '<•
1604 796 1614 813 \

936 833 1168 885 ASSURÉ
1198 844 1233 884 A
1265 843 1422 885 TOUS
1456 843 1572 884 PAR

557 977 591 1009 «
676 945 1837 1011 L’INTERMÉDIAIRE
1907 976 1943 1008 »

478 1197 496 1221 «
518 1182 969 1221 L’INTERMEDIAIRE
991 1196 1009 1224 »
1031 1187 1154 1225 n’est
1170 1196 1262 1235 pas
1286 1197 1378 1225 une
1400 1196 1581 1236 agence
1602 1186 1973 1225 matrimoniale
1985 1198 2000 1234 ;
2018 1187 2135 1225 c’est

368 1251 460 1280 une
482 1250 650 1280 œuvre
671 1240 811 1280 créée
828 1241 1246 1279 essentiellement
1256 1250 1387 1289 pour
1404 1241 1653 1280 favoriser
1673 1243 1719 1279 et
1737 1241 1956 1279 faciliter
1969 1241 2015 1280 le
2035 1250 2135 1280 ma¬

360 1295 503 1345 riage
542 1303 655 1335 entre
682 1309 905 1346 personnes
933 1297 1191 1343 honorables,
1227 1299 1247 1335 à
1275 1299 1345 1346 qui
1376 1298 1410 1335 le
1436 1310 1618 1347 manque
1647 1299 1696 1336 de
1726 1294 1919 1336 relations
1946 1294 2134 1343 impose

362 1349 486 1387 neuf
502 1349 597 1388 fois
616 1359 707 1387 sur
725 1349 811 1386 dix
830 1348 876 1387 le
898 1348 1092 1387 célibat.

475 1406 533 1442 En
568 1405 673 1452 effet,
715 1417 793 1446 que
829 1405 903 1442 fait
937 1405 975 1442 la
1010 1416 1212 1453 personne
1242 1405 1313 1454 qui
1350 1404 1479 1442 désire
1510 1416 1550 1441 se
1585 1405 1734 1442 marier
1759 1404 1775 1442 ?
1807 1404 1907 1442 Sauf
1937 1404 1986 1441 de
2022 1417 2130 1442 rares

366 1459 613 1508 exceptions,
647 1459 722 1496 elle
749 1459 969 1497 recherche
997 1459 1098 1496 dans
1121 1471 1196 1496 son
1226 1463 1452 1506 entourage
1475 1458 1579 1495 celui
1606 1470 1658 1495 ou
1689 1458 1787 1499 celle
1813 1460 1882 1507 qui
1914 1458 2002 1496 doit
2028 1458 2129 1496 faire

365 1525 437 1551 son
467 1513 668 1561 bonheur,
698 1518 738 1551 et
765 1519 938 1552 souvent
965 1513 1040 1551 elle
1067 1511 1283 1561 s’aperçoit
1311 1510 1518 1561 qu’aucun
1546 1513 1651 1561 parti
1678 1524 1729 1550 ne
1756 1513 1914 1561 répond
1940 1514 1961 1550 à
1990 1512 2127 1551 l’Idéal

363 1565 511 1616 qu’elle
545 1566 636 1605 s'est
670 1567 817 1615 formé,
862 1571 900 1604 et
933 1578 1023 1616 que,
1070 1567 1171 1605 dans
1208 1578 1266 1603 ses
1308 1567 1514 1613 relations,
1553 1567 1627 1604 elle
1664 1564 1728 1604 n'a
1773 1579 1933 1604 aucune
1973 1567 2129 1604 chance

363 1620 582 1659 d’aboutir.

473 1675 693 1713 Comment
722 1677 843 1713 sortir
875 1675 923 1712 de
953 1681 1055 1714 cette
1087 1676 1264 1724 impasse
1290 1674 1305 1712 ?
1336 1676 1368 1712 A
1400 1677 1471 1724 qui
1500 1680 1687 1712 raconter
1716 1686 1776 1712 ses
1806 1674 1945 1723 peines
1970 1674 1986 1712 ?
2022 1674 2130 1723 Trop

364 1734 548 1771 souvent,
579 1729 689 1766 hélas
715 1729 722 1766 !
748 1730 786 1767 la
811 1741 1027 1777 personne,
1056 1741 1108 1766 ne
1133 1729 1302 1768 sachant
1328 1731 1349 1767 à
1373 1728 1443 1778 qui
1468 1741 1506 1766 se
1528 1729 1692 1776 confier,
1724 1733 1854 1767 remet
1873 1730 1894 1766 à
1922 1728 2014 1777 plus
2038 1731 2125 1768 tard

367 1783 682 1824 lanécessiléde
701 1785 884 1830 prendre
896 1793 980 1820 une
992 1783 1398 1830 décision,espérant
1411 1784 1605 1828 toujours
1621 1784 1749 1828 qu'un
1770 1784 1961 1820 heureux
1980 1783 2131 1820 hasard

362 1834 402 1873 la
418 1836 639 1874 favorisera
669 1842 707 1874 et
738 1836 797 1873 lui
831 1841 1054 1884 permettra
1084 1836 1133 1873 dé
1164 1840 1404 1873 rencontrer
1435 1836 1471 1872 le
1503 1836 1609 1884 parti
1638 1836 1861 1882 rêvé.Mais,
1876 1835 2060 1884 pendant
2087 1849 2131 1874 ce

367 1897 510 1939 temps,
552 1890 606 1928 les
637 1891 766 1939 jours,
804 1890 858 1927 les
895 1891 1108 1937 semaines,
1144 1890 1199 1927 les
1233 1891 1338 1927 mois
1341 1901 1347 1907 -
1371 1895 1534 1938 passent
1570 1894 1609 1927 et
1638 1890 1666 1927 il
1699 1890 1830 1927 arrive
1867 1889 2128 1939 quelquefois

364 1957 444 1994 que
491 1944 694 1993 plusieurs
743 1945 891 1982 années
939 1942 1160 1982 s’écoulent
1210 1948 1332 1981 avant
1380 1955 1460 1992 que
1499 1941 1716 1982 l’occasion
1762 1949 1850 1983 tant
1891 1944 2046 1984 désirée
2088 1956 2130 1981 se

364 1999 563 2047 présente.

450 2053 740 2090 •Nombreuses
768 2054 861 2089 sont
887 2053 941 2089 les
964 2051 1146 2099 familles
1176 2052 1246 2100 qui
1273 2055 1343 2089 ont
1374 2053 1434 2089 été
1464 2051 1621 2100 privées
1649 2052 1697 2089 de
1727 2052 1765 2088 la
1793 2053 1876 2100 joie
1904 2053 1950 2089 de
1979 2053 2130 2089 marier

366 2108 472 2144 leurs
501 2106 677 2154 enfants,
707 2107 814 2144 leurs
845 2107 1037 2144 relations
1061 2117 1100 2143 se
1129 2107 1306 2143 bornant
1334 2106 1357 2143 à
1386 2118 1442 2144 un
1469 2106 1678 2153 voisinage
1711 2105 1913 2142 restreint.

470 2162 516 2198 Et
547 2160 738 2198 combien
765 2161 813 2198 de
841 2154 1000 2206 veuves',
1031 2160 1177 2207 jeunes
1202 2169 1360 2207 encore,
1393 2171 1432 2197 se
1467 2161 1657 2197 trouvant
1688 2160 1788 2197 dans
1819 2160 1852 2196 le
1884 2160 2017 2197 même
2046 2172 2122 2206 cas,

365 2213 480 2252 n'ont
502 2226 555 2262 pu
579 2226 619 2251 se
642 2214 838 2251 remarier
857 2214 869 2250 !
893 2213 1133 2262 Cependant
1152 2213 1247 2252 elles
1273 2213 1460 2251 auraient
1484 2226 1538 2262 pu
1563 2214 1674 2251 créer
1697 2226 1755 2250 un
1783 2225 1971 2251 nouveau
1994 2213 2123 2263 foyer,

367 2267 468 2305 faire
496 2269 530 2306 le
562 2268 753 2305 bonheur
780 2266 879 2306 d’un
912 2268 1061 2306 nouvel
1089 2269 1235 2316 époux,
1273 2272 1312 2306 et
1344 2268 1427 2306 être
1458 2267 1674 2305 heureuses
1709 2267 1993 2316 elles-mêmes,
2031 2268 2061 2305 si
2092 2269 2129 2308 le

365 2323 496 2359 destin
536 2322 624 2359 leur
655 2321 761 2359 avait
800 2322 953 2370 permis
986 2322 1035 2359 de
1067 2327 1308 2360 rencontrer
1345 2322 1448 2360 celui
1488 2322 1571 2370 qui,
1614 2333 1653 2359 se
1692 2324 1888 2359 trouvant
1927 2322 2127 2371 peut-être

366 2380 453 2413 tout
490 2376 579 2424 près
612 2373 759 2422 d’elles,
803 2375 1015 2413 cherchait
1045 2375 1274 2421 lui-même,
1308 2376 1358 2413 de
1395 2388 1468 2413 son
1507 2376 1608 2422 côté,
1648 2374 1767 2413 l’âme
1805 2387 1929 2413 sœur.
1969 2375 2019 2414 Et
2049 2388 2128 2425 que

368 2429 548 2467 fallait-il
581 2441 686 2477 pour
722 2442 800 2478 que
829 2425 867 2467 la
902 2429 1025 2467 chose
1056 2430 1209 2467 arrivât
1232 2429 1247 2467 ?
1287 2430 1351 2467 Un
1388 2430 1486 2476 rien,
1529 2441 1605 2468 une
1645 2429 1765 2469 tierce
1801 2440 2006 2478 personne
2040 2431 2121 2479 qui,

364 2483 687 2530 correspondant
712 2494 808 2520 avec
831 2486 919 2520 tous
946 2484 999 2520 les
1022 2484 1137 2529 deux,
1165 2483 1296 2521 aurait
1320 2496 1378 2532 pu
1403 2485 1458 2521 les
1483 2485 1625 2522 mettre
1653 2495 1705 2523 en
1730 2486 1912 2532 rapport.

471 2536 518 2574 Et
542 2536 597 2574 les
622 2537 766 2584 jeunes
796 2535 898 2574 filles
923 2536 939 2575 ?
967 2537 1007 2575 Si
1036 2536 1120 2575 Ton
1146 2536 1340 2586 envisage
1370 2538 1406 2576 la
1436 2537 1631 2576 situation
1663 2536 1787 2576 d’une
1815 2537 2050 2576 demoiselle
2076 2550 2125 2578 en

364 2588 437 2638 âge
465 2590 513 2628 de
544 2601 584 2627 se
611 2591 773 2635 marier,
784 2591 859 2628 elle
885 2596 942 2628 est
968 2603 1052 2628 non
1075 2592 1211 2629 moins
1224 2588 1409 2637 délicate;
1424 2588 1471 2627 la
1484 2591 1689 2628 retenue
1704 2589 1921 2638 imposée
1934 2599 2033 2638 par
2043 2599 2130 2628 son

357 2662 477 2691 sexe
496 2652 569 2691 lui
589 2652 799 2692 interdit
820 2654 951 2692 toute
976 2652 1238 2692 démarche
1254 2654 1585 2701 personnelle,
1616 2661 1653 2694 et
1689 2657 1762 2695 ,11e
1797 2663 1855 2696 est
1886 2657 2127 2695 fatalement

371 2710 630 2747 condamnée
656 2723 706 2747 au
739 2710 898 2755 célibat,
918 2711 950 2747 si
978 2710 1053 2747 elle
1080 2708 1145 2751 n’a
1163 2721 1233 2758 pas
1262 2710 1299 2747 la
1319 2710 1468 2756 grande
1486 2711 1640 2750 chance
1660 2711 1709 2749 de
1722 2715 1887 2749 trouver
1920 2710 2021 2748 dans
2053 2722 2125 2747 son

365 2768 590 2812 entourage
622 2763 837 2801 immédiat
873 2776 929 2801 un
962 2764 1067 2812 parti
1104 2763 1320 2802 conforme
1355 2766 1375 2802 à
1412 2776 1484 2802 son
1520 2765 1604 2813 âge,
1644 2766 1664 2802 à
1701 2777 1774 2802 son
1810 2777 1914 2812 rang
1944 2768 1983 2802 et
2017 2765 2037 2801 à
2068 2775 2127 2801 ses

362 2815 623 2865 aspirations.

480 2870 517 2908 Si
545 2876 647 2909 cette
669 2871 807 2909 bonne
834 2871 1000 2909 fortune
1026 2872 1082 2909 lui
1109 2876 1167 2909 est
1192 2872 1362 2920 refusée,
1393 2873 1469 2911 elle
1495 2878 1593 2922 peut
1620 2872 1720 2909 faire
1747 2871 1878 2921 appel,
1910 2872 2044 2920 parmi
2068 2883 2127 2911 ses

364 2922 692 2970 connaissances,
722 2926 743 2962 à
776 2937 857 2963 une
887 2937 1090 2974 personne
1119 2925 1166 2962 de
1195 2925 1332 2964 bonne
1362 2927 1525 2965 volonté
1561 2946 1611 2951 —
1646 2928 1677 2965 si
1711 2926 1786 2963 elle
1820 2937 1868 2962 en
1901 2930 2045 2965 trouve
2074 2946 2124 2950 —

364 2983 485 3025 ayant
522 2978 589 3015 des
630 2978 822 3016 relations
861 2991 965 3017 assez
997 2979 1191 3017 étendues
1230 2991 1336 3028 pour
1373 2981 1430 3018 lui
1471 2979 1570 3017 faire
1608 2984 1840 3017 contracter
1875 2992 1957 3019 une
1994 2978 2124 3019 union

364 3031 616 3069 convenable
639 3043 647 3076 ;
684 3032 787 3070 mais
821 3037 923 3071 cette
957 3034 1235 3071 intervention
1273 3033 1370 3072 d’un
1412 3034 1508 3072 tiers
1542 3033 1736 3071 bénévole
1779 3033 1879 3071 n’est
1921 3046 1992 3083 pas
2034 3045 2126 3072 sans

366 3085 574 3130 présenter
602 3084 649 3123 de
681 3098 824 3131 graves
856 3086 1183 3129 inconvénients,
1217 3088 1317 3126 dont
1347 3088 1383 3126 le
1415 3088 1604 3125 moindre
1634 3085 1810 3126 consiste
1841 3089 1861 3125 à
1893 3087 2127 3137 apprendre

365 3137 521 3176 bientôt
561 3151 640 3187 que
672 3136 935 3188 l’obligeante
977 3152 1179 3189 personne
1215 3142 1351 3190 répète
1385 3155 1404 3178 «
1424 3141 1519 3178 urbi
1553 3147 1588 3179 et
1625 3141 1714 3178 orbi
1737 3154 1754 3177 »
1798 3153 1887 3190 que,
1936 3154 2027 3180 sans
2068 3152 2126 3178 ses

363 3190 602 3229 démarches
631 3193 828 3240 réitérées,
859 3194 896 3232 la
920 3195 1047 3243 jeune
1074 3194 1167 3242 fille,
1201 3195 1301 3233 dont
1326 3196 1400 3234 elle
1426 3209 1446 3233 a
1473 3194 1567 3233 b.'en
1595 3195 1719 3233 voulu
1744 3194 1966 3244 s’occuper,
1994 3195 2128 3233 aurait

360 3244 482 3281 coiffé
511 3244 901 3286 Sainte-Catherine.
