<?xml version="1.0" encoding="UTF-8" standalone="yes"?>
<PcGts xmlns="http://schema.primaresearch.org/PAGE/gts/pagecontent/2013-07-15" xmlns:xsi="http://www.w3.org/2001/XMLSchema-instance" xsi:schemaLocation="http://schema.primaresearch.org/PAGE/gts/pagecontent/2013-07-15 http://schema.primaresearch.org/PAGE/gts/pagecontent/2013-07-15/pagecontent.xsd">
    <Metadata>
        <Creator>Transkribus</Creator>
        <Created>2019-11-10T21:10:59.318+01:00</Created>
        <LastChange>2019-11-10T21:16:55.423+01:00</LastChange>
        <Comments>
                Measurement unit: pixel
                PrimaryLanguage: English
                Language: FrenchStandard
                Producer: Transkribus
            </Comments>
        <TranskribusMetadata docId="236930" pageId="10470284" pageNr="100" tsid="19187841" status="IN_PROGRESS" userId="48236" imgUrl="https://files.transkribus.eu/Get?id=GTMHBPKZEXEQEVSFNKIBPMAC&amp;fileType=view" xmlUrl="https://files.transkribus.eu/Get?id=XCOBXGACPZJZSOLMGVTBCPVC" imageId="6975135"/>
    </Metadata>
    <Page imageFilename="bpt6k940671f_004.jpg" imageWidth="2472" imageHeight="3696">
        <PrintSpace>
            <Coords points="0,0 2472,0 2472,3543 0,3543"/>
        </PrintSpace>
        <ReadingOrder>
            <OrderedGroup id="ro_1573417652999" caption="Regions reading order">
                <RegionRefIndexed index="0" regionRef="r_1_1"/>
                <RegionRefIndexed index="1" regionRef="r_1_2"/>
                <RegionRefIndexed index="2" regionRef="r_2_1"/>
                <RegionRefIndexed index="3" regionRef="r_2_2"/>
                <RegionRefIndexed index="4" regionRef="r_3_1"/>
                <RegionRefIndexed index="5" regionRef="r_3_2"/>
                <RegionRefIndexed index="6" regionRef="r_3_3"/>
                <RegionRefIndexed index="7" regionRef="r_3_4"/>
                <RegionRefIndexed index="8" regionRef="r_3_5"/>
                <RegionRefIndexed index="9" regionRef="r_3_6"/>
                <RegionRefIndexed index="10" regionRef="r_4_1"/>
                <RegionRefIndexed index="11" regionRef="r_5_1"/>
                <RegionRefIndexed index="12" regionRef="r_5_2"/>
                <RegionRefIndexed index="13" regionRef="r_5_3"/>
                <RegionRefIndexed index="14" regionRef="r_6_1"/>
                <RegionRefIndexed index="15" regionRef="r_7_1"/>
                <RegionRefIndexed index="16" regionRef="r_7_2"/>
                <RegionRefIndexed index="17" regionRef="r_7_3"/>
                <RegionRefIndexed index="18" regionRef="r_7_4"/>
                <RegionRefIndexed index="19" regionRef="r_7_5"/>
            </OrderedGroup>
        </ReadingOrder>
        <TextRegion type="paragraph" id="r_1_1" custom="readingOrder {index:0;}">
            <Coords points="1170,308 1357,308 1357,352 1170,352"/>
            <TextLine id="tl_1" primaryLanguage="English" custom="readingOrder {index:0;}">
                <Coords points="1171,309 1356,309 1356,351 1171,351"/>
                <Baseline points="1171,339 1220,339 1276,351 1355,340"/>
                <Word id="w_w2aab1b1b2b1b1ab1" language="English" custom="readingOrder {index:0;}">
                    <Coords points="1171,335 1220,335 1220,339 1171,339"/>
                    <TextEquiv>
                        <Unicode>—</Unicode>
                    </TextEquiv>
                    <TextStyle fontFamily="Arial" fontSize="8.5"/>
                </Word>
                <Word id="w_w2aab1b1b2b1b1ab5" language="English" custom="readingOrder {index:1;}">
                    <Coords points="1257,310 1276,310 1276,351 1257,351"/>
                    <TextEquiv>
                        <Unicode>i</Unicode>
                    </TextEquiv>
                    <TextStyle fontFamily="Arial" fontSize="8.5"/>
                </Word>
                <Word id="w_w2aab1b1b2b1b1ab9" language="English" custom="readingOrder {index:2;}">
                    <Coords points="1305,336 1355,336 1355,340 1305,340"/>
                    <TextEquiv>
                        <Unicode>—</Unicode>
                    </TextEquiv>
                    <TextStyle fontFamily="Arial" fontSize="8.5"/>
                </Word>
                <TextEquiv>
                    <Unicode>— i —</Unicode>
                </TextEquiv>
                <TextStyle fontFamily="Arial" fontSize="8.5"/>
            </TextLine>
            <TextEquiv>
                <Unicode>— i —</Unicode>
            </TextEquiv>
        </TextRegion>
        <TextRegion type="paragraph" id="r_1_2" custom="readingOrder {index:1;}">
            <Coords points="759,412 1753,412 1753,462 759,462"/>
            <TextLine id="tl_2" primaryLanguage="English" custom="readingOrder {index:0;}">
                <Coords points="760,413 1752,413 1752,461 760,461"/>
                <Baseline points="760,455 1752,460"/>
                <Word id="w_w2aab1b1b2b3b1ab1" language="English" custom="readingOrder {index:0;}">
                    <Coords points="760,414 1752,414 1752,460 760,460"/>
                    <TextEquiv>
                        <Unicode>ABO]V]VB]VtB]VTS</Unicode>
                    </TextEquiv>
                    <TextStyle fontFamily="Arial" fontSize="9.0" bold="true"/>
                </Word>
                <TextEquiv>
                    <Unicode>ABO]V]VB]VtB]VTS</Unicode>
                </TextEquiv>
                <TextStyle fontFamily="Arial" fontSize="9.0" bold="true"/>
            </TextLine>
            <TextEquiv>
                <Unicode>ABO]V]VB]VtB]VTS</Unicode>
            </TextEquiv>
        </TextRegion>
        <TextRegion type="paragraph" id="r_2_1" custom="readingOrder {index:2;}">
            <Coords points="376,498 2142,498 2142,553 376,553"/>
            <TextLine id="tl_3" primaryLanguage="English" custom="readingOrder {index:0;}">
                <Coords points="377,499 2141,499 2141,552 377,552"/>
                <Baseline points="378,541 653,543 982,543 1140,543 1217,543 1256,547 1420,546 1904,547 2061,543 2141,544"/>
                <Word id="w_w2aab1b3b2b1b1ab1" language="English" custom="readingOrder {index:0;}">
                    <Coords points="378,499 653,499 653,543 378,543"/>
                    <TextEquiv>
                        <Unicode>TROIS</Unicode>
                    </TextEquiv>
                    <TextStyle fontFamily="Arial" fontSize="10.0"/>
                </Word>
                <Word id="w_w2aab1b3b2b1b1ac13" language="English" custom="readingOrder {index:1;}">
                    <Coords points="702,502 982,502 982,545 702,545"/>
                    <TextEquiv>
                        <Unicode>MOIS...</Unicode>
                    </TextEquiv>
                    <TextStyle fontFamily="Arial" fontSize="10.0"/>
                </Word>
                <Word id="w_w2aab1b3b2b1b1ac29" language="English" custom="readingOrder {index:2;}">
                    <Coords points="1046,504 1140,504 1140,544 1046,544"/>
                    <TextEquiv>
                        <Unicode>*15</Unicode>
                    </TextEquiv>
                    <TextStyle fontFamily="Arial" fontSize="10.0"/>
                </Word>
                <Word id="w_w2aab1b3b2b1b1ac37" language="English" custom="readingOrder {index:3;}">
                    <Coords points="1199,517 1217,517 1217,543 1199,543"/>
                    <TextEquiv>
                        <Unicode>»</Unicode>
                    </TextEquiv>
                    <TextStyle fontFamily="Arial" fontSize="10.0"/>
                </Word>
                <Word id="w_w2aab1b3b2b1b1ac41" language="English" custom="readingOrder {index:4;}">
                    <Coords points="1250,505 1256,505 1256,547 1250,547"/>
                    <TextEquiv>
                        <Unicode>I</Unicode>
                    </TextEquiv>
                    <TextStyle fontFamily="Arial" fontSize="10.0"/>
                </Word>
                <Word id="w_w2aab1b3b2b1b1ac45" language="English" custom="readingOrder {index:5;}">
                    <Coords points="1292,506 1420,506 1420,548 1292,548"/>
                    <TextEquiv>
                        <Unicode>SIX</Unicode>
                    </TextEquiv>
                    <TextStyle fontFamily="Arial" fontSize="10.0"/>
                </Word>
                <Word id="w_w2aab1b3b2b1b1ac53" language="English" custom="readingOrder {index:6;}">
                    <Coords points="1460,506 1904,506 1904,549 1460,549"/>
                    <TextEquiv>
                        <Unicode>MOIS.</Unicode>
                    </TextEquiv>
                    <TextStyle fontFamily="Arial" fontSize="10.0"/>
                </Word>
                <Word id="w_w2aab1b3b2b1b1ac65" language="English" custom="readingOrder {index:7;}">
                    <Coords points="1967,506 2061,506 2061,548 1967,548"/>
                    <TextEquiv>
                        <Unicode>2^</Unicode>
                    </TextEquiv>
                    <TextStyle fontFamily="Arial" fontSize="10.0"/>
                </Word>
                <Word id="w_w2aab1b3b2b1b1ac71" language="English" custom="readingOrder {index:8;}">
                    <Coords points="2121,519 2141,519 2141,544 2121,544"/>
                    <TextEquiv>
                        <Unicode>»</Unicode>
                    </TextEquiv>
                    <TextStyle fontFamily="Arial" fontSize="10.0"/>
                </Word>
                <TextEquiv>
                    <Unicode>TROIS MOIS... *15 » I SIX MOIS. 2^ »</Unicode>
                </TextEquiv>
                <TextStyle fontFamily="Arial" fontSize="10.0"/>
            </TextLine>
            <TextEquiv>
                <Unicode>TROIS MOIS... *15 » I SIX MOIS. 2^ »</Unicode>
            </TextEquiv>
        </TextRegion>
        <TextRegion type="paragraph" id="r_2_2" custom="readingOrder {index:3;}">
            <Coords points="372,539 2141,539 2141,610 372,610"/>
            <TextLine id="tl_4" primaryLanguage="English" custom="readingOrder {index:0;}">
                <Coords points="373,540 2140,540 2140,609 373,609"/>
                <Baseline points="373,601 739,598 987,599 1141,601 1219,598 1257,602 1404,602 1904,602 2062,603 2139,598"/>
                <Word id="w_w2aab1b3b2b3b1ab1" language="English" custom="readingOrder {index:0;}">
                    <Coords points="373,552 739,552 739,601 373,601"/>
                    <TextEquiv>
                        <Unicode>QUATRE</Unicode>
                    </TextEquiv>
                    <TextStyle fontFamily="Arial" fontSize="10.0"/>
                </Word>
                <Word id="w_w2aab1b3b2b3b1ac15" language="English" custom="readingOrder {index:1;}">
                    <Coords points="773,556 987,556 987,600 773,600"/>
                    <TextEquiv>
                        <Unicode>MOIS</Unicode>
                    </TextEquiv>
                    <TextStyle fontFamily="Arial" fontSize="10.0"/>
                </Word>
                <Word id="w_w2aab1b3b2b3b1ac25" language="English" custom="readingOrder {index:2;}">
                    <Coords points="1047,558 1141,558 1141,601 1047,601"/>
                    <TextEquiv>
                        <Unicode>-18</Unicode>
                    </TextEquiv>
                    <TextStyle fontFamily="Arial" fontSize="10.0"/>
                </Word>
                <Word id="w_w2aab1b3b2b3b1ac33" language="English" custom="readingOrder {index:3;}">
                    <Coords points="1200,572 1219,572 1219,598 1200,598"/>
                    <TextEquiv>
                        <Unicode>»</Unicode>
                    </TextEquiv>
                    <TextStyle fontFamily="Arial" fontSize="10.0"/>
                </Word>
                <Word id="w_w2aab1b3b2b3b1ac37" language="English" custom="readingOrder {index:4;}">
                    <Coords points="1251,545 1257,545 1257,602 1251,602"/>
                    <TextEquiv>
                        <Unicode>I</Unicode>
                    </TextEquiv>
                    <TextStyle fontFamily="Arial" fontSize="10.0"/>
                </Word>
                <Word id="w_w2aab1b3b2b3b1ac41" language="English" custom="readingOrder {index:5;}">
                    <Coords points="1296,562 1404,562 1404,603 1296,603"/>
                    <TextEquiv>
                        <Unicode>UN</Unicode>
                    </TextEquiv>
                    <TextStyle fontFamily="Arial" fontSize="10.0"/>
                </Word>
                <Word id="w_w2aab1b3b2b3b1ac47" language="English" custom="readingOrder {index:6;}">
                    <Coords points="1473,566 1904,566 1904,603 1473,603"/>
                    <TextEquiv>
                        <Unicode>AN.</Unicode>
                    </TextEquiv>
                    <TextStyle fontFamily="Arial" fontSize="10.0"/>
                </Word>
                <Word id="w_w2aab1b3b2b3b1ac55" language="English" custom="readingOrder {index:7;}">
                    <Coords points="1967,560 2062,560 2062,603 1967,603"/>
                    <TextEquiv>
                        <Unicode>45</Unicode>
                    </TextEquiv>
                    <TextStyle fontFamily="Arial" fontSize="10.0"/>
                </Word>
                <Word id="w_w2aab1b3b2b3b1ac61" language="English" custom="readingOrder {index:8;}">
                    <Coords points="2120,573 2139,573 2139,598 2120,598"/>
                    <TextEquiv>
                        <Unicode>»</Unicode>
                    </TextEquiv>
                    <TextStyle fontFamily="Arial" fontSize="10.0"/>
                </Word>
                <TextEquiv>
                    <Unicode>QUATRE MOIS -18 » I UN AN. 45 »</Unicode>
                </TextEquiv>
                <TextStyle fontFamily="Arial" fontSize="10.0"/>
            </TextLine>
            <TextEquiv>
                <Unicode>QUATRE MOIS -18 » I UN AN. 45 »</Unicode>
            </TextEquiv>
        </TextRegion>
        <TextRegion type="paragraph" id="r_3_1" custom="readingOrder {index:4;}">
            <Coords points="416,650 1107,650 1107,690 416,690"/>
            <TextLine id="tl_5" primaryLanguage="English" custom="readingOrder {index:0;}">
                <Coords points="417,651 1106,651 1106,689 417,689"/>
                <Baseline points="417,683 443,683 766,687 933,688 1075,689 1106,688"/>
                <Word id="w_w2aab1b5b2b1b1ab1" language="English" custom="readingOrder {index:0;}">
                    <Coords points="417,651 443,651 443,683 417,683"/>
                    <TextEquiv>
                        <Unicode>L</Unicode>
                    </TextEquiv>
                    <TextStyle fontFamily="Arial" fontSize="9.0" bold="true"/>
                </Word>
                <Word id="w_w2aab1b5b2b1b1ab5" language="English" custom="readingOrder {index:1;}">
                    <Coords points="463,651 766,651 766,687 463,687"/>
                    <TextEquiv>
                        <Unicode>abonnement</Unicode>
                    </TextEquiv>
                    <TextStyle fontFamily="Arial" fontSize="9.0" bold="true"/>
                </Word>
                <Word id="w_w2aab1b5b2b1b1ac27" language="English" custom="readingOrder {index:2;}">
                    <Coords points="786,655 933,655 933,688 786,688"/>
                    <TextEquiv>
                        <Unicode>donne</Unicode>
                    </TextEquiv>
                    <TextStyle fontFamily="Arial" fontSize="9.0" bold="true"/>
                </Word>
                <Word id="w_w2aab1b5b2b1b1ac39" language="English" custom="readingOrder {index:3;}">
                    <Coords points="957,654 1075,654 1075,689 957,689"/>
                    <TextEquiv>
                        <Unicode>droit</Unicode>
                    </TextEquiv>
                    <TextStyle fontFamily="Arial" fontSize="9.0" bold="true"/>
                </Word>
                <Word id="w_w2aab1b5b2b1b1ac51" language="English" custom="readingOrder {index:4;}">
                    <Coords points="1099,664 1106,664 1106,688 1099,688"/>
                    <TextEquiv>
                        <Unicode>:</Unicode>
                    </TextEquiv>
                    <TextStyle fontFamily="Arial" fontSize="9.0" bold="true"/>
                </Word>
                <TextEquiv>
                    <Unicode>L abonnement donne droit :</Unicode>
                </TextEquiv>
                <TextStyle fontFamily="Arial" fontSize="9.0" bold="true"/>
            </TextLine>
            <TextEquiv>
                <Unicode>L abonnement donne droit :</Unicode>
            </TextEquiv>
        </TextRegion>
        <TextRegion type="paragraph" id="r_3_2" custom="readingOrder {index:5;}">
            <Coords points="366,709 2145,709 2145,906 366,906"/>
            <TextLine id="tl_6" primaryLanguage="English" custom="readingOrder {index:0;}">
                <Coords points="422,710 2144,710 2144,761 422,761"/>
                <Baseline points="422,745 460,737 517,744 783,746 935,748 1173,748 1250,751 1331,753 1482,752 1530,749 1623,751 1792,752 1925,751 2030,750 2144,753"/>
                <Word id="w_w2aab1b5b2b3b1ab1" language="English" custom="readingOrder {index:0;}">
                    <Coords points="422,710 460,710 460,745 422,745"/>
                    <TextEquiv>
                        <Unicode>|o</Unicode>
                    </TextEquiv>
                    <TextStyle fontFamily="Arial" fontSize="9.0" bold="true"/>
                </Word>
                <Word id="w_w2aab1b5b2b3b1ab7" language="English" custom="readingOrder {index:1;}">
                    <Coords points="491,712 517,712 517,744 491,744"/>
                    <TextEquiv>
                        <Unicode>A</Unicode>
                    </TextEquiv>
                    <TextStyle fontFamily="Arial" fontSize="9.0" bold="true"/>
                </Word>
                <Word id="w_w2aab1b5b2b3b1ac11" language="English" custom="readingOrder {index:2;}">
                    <Coords points="539,711 783,711 783,746 539,746"/>
                    <TextEquiv>
                        <Unicode>l'Insertion</Unicode>
                    </TextEquiv>
                    <TextStyle fontFamily="Arial" fontSize="9.0" bold="true"/>
                </Word>
                <Word id="w_w2aab1b5b2b3b1ac35" language="English" custom="readingOrder {index:3;}">
                    <Coords points="805,712 935,712 935,748 805,748"/>
                    <TextEquiv>
                        <Unicode>d’une</Unicode>
                    </TextEquiv>
                    <TextStyle fontFamily="Arial" fontSize="9.0" bold="true"/>
                </Word>
                <Word id="w_w2aab1b5b2b3b1ac47" language="English" custom="readingOrder {index:4;}">
                    <Coords points="967,721 1173,721 1173,749 967,749"/>
                    <TextEquiv>
                        <Unicode>annonce</Unicode>
                    </TextEquiv>
                    <TextStyle fontFamily="Arial" fontSize="9.0" bold="true"/>
                </Word>
                <Word id="w_w2aab1b5b2b3b1ac63" language="English" custom="readingOrder {index:5;}">
                    <Coords points="1203,716 1250,716 1250,751 1203,751"/>
                    <TextEquiv>
                        <Unicode>te</Unicode>
                    </TextEquiv>
                    <TextStyle fontFamily="Arial" fontSize="9.0" bold="true"/>
                </Word>
                <Word id="w_w2aab1b5b2b3b1ac69" language="English" custom="readingOrder {index:6;}">
                    <Coords points="1273,716 1331,716 1331,753 1273,753"/>
                    <TextEquiv>
                        <Unicode>30</Unicode>
                    </TextEquiv>
                    <TextStyle fontFamily="Arial" fontSize="9.0" bold="true"/>
                </Word>
                <Word id="w_w2aab1b5b2b3b1ac75" language="English" custom="readingOrder {index:7;}">
                    <Coords points="1356,720 1482,720 1482,752 1356,752"/>
                    <TextEquiv>
                        <Unicode>mots.</Unicode>
                    </TextEquiv>
                    <TextStyle fontFamily="Arial" fontSize="9.0" bold="true"/>
                </Word>
                <Word id="w_w2aab1b5b2b3b1ac87" language="English" custom="readingOrder {index:8;}">
                    <Coords points="1505,717 1530,717 1530,752 1505,752"/>
                    <TextEquiv>
                        <Unicode>Il</Unicode>
                    </TextEquiv>
                    <TextStyle fontFamily="Arial" fontSize="9.0" bold="true"/>
                </Word>
                <Word id="w_w2aab1b5b2b3b1ac93" language="English" custom="readingOrder {index:9;}">
                    <Coords points="1555,718 1623,718 1623,751 1555,751"/>
                    <TextEquiv>
                        <Unicode>est</Unicode>
                    </TextEquiv>
                    <TextStyle fontFamily="Arial" fontSize="9.0" bold="true"/>
                </Word>
                <Word id="w_w2aab1b5b2b3b1ad101" language="English" custom="readingOrder {index:10;}">
                    <Coords points="1654,719 1792,719 1792,759 1654,759"/>
                    <TextEquiv>
                        <Unicode>pr*vu</Unicode>
                    </TextEquiv>
                    <TextStyle fontFamily="Arial" fontSize="9.0" bold="true"/>
                </Word>
                <Word id="w_w2aab1b5b2b3b1ad113" language="English" custom="readingOrder {index:11;}">
                    <Coords points="1821,716 1925,716 1925,751 1821,751"/>
                    <TextEquiv>
                        <Unicode>0.20</Unicode>
                    </TextEquiv>
                    <TextStyle fontFamily="Arial" fontSize="9.0" bold="true"/>
                </Word>
                <Word id="w_w2aab1b5b2b3b1ad123" language="English" custom="readingOrder {index:12;}">
                    <Coords points="1947,725 2030,725 2030,759 1947,759"/>
                    <TextEquiv>
                        <Unicode>par</Unicode>
                    </TextEquiv>
                    <TextStyle fontFamily="Arial" fontSize="9.0" bold="true"/>
                </Word>
                <Word id="w_w2aab1b5b2b3b1ad131" language="English" custom="readingOrder {index:13;}">
                    <Coords points="2056,720 2144,720 2144,753 2056,753"/>
                    <TextEquiv>
                        <Unicode>mat</Unicode>
                    </TextEquiv>
                    <TextStyle fontFamily="Arial" fontSize="9.0" bold="true"/>
                </Word>
                <TextEquiv>
                    <Unicode>|o A l'Insertion d’une annonce te 30 mots. Il est pr*vu 0.20 par mat</Unicode>
                </TextEquiv>
                <TextStyle fontFamily="Arial" fontSize="9.0" bold="true"/>
            </TextLine>
            <TextLine id="tl_7" primaryLanguage="English" custom="readingOrder {index:1;}">
                <Coords points="368,755 2141,755 2141,810 368,810"/>
                <Baseline points="368,793 754,795 824,795 870,795 942,793 1108,796 1427,799 1472,800 1693,796 1831,800 1897,800 2064,800 2140,801"/>
                <Word id="w_w2aab1b5b2b3b3ab1" language="English" custom="readingOrder {index:0;}">
                    <Coords points="368,756 754,756 754,801 368,801"/>
                    <TextEquiv>
                        <Unicode>supplémentaire</Unicode>
                    </TextEquiv>
                    <TextStyle fontFamily="Arial" fontSize="9.0" bold="true"/>
                </Word>
                <Word id="w_w2aab1b5b2b3b3ac31" language="English" custom="readingOrder {index:1;}">
                    <Coords points="781,763 824,763 824,795 781,795"/>
                    <TextEquiv>
                        <Unicode>et</Unicode>
                    </TextEquiv>
                    <TextStyle fontFamily="Arial" fontSize="9.0" bold="true"/>
                </Word>
                <Word id="w_w2aab1b5b2b3b3ac37" language="English" custom="readingOrder {index:2;}">
                    <Coords points="846,761 870,761 870,795 846,795"/>
                    <TextEquiv>
                        <Unicode>2</Unicode>
                    </TextEquiv>
                    <TextStyle fontFamily="Arial" fontSize="9.0" bold="true"/>
                </Word>
                <Word id="w_w2aab1b5b2b3b3ac41" language="English" custom="readingOrder {index:3;}">
                    <Coords points="896,761 942,761 942,794 896,794"/>
                    <TextEquiv>
                        <Unicode>fr</Unicode>
                    </TextEquiv>
                    <TextStyle fontFamily="Arial" fontSize="9.0" bold="true"/>
                </Word>
                <Word id="w_w2aab1b5b2b3b3ac47" language="English" custom="readingOrder {index:4;}">
                    <Coords points="993,770 1108,770 1108,802 993,802"/>
                    <TextEquiv>
                        <Unicode>pour</Unicode>
                    </TextEquiv>
                    <TextStyle fontFamily="Arial" fontSize="9.0" bold="true"/>
                </Word>
                <Word id="w_w2aab1b5b2b3b3ac57" language="English" custom="readingOrder {index:5;}">
                    <Coords points="1129,764 1427,764 1427,806 1129,806"/>
                    <TextEquiv>
                        <Unicode>changement</Unicode>
                    </TextEquiv>
                    <TextStyle fontFamily="Arial" fontSize="9.0" bold="true"/>
                </Word>
                <Word id="w_w2aab1b5b2b3b3ac79" language="English" custom="readingOrder {index:6;}">
                    <Coords points="1448,765 1472,765 1472,800 1448,800"/>
                    <TextEquiv>
                        <Unicode>d</Unicode>
                    </TextEquiv>
                    <TextStyle fontFamily="Arial" fontSize="9.0" bold="true"/>
                </Word>
                <Word id="w_w2aab1b5b2b3b3ac83" language="English" custom="readingOrder {index:7;}">
                    <Coords points="1493,773 1693,773 1693,800 1493,800"/>
                    <TextEquiv>
                        <Unicode>annonce</Unicode>
                    </TextEquiv>
                    <TextStyle fontFamily="Arial" fontSize="9.0" bold="true"/>
                </Word>
                <Word id="w_w2aab1b5b2b3b3ac99" language="English" custom="readingOrder {index:8;}">
                    <Coords points="1717,770 1831,770 1831,800 1717,800"/>
                    <TextEquiv>
                        <Unicode>dans</Unicode>
                    </TextEquiv>
                    <TextStyle fontFamily="Arial" fontSize="9.0" bold="true"/>
                </Word>
                <Word id="w_w2aab1b5b2b3b3ad109" language="English" custom="readingOrder {index:9;}">
                    <Coords points="1859,768 1897,768 1897,800 1859,800"/>
                    <TextEquiv>
                        <Unicode>le</Unicode>
                    </TextEquiv>
                    <TextStyle fontFamily="Arial" fontSize="9.0" bold="true"/>
                </Word>
                <Word id="w_w2aab1b5b2b3b3ad115" language="English" custom="readingOrder {index:10;}">
                    <Coords points="1927,774 2064,774 2064,800 1927,800"/>
                    <TextEquiv>
                        <Unicode>cours</Unicode>
                    </TextEquiv>
                    <TextStyle fontFamily="Arial" fontSize="9.0" bold="true"/>
                </Word>
                <Word id="w_w2aab1b5b2b3b3ad127" language="English" custom="readingOrder {index:11;}">
                    <Coords points="2088,770 2140,770 2140,801 2088,801"/>
                    <TextEquiv>
                        <Unicode>de</Unicode>
                    </TextEquiv>
                    <TextStyle fontFamily="Arial" fontSize="9.0" bold="true"/>
                </Word>
                <TextEquiv>
                    <Unicode>supplémentaire et 2 fr pour changement d annonce dans le cours de</Unicode>
                </TextEquiv>
                <TextStyle fontFamily="Arial" fontSize="9.0" bold="true"/>
            </TextLine>
            <TextLine id="tl_8" primaryLanguage="English" custom="readingOrder {index:2;}">
                <Coords points="367,805 2139,805 2139,857 367,857"/>
                <Baseline points="367,840 377,840 698,842 823,843 1050,845 1285,847 1361,846 1440,847 1546,848 1729,847 1778,848 2002,848 2139,838"/>
                <Word id="w_w2aab1b5b2b3b5ab1" language="English" custom="readingOrder {index:0;}">
                    <Coords points="367,808 377,808 377,840 367,840"/>
                    <TextEquiv>
                        <Unicode>i</Unicode>
                    </TextEquiv>
                    <TextStyle fontFamily="Arial" fontSize="9.0" bold="true"/>
                </Word>
                <Word id="w_w2aab1b5b2b3b5ab5" language="English" custom="readingOrder {index:1;}">
                    <Coords points="396,810 698,810 698,843 396,843"/>
                    <TextEquiv>
                        <Unicode>-«oonnsment</Unicode>
                    </TextEquiv>
                    <TextStyle fontFamily="Arial" fontSize="9.0" bold="true"/>
                </Word>
                <Word id="w_w2aab1b5b2b3b5ac29" language="English" custom="readingOrder {index:2;}">
                    <Coords points="745,808 823,808 823,843 745,843"/>
                    <TextEquiv>
                        <Unicode>Les</Unicode>
                    </TextEquiv>
                    <TextStyle fontFamily="Arial" fontSize="9.0" bold="true"/>
                </Word>
                <Word id="w_w2aab1b5b2b3b5ac37" language="English" custom="readingOrder {index:3;}">
                    <Coords points="846,809 1050,809 1050,845 846,845"/>
                    <TextEquiv>
                        <Unicode>abonnés</Unicode>
                    </TextEquiv>
                    <TextStyle fontFamily="Arial" fontSize="9.0" bold="true"/>
                </Word>
                <Word id="w_w2aab1b5b2b3b5ac53" language="English" custom="readingOrder {index:4;}">
                    <Coords points="1074,809 1285,809 1285,847 1074,847"/>
                    <TextEquiv>
                        <Unicode>désireux</Unicode>
                    </TextEquiv>
                    <TextStyle fontFamily="Arial" fontSize="9.0" bold="true"/>
                </Word>
                <Word id="w_w2aab1b5b2b3b5ac71" language="English" custom="readingOrder {index:5;}">
                    <Coords points="1310,816 1361,816 1361,846 1310,846"/>
                    <TextEquiv>
                        <Unicode>de</Unicode>
                    </TextEquiv>
                    <TextStyle fontFamily="Arial" fontSize="9.0" bold="true"/>
                </Word>
                <Word id="w_w2aab1b5b2b3b5ac77" language="English" custom="readingOrder {index:6;}">
                    <Coords points="1387,821 1440,821 1440,847 1387,847"/>
                    <TextEquiv>
                        <Unicode>ne</Unicode>
                    </TextEquiv>
                    <TextStyle fontFamily="Arial" fontSize="9.0" bold="true"/>
                </Word>
                <Word id="w_w2aab1b5b2b3b5ac83" language="English" custom="readingOrder {index:7;}">
                    <Coords points="1465,821 1546,821 1546,854 1465,854"/>
                    <TextEquiv>
                        <Unicode>pas</Unicode>
                    </TextEquiv>
                    <TextStyle fontFamily="Arial" fontSize="9.0" bold="true"/>
                </Word>
                <Word id="w_w2aab1b5b2b3b5ac91" language="English" custom="readingOrder {index:8;}">
                    <Coords points="1571,815 1729,815 1729,849 1571,849"/>
                    <TextEquiv>
                        <Unicode>mettre</Unicode>
                    </TextEquiv>
                    <TextStyle fontFamily="Arial" fontSize="9.0" bold="true"/>
                </Word>
                <Word id="w_w2aab1b5b2b3b5ad105" language="English" custom="readingOrder {index:9;}">
                    <Coords points="1753,814 1778,814 1778,848 1753,848"/>
                    <TextEquiv>
                        <Unicode>d</Unicode>
                    </TextEquiv>
                    <TextStyle fontFamily="Arial" fontSize="9.0" bold="true"/>
                </Word>
                <Word id="w_w2aab1b5b2b3b5ad109" language="English" custom="readingOrder {index:10;}">
                    <Coords points="1797,822 2002,822 2002,848 1797,848"/>
                    <TextEquiv>
                        <Unicode>annonce</Unicode>
                    </TextEquiv>
                    <TextStyle fontFamily="Arial" fontSize="9.0" bold="true"/>
                </Word>
                <Word id="w_w2aab1b5b2b3b5ad125" language="English" custom="readingOrder {index:11;}">
                    <Coords points="2036,821 2139,821 2139,855 2036,855"/>
                    <TextEquiv>
                        <Unicode>per¬</Unicode>
                    </TextEquiv>
                    <TextStyle fontFamily="Arial" fontSize="9.0" bold="true"/>
                </Word>
                <TextEquiv>
                    <Unicode>i -«oonnsment Les abonnés désireux de ne pas mettre d annonce per¬</Unicode>
                </TextEquiv>
                <TextStyle fontFamily="Arial" fontSize="9.0" bold="true"/>
            </TextLine>
            <TextLine id="tl_9" primaryLanguage="English" custom="readingOrder {index:3;}">
                <Coords points="367,853 1618,853 1618,905 367,905"/>
                <Baseline points="367,889 570,889 753,889 832,892 1139,894 1214,894 1261,895 1346,897 1458,896 1591,895 1618,905"/>
                <Word id="w_w2aab1b5b2b3b7ab1" language="English" custom="readingOrder {index:0;}">
                    <Coords points="367,856 570,856 570,890 367,890"/>
                    <TextEquiv>
                        <Unicode>sonnelle</Unicode>
                    </TextEquiv>
                    <TextStyle fontFamily="Arial" fontSize="9.0" bold="true"/>
                </Word>
                <Word id="w_w2aab1b5b2b3b7ac19" language="English" custom="readingOrder {index:1;}">
                    <Coords points="592,861 753,861 753,898 592,898"/>
                    <TextEquiv>
                        <Unicode>payent</Unicode>
                    </TextEquiv>
                    <TextStyle fontFamily="Arial" fontSize="9.0" bold="true"/>
                </Word>
                <Word id="w_w2aab1b5b2b3b7ac33" language="English" custom="readingOrder {index:2;}">
                    <Coords points="777,864 832,864 832,892 777,892"/>
                    <TextEquiv>
                        <Unicode>un</Unicode>
                    </TextEquiv>
                    <TextStyle fontFamily="Arial" fontSize="9.0" bold="true"/>
                </Word>
                <Word id="w_w2aab1b5b2b3b7ac39" language="English" custom="readingOrder {index:3;}">
                    <Coords points="854,856 1139,856 1139,899 854,899"/>
                    <TextEquiv>
                        <Unicode>Supplément</Unicode>
                    </TextEquiv>
                    <TextStyle fontFamily="Arial" fontSize="9.0" bold="true"/>
                </Word>
                <Word id="w_w2aab1b5b2b3b7ac61" language="English" custom="readingOrder {index:4;}">
                    <Coords points="1161,860 1214,860 1214,894 1161,894"/>
                    <TextEquiv>
                        <Unicode>de</Unicode>
                    </TextEquiv>
                    <TextStyle fontFamily="Arial" fontSize="9.0" bold="true"/>
                </Word>
                <Word id="w_w2aab1b5b2b3b7ac67" language="English" custom="readingOrder {index:5;}">
                    <Coords points="1237,859 1261,859 1261,895 1237,895"/>
                    <TextEquiv>
                        <Unicode>2</Unicode>
                    </TextEquiv>
                    <TextStyle fontFamily="Arial" fontSize="9.0" bold="true"/>
                </Word>
                <Word id="w_w2aab1b5b2b3b7ac71" language="English" custom="readingOrder {index:6;}">
                    <Coords points="1284,860 1346,860 1346,897 1284,897"/>
                    <TextEquiv>
                        <Unicode>fr.</Unicode>
                    </TextEquiv>
                    <TextStyle fontFamily="Arial" fontSize="9.0" bold="true"/>
                </Word>
                <Word id="w_w2aab1b5b2b3b7ac79" language="English" custom="readingOrder {index:7;}">
                    <Coords points="1373,867 1458,867 1458,902 1373,902"/>
                    <TextEquiv>
                        <Unicode>par</Unicode>
                    </TextEquiv>
                    <TextStyle fontFamily="Arial" fontSize="9.0" bold="true"/>
                </Word>
                <Word id="w_w2aab1b5b2b3b7ac87" language="English" custom="readingOrder {index:8;}">
                    <Coords points="1480,863 1591,863 1591,896 1480,896"/>
                    <TextEquiv>
                        <Unicode>mois</Unicode>
                    </TextEquiv>
                    <TextStyle fontFamily="Arial" fontSize="9.0" bold="true"/>
                </Word>
                <Word id="w_w2aab1b5b2b3b7ac97" language="English" custom="readingOrder {index:9;}">
                    <Coords points="1609,868 1618,868 1618,905 1609,905"/>
                    <TextEquiv>
                        <Unicode>;</Unicode>
                    </TextEquiv>
                    <TextStyle fontFamily="Arial" fontSize="9.0" bold="true"/>
                </Word>
                <TextEquiv>
                    <Unicode>sonnelle payent un Supplément de 2 fr. par mois ;</Unicode>
                </TextEquiv>
                <TextStyle fontFamily="Arial" fontSize="9.0" bold="true"/>
            </TextLine>
            <TextEquiv>
                <Unicode>|o A l'Insertion d’une annonce te 30 mots. Il est pr*vu 0.20 par mat
supplémentaire et 2 fr pour changement d annonce dans le cours de
i -«oonnsment Les abonnés désireux de ne pas mettre d annonce per¬
sonnelle payent un Supplément de 2 fr. par mois ;</Unicode>
            </TextEquiv>
        </TextRegion>
        <TextRegion type="paragraph" id="r_3_3" custom="readingOrder {index:6;}">
            <Coords points="415,912 1198,912 1198,963 415,963"/>
            <TextLine id="tl_10" primaryLanguage="English" custom="readingOrder {index:0;}">
                <Coords points="416,913 1197,913 1197,962 416,962"/>
                <Baseline points="416,948 462,939 509,948 695,950 892,951 969,951 1170,953 1197,960"/>
                <Word id="w_w2aab1b5b2b5b1ab1" language="English" custom="readingOrder {index:0;}">
                    <Coords points="416,913 462,913 462,948 416,948"/>
                    <TextEquiv>
                        <Unicode>2°</Unicode>
                    </TextEquiv>
                    <TextStyle fontFamily="Arial" fontSize="9.0" bold="true"/>
                </Word>
                <Word id="w_w2aab1b5b2b5b1ab7" language="English" custom="readingOrder {index:1;}">
                    <Coords points="482,919 509,919 509,948 482,948"/>
                    <TextEquiv>
                        <Unicode>A</Unicode>
                    </TextEquiv>
                    <TextStyle fontFamily="Arial" fontSize="9.0" bold="true"/>
                </Word>
                <Word id="w_w2aab1b5b2b5b1ac11" language="English" custom="readingOrder {index:2;}">
                    <Coords points="540,913 695,913 695,951 540,951"/>
                    <TextEquiv>
                        <Unicode>renvoi</Unicode>
                    </TextEquiv>
                    <TextStyle fontFamily="Arial" fontSize="9.0" bold="true"/>
                </Word>
                <Word id="w_w2aab1b5b2b5b1ac25" language="English" custom="readingOrder {index:3;}">
                    <Coords points="725,917 892,917 892,957 725,957"/>
                    <TextEquiv>
                        <Unicode>gratuit</Unicode>
                    </TextEquiv>
                    <TextStyle fontFamily="Arial" fontSize="9.0" bold="true"/>
                </Word>
                <Word id="w_w2aab1b5b2b5b1ac41" language="English" custom="readingOrder {index:4;}">
                    <Coords points="915,923 969,923 969,951 915,951"/>
                    <TextEquiv>
                        <Unicode>du</Unicode>
                    </TextEquiv>
                    <TextStyle fontFamily="Arial" fontSize="9.0" bold="true"/>
                </Word>
                <Word id="w_w2aab1b5b2b5b1ac47" language="English" custom="readingOrder {index:5;}">
                    <Coords points="991,917 1170,917 1170,961 991,961"/>
                    <TextEquiv>
                        <Unicode>journal</Unicode>
                    </TextEquiv>
                    <TextStyle fontFamily="Arial" fontSize="9.0" bold="true"/>
                </Word>
                <Word id="w_w2aab1b5b2b5b1ac63" language="English" custom="readingOrder {index:6;}">
                    <Coords points="1188,926 1197,926 1197,960 1188,960"/>
                    <TextEquiv>
                        <Unicode>;</Unicode>
                    </TextEquiv>
                    <TextStyle fontFamily="Arial" fontSize="9.0" bold="true"/>
                </Word>
                <TextEquiv>
                    <Unicode>2° A renvoi gratuit du journal ;</Unicode>
                </TextEquiv>
                <TextStyle fontFamily="Arial" fontSize="9.0" bold="true"/>
            </TextLine>
            <TextEquiv>
                <Unicode>2° A renvoi gratuit du journal ;</Unicode>
            </TextEquiv>
        </TextRegion>
        <TextRegion type="paragraph" id="r_3_4" custom="readingOrder {index:7;}">
            <Coords points="412,972 1335,972 1335,1022 412,1022"/>
            <TextLine id="tl_11" primaryLanguage="English" custom="readingOrder {index:0;}">
                <Coords points="413,973 1334,973 1334,1021 413,1021"/>
                <Baseline points="413,1008 461,1000 542,1009 746,1010 820,1009 887,1011 1333,1013"/>
                <Word id="w_w2aab1b5b2b7b1ab1" language="English" custom="readingOrder {index:0;}">
                    <Coords points="413,973 461,973 461,1008 413,1008"/>
                    <TextEquiv>
                        <Unicode>3°</Unicode>
                    </TextEquiv>
                    <TextStyle fontFamily="Arial" fontSize="9.0" bold="true"/>
                </Word>
                <Word id="w_w2aab1b5b2b7b1ab7" language="English" custom="readingOrder {index:1;}">
                    <Coords points="482,976 542,976 542,1009 482,1009"/>
                    <TextEquiv>
                        <Unicode>Au</Unicode>
                    </TextEquiv>
                    <TextStyle fontFamily="Arial" fontSize="9.0" bold="true"/>
                </Word>
                <Word id="w_w2aab1b5b2b7b1ac13" language="English" custom="readingOrder {index:2;}">
                    <Coords points="567,975 746,975 746,1011 567,1011"/>
                    <TextEquiv>
                        <Unicode>service</Unicode>
                    </TextEquiv>
                    <TextStyle fontFamily="Arial" fontSize="9.0" bold="true"/>
                </Word>
                <Word id="w_w2aab1b5b2b7b1ac29" language="English" custom="readingOrder {index:3;}">
                    <Coords points="767,975 820,975 820,1009 767,1009"/>
                    <TextEquiv>
                        <Unicode>de</Unicode>
                    </TextEquiv>
                    <TextStyle fontFamily="Arial" fontSize="9.0" bold="true"/>
                </Word>
                <Word id="w_w2aab1b5b2b7b1ac35" language="English" custom="readingOrder {index:4;}">
                    <Coords points="850,977 887,977 887,1011 850,1011"/>
                    <TextEquiv>
                        <Unicode>la</Unicode>
                    </TextEquiv>
                    <TextStyle fontFamily="Arial" fontSize="9.0" bold="true"/>
                </Word>
                <Word id="w_w2aab1b5b2b7b1ac41" language="English" custom="readingOrder {index:5;}">
                    <Coords points="913,982 1333,982 1333,1020 913,1020"/>
                    <TextEquiv>
                        <Unicode>correspondance.</Unicode>
                    </TextEquiv>
                    <TextStyle fontFamily="Arial" fontSize="9.0" bold="true"/>
                </Word>
                <TextEquiv>
                    <Unicode>3° Au service de la correspondance.</Unicode>
                </TextEquiv>
                <TextStyle fontFamily="Arial" fontSize="9.0" bold="true"/>
            </TextLine>
            <TextEquiv>
                <Unicode>3° Au service de la correspondance.</Unicode>
            </TextEquiv>
        </TextRegion>
        <TextRegion type="paragraph" id="r_3_5" custom="readingOrder {index:8;}">
            <Coords points="365,1032 2140,1032 2140,1169 365,1169"/>
            <TextLine id="tl_12" primaryLanguage="English" custom="readingOrder {index:0;}">
                <Coords points="416,1033 2135,1033 2135,1089 416,1089"/>
                <Baseline points="416,1068 533,1069 816,1071 1045,1078 1122,1072 1344,1074 1428,1074 1550,1074 1734,1087 1810,1076 2047,1076 2135,1078"/>
                <Word id="w_w2aab1b5b2b9b1ab1" language="English" custom="readingOrder {index:0;}">
                    <Coords points="416,1033 533,1033 533,1069 416,1069"/>
                    <TextEquiv>
                        <Unicode>Pour</Unicode>
                    </TextEquiv>
                    <TextStyle fontFamily="Arial" fontSize="9.0" bold="true"/>
                </Word>
                <Word id="w_w2aab1b5b2b9b1ac11" language="English" custom="readingOrder {index:1;}">
                    <Coords points="569,1035 816,1035 816,1071 569,1071"/>
                    <TextEquiv>
                        <Unicode>s’abonner</Unicode>
                    </TextEquiv>
                    <TextStyle fontFamily="Arial" fontSize="9.0" bold="true"/>
                </Word>
                <Word id="w_w2aab1b5b2b9b1ac31" language="English" custom="readingOrder {index:2;}">
                    <Coords points="836,1045 1045,1045 1045,1078 836,1078"/>
                    <TextEquiv>
                        <Unicode>envoyer,</Unicode>
                    </TextEquiv>
                    <TextStyle fontFamily="Arial" fontSize="9.0" bold="true"/>
                </Word>
                <Word id="w_w2aab1b5b2b9b1ac49" language="English" custom="readingOrder {index:3;}">
                    <Coords points="1070,1047 1122,1047 1122,1073 1070,1073"/>
                    <TextEquiv>
                        <Unicode>en</Unicode>
                    </TextEquiv>
                    <TextStyle fontFamily="Arial" fontSize="9.0" bold="true"/>
                </Word>
                <Word id="w_w2aab1b5b2b9b1ac55" language="English" custom="readingOrder {index:4;}">
                    <Coords points="1161,1041 1344,1041 1344,1074 1161,1074"/>
                    <TextEquiv>
                        <Unicode>mandat</Unicode>
                    </TextEquiv>
                    <TextStyle fontFamily="Arial" fontSize="9.0" bold="true"/>
                </Word>
                <Word id="w_w2aab1b5b2b9b1ac69" language="English" custom="readingOrder {index:5;}">
                    <Coords points="1373,1048 1428,1048 1428,1074 1373,1074"/>
                    <TextEquiv>
                        <Unicode>ou</Unicode>
                    </TextEquiv>
                    <TextStyle fontFamily="Arial" fontSize="9.0" bold="true"/>
                </Word>
                <Word id="w_w2aab1b5b2b9b1ac75" language="English" custom="readingOrder {index:6;}">
                    <Coords points="1468,1041 1550,1041 1550,1075 1468,1075"/>
                    <TextEquiv>
                        <Unicode>bon</Unicode>
                    </TextEquiv>
                    <TextStyle fontFamily="Arial" fontSize="9.0" bold="true"/>
                </Word>
                <Word id="w_w2aab1b5b2b9b1ac83" language="English" custom="readingOrder {index:7;}">
                    <Coords points="1593,1043 1734,1043 1734,1087 1593,1087"/>
                    <TextEquiv>
                        <Unicode>poste,</Unicode>
                    </TextEquiv>
                    <TextStyle fontFamily="Arial" fontSize="9.0" bold="true"/>
                </Word>
                <Word id="w_w2aab1b5b2b9b1ac97" language="English" custom="readingOrder {index:8;}">
                    <Coords points="1773,1042 1810,1042 1810,1076 1773,1076"/>
                    <TextEquiv>
                        <Unicode>le</Unicode>
                    </TextEquiv>
                    <TextStyle fontFamily="Arial" fontSize="9.0" bold="true"/>
                </Word>
                <Word id="w_w2aab1b5b2b9b1ad103" language="English" custom="readingOrder {index:9;}">
                    <Coords points="1847,1043 2047,1043 2047,1077 1847,1077"/>
                    <TextEquiv>
                        <Unicode>montant</Unicode>
                    </TextEquiv>
                    <TextStyle fontFamily="Arial" fontSize="9.0" bold="true"/>
                </Word>
                <Word id="w_w2aab1b5b2b9b1ad119" language="English" custom="readingOrder {index:10;}">
                    <Coords points="2080,1041 2135,1041 2135,1078 2080,1078"/>
                    <TextEquiv>
                        <Unicode>de</Unicode>
                    </TextEquiv>
                    <TextStyle fontFamily="Arial" fontSize="9.0" bold="true"/>
                </Word>
                <TextEquiv>
                    <Unicode>Pour s’abonner envoyer, en mandat ou bon poste, le montant de</Unicode>
                </TextEquiv>
                <TextStyle fontFamily="Arial" fontSize="9.0" bold="true"/>
            </TextLine>
            <TextLine id="tl_13" primaryLanguage="English" custom="readingOrder {index:1;}">
                <Coords points="366,1080 2139,1080 2139,1133 366,1133"/>
                <Baseline points="366,1125 379,1125 702,1119 905,1118 999,1119 1235,1122 1294,1122 1431,1123 1512,1124 1553,1123 1772,1125 1827,1124 2037,1121 2139,1124"/>
                <Word id="w_w2aab1b5b2b9b3ab1" language="English" custom="readingOrder {index:0;}">
                    <Coords points="366,1080 379,1080 379,1125 366,1125"/>
                    <TextEquiv>
                        <Unicode>j</Unicode>
                    </TextEquiv>
                    <TextStyle fontFamily="Arial" fontSize="9.0" bold="true"/>
                </Word>
                <Word id="w_w2aab1b5b2b9b3ab5" language="English" custom="readingOrder {index:1;}">
                    <Coords points="396,1083 702,1083 702,1119 396,1119"/>
                    <TextEquiv>
                        <Unicode>abonnement</Unicode>
                    </TextEquiv>
                    <TextStyle fontFamily="Arial" fontSize="9.0" bold="true"/>
                </Word>
                <Word id="w_w2aab1b5b2b9b3ac27" language="English" custom="readingOrder {index:2;}">
                    <Coords points="752,1082 905,1082 905,1120 752,1120"/>
                    <TextEquiv>
                        <Unicode>désiré</Unicode>
                    </TextEquiv>
                    <TextStyle fontFamily="Arial" fontSize="9.0" bold="true"/>
                </Word>
                <Word id="w_w2aab1b5b2b9b3ac41" language="English" custom="readingOrder {index:3;}">
                    <Coords points="946,1094 999,1094 999,1119 946,1119"/>
                    <TextEquiv>
                        <Unicode>en</Unicode>
                    </TextEquiv>
                    <TextStyle fontFamily="Arial" fontSize="9.0" bold="true"/>
                </Word>
                <Word id="w_w2aab1b5b2b9b3ac47" language="English" custom="readingOrder {index:4;}">
                    <Coords points="1033,1087 1235,1087 1235,1122 1033,1122"/>
                    <TextEquiv>
                        <Unicode>donnant</Unicode>
                    </TextEquiv>
                    <TextStyle fontFamily="Arial" fontSize="9.0" bold="true"/>
                </Word>
                <Word id="w_w2aab1b5b2b9b3ac63" language="English" custom="readingOrder {index:5;}">
                    <Coords points="1258,1089 1294,1089 1294,1122 1258,1122"/>
                    <TextEquiv>
                        <Unicode>le</Unicode>
                    </TextEquiv>
                    <TextStyle fontFamily="Arial" fontSize="9.0" bold="true"/>
                </Word>
                <Word id="w_w2aab1b5b2b9b3ac69" language="English" custom="readingOrder {index:6;}">
                    <Coords points="1315,1090 1431,1090 1431,1123 1315,1123"/>
                    <TextEquiv>
                        <Unicode>texte</Unicode>
                    </TextEquiv>
                    <TextStyle fontFamily="Arial" fontSize="9.0" bold="true"/>
                </Word>
                <Word id="w_w2aab1b5b2b9b3ac81" language="English" custom="readingOrder {index:7;}">
                    <Coords points="1458,1090 1512,1090 1512,1124 1458,1124"/>
                    <TextEquiv>
                        <Unicode>de</Unicode>
                    </TextEquiv>
                    <TextStyle fontFamily="Arial" fontSize="9.0" bold="true"/>
                </Word>
                <Word id="w_w2aab1b5b2b9b3ac87" language="English" custom="readingOrder {index:8;}">
                    <Coords points="1544,1090 1553,1090 1553,1123 1544,1123"/>
                    <TextEquiv>
                        <Unicode>I</Unicode>
                    </TextEquiv>
                    <TextStyle fontFamily="Arial" fontSize="9.0" bold="true"/>
                </Word>
                <Word id="w_w2aab1b5b2b9b3ac91" language="English" custom="readingOrder {index:9;}">
                    <Coords points="1570,1097 1772,1097 1772,1125 1570,1125"/>
                    <TextEquiv>
                        <Unicode>annonce</Unicode>
                    </TextEquiv>
                    <TextStyle fontFamily="Arial" fontSize="9.0" bold="true"/>
                </Word>
                <Word id="w_w2aab1b5b2b9b3ad107" language="English" custom="readingOrder {index:10;}">
                    <Coords points="1804,1087 1827,1087 1827,1124 1804,1124"/>
                    <TextEquiv>
                        <Unicode>à</Unicode>
                    </TextEquiv>
                    <TextStyle fontFamily="Arial" fontSize="9.0" bold="true"/>
                </Word>
                <Word id="w_w2aab1b5b2b9b3ad111" language="English" custom="readingOrder {index:11;}">
                    <Coords points="1853,1088 2037,1088 2037,1125 1853,1125"/>
                    <TextEquiv>
                        <Unicode>Insérer</Unicode>
                    </TextEquiv>
                    <TextStyle fontFamily="Arial" fontSize="9.0" bold="true"/>
                </Word>
                <Word id="w_w2aab1b5b2b9b3ad127" language="English" custom="readingOrder {index:12;}">
                    <Coords points="2066,1091 2139,1091 2139,1131 2066,1131"/>
                    <TextEquiv>
                        <Unicode>qui</Unicode>
                    </TextEquiv>
                    <TextStyle fontFamily="Arial" fontSize="9.0" bold="true"/>
                </Word>
                <TextEquiv>
                    <Unicode>j abonnement désiré en donnant le texte de I annonce à Insérer qui</Unicode>
                </TextEquiv>
                <TextStyle fontFamily="Arial" fontSize="9.0" bold="true"/>
            </TextLine>
            <TextLine id="tl_14" primaryLanguage="English" custom="readingOrder {index:2;}">
                <Coords points="368,1127 940,1127 940,1168 368,1168"/>
                <Baseline points="368,1164 458,1165 575,1165 699,1166 940,1166"/>
                <Word id="w_w2aab1b5b2b9b5ab1" language="English" custom="readingOrder {index:0;}">
                    <Coords points="368,1129 458,1129 458,1165 368,1165"/>
                    <TextEquiv>
                        <Unicode>doit</Unicode>
                    </TextEquiv>
                    <TextStyle fontFamily="Arial" fontSize="9.0" bold="true"/>
                </Word>
                <Word id="w_w2aab1b5b2b9b5ac11" language="English" custom="readingOrder {index:1;}">
                    <Coords points="477,1131 575,1131 575,1165 477,1165"/>
                    <TextEquiv>
                        <Unicode>être</Unicode>
                    </TextEquiv>
                    <TextStyle fontFamily="Arial" fontSize="9.0" bold="true"/>
                </Word>
                <Word id="w_w2aab1b5b2b9b5ac21" language="English" custom="readingOrder {index:2;}">
                    <Coords points="602,1129 699,1129 699,1166 602,1166"/>
                    <TextEquiv>
                        <Unicode>très</Unicode>
                    </TextEquiv>
                    <TextStyle fontFamily="Arial" fontSize="9.0" bold="true"/>
                </Word>
                <Word id="w_w2aab1b5b2b9b5ac31" language="English" custom="readingOrder {index:3;}">
                    <Coords points="720,1134 940,1134 940,1168 720,1168"/>
                    <TextEquiv>
                        <Unicode>correcte.</Unicode>
                    </TextEquiv>
                    <TextStyle fontFamily="Arial" fontSize="9.0" bold="true"/>
                </Word>
                <TextEquiv>
                    <Unicode>doit être très correcte.</Unicode>
                </TextEquiv>
                <TextStyle fontFamily="Arial" fontSize="9.0" bold="true"/>
            </TextLine>
            <TextEquiv>
                <Unicode>Pour s’abonner envoyer, en mandat ou bon poste, le montant de
j abonnement désiré en donnant le texte de I annonce à Insérer qui
doit être très correcte.</Unicode>
            </TextEquiv>
        </TextRegion>
        <TextRegion type="paragraph" id="r_3_6" custom="readingOrder {index:9;}">
            <Coords points="366,1188 2142,1188 2142,1285 366,1285"/>
            <TextLine id="tl_15" primaryLanguage="English" custom="readingOrder {index:0;}">
                <Coords points="416,1189 2141,1189 2141,1242 416,1242"/>
                <Baseline points="416,1224 473,1224 657,1224 883,1227 1058,1227 1131,1227 1270,1231 1351,1230 1565,1232 1767,1232 1865,1231 1945,1231 2141,1232"/>
                <Word id="w_w2aab1b5b2c11b1ab1" language="English" custom="readingOrder {index:0;}">
                    <Coords points="416,1190 473,1190 473,1224 416,1224"/>
                    <TextEquiv>
                        <Unicode>En</Unicode>
                    </TextEquiv>
                    <TextStyle fontFamily="Arial" fontSize="9.0" bold="true"/>
                </Word>
                <Word id="w_w2aab1b5b2c11b1ab7" language="English" custom="readingOrder {index:1;}">
                    <Coords points="497,1191 657,1191 657,1225 497,1225"/>
                    <TextEquiv>
                        <Unicode>retour</Unicode>
                    </TextEquiv>
                    <TextStyle fontFamily="Arial" fontSize="9.0" bold="true"/>
                </Word>
                <Word id="w_w2aab1b5b2c11b1ac21" language="English" custom="readingOrder {index:2;}">
                    <Coords points="680,1191 883,1191 883,1227 680,1227"/>
                    <TextEquiv>
                        <Unicode>l’abonné</Unicode>
                    </TextEquiv>
                    <TextStyle fontFamily="Arial" fontSize="9.0" bold="true"/>
                </Word>
                <Word id="w_w2aab1b5b2c11b1ac39" language="English" custom="readingOrder {index:3;}">
                    <Coords points="916,1193 1058,1193 1058,1236 916,1236"/>
                    <TextEquiv>
                        <Unicode>reçoit</Unicode>
                    </TextEquiv>
                    <TextStyle fontFamily="Arial" fontSize="9.0" bold="true"/>
                </Word>
                <Word id="w_w2aab1b5b2c11b1ac53" language="English" custom="readingOrder {index:4;}">
                    <Coords points="1080,1195 1131,1195 1131,1228 1080,1228"/>
                    <TextEquiv>
                        <Unicode>de</Unicode>
                    </TextEquiv>
                    <TextStyle fontFamily="Arial" fontSize="9.0" bold="true"/>
                </Word>
                <Word id="w_w2aab1b5b2c11b1ac59" language="English" custom="readingOrder {index:5;}">
                    <Coords points="1152,1196 1270,1196 1270,1231 1152,1231"/>
                    <TextEquiv>
                        <Unicode>suite</Unicode>
                    </TextEquiv>
                    <TextStyle fontFamily="Arial" fontSize="9.0" bold="true"/>
                </Word>
                <Word id="w_w2aab1b5b2c11b1ac71" language="English" custom="readingOrder {index:6;}">
                    <Coords points="1295,1205 1351,1205 1351,1230 1295,1230"/>
                    <TextEquiv>
                        <Unicode>un</Unicode>
                    </TextEquiv>
                    <TextStyle fontFamily="Arial" fontSize="9.0" bold="true"/>
                </Word>
                <Word id="w_w2aab1b5b2c11b1ac77" language="English" custom="readingOrder {index:7;}">
                    <Coords points="1376,1195 1565,1195 1565,1232 1376,1232"/>
                    <TextEquiv>
                        <Unicode>numéro</Unicode>
                    </TextEquiv>
                    <TextStyle fontFamily="Arial" fontSize="9.0" bold="true"/>
                </Word>
                <Word id="w_w2aab1b5b2c11b1ac91" language="English" custom="readingOrder {index:8;}">
                    <Coords points="1587,1197 1767,1197 1767,1232 1587,1232"/>
                    <TextEquiv>
                        <Unicode>d’ordre</Unicode>
                    </TextEquiv>
                    <TextStyle fontFamily="Arial" fontSize="9.0" bold="true"/>
                </Word>
                <Word id="w_w2aab1b5b2c11b1ad107" language="English" custom="readingOrder {index:9;}">
                    <Coords points="1791,1197 1865,1197 1865,1240 1791,1240"/>
                    <TextEquiv>
                        <Unicode>qui</Unicode>
                    </TextEquiv>
                    <TextStyle fontFamily="Arial" fontSize="9.0" bold="true"/>
                </Word>
                <Word id="w_w2aab1b5b2c11b1ad115" language="English" custom="readingOrder {index:10;}">
                    <Coords points="1889,1197 1945,1197 1945,1232 1889,1232"/>
                    <TextEquiv>
                        <Unicode>lui</Unicode>
                    </TextEquiv>
                    <TextStyle fontFamily="Arial" fontSize="9.0" bold="true"/>
                </Word>
                <Word id="w_w2aab1b5b2c11b1ad123" language="English" custom="readingOrder {index:11;}">
                    <Coords points="1967,1199 2141,1199 2141,1239 1967,1239"/>
                    <TextEquiv>
                        <Unicode>permet</Unicode>
                    </TextEquiv>
                    <TextStyle fontFamily="Arial" fontSize="9.0" bold="true"/>
                </Word>
                <TextEquiv>
                    <Unicode>En retour l’abonné reçoit de suite un numéro d’ordre qui lui permet</Unicode>
                </TextEquiv>
                <TextStyle fontFamily="Arial" fontSize="9.0" bold="true"/>
            </TextLine>
            <TextLine id="tl_16" primaryLanguage="English" custom="readingOrder {index:1;}">
                <Coords points="367,1236 1453,1236 1453,1284 367,1284"/>
                <Baseline points="367,1272 422,1273 794,1275 930,1275 1023,1276 1203,1277 1453,1279"/>
                <Word id="w_w2aab1b5b2c11b3ab1" language="English" custom="readingOrder {index:0;}">
                    <Coords points="367,1236 422,1236 422,1273 367,1273"/>
                    <TextEquiv>
                        <Unicode>de</Unicode>
                    </TextEquiv>
                    <TextStyle fontFamily="Arial" fontSize="9.0" bold="true"/>
                </Word>
                <Word id="w_w2aab1b5b2c11b3ab7" language="English" custom="readingOrder {index:1;}">
                    <Coords points="451,1243 794,1243 794,1281 451,1281"/>
                    <TextEquiv>
                        <Unicode>correspondre</Unicode>
                    </TextEquiv>
                    <TextStyle fontFamily="Arial" fontSize="9.0" bold="true"/>
                </Word>
                <Word id="w_w2aab1b5b2c11b3ac33" language="English" custom="readingOrder {index:2;}">
                    <Coords points="822,1248 930,1248 930,1275 822,1275"/>
                    <TextEquiv>
                        <Unicode>avec</Unicode>
                    </TextEquiv>
                    <TextStyle fontFamily="Arial" fontSize="9.0" bold="true"/>
                </Word>
                <Word id="w_w2aab1b5b2c11b3ac43" language="English" custom="readingOrder {index:3;}">
                    <Coords points="957,1243 1023,1243 1023,1276 957,1276"/>
                    <TextEquiv>
                        <Unicode>les</Unicode>
                    </TextEquiv>
                    <TextStyle fontFamily="Arial" fontSize="9.0" bold="true"/>
                </Word>
                <Word id="w_w2aab1b5b2c11b3ac51" language="English" custom="readingOrder {index:4;}">
                    <Coords points="1045,1247 1203,1247 1203,1277 1045,1277"/>
                    <TextEquiv>
                        <Unicode>autres</Unicode>
                    </TextEquiv>
                    <TextStyle fontFamily="Arial" fontSize="9.0" bold="true"/>
                </Word>
                <Word id="w_w2aab1b5b2c11b3ac65" language="English" custom="readingOrder {index:5;}">
                    <Coords points="1236,1245 1453,1245 1453,1279 1236,1279"/>
                    <TextEquiv>
                        <Unicode>abonnés.</Unicode>
                    </TextEquiv>
                    <TextStyle fontFamily="Arial" fontSize="9.0" bold="true"/>
                </Word>
                <TextEquiv>
                    <Unicode>de correspondre avec les autres abonnés.</Unicode>
                </TextEquiv>
                <TextStyle fontFamily="Arial" fontSize="9.0" bold="true"/>
            </TextLine>
            <TextEquiv>
                <Unicode>En retour l’abonné reçoit de suite un numéro d’ordre qui lui permet
de correspondre avec les autres abonnés.</Unicode>
            </TextEquiv>
        </TextRegion>
        <TextRegion type="paragraph" id="r_4_1" custom="readingOrder {index:10;}">
            <Coords points="401,1365 2107,1365 2107,1451 401,1451"/>
            <TextLine id="tl_17" primaryLanguage="English" custom="readingOrder {index:0;}">
                <Coords points="402,1366 2106,1366 2106,1450 402,1450"/>
                <Baseline points="402,1437 959,1439 1103,1440 2106,1445"/>
                <Word id="w_w2aab1b7b2b1b1ab1" language="English" custom="readingOrder {index:0;}">
                    <Coords points="402,1367 959,1367 959,1439 402,1439"/>
                    <TextEquiv>
                        <Unicode>MANZÈREI</Unicode>
                    </TextEquiv>
                    <TextStyle fontFamily="Arial" fontSize="13.0" bold="true"/>
                </Word>
                <Word id="w_w2aab1b7b2b1b1ac19" language="English" custom="readingOrder {index:1;}">
                    <Coords points="998,1385 1103,1385 1103,1440 998,1440"/>
                    <TextEquiv>
                        <Unicode>de</Unicode>
                    </TextEquiv>
                    <TextStyle fontFamily="Arial" fontSize="13.0" bold="true"/>
                </Word>
                <Word id="w_w2aab1b7b2b1b1ac25" language="English" custom="readingOrder {index:2;}">
                    <Coords points="1141,1385 2106,1385 2106,1449 1141,1449"/>
                    <TextEquiv>
                        <Unicode>CORRESPONDRE</Unicode>
                    </TextEquiv>
                    <TextStyle fontFamily="Arial" fontSize="13.0" bold="true"/>
                </Word>
                <TextEquiv>
                    <Unicode>MANZÈREI de CORRESPONDRE</Unicode>
                </TextEquiv>
                <TextStyle fontFamily="Arial" fontSize="13.0" bold="true"/>
            </TextLine>
            <TextEquiv>
                <Unicode>MANZÈREI de CORRESPONDRE</Unicode>
            </TextEquiv>
        </TextRegion>
        <TextRegion type="paragraph" id="r_5_1" custom="readingOrder {index:11;}">
            <Coords points="365,1518 2139,1518 2139,1713 365,1713"/>
            <TextLine id="tl_18" primaryLanguage="English" custom="readingOrder {index:0;}">
                <Coords points="413,1519 2137,1519 2137,1575 413,1575"/>
                <Baseline points="413,1556 580,1555 649,1557 810,1557 1029,1559 1082,1558 1275,1562 1468,1563 1598,1563 1735,1564 1872,1564 2137,1564"/>
                <Word id="w_w2aab1b9b2b1b1ab1" language="English" custom="readingOrder {index:0;}">
                    <Coords points="413,1519 580,1519 580,1556 413,1556"/>
                    <TextEquiv>
                        <Unicode>Insérez</Unicode>
                    </TextEquiv>
                    <TextStyle fontFamily="Arial" fontSize="9.0"/>
                </Word>
                <Word id="w_w2aab1b9b2b1b1ac17" language="English" custom="readingOrder {index:1;}">
                    <Coords points="611,1521 649,1521 649,1557 611,1557"/>
                    <TextEquiv>
                        <Unicode>la</Unicode>
                    </TextEquiv>
                    <TextStyle fontFamily="Arial" fontSize="9.0"/>
                </Word>
                <Word id="w_w2aab1b9b2b1b1ac23" language="English" custom="readingOrder {index:2;}">
                    <Coords points="688,1520 810,1520 810,1557 688,1557"/>
                    <TextEquiv>
                        <Unicode>lettre</Unicode>
                    </TextEquiv>
                    <TextStyle fontFamily="Arial" fontSize="9.0"/>
                </Word>
                <Word id="w_w2aab1b9b2b1b1ac37" language="English" custom="readingOrder {index:3;}">
                    <Coords points="840,1521 1029,1521 1029,1559 840,1559"/>
                    <TextEquiv>
                        <Unicode>destinée</Unicode>
                    </TextEquiv>
                    <TextStyle fontFamily="Arial" fontSize="9.0"/>
                </Word>
                <Word id="w_w2aab1b9b2b1b1ac55" language="English" custom="readingOrder {index:4;}">
                    <Coords points="1058,1523 1082,1523 1082,1558 1058,1558"/>
                    <TextEquiv>
                        <Unicode>à</Unicode>
                    </TextEquiv>
                    <TextStyle fontFamily="Arial" fontSize="9.0"/>
                </Word>
                <Word id="w_w2aab1b9b2b1b1ac59" language="English" custom="readingOrder {index:5;}">
                    <Coords points="1111,1523 1275,1523 1275,1570 1111,1570"/>
                    <TextEquiv>
                        <Unicode>chaque</Unicode>
                    </TextEquiv>
                    <TextStyle fontFamily="Arial" fontSize="9.0"/>
                </Word>
                <Word id="w_w2aab1b9b2b1b1ac73" language="English" custom="readingOrder {index:6;}">
                    <Coords points="1303,1526 1468,1526 1468,1563 1303,1563"/>
                    <TextEquiv>
                        <Unicode>abonné</Unicode>
                    </TextEquiv>
                    <TextStyle fontFamily="Arial" fontSize="9.0"/>
                </Word>
                <Word id="w_w2aab1b9b2b1b1ac87" language="English" custom="readingOrder {index:7;}">
                    <Coords points="1500,1528 1598,1528 1598,1565 1500,1565"/>
                    <TextEquiv>
                        <Unicode>dont</Unicode>
                    </TextEquiv>
                    <TextStyle fontFamily="Arial" fontSize="9.0"/>
                </Word>
                <Word id="w_w2aab1b9b2b1b1ac97" language="English" custom="readingOrder {index:8;}">
                    <Coords points="1628,1537 1735,1537 1735,1564 1628,1564"/>
                    <TextEquiv>
                        <Unicode>vous</Unicode>
                    </TextEquiv>
                    <TextStyle fontFamily="Arial" fontSize="9.0"/>
                </Word>
                <Word id="w_w2aab1b9b2b1b1ad107" language="English" custom="readingOrder {index:9;}">
                    <Coords points="1772,1537 1872,1537 1872,1564 1772,1564"/>
                    <TextEquiv>
                        <Unicode>avez</Unicode>
                    </TextEquiv>
                    <TextStyle fontFamily="Arial" fontSize="9.0"/>
                </Word>
                <Word id="w_w2aab1b9b2b1b1ad117" language="English" custom="readingOrder {index:10;}">
                    <Coords points="1909,1527 2137,1527 2137,1574 1909,1574"/>
                    <TextEquiv>
                        <Unicode>remarqué</Unicode>
                    </TextEquiv>
                    <TextStyle fontFamily="Arial" fontSize="9.0"/>
                </Word>
                <TextEquiv>
                    <Unicode>Insérez la lettre destinée à chaque abonné dont vous avez remarqué</Unicode>
                </TextEquiv>
                <TextStyle fontFamily="Arial" fontSize="9.0"/>
            </TextLine>
            <TextLine id="tl_19" primaryLanguage="English" custom="readingOrder {index:1;}">
                <Coords points="367,1566 2136,1566 2136,1623 367,1623"/>
                <Baseline points="367,1605 587,1605 715,1605 815,1606 1072,1607 1165,1607 1365,1609 1493,1608 1730,1612 1839,1611 2136,1619"/>
                <Word id="w_w2aab1b9b2b1b3ab1" language="English" custom="readingOrder {index:0;}">
                    <Coords points="367,1567 587,1567 587,1605 367,1605"/>
                    <TextEquiv>
                        <Unicode>l'annonce</Unicode>
                    </TextEquiv>
                    <TextStyle fontFamily="Arial" fontSize="9.0"/>
                </Word>
                <Word id="w_w2aab1b9b2b1b3ac21" language="English" custom="readingOrder {index:1;}">
                    <Coords points="611,1568 715,1568 715,1605 611,1605"/>
                    <TextEquiv>
                        <Unicode>dans</Unicode>
                    </TextEquiv>
                    <TextStyle fontFamily="Arial" fontSize="9.0"/>
                </Word>
                <Word id="w_w2aab1b9b2b1b3ac31" language="English" custom="readingOrder {index:2;}">
                    <Coords points="731,1579 815,1579 815,1606 731,1606"/>
                    <TextEquiv>
                        <Unicode>une</Unicode>
                    </TextEquiv>
                    <TextStyle fontFamily="Arial" fontSize="9.0"/>
                </Word>
                <Word id="w_w2aab1b9b2b1b3ac39" language="English" custom="readingOrder {index:3;}">
                    <Coords points="837,1570 1072,1570 1072,1617 837,1617"/>
                    <TextEquiv>
                        <Unicode>enveloppe</Unicode>
                    </TextEquiv>
                    <TextStyle fontFamily="Arial" fontSize="9.0"/>
                </Word>
                <Word id="w_w2aab1b9b2b1b3ac59" language="English" custom="readingOrder {index:4;}">
                    <Coords points="1090,1582 1165,1582 1165,1607 1090,1607"/>
                    <TextEquiv>
                        <Unicode>sur</Unicode>
                    </TextEquiv>
                    <TextStyle fontFamily="Arial" fontSize="9.0"/>
                </Word>
                <Word id="w_w2aab1b9b2b1b3ac67" language="English" custom="readingOrder {index:5;}">
                    <Coords points="1184,1573 1365,1573 1365,1619 1184,1619"/>
                    <TextEquiv>
                        <Unicode>laquelle</Unicode>
                    </TextEquiv>
                    <TextStyle fontFamily="Arial" fontSize="9.0"/>
                </Word>
                <Word id="w_w2aab1b9b2b1b3ac85" language="English" custom="readingOrder {index:6;}">
                    <Coords points="1386,1584 1493,1584 1493,1611 1386,1611"/>
                    <TextEquiv>
                        <Unicode>vous</Unicode>
                    </TextEquiv>
                    <TextStyle fontFamily="Arial" fontSize="9.0"/>
                </Word>
                <Word id="w_w2aab1b9b2b1b3ac95" language="English" custom="readingOrder {index:7;}">
                    <Coords points="1521,1576 1730,1576 1730,1612 1521,1612"/>
                    <TextEquiv>
                        <Unicode>inscrivez</Unicode>
                    </TextEquiv>
                    <TextStyle fontFamily="Arial" fontSize="9.0"/>
                </Word>
                <Word id="w_w2aab1b9b2b1b3ad115" language="English" custom="readingOrder {index:8;}">
                    <Coords points="1753,1575 1839,1575 1839,1612 1753,1612"/>
                    <TextEquiv>
                        <Unicode>très</Unicode>
                    </TextEquiv>
                    <TextStyle fontFamily="Arial" fontSize="9.0"/>
                </Word>
                <Word id="w_w2aab1b9b2b1b3ad125" language="English" custom="readingOrder {index:9;}">
                    <Coords points="1864,1576 2136,1576 2136,1619 1864,1619"/>
                    <TextEquiv>
                        <Unicode>lisiblement,</Unicode>
                    </TextEquiv>
                    <TextStyle fontFamily="Arial" fontSize="9.0"/>
                </Word>
                <TextEquiv>
                    <Unicode>l'annonce dans une enveloppe sur laquelle vous inscrivez très lisiblement,</Unicode>
                </TextEquiv>
                <TextStyle fontFamily="Arial" fontSize="9.0"/>
            </TextLine>
            <TextLine id="tl_20" primaryLanguage="English" custom="readingOrder {index:2;}">
                <Coords points="366,1614 2138,1614 2138,1672 366,1672"/>
                <Baseline points="366,1652 391,1652 440,1652 627,1653 710,1653 833,1653 961,1654 1109,1656 1186,1656 1383,1666 1457,1658 1518,1660 1673,1661 1760,1660 1830,1661 2078,1658 2138,1660"/>
                <Word id="w_w2aab1b9b2b1b5ab1" language="English" custom="readingOrder {index:0;}">
                    <Coords points="366,1616 391,1616 391,1652 366,1652"/>
                    <TextEquiv>
                        <Unicode>à</Unicode>
                    </TextEquiv>
                    <TextStyle fontFamily="Arial" fontSize="9.0"/>
                </Word>
                <Word id="w_w2aab1b9b2b1b5ab5" language="English" custom="readingOrder {index:1;}">
                    <Coords points="428,1616 440,1616 440,1652 428,1652"/>
                    <TextEquiv>
                        <Unicode>1</Unicode>
                    </TextEquiv>
                    <TextStyle fontFamily="Arial" fontSize="9.0"/>
                </Word>
                <Word id="w_w2aab1b9b2b1b5ab9" language="English" custom="readingOrder {index:2;}">
                    <Coords points="457,1616 627,1616 627,1653 457,1653"/>
                    <TextEquiv>
                        <Unicode>endroit</Unicode>
                    </TextEquiv>
                    <TextStyle fontFamily="Arial" fontSize="9.0"/>
                </Word>
                <Word id="w_w2aab1b9b2b1b5ac25" language="English" custom="readingOrder {index:3;}">
                    <Coords points="655,1616 710,1616 710,1653 655,1653"/>
                    <TextEquiv>
                        <Unicode>où</Unicode>
                    </TextEquiv>
                    <TextStyle fontFamily="Arial" fontSize="9.0"/>
                </Word>
                <Word id="w_w2aab1b9b2b1b5ac31" language="English" custom="readingOrder {index:4;}">
                    <Coords points="743,1617 833,1617 833,1653 743,1653"/>
                    <TextEquiv>
                        <Unicode>doit</Unicode>
                    </TextEquiv>
                    <TextStyle fontFamily="Arial" fontSize="9.0"/>
                </Word>
                <Word id="w_w2aab1b9b2b1b5ac41" language="English" custom="readingOrder {index:5;}">
                    <Coords points="870,1617 961,1617 961,1654 870,1654"/>
                    <TextEquiv>
                        <Unicode>être</Unicode>
                    </TextEquiv>
                    <TextStyle fontFamily="Arial" fontSize="9.0"/>
                </Word>
                <Word id="w_w2aab1b9b2b1b5ac51" language="English" custom="readingOrder {index:6;}">
                    <Coords points="1001,1619 1109,1619 1109,1656 1001,1656"/>
                    <TextEquiv>
                        <Unicode>collé</Unicode>
                    </TextEquiv>
                    <TextStyle fontFamily="Arial" fontSize="9.0"/>
                </Word>
                <Word id="w_w2aab1b9b2b1b5ac63" language="English" custom="readingOrder {index:7;}">
                    <Coords points="1147,1620 1186,1620 1186,1656 1147,1656"/>
                    <TextEquiv>
                        <Unicode>le</Unicode>
                    </TextEquiv>
                    <TextStyle fontFamily="Arial" fontSize="9.0"/>
                </Word>
                <Word id="w_w2aab1b9b2b1b5ac69" language="English" custom="readingOrder {index:8;}">
                    <Coords points="1218,1621 1383,1621 1383,1666 1218,1666"/>
                    <TextEquiv>
                        <Unicode>timbre,</Unicode>
                    </TextEquiv>
                    <TextStyle fontFamily="Arial" fontSize="9.0"/>
                </Word>
                <Word id="w_w2aab1b9b2b1b5ac85" language="English" custom="readingOrder {index:9;}">
                    <Coords points="1423,1623 1457,1623 1457,1659 1423,1659"/>
                    <TextEquiv>
                        <Unicode>le</Unicode>
                    </TextEquiv>
                    <TextStyle fontFamily="Arial" fontSize="9.0"/>
                </Word>
                <Word id="w_w2aab1b9b2b1b5ac91" language="English" custom="readingOrder {index:10;}">
                    <Coords points="1495,1633 1518,1633 1518,1660 1495,1660"/>
                    <TextEquiv>
                        <Unicode>n</Unicode>
                    </TextEquiv>
                    <TextStyle fontFamily="Arial" fontSize="9.0"/>
                </Word>
                <Word id="w_w2aab1b9b2b1b5ac95" language="English" custom="readingOrder {index:11;}">
                    <Coords points="1543,1625 1673,1625 1673,1661 1543,1661"/>
                    <TextEquiv>
                        <Unicode>unéro</Unicode>
                    </TextEquiv>
                    <TextStyle fontFamily="Arial" fontSize="9.0"/>
                </Word>
                <Word id="w_w2aab1b9b2b1b5ad107" language="English" custom="readingOrder {index:12;}">
                    <Coords points="1709,1626 1760,1626 1760,1660 1709,1660"/>
                    <TextEquiv>
                        <Unicode>de</Unicode>
                    </TextEquiv>
                    <TextStyle fontFamily="Arial" fontSize="9.0"/>
                </Word>
                <Word id="w_w2aab1b9b2b1b5ad113" language="English" custom="readingOrder {index:13;}">
                    <Coords points="1793,1626 1830,1626 1830,1661 1793,1661"/>
                    <TextEquiv>
                        <Unicode>la</Unicode>
                    </TextEquiv>
                    <TextStyle fontFamily="Arial" fontSize="9.0"/>
                </Word>
                <Word id="w_w2aab1b9b2b1b5ad119" language="English" custom="readingOrder {index:14;}">
                    <Coords points="1867,1633 2078,1633 2078,1671 1867,1671"/>
                    <TextEquiv>
                        <Unicode>personne</Unicode>
                    </TextEquiv>
                    <TextStyle fontFamily="Arial" fontSize="9.0"/>
                </Word>
                <Word id="w_w2aab1b9b2b1b5ad137" language="English" custom="readingOrder {index:15;}">
                    <Coords points="2115,1624 2138,1624 2138,1660 2115,1660"/>
                    <TextEquiv>
                        <Unicode>à</Unicode>
                    </TextEquiv>
                    <TextStyle fontFamily="Arial" fontSize="9.0"/>
                </Word>
                <TextEquiv>
                    <Unicode>à 1 endroit où doit être collé le timbre, le n unéro de la personne à</Unicode>
                </TextEquiv>
                <TextStyle fontFamily="Arial" fontSize="9.0"/>
            </TextLine>
            <TextLine id="tl_21" primaryLanguage="English" custom="readingOrder {index:3;}">
                <Coords points="367,1661 962,1661 962,1712 367,1712"/>
                <Baseline points="367,1700 550,1700 649,1700 736,1701 962,1702"/>
                <Word id="w_w2aab1b9b2b1b7ab1" language="English" custom="readingOrder {index:0;}">
                    <Coords points="367,1663 550,1663 550,1710 367,1710"/>
                    <TextEquiv>
                        <Unicode>laquelle</Unicode>
                    </TextEquiv>
                    <TextStyle fontFamily="Arial" fontSize="9.0"/>
                </Word>
                <Word id="w_w2aab1b9b2b1b7ac19" language="English" custom="readingOrder {index:1;}">
                    <Coords points="573,1664 649,1664 649,1701 573,1701"/>
                    <TextEquiv>
                        <Unicode>elle</Unicode>
                    </TextEquiv>
                    <TextStyle fontFamily="Arial" fontSize="9.0"/>
                </Word>
                <Word id="w_w2aab1b9b2b1b7ac29" language="English" custom="readingOrder {index:2;}">
                    <Coords points="670,1665 736,1665 736,1701 670,1701"/>
                    <TextEquiv>
                        <Unicode>est</Unicode>
                    </TextEquiv>
                    <TextStyle fontFamily="Arial" fontSize="9.0"/>
                </Word>
                <Word id="w_w2aab1b9b2b1b7ac37" language="English" custom="readingOrder {index:3;}">
                    <Coords points="756,1664 962,1664 962,1702 756,1702"/>
                    <TextEquiv>
                        <Unicode>destinée.</Unicode>
                    </TextEquiv>
                    <TextStyle fontFamily="Arial" fontSize="9.0"/>
                </Word>
                <TextEquiv>
                    <Unicode>laquelle elle est destinée.</Unicode>
                </TextEquiv>
                <TextStyle fontFamily="Arial" fontSize="9.0"/>
            </TextLine>
            <TextEquiv>
                <Unicode>Insérez la lettre destinée à chaque abonné dont vous avez remarqué
l'annonce dans une enveloppe sur laquelle vous inscrivez très lisiblement,
à 1 endroit où doit être collé le timbre, le n unéro de la personne à
laquelle elle est destinée.</Unicode>
            </TextEquiv>
        </TextRegion>
        <TextRegion type="paragraph" id="r_5_2" custom="readingOrder {index:12;}">
            <Coords points="361,1710 2138,1710 2138,2001 361,2001"/>
            <TextLine id="tl_22" primaryLanguage="English" custom="readingOrder {index:0;}">
                <Coords points="410,1711 2135,1711 2135,1768 410,1768"/>
                <Baseline points="410,1748 582,1748 771,1748 899,1749 975,1750 1070,1751 1359,1753 1404,1754 1482,1754 1620,1755 1815,1755 1958,1754 2135,1756"/>
                <Word id="w_w2aab1b9b2b3b1ab1" language="English" custom="readingOrder {index:0;}">
                    <Coords points="410,1713 582,1713 582,1758 410,1758"/>
                    <TextEquiv>
                        <Unicode>Joignez</Unicode>
                    </TextEquiv>
                    <TextStyle fontFamily="Arial" fontSize="9.0"/>
                </Word>
                <Word id="w_w2aab1b9b2b3b1ac17" language="English" custom="readingOrder {index:1;}">
                    <Coords points="604,1712 771,1712 771,1755 604,1755"/>
                    <TextEquiv>
                        <Unicode>ensuite</Unicode>
                    </TextEquiv>
                    <TextStyle fontFamily="Arial" fontSize="9.0"/>
                </Word>
                <Word id="w_w2aab1b9b2b3b1ac33" language="English" custom="readingOrder {index:2;}">
                    <Coords points="789,1715 899,1715 899,1750 789,1750"/>
                    <TextEquiv>
                        <Unicode>cette</Unicode>
                    </TextEquiv>
                    <TextStyle fontFamily="Arial" fontSize="9.0"/>
                </Word>
                <Word id="w_w2aab1b9b2b3b1ac45" language="English" custom="readingOrder {index:3;}">
                    <Coords points="921,1723 975,1723 975,1750 921,1750"/>
                    <TextEquiv>
                        <Unicode>ou</Unicode>
                    </TextEquiv>
                    <TextStyle fontFamily="Arial" fontSize="9.0"/>
                </Word>
                <Word id="w_w2aab1b9b2b3b1ac51" language="English" custom="readingOrder {index:4;}">
                    <Coords points="1001,1724 1070,1724 1070,1751 1001,1751"/>
                    <TextEquiv>
                        <Unicode>ces</Unicode>
                    </TextEquiv>
                    <TextStyle fontFamily="Arial" fontSize="9.0"/>
                </Word>
                <Word id="w_w2aab1b9b2b3b1ac59" language="English" custom="readingOrder {index:5;}">
                    <Coords points="1101,1716 1359,1716 1359,1764 1101,1764"/>
                    <TextEquiv>
                        <Unicode>enveloppes</Unicode>
                    </TextEquiv>
                    <TextStyle fontFamily="Arial" fontSize="9.0"/>
                </Word>
                <Word id="w_w2aab1b9b2b3b1ac81" language="English" custom="readingOrder {index:6;}">
                    <Coords points="1380,1719 1404,1719 1404,1754 1380,1754"/>
                    <TextEquiv>
                        <Unicode>à</Unicode>
                    </TextEquiv>
                    <TextStyle fontFamily="Arial" fontSize="9.0"/>
                </Word>
                <Word id="w_w2aab1b9b2b3b1ac85" language="English" custom="readingOrder {index:7;}">
                    <Coords points="1428,1728 1482,1728 1482,1754 1428,1754"/>
                    <TextEquiv>
                        <Unicode>un</Unicode>
                    </TextEquiv>
                    <TextStyle fontFamily="Arial" fontSize="9.0"/>
                </Word>
                <Word id="w_w2aab1b9b2b3b1ac91" language="English" custom="readingOrder {index:8;}">
                    <Coords points="1506,1719 1620,1719 1620,1756 1506,1756"/>
                    <TextEquiv>
                        <Unicode>billet</Unicode>
                    </TextEquiv>
                    <TextStyle fontFamily="Arial" fontSize="9.0"/>
                </Word>
                <Word id="w_w2aab1b9b2b3b1ad105" language="English" custom="readingOrder {index:9;}">
                    <Coords points="1644,1721 1815,1721 1815,1765 1644,1765"/>
                    <TextEquiv>
                        <Unicode>portant</Unicode>
                    </TextEquiv>
                    <TextStyle fontFamily="Arial" fontSize="9.0"/>
                </Word>
                <Word id="w_w2aab1b9b2b3b1ad121" language="English" custom="readingOrder {index:10;}">
                    <Coords points="1839,1721 1958,1721 1958,1756 1839,1756"/>
                    <TextEquiv>
                        <Unicode>votre</Unicode>
                    </TextEquiv>
                    <TextStyle fontFamily="Arial" fontSize="9.0"/>
                </Word>
                <Word id="w_w2aab1b9b2b3b1ad133" language="English" custom="readingOrder {index:11;}">
                    <Coords points="1984,1729 2135,1729 2135,1763 1984,1763"/>
                    <TextEquiv>
                        <Unicode>propre</Unicode>
                    </TextEquiv>
                    <TextStyle fontFamily="Arial" fontSize="9.0"/>
                </Word>
                <TextEquiv>
                    <Unicode>Joignez ensuite cette ou ces enveloppes à un billet portant votre propre</Unicode>
                </TextEquiv>
                <TextStyle fontFamily="Arial" fontSize="9.0"/>
            </TextLine>
            <TextLine id="tl_23" primaryLanguage="English" custom="readingOrder {index:1;}">
                <Coords points="364,1759 2135,1759 2135,1815 364,1815"/>
                <Baseline points="364,1796 544,1796 672,1797 769,1797 903,1796 983,1798 1188,1800 1264,1795 1405,1803 1534,1803 1617,1805 1670,1804 1734,1805 1997,1804 2135,1805"/>
                <Word id="w_w2aab1b9b2b3b3ab1" language="English" custom="readingOrder {index:0;}">
                    <Coords points="364,1768 544,1768 544,1796 364,1796"/>
                    <TextEquiv>
                        <Unicode>numéro</Unicode>
                    </TextEquiv>
                    <TextStyle fontFamily="Arial" fontSize="9.0"/>
                </Word>
                <Word id="w_w2aab1b9b2b3b3ac15" language="English" custom="readingOrder {index:1;}">
                    <Coords points="572,1769 672,1769 672,1798 572,1798"/>
                    <TextEquiv>
                        <Unicode>avec</Unicode>
                    </TextEquiv>
                    <TextStyle fontFamily="Arial" fontSize="9.0"/>
                </Word>
                <Word id="w_w2aab1b9b2b3b3ac25" language="English" custom="readingOrder {index:2;}">
                    <Coords points="692,1770 769,1770 769,1797 692,1797"/>
                    <TextEquiv>
                        <Unicode>vos</Unicode>
                    </TextEquiv>
                    <TextStyle fontFamily="Arial" fontSize="9.0"/>
                </Word>
                <Word id="w_w2aab1b9b2b3b3ac33" language="English" custom="readingOrder {index:3;}">
                    <Coords points="805,1771 903,1771 903,1798 805,1798"/>
                    <TextEquiv>
                        <Unicode>nom</Unicode>
                    </TextEquiv>
                    <TextStyle fontFamily="Arial" fontSize="9.0"/>
                </Word>
                <Word id="w_w2aab1b9b2b3b3ac41" language="English" custom="readingOrder {index:4;}">
                    <Coords points="943,1763 983,1763 983,1798 943,1798"/>
                    <TextEquiv>
                        <Unicode>et</Unicode>
                    </TextEquiv>
                    <TextStyle fontFamily="Arial" fontSize="9.0"/>
                </Word>
                <Word id="w_w2aab1b9b2b3b3ac47" language="English" custom="readingOrder {index:5;}">
                    <Coords points="1016,1764 1188,1764 1188,1800 1016,1800"/>
                    <TextEquiv>
                        <Unicode>adresse</Unicode>
                    </TextEquiv>
                    <TextStyle fontFamily="Arial" fontSize="9.0"/>
                </Word>
                <Word id="w_w2aab1b9b2b3b3ac63" language="English" custom="readingOrder {index:6;}">
                    <Coords points="1217,1775 1264,1775 1264,1803 1217,1803"/>
                    <TextEquiv>
                        <Unicode>—</Unicode>
                    </TextEquiv>
                    <TextStyle fontFamily="Arial" fontSize="9.0"/>
                </Word>
                <Word id="w_w2aab1b9b2b3b3b1b1" language="English" custom="readingOrder {index:7;}">
                    <Coords points="1303,1766 1405,1766 1405,1803 1303,1803"/>
                    <TextEquiv>
                        <Unicode>ceci</Unicode>
                    </TextEquiv>
                    <TextStyle fontFamily="Arial" fontSize="9.0" bold="true"/>
                </Word>
                <Word id="w_w2aab1b9b2b3b3b1c11" language="English" custom="readingOrder {index:8;}">
                    <Coords points="1432,1765 1534,1765 1534,1804 1432,1804"/>
                    <TextEquiv>
                        <Unicode>afin</Unicode>
                    </TextEquiv>
                    <TextStyle fontFamily="Arial" fontSize="9.0" bold="true"/>
                </Word>
                <Word id="w_w2aab1b9b2b3b3b1c21" language="English" custom="readingOrder {index:9;}">
                    <Coords points="1562,1771 1617,1771 1617,1805 1562,1805"/>
                    <TextEquiv>
                        <Unicode>de</Unicode>
                    </TextEquiv>
                    <TextStyle fontFamily="Arial" fontSize="9.0" bold="true"/>
                </Word>
                <Word id="w_w2aab1b9b2b3b3b1c27" language="English" custom="readingOrder {index:10;}">
                    <Coords points="1642,1779 1670,1779 1670,1804 1642,1804"/>
                    <TextEquiv>
                        <Unicode>n</Unicode>
                    </TextEquiv>
                    <TextStyle fontFamily="Arial" fontSize="9.0" bold="true"/>
                </Word>
                <Word id="w_w2aab1b9b2b3b3b1c31" language="English" custom="readingOrder {index:11;}">
                    <Coords points="1702,1776 1760,1776 1760,1813 1702,1813"/>
                    <TextEquiv>
                        <Unicode>us</Unicode>
                    </TextEquiv>
                    <TextStyle fontFamily="Arial" fontSize="9.0" bold="true"/>
                </Word>
                <Word id="w_w2aab1b9b2b3b3b2b1" language="English" custom="readingOrder {index:12;}">
                    <Coords points="1784,1768 2054,1768 2054,1813 1784,1813"/>
                    <TextEquiv>
                        <Unicode>permettra</Unicode>
                    </TextEquiv>
                    <TextStyle fontFamily="Arial" fontSize="9.0"/>
                </Word>
                <Word id="w_w2aab1b9b2b3b3b3b1" language="English" custom="readingOrder {index:13;}">
                    <Coords points="2076,1769 2135,1769 2135,1805 2076,1805"/>
                    <TextEquiv>
                        <Unicode>de</Unicode>
                    </TextEquiv>
                    <TextStyle fontFamily="Arial" fontSize="9.0" bold="true"/>
                </Word>
                <TextEquiv>
                    <Unicode>numéro avec vos nom et adresse — ceci afin de n us permettra de</Unicode>
                </TextEquiv>
            </TextLine>
            <TextLine id="tl_24" primaryLanguage="English" custom="readingOrder {index:2;}">
                <Coords points="363,1806 2137,1806 2137,1855 363,1855"/>
                <Baseline points="364,1844 487,1844 719,1845 811,1845 1200,1849 1260,1850 1380,1850 1559,1852 1586,1851 1743,1842 1804,1849 2070,1851 2137,1852"/>
                <Word id="w_w2aab1b9b2b3b5ab1" language="English" custom="readingOrder {index:0;}">
                    <Coords points="364,1816 487,1816 487,1845 364,1845"/>
                    <TextEquiv>
                        <Unicode>nous</Unicode>
                    </TextEquiv>
                    <TextStyle fontFamily="Arial" fontSize="9.0" bold="true"/>
                </Word>
                <Word id="w_w2aab1b9b2b3b5ac11" language="English" custom="readingOrder {index:1;}">
                    <Coords points="510,1817 719,1817 719,1846 510,1846"/>
                    <TextEquiv>
                        <Unicode>assurer</Unicode>
                    </TextEquiv>
                    <TextStyle fontFamily="Arial" fontSize="9.0" bold="true"/>
                </Word>
                <Word id="w_w2aab1b9b2b3b5ac27" language="English" custom="readingOrder {index:2;}">
                    <Coords points="754,1810 811,1810 811,1845 754,1845"/>
                    <TextEquiv>
                        <Unicode>de</Unicode>
                    </TextEquiv>
                    <TextStyle fontFamily="Arial" fontSize="9.0" bold="true"/>
                </Word>
                <Word id="w_w2aab1b9b2b3b5ac33" language="English" custom="readingOrder {index:3;}">
                    <Coords points="842,1809 1200,1809 1200,1849 842,1849"/>
                    <TextEquiv>
                        <Unicode>l’authenticité</Unicode>
                    </TextEquiv>
                    <TextStyle fontFamily="Arial" fontSize="9.0" bold="true"/>
                </Word>
                <Word id="w_w2aab1b9b2b3b5ac63" language="English" custom="readingOrder {index:4;}">
                    <Coords points="1232,1816 1320,1816 1320,1850 1232,1850"/>
                    <TextEquiv>
                        <Unicode>des</Unicode>
                    </TextEquiv>
                    <TextStyle fontFamily="Arial" fontSize="9.0" bold="true"/>
                </Word>
                <Word id="w_w2aab1b9b2b3b5b1b1" language="English" custom="readingOrder {index:5;}">
                    <Coords points="1358,1824 1420,1824 1420,1851 1358,1851"/>
                    <TextEquiv>
                        <Unicode>ex</Unicode>
                    </TextEquiv>
                    <TextStyle fontFamily="Arial" fontSize="9.0"/>
                </Word>
                <Word id="w_w2aab1b9b2b3b5b2b1" language="English" custom="readingOrder {index:6;}">
                    <Coords points="1439,1814 1559,1814 1559,1852 1439,1852"/>
                    <TextEquiv>
                        <Unicode>jédit</Unicode>
                    </TextEquiv>
                    <TextStyle fontFamily="Arial" fontSize="9.0" bold="true"/>
                </Word>
                <Word id="w_w2aab1b9b2b3b5b2c13" language="English" custom="readingOrder {index:7;}">
                    <Coords points="1575,1825 1677,1825 1677,1853 1575,1853"/>
                    <TextEquiv>
                        <Unicode>jurs</Unicode>
                    </TextEquiv>
                    <TextStyle fontFamily="Arial" fontSize="9.0" bold="true"/>
                </Word>
                <Word id="w_w2aab1b9b2b3b5b3b1" language="English" custom="readingOrder {index:8;}">
                    <Coords points="1700,1837 1743,1837 1743,1842 1700,1842"/>
                    <TextEquiv>
                        <Unicode>—</Unicode>
                    </TextEquiv>
                    <TextStyle fontFamily="Arial" fontSize="9.0"/>
                </Word>
                <Word id="w_w2aab1b9b2b3b5b3b5" language="English" custom="readingOrder {index:9;}">
                    <Coords points="1763,1825 1804,1825 1804,1851 1763,1851"/>
                    <TextEquiv>
                        <Unicode>et.</Unicode>
                    </TextEquiv>
                    <TextStyle fontFamily="Arial" fontSize="9.0"/>
                </Word>
                <Word id="w_w2aab1b9b2b3b5b3c13" language="English" custom="readingOrder {index:10;}">
                    <Coords points="1837,1819 2070,1819 2070,1852 1837,1852"/>
                    <TextEquiv>
                        <Unicode>contenant</Unicode>
                    </TextEquiv>
                    <TextStyle fontFamily="Arial" fontSize="9.0"/>
                </Word>
                <Word id="w_w2aab1b9b2b3b5b3c33" language="English" custom="readingOrder {index:11;}">
                    <Coords points="2099,1817 2137,1817 2137,1852 2099,1852"/>
                    <TextEquiv>
                        <Unicode>la</Unicode>
                    </TextEquiv>
                    <TextStyle fontFamily="Arial" fontSize="9.0"/>
                </Word>
                <TextEquiv>
                    <Unicode>nous assurer de l’authenticité des ex jédit jurs — et. contenant la</Unicode>
                </TextEquiv>
            </TextLine>
            <TextLine id="tl_25" primaryLanguage="English" custom="readingOrder {index:3;}">
                <Coords points="364,1854 2134,1854 2134,1903 364,1903"/>
                <Baseline points="364,1892 529,1891 806,1893 860,1893 1330,1897 1395,1899 1526,1899 1589,1900 1626,1897 1764,1899 1967,1900 2134,1900"/>
                <Word id="w_w2aab1b9b2b3b7ab1" language="English" custom="readingOrder {index:0;}">
                    <Coords points="364,1865 529,1865 529,1892 364,1892"/>
                    <TextEquiv>
                        <Unicode>somme</Unicode>
                    </TextEquiv>
                    <TextStyle fontFamily="Arial" fontSize="9.0"/>
                </Word>
                <Word id="w_w2aab1b9b2b3b7ac13" language="English" custom="readingOrder {index:1;}">
                    <Coords points="563,1856 806,1856 806,1893 563,1893"/>
                    <TextEquiv>
                        <Unicode>nécessaire</Unicode>
                    </TextEquiv>
                    <TextStyle fontFamily="Arial" fontSize="9.0"/>
                </Word>
                <Word id="w_w2aab1b9b2b3b7ac35" language="English" custom="readingOrder {index:2;}">
                    <Coords points="837,1858 860,1858 860,1893 837,1893"/>
                    <TextEquiv>
                        <Unicode>à</Unicode>
                    </TextEquiv>
                    <TextStyle fontFamily="Arial" fontSize="9.0"/>
                </Word>
                <Word id="w_w2aab1b9b2b3b7ac39" language="English" custom="readingOrder {index:3;}">
                    <Coords points="886,1858 1330,1858 1330,1898 886,1898"/>
                    <TextEquiv>
                        <Unicode>l'affranchissement.</Unicode>
                    </TextEquiv>
                    <TextStyle fontFamily="Arial" fontSize="9.0"/>
                </Word>
                <Word id="w_w2aab1b9b2b3b7ac79" language="English" custom="readingOrder {index:4;}">
                    <Coords points="1366,1864 1395,1864 1395,1899 1366,1899"/>
                    <TextEquiv>
                        <Unicode>G</Unicode>
                    </TextEquiv>
                    <TextStyle fontFamily="Arial" fontSize="9.0"/>
                </Word>
                <Word id="w_w2aab1b9b2b3b7ac83" language="English" custom="readingOrder {index:5;}">
                    <Coords points="1420,1873 1526,1873 1526,1900 1420,1900"/>
                    <TextEquiv>
                        <Unicode>issez</Unicode>
                    </TextEquiv>
                    <TextStyle fontFamily="Arial" fontSize="9.0"/>
                </Word>
                <Word id="w_w2aab1b9b2b3b7ac95" language="English" custom="readingOrder {index:6;}">
                    <Coords points="1556,1867 1589,1867 1589,1900 1556,1900"/>
                    <TextEquiv>
                        <Unicode>le</Unicode>
                    </TextEquiv>
                    <TextStyle fontFamily="Arial" fontSize="9.0"/>
                </Word>
                <Word id="w_w2aab1b9b2b3b7ad101" language="English" custom="readingOrder {index:7;}">
                    <Coords points="1621,1864 1712,1864 1712,1901 1621,1901"/>
                    <TextEquiv>
                        <Unicode>.oui</Unicode>
                    </TextEquiv>
                    <TextStyle fontFamily="Arial" fontSize="9.0"/>
                </Word>
                <Word id="w_w2aab1b9b2b3b7b1b1" language="English" custom="readingOrder {index:8;}">
                    <Coords points="1742,1864 1846,1864 1846,1900 1742,1900"/>
                    <TextEquiv>
                        <Unicode>dans</Unicode>
                    </TextEquiv>
                    <TextStyle fontFamily="Arial" fontSize="8.5"/>
                </Word>
                <Word id="w_w2aab1b9b2b3b7b2b1" language="English" custom="readingOrder {index:9;}">
                    <Coords points="1886,1873 1967,1873 1967,1900 1886,1900"/>
                    <TextEquiv>
                        <Unicode>une</Unicode>
                    </TextEquiv>
                    <TextStyle fontFamily="Arial" fontSize="9.0"/>
                </Word>
                <Word id="w_w2aab1b9b2b3b7b2b9" language="English" custom="readingOrder {index:10;}">
                    <Coords points="2012,1870 2134,1870 2134,1900 2012,1900"/>
                    <TextEquiv>
                        <Unicode>autre</Unicode>
                    </TextEquiv>
                    <TextStyle fontFamily="Arial" fontSize="9.0"/>
                </Word>
                <TextEquiv>
                    <Unicode>somme nécessaire à l'affranchissement. G issez le .oui dans une autre</Unicode>
                </TextEquiv>
            </TextLine>
            <TextLine id="tl_26" primaryLanguage="English" custom="readingOrder {index:4;}">
                <Coords points="362,1902 2131,1902 2131,1959 362,1959"/>
                <Baseline points="362,1940 598,1941 695,1940 813,1941 1030,1954 1295,1952 1340,1946 1369,1946 1380,1922 1757,1950 1834,1948 1892,1948 2020,1955 2131,1954"/>
                <Word id="w_w2aab1b9b2b3b9ab1" language="English" custom="readingOrder {index:0;}">
                    <Coords points="362,1903 598,1903 598,1950 362,1950"/>
                    <TextEquiv>
                        <Unicode>enveloppe</Unicode>
                    </TextEquiv>
                    <TextStyle fontFamily="Arial" fontSize="9.0"/>
                </Word>
                <Word id="w_w2aab1b9b2b3b9ac21" language="English" custom="readingOrder {index:1;}">
                    <Coords points="612,1914 695,1914 695,1951 612,1951"/>
                    <TextEquiv>
                        <Unicode>que</Unicode>
                    </TextEquiv>
                    <TextStyle fontFamily="Arial" fontSize="9.0"/>
                </Word>
                <Word id="w_w2aab1b9b2b3b9ac29" language="English" custom="readingOrder {index:2;}">
                    <Coords points="707,1913 813,1913 813,1941 707,1941"/>
                    <TextEquiv>
                        <Unicode>vous</Unicode>
                    </TextEquiv>
                    <TextStyle fontFamily="Arial" fontSize="9.0"/>
                </Word>
                <Word id="w_w2aab1b9b2b3b9ac39" language="English" custom="readingOrder {index:3;}">
                    <Coords points="832,1915 1030,1915 1030,1954 832,1954"/>
                    <TextEquiv>
                        <Unicode>envoyez,</Unicode>
                    </TextEquiv>
                    <TextStyle fontFamily="Arial" fontSize="9.0"/>
                </Word>
                <Word id="w_w2aab1b9b2b3b9ac57" language="English" custom="readingOrder {index:4;}">
                    <Coords points="1048,1907 1295,1907 1295,1952 1048,1952"/>
                    <TextEquiv>
                        <Unicode>affranchie,</Unicode>
                    </TextEquiv>
                    <TextStyle fontFamily="Arial" fontSize="9.0"/>
                </Word>
                <Word id="w_w2aab1b9b2b3b9ac81" language="English" custom="readingOrder {index:5;}">
                    <Coords points="1317,1910 1340,1910 1340,1946 1317,1946"/>
                    <TextEquiv>
                        <Unicode>à</Unicode>
                    </TextEquiv>
                    <TextStyle fontFamily="Arial" fontSize="9.0"/>
                </Word>
                <Word id="w_w2aab1b9b2b3b9ac85" language="English" custom="readingOrder {index:6;}">
                    <Coords points="1361,1910 1369,1910 1369,1946 1361,1946"/>
                    <TextEquiv>
                        <Unicode>l</Unicode>
                    </TextEquiv>
                    <TextStyle fontFamily="Arial" fontSize="9.0"/>
                </Word>
                <Word id="w_w2aab1b9b2b3b9b1b1" language="English" custom="readingOrder {index:7;}">
                    <Coords points="1374,1910 1380,1910 1380,1922 1374,1922"/>
                    <TextEquiv>
                        <Unicode>'</Unicode>
                    </TextEquiv>
                    <TextStyle fontFamily="Arial" fontSize="9.0" italic="true"/>
                </Word>
                <Word id="w_w2aab1b9b2b3b9b1b5" language="English" custom="readingOrder {index:8;}">
                    <Coords points="1385,1911 1757,1911 1757,1952 1385,1952"/>
                    <TextEquiv>
                        <Unicode>Intermediaire</Unicode>
                    </TextEquiv>
                    <TextStyle fontFamily="Arial" fontSize="9.0" italic="true"/>
                </Word>
                <Word id="w_w2aab1b9b2b3b9b1c33" language="English" custom="readingOrder {index:9;}">
                    <Coords points="1771,1912 1834,1912 1834,1949 1771,1949"/>
                    <TextEquiv>
                        <Unicode>du</Unicode>
                    </TextEquiv>
                    <TextStyle fontFamily="Arial" fontSize="9.0" italic="true"/>
                </Word>
                <Word id="w_w2aab1b9b2b3b9b1c39" language="English" custom="readingOrder {index:10;}">
                    <Coords points="1859,1914 2008,1914 2008,1958 1859,1958"/>
                    <TextEquiv>
                        <Unicode>foyer</Unicode>
                    </TextEquiv>
                    <TextStyle fontFamily="Arial" fontSize="9.0" italic="true"/>
                </Word>
                <Word id="w_w2aab1b9b2b3b9b2b1" language="English" custom="readingOrder {index:11;}">
                    <Coords points="2013,1939 2020,1939 2020,1955 2013,1955"/>
                    <TextEquiv>
                        <Unicode>,</Unicode>
                    </TextEquiv>
                    <TextStyle fontFamily="Arial" fontSize="9.0"/>
                </Word>
                <Word id="w_w2aab1b9b2b3b9b2b5" language="English" custom="readingOrder {index:12;}">
                    <Coords points="2045,1912 2131,1912 2131,1957 2045,1957"/>
                    <TextEquiv>
                        <Unicode>qui,</Unicode>
                    </TextEquiv>
                    <TextStyle fontFamily="Arial" fontSize="9.0"/>
                </Word>
                <TextEquiv>
                    <Unicode>enveloppe que vous envoyez, affranchie, à l ' Intermediaire du foyer, qui,</Unicode>
                </TextEquiv>
            </TextLine>
            <TextLine id="tl_27" primaryLanguage="English" custom="readingOrder {index:5;}">
                <Coords points="364,1951 1558,1951 1558,2000 364,2000"/>
                <Baseline points="364,1988 550,1987 687,1996 923,1990 977,1989 1182,1992 1290,1993 1558,1997"/>
                <Word id="w_w2aab1b9b2b3c11ab1" language="English" custom="readingOrder {index:0;}">
                    <Coords points="364,1952 550,1952 550,1988 364,1988"/>
                    <TextEquiv>
                        <Unicode>aussitôt</Unicode>
                    </TextEquiv>
                    <TextStyle fontFamily="Arial" fontSize="9.0"/>
                </Word>
                <Word id="w_w2aab1b9b2b3c11ac19" language="English" custom="readingOrder {index:1;}">
                    <Coords points="571,1961 687,1961 687,1996 571,1996"/>
                    <TextEquiv>
                        <Unicode>reçu,</Unicode>
                    </TextEquiv>
                    <TextStyle fontFamily="Arial" fontSize="9.0"/>
                </Word>
                <Word id="w_w2aab1b9b2b3c11ac31" language="English" custom="readingOrder {index:2;}">
                    <Coords points="712,1954 923,1954 923,1990 712,1990"/>
                    <TextEquiv>
                        <Unicode>transmet</Unicode>
                    </TextEquiv>
                    <TextStyle fontFamily="Arial" fontSize="9.0"/>
                </Word>
                <Word id="w_w2aab1b9b2b3c11ac49" language="English" custom="readingOrder {index:3;}">
                    <Coords points="943,1955 977,1955 977,1989 943,1989"/>
                    <TextEquiv>
                        <Unicode>le</Unicode>
                    </TextEquiv>
                    <TextStyle fontFamily="Arial" fontSize="9.0"/>
                </Word>
                <Word id="w_w2aab1b9b2b3c11ac55" language="English" custom="readingOrder {index:4;}">
                    <Coords points="997,1958 1182,1958 1182,1992 997,1992"/>
                    <TextEquiv>
                        <Unicode>contenu</Unicode>
                    </TextEquiv>
                    <TextStyle fontFamily="Arial" fontSize="9.0"/>
                </Word>
                <Word id="w_w2aab1b9b2b3c11ac71" language="English" custom="readingOrder {index:5;}">
                    <Coords points="1209,1966 1290,1966 1290,1994 1209,1994"/>
                    <TextEquiv>
                        <Unicode>aux</Unicode>
                    </TextEquiv>
                    <TextStyle fontFamily="Arial" fontSize="9.0"/>
                </Word>
                <Word id="w_w2aab1b9b2b3c11ac79" language="English" custom="readingOrder {index:6;}">
                    <Coords points="1313,1958 1558,1958 1558,1997 1313,1997"/>
                    <TextEquiv>
                        <Unicode>intéressés.</Unicode>
                    </TextEquiv>
                    <TextStyle fontFamily="Arial" fontSize="9.0"/>
                </Word>
                <TextEquiv>
                    <Unicode>aussitôt reçu, transmet le contenu aux intéressés.</Unicode>
                </TextEquiv>
                <TextStyle fontFamily="Arial" fontSize="9.0"/>
            </TextLine>
            <TextEquiv>
                <Unicode>Joignez ensuite cette ou ces enveloppes à un billet portant votre propre
numéro avec vos nom et adresse — ceci afin de n us permettra de
nous assurer de l’authenticité des ex jédit jurs — et. contenant la
somme nécessaire à l'affranchissement. G issez le .oui dans une autre
enveloppe que vous envoyez, affranchie, à l ' Intermediaire du foyer, qui,
aussitôt reçu, transmet le contenu aux intéressés.</Unicode>
            </TextEquiv>
        </TextRegion>
        <TextRegion type="paragraph" id="r_5_3" custom="readingOrder {index:13;}">
            <Coords points="357,1997 2137,1997 2137,2391 357,2391"/>
            <TextLine id="tl_28" primaryLanguage="English" custom="readingOrder {index:0;}">
                <Coords points="411,1998 2134,1998 2134,2053 411,2053"/>
                <Baseline points="411,2036 464,2035 724,2036 797,2036 933,2037 1135,2039 1211,2040 1405,2042 1546,2041 1775,2049 1876,2042 2134,2043"/>
                <Word id="w_w2aab1b9b2b5b1ab1" language="English" custom="readingOrder {index:0;}">
                    <Coords points="411,2000 464,2000 464,2036 411,2036"/>
                    <TextEquiv>
                        <Unicode>La</Unicode>
                    </TextEquiv>
                    <TextStyle fontFamily="Arial" fontSize="9.0"/>
                </Word>
                <Word id="w_w2aab1b9b2b5b1ab7" language="English" custom="readingOrder {index:1;}">
                    <Coords points="490,1999 724,1999 724,2037 490,2037"/>
                    <TextEquiv>
                        <Unicode>discrétion</Unicode>
                    </TextEquiv>
                    <TextStyle fontFamily="Arial" fontSize="9.0"/>
                </Word>
                <Word id="w_w2aab1b9b2b5b1ac29" language="English" custom="readingOrder {index:2;}">
                    <Coords points="759,2000 797,2000 797,2036 759,2036"/>
                    <TextEquiv>
                        <Unicode>la</Unicode>
                    </TextEquiv>
                    <TextStyle fontFamily="Arial" fontSize="9.0"/>
                </Word>
                <Word id="w_w2aab1b9b2b5b1ac35" language="English" custom="readingOrder {index:3;}">
                    <Coords points="837,2002 933,2002 933,2047 837,2047"/>
                    <TextEquiv>
                        <Unicode>plus</Unicode>
                    </TextEquiv>
                    <TextStyle fontFamily="Arial" fontSize="9.0"/>
                </Word>
                <Word id="w_w2aab1b9b2b5b1ac45" language="English" custom="readingOrder {index:4;}">
                    <Coords points="961,2001 1135,2001 1135,2039 961,2039"/>
                    <TextEquiv>
                        <Unicode>absolue</Unicode>
                    </TextEquiv>
                    <TextStyle fontFamily="Arial" fontSize="9.0"/>
                </Word>
                <Word id="w_w2aab1b9b2b5b1ac61" language="English" custom="readingOrder {index:5;}">
                    <Coords points="1167,2013 1211,2013 1211,2040 1167,2040"/>
                    <TextEquiv>
                        <Unicode>se</Unicode>
                    </TextEquiv>
                    <TextStyle fontFamily="Arial" fontSize="9.0"/>
                </Word>
                <Word id="w_w2aab1b9b2b5b1ac67" language="English" custom="readingOrder {index:6;}">
                    <Coords points="1254,2008 1405,2008 1405,2043 1254,2043"/>
                    <TextEquiv>
                        <Unicode>trouve</Unicode>
                    </TextEquiv>
                    <TextStyle fontFamily="Arial" fontSize="9.0"/>
                </Word>
                <Word id="w_w2aab1b9b2b5b1ac81" language="English" custom="readingOrder {index:7;}">
                    <Coords points="1442,2008 1546,2008 1546,2044 1442,2044"/>
                    <TextEquiv>
                        <Unicode>ainsi</Unicode>
                    </TextEquiv>
                    <TextStyle fontFamily="Arial" fontSize="9.0"/>
                </Word>
                <Word id="w_w2aab1b9b2b5b1ac93" language="English" custom="readingOrder {index:8;}">
                    <Coords points="1590,2008 1775,2008 1775,2049 1590,2049"/>
                    <TextEquiv>
                        <Unicode>assurée,</Unicode>
                    </TextEquiv>
                    <TextStyle fontFamily="Arial" fontSize="9.0"/>
                </Word>
                <Word id="w_w2aab1b9b2b5b1ad111" language="English" custom="readingOrder {index:9;}">
                    <Coords points="1818,2007 1876,2007 1876,2043 1818,2043"/>
                    <TextEquiv>
                        <Unicode>les</Unicode>
                    </TextEquiv>
                    <TextStyle fontFamily="Arial" fontSize="9.0"/>
                </Word>
                <Word id="w_w2aab1b9b2b5b1ad119" language="English" custom="readingOrder {index:10;}">
                    <Coords points="1906,2005 2134,2005 2134,2043 1906,2043"/>
                    <TextEquiv>
                        <Unicode>intéressés</Unicode>
                    </TextEquiv>
                    <TextStyle fontFamily="Arial" fontSize="9.0"/>
                </Word>
                <TextEquiv>
                    <Unicode>La discrétion la plus absolue se trouve ainsi assurée, les intéressés</Unicode>
                </TextEquiv>
                <TextStyle fontFamily="Arial" fontSize="9.0"/>
            </TextLine>
            <TextLine id="tl_29" primaryLanguage="English" custom="readingOrder {index:1;}">
                <Coords points="361,2046 2136,2046 2136,2104 361,2104"/>
                <Baseline points="361,2083 490,2083 617,2084 692,2084 879,2086 973,2085 1110,2088 1369,2091 1432,2090 1579,2091 1973,2091 2136,2091"/>
                <Word id="w_w2aab1b9b2b5b3ab1" language="English" custom="readingOrder {index:0;}">
                    <Coords points="361,2052 490,2052 490,2092 361,2092"/>
                    <TextEquiv>
                        <Unicode>ayant</Unicode>
                    </TextEquiv>
                    <TextStyle fontFamily="Arial" fontSize="9.0"/>
                </Word>
                <Word id="w_w2aab1b9b2b5b3ac13" language="English" custom="readingOrder {index:1;}">
                    <Coords points="525,2049 617,2049 617,2085 525,2085"/>
                    <TextEquiv>
                        <Unicode>seul</Unicode>
                    </TextEquiv>
                    <TextStyle fontFamily="Arial" fontSize="9.0"/>
                </Word>
                <Word id="w_w2aab1b9b2b5b3ac23" language="English" custom="readingOrder {index:2;}">
                    <Coords points="651,2049 692,2049 692,2084 651,2084"/>
                    <TextEquiv>
                        <Unicode>la</Unicode>
                    </TextEquiv>
                    <TextStyle fontFamily="Arial" fontSize="9.0"/>
                </Word>
                <Word id="w_w2aab1b9b2b5b3ac29" language="English" custom="readingOrder {index:3;}">
                    <Coords points="724,2048 879,2048 879,2086 724,2086"/>
                    <TextEquiv>
                        <Unicode>faculté</Unicode>
                    </TextEquiv>
                    <TextStyle fontFamily="Arial" fontSize="9.0"/>
                </Word>
                <Word id="w_w2aab1b9b2b5b3ac45" language="English" custom="readingOrder {index:4;}">
                    <Coords points="923,2049 973,2049 973,2085 923,2085"/>
                    <TextEquiv>
                        <Unicode>de</Unicode>
                    </TextEquiv>
                    <TextStyle fontFamily="Arial" fontSize="9.0"/>
                </Word>
                <Word id="w_w2aab1b9b2b5b3ac51" language="English" custom="readingOrder {index:5;}">
                    <Coords points="1007,2050 1110,2050 1110,2088 1007,2088"/>
                    <TextEquiv>
                        <Unicode>faire</Unicode>
                    </TextEquiv>
                    <TextStyle fontFamily="Arial" fontSize="9.0"/>
                </Word>
                <Word id="w_w2aab1b9b2b5b3ac63" language="English" custom="readingOrder {index:6;}">
                    <Coords points="1152,2053 1369,2053 1369,2091 1152,2091"/>
                    <TextEquiv>
                        <Unicode>connaître</Unicode>
                    </TextEquiv>
                    <TextStyle fontFamily="Arial" fontSize="9.0"/>
                </Word>
                <Word id="w_w2aab1b9b2b5b3ac83" language="English" custom="readingOrder {index:7;}">
                    <Coords points="1408,2055 1432,2055 1432,2090 1408,2090"/>
                    <TextEquiv>
                        <Unicode>à</Unicode>
                    </TextEquiv>
                    <TextStyle fontFamily="Arial" fontSize="9.0"/>
                </Word>
                <Word id="w_w2aab1b9b2b5b3ac87" language="English" custom="readingOrder {index:8;}">
                    <Coords points="1464,2055 1579,2055 1579,2091 1464,2091"/>
                    <TextEquiv>
                        <Unicode>leurs</Unicode>
                    </TextEquiv>
                    <TextStyle fontFamily="Arial" fontSize="9.0"/>
                </Word>
                <Word id="w_w2aab1b9b2b5b3ac99" language="English" custom="readingOrder {index:9;}">
                    <Coords points="1611,2057 1973,2057 1973,2102 1611,2102"/>
                    <TextEquiv>
                        <Unicode>correspondants</Unicode>
                    </TextEquiv>
                    <TextStyle fontFamily="Arial" fontSize="9.0"/>
                </Word>
                <Word id="w_w2aab1b9b2b5b3ad129" language="English" custom="readingOrder {index:10;}">
                    <Coords points="2020,2055 2136,2055 2136,2091 2020,2091"/>
                    <TextEquiv>
                        <Unicode>l^urs</Unicode>
                    </TextEquiv>
                    <TextStyle fontFamily="Arial" fontSize="9.0"/>
                </Word>
                <TextEquiv>
                    <Unicode>ayant seul la faculté de faire connaître à leurs correspondants l^urs</Unicode>
                </TextEquiv>
                <TextStyle fontFamily="Arial" fontSize="9.0"/>
            </TextLine>
            <TextLine id="tl_30" primaryLanguage="English" custom="readingOrder {index:2;}">
                <Coords points="363,2094 2133,2094 2133,2153 363,2153"/>
                <Baseline points="363,2131 485,2130 555,2131 805,2140 885,2133 1023,2135 1147,2144 1206,2135 1362,2136 1440,2138 1586,2138 1658,2137 1737,2139 1878,2139 1951,2139 2133,2147"/>
                <Word id="w_w2aab1b9b2b5b5ab1" language="English" custom="readingOrder {index:0;}">
                    <Coords points="363,2104 485,2104 485,2132 363,2132"/>
                    <TextEquiv>
                        <Unicode>noms</Unicode>
                    </TextEquiv>
                    <TextStyle fontFamily="Arial" fontSize="9.0"/>
                </Word>
                <Word id="w_w2aab1b9b2b5b5ac11" language="English" custom="readingOrder {index:1;}">
                    <Coords points="515,2098 555,2098 555,2131 515,2131"/>
                    <TextEquiv>
                        <Unicode>et</Unicode>
                    </TextEquiv>
                    <TextStyle fontFamily="Arial" fontSize="9.0"/>
                </Word>
                <Word id="w_w2aab1b9b2b5b5ac17" language="English" custom="readingOrder {index:2;}">
                    <Coords points="582,2096 805,2096 805,2140 582,2140"/>
                    <TextEquiv>
                        <Unicode>adresses;</Unicode>
                    </TextEquiv>
                    <TextStyle fontFamily="Arial" fontSize="9.0"/>
                </Word>
                <Word id="w_w2aab1b9b2b5b5ac37" language="English" custom="readingOrder {index:3;}">
                    <Coords points="836,2097 885,2097 885,2133 836,2133"/>
                    <TextEquiv>
                        <Unicode>de</Unicode>
                    </TextEquiv>
                    <TextStyle fontFamily="Arial" fontSize="9.0"/>
                </Word>
                <Word id="w_w2aab1b9b2b5b5ac43" language="English" custom="readingOrder {index:4;}">
                    <Coords points="909,2100 1023,2100 1023,2135 909,2135"/>
                    <TextEquiv>
                        <Unicode>sorte</Unicode>
                    </TextEquiv>
                    <TextStyle fontFamily="Arial" fontSize="9.0"/>
                </Word>
                <Word id="w_w2aab1b9b2b5b5ac55" language="English" custom="readingOrder {index:5;}">
                    <Coords points="1053,2108 1147,2108 1147,2144 1053,2144"/>
                    <TextEquiv>
                        <Unicode>que,</Unicode>
                    </TextEquiv>
                    <TextStyle fontFamily="Arial" fontSize="9.0"/>
                </Word>
                <Word id="w_w2aab1b9b2b5b5ac65" language="English" custom="readingOrder {index:6;}">
                    <Coords points="1172,2100 1206,2100 1206,2136 1172,2136"/>
                    <TextEquiv>
                        <Unicode>si</Unicode>
                    </TextEquiv>
                    <TextStyle fontFamily="Arial" fontSize="9.0"/>
                </Word>
                <Word id="w_w2aab1b9b2b5b5ac71" language="English" custom="readingOrder {index:7;}">
                    <Coords points="1237,2101 1362,2101 1362,2147 1237,2147"/>
                    <TextEquiv>
                        <Unicode>après</Unicode>
                    </TextEquiv>
                    <TextStyle fontFamily="Arial" fontSize="9.0"/>
                </Word>
                <Word id="w_w2aab1b9b2b5b5ac83" language="English" custom="readingOrder {index:8;}">
                    <Coords points="1386,2113 1440,2113 1440,2138 1386,2138"/>
                    <TextEquiv>
                        <Unicode>un</Unicode>
                    </TextEquiv>
                    <TextStyle fontFamily="Arial" fontSize="9.0"/>
                </Word>
                <Word id="w_w2aab1b9b2b5b5ac89" language="English" custom="readingOrder {index:9;}">
                    <Coords points="1470,2102 1586,2102 1586,2139 1470,2139"/>
                    <TextEquiv>
                        <Unicode>échec</Unicode>
                    </TextEquiv>
                    <TextStyle fontFamily="Arial" fontSize="9.0"/>
                </Word>
                <Word id="w_w2aab1b9b2b5b5ad101" language="English" custom="readingOrder {index:10;}">
                    <Coords points="1607,2113 1658,2113 1658,2150 1607,2150"/>
                    <TextEquiv>
                        <Unicode>ge</Unicode>
                    </TextEquiv>
                    <TextStyle fontFamily="Arial" fontSize="9.0"/>
                </Word>
                <Word id="w_w2aab1b9b2b5b5ad107" language="English" custom="readingOrder {index:11;}">
                    <Coords points="1685,2115 1737,2115 1737,2141 1685,2141"/>
                    <TextEquiv>
                        <Unicode>ou</Unicode>
                    </TextEquiv>
                    <TextStyle fontFamily="Arial" fontSize="9.0"/>
                </Word>
                <Word id="w_w2aab1b9b2b5b5ad113" language="English" custom="readingOrder {index:12;}">
                    <Coords points="1769,2105 1878,2105 1878,2140 1769,2140"/>
                    <TextEquiv>
                        <Unicode>deux</Unicode>
                    </TextEquiv>
                    <TextStyle fontFamily="Arial" fontSize="9.0"/>
                </Word>
                <Word id="w_w2aab1b9b2b5b5ad123" language="English" custom="readingOrder {index:13;}">
                    <Coords points="1902,2105 1951,2105 1951,2139 1902,2139"/>
                    <TextEquiv>
                        <Unicode>de</Unicode>
                    </TextEquiv>
                    <TextStyle fontFamily="Arial" fontSize="9.0"/>
                </Word>
                <Word id="w_w2aab1b9b2b5b5ad129" language="English" custom="readingOrder {index:14;}">
                    <Coords points="1975,2104 2133,2104 2133,2147 1975,2147"/>
                    <TextEquiv>
                        <Unicode>lettres,</Unicode>
                    </TextEquiv>
                    <TextStyle fontFamily="Arial" fontSize="9.0"/>
                </Word>
                <TextEquiv>
                    <Unicode>noms et adresses; de sorte que, si après un échec ge ou deux de lettres,</Unicode>
                </TextEquiv>
                <TextStyle fontFamily="Arial" fontSize="9.0"/>
            </TextLine>
            <TextLine id="tl_31" primaryLanguage="English" custom="readingOrder {index:3;}">
                <Coords points="361,2141 2134,2141 2134,2198 361,2198"/>
                <Baseline points="361,2179 422,2179 561,2180 714,2179 977,2181 1118,2184 1192,2183 1393,2186 1464,2186 1691,2187 1738,2187 1854,2186 1941,2189 2134,2187"/>
                <Word id="w_w2aab1b9b2b5b7ab1" language="English" custom="readingOrder {index:0;}">
                    <Coords points="361,2141 422,2141 422,2179 361,2179"/>
                    <TextEquiv>
                        <Unicode>les</Unicode>
                    </TextEquiv>
                    <TextStyle fontFamily="Arial" fontSize="9.0"/>
                </Word>
                <Word id="w_w2aab1b9b2b5b7ab9" language="English" custom="readingOrder {index:1;}">
                    <Coords points="451,2144 561,2144 561,2180 451,2180"/>
                    <TextEquiv>
                        <Unicode>deux</Unicode>
                    </TextEquiv>
                    <TextStyle fontFamily="Arial" fontSize="9.0"/>
                </Word>
                <Word id="w_w2aab1b9b2b5b7ac19" language="English" custom="readingOrder {index:2;}">
                    <Coords points="582,2144 714,2144 714,2189 582,2189"/>
                    <TextEquiv>
                        <Unicode>partis</Unicode>
                    </TextEquiv>
                    <TextStyle fontFamily="Arial" fontSize="9.0"/>
                </Word>
                <Word id="w_w2aab1b9b2b5b7ac33" language="English" custom="readingOrder {index:3;}">
                    <Coords points="734,2146 977,2146 977,2182 734,2182"/>
                    <TextEquiv>
                        <Unicode>constatent</Unicode>
                    </TextEquiv>
                    <TextStyle fontFamily="Arial" fontSize="9.0"/>
                </Word>
                <Word id="w_w2aab1b9b2b5b7ac55" language="English" custom="readingOrder {index:4;}">
                    <Coords points="997,2147 1118,2147 1118,2193 997,2193"/>
                    <TextEquiv>
                        <Unicode>qu’ils</Unicode>
                    </TextEquiv>
                    <TextStyle fontFamily="Arial" fontSize="9.0"/>
                </Word>
                <Word id="w_w2aab1b9b2b5b7ac69" language="English" custom="readingOrder {index:5;}">
                    <Coords points="1140,2158 1192,2158 1192,2183 1140,2183"/>
                    <TextEquiv>
                        <Unicode>ne</Unicode>
                    </TextEquiv>
                    <TextStyle fontFamily="Arial" fontSize="9.0"/>
                </Word>
                <Word id="w_w2aab1b9b2b5b7ac75" language="English" custom="readingOrder {index:6;}">
                    <Coords points="1210,2155 1393,2155 1393,2192 1210,2192"/>
                    <TextEquiv>
                        <Unicode>peuvent</Unicode>
                    </TextEquiv>
                    <TextStyle fontFamily="Arial" fontSize="9.0"/>
                </Word>
                <Word id="w_w2aab1b9b2b5b7ac91" language="English" custom="readingOrder {index:7;}">
                    <Coords points="1421,2160 1464,2160 1464,2186 1421,2186"/>
                    <TextEquiv>
                        <Unicode>se</Unicode>
                    </TextEquiv>
                    <TextStyle fontFamily="Arial" fontSize="9.0"/>
                </Word>
                <Word id="w_w2aab1b9b2b5b7ac97" language="English" custom="readingOrder {index:8;}">
                    <Coords points="1486,2152 1691,2152 1691,2188 1486,2188"/>
                    <TextEquiv>
                        <Unicode>convenir</Unicode>
                    </TextEquiv>
                    <TextStyle fontFamily="Arial" fontSize="9.0"/>
                </Word>
                <Word id="w_w2aab1b9b2b5b7ad115" language="English" custom="readingOrder {index:9;}">
                    <Coords points="1711,2151 1738,2151 1738,2187 1711,2187"/>
                    <TextEquiv>
                        <Unicode>il</Unicode>
                    </TextEquiv>
                    <TextStyle fontFamily="Arial" fontSize="9.0"/>
                </Word>
                <Word id="w_w2aab1b9b2b5b7ad121" language="English" custom="readingOrder {index:10;}">
                    <Coords points="1764,2151 1854,2151 1854,2187 1764,2187"/>
                    <TextEquiv>
                        <Unicode>leur</Unicode>
                    </TextEquiv>
                    <TextStyle fontFamily="Arial" fontSize="9.0"/>
                </Word>
                <Word id="w_w2aab1b9b2b5b7ad131" language="English" custom="readingOrder {index:11;}">
                    <Coords points="1876,2153 1941,2153 1941,2189 1876,2189"/>
                    <TextEquiv>
                        <Unicode>est</Unicode>
                    </TextEquiv>
                    <TextStyle fontFamily="Arial" fontSize="9.0"/>
                </Word>
                <Word id="w_w2aab1b9b2b5b7ad139" language="English" custom="readingOrder {index:12;}">
                    <Coords points="1971,2150 2134,2150 2134,2187 1971,2187"/>
                    <TextEquiv>
                        <Unicode>loisible</Unicode>
                    </TextEquiv>
                    <TextStyle fontFamily="Arial" fontSize="9.0"/>
                </Word>
                <TextEquiv>
                    <Unicode>les deux partis constatent qu’ils ne peuvent se convenir il leur est loisible</Unicode>
                </TextEquiv>
                <TextStyle fontFamily="Arial" fontSize="9.0"/>
            </TextLine>
            <TextLine id="tl_32" primaryLanguage="English" custom="readingOrder {index:4;}">
                <Coords points="361,2189 2134,2189 2134,2245 361,2245"/>
                <Baseline points="361,2226 410,2227 594,2228 725,2228 779,2228 1283,2233 1378,2235 1617,2236 1902,2237 2037,2235 2134,2235"/>
                <Word id="w_w2aab1b9b2b5b9ab1" language="English" custom="readingOrder {index:0;}">
                    <Coords points="361,2189 410,2189 410,2227 361,2227"/>
                    <TextEquiv>
                        <Unicode>de</Unicode>
                    </TextEquiv>
                    <TextStyle fontFamily="Arial" fontSize="9.0"/>
                </Word>
                <Word id="w_w2aab1b9b2b5b9ab7" language="English" custom="readingOrder {index:1;}">
                    <Coords points="450,2201 594,2201 594,2228 450,2228"/>
                    <TextEquiv>
                        <Unicode>cesser</Unicode>
                    </TextEquiv>
                    <TextStyle fontFamily="Arial" fontSize="9.0"/>
                </Word>
                <Word id="w_w2aab1b9b2b5b9ac21" language="English" custom="readingOrder {index:2;}">
                    <Coords points="632,2191 725,2191 725,2229 632,2229"/>
                    <TextEquiv>
                        <Unicode>leur</Unicode>
                    </TextEquiv>
                    <TextStyle fontFamily="Arial" fontSize="9.0"/>
                </Word>
                <Word id="w_w2aab1b9b2b5b9ac31" language="English" custom="readingOrder {index:3;}">
                    <Coords points="758,2193 1136,2193 1136,2240 758,2240"/>
                    <TextEquiv>
                        <Unicode>correspondance,</Unicode>
                    </TextEquiv>
                    <TextStyle fontFamily="Arial" fontSize="9.0"/>
                </Word>
                <Word id="w_w2aab1b9b2b5b9b1b1" language="English" custom="readingOrder {index:4;}">
                    <Coords points="1174,2197 1283,2197 1283,2233 1174,2233"/>
                    <TextEquiv>
                        <Unicode>tout</Unicode>
                    </TextEquiv>
                    <TextStyle fontFamily="Arial" fontSize="9.0" bold="true"/>
                </Word>
                <Word id="w_w2aab1b9b2b5b9b1c11" language="English" custom="readingOrder {index:5;}">
                    <Coords points="1321,2207 1378,2207 1378,2235 1321,2235"/>
                    <TextEquiv>
                        <Unicode>en</Unicode>
                    </TextEquiv>
                    <TextStyle fontFamily="Arial" fontSize="9.0" bold="true"/>
                </Word>
                <Word id="w_w2aab1b9b2b5b9b1c17" language="English" custom="readingOrder {index:6;}">
                    <Coords points="1418,2201 1617,2201 1617,2236 1418,2236"/>
                    <TextEquiv>
                        <Unicode>restant</Unicode>
                    </TextEquiv>
                    <TextStyle fontFamily="Arial" fontSize="9.0" bold="true"/>
                </Word>
                <Word id="w_w2aab1b9b2b5b9b1c33" language="English" custom="readingOrder {index:7;}">
                    <Coords points="1663,2200 1902,2200 1902,2237 1663,2237"/>
                    <TextEquiv>
                        <Unicode>inconnus</Unicode>
                    </TextEquiv>
                    <TextStyle fontFamily="Arial" fontSize="9.0" bold="true"/>
                </Word>
                <Word id="w_w2aab1b9b2b5b9b1c51" language="English" custom="readingOrder {index:8;}">
                    <Coords points="1942,2198 2037,2198 2037,2235 1942,2235"/>
                    <TextEquiv>
                        <Unicode>l’un</Unicode>
                    </TextEquiv>
                    <TextStyle fontFamily="Arial" fontSize="9.0" bold="true"/>
                </Word>
                <Word id="w_w2aab1b9b2b5b9b1c61" language="English" custom="readingOrder {index:9;}">
                    <Coords points="2077,2200 2134,2200 2134,2235 2077,2235"/>
                    <TextEquiv>
                        <Unicode>de</Unicode>
                    </TextEquiv>
                    <TextStyle fontFamily="Arial" fontSize="9.0" bold="true"/>
                </Word>
                <TextEquiv>
                    <Unicode>de cesser leur correspondance, tout en restant inconnus l’un de</Unicode>
                </TextEquiv>
            </TextLine>
            <TextLine id="tl_33" primaryLanguage="English" custom="readingOrder {index:5;}">
                <Coords points="358,2237 2135,2237 2135,2295 358,2295"/>
                <Baseline points="359,2275 375,2275 421,2275 629,2276 810,2282 937,2277 996,2276 1088,2280 1336,2285 1418,2282 1632,2283 1695,2284 1883,2283 2135,2273"/>
                <Word id="w_w2aab1b9b2b5c11ab1" language="English" custom="readingOrder {index:0;}">
                    <Coords points="359,2239 375,2239 375,2275 359,2275"/>
                    <TextEquiv>
                        <Unicode>1</Unicode>
                    </TextEquiv>
                    <TextStyle fontFamily="Arial" fontSize="9.0" bold="true"/>
                </Word>
                <Word id="w_w2aab1b9b2b5c11ab5" language="English" custom="readingOrder {index:1;}">
                    <Coords points="392,2240 551,2240 551,2276 392,2276"/>
                    <TextEquiv>
                        <Unicode>autre.</Unicode>
                    </TextEquiv>
                    <TextStyle fontFamily="Arial" fontSize="9.0" bold="true"/>
                </Word>
                <Word id="w_w2aab1b9b2b5c11b1b1" language="English" custom="readingOrder {index:2;}">
                    <Coords points="575,2240 629,2240 629,2276 575,2276"/>
                    <TextEquiv>
                        <Unicode>De</Unicode>
                    </TextEquiv>
                    <TextStyle fontFamily="Arial" fontSize="9.0"/>
                </Word>
                <Word id="w_w2aab1b9b2b5c11b1b7" language="English" custom="readingOrder {index:3;}">
                    <Coords points="659,2239 810,2239 810,2282 659,2282"/>
                    <TextEquiv>
                        <Unicode>même,</Unicode>
                    </TextEquiv>
                    <TextStyle fontFamily="Arial" fontSize="9.0"/>
                </Word>
                <Word id="w_w2aab1b9b2b5c11b1c19" language="English" custom="readingOrder {index:4;}">
                    <Coords points="832,2241 937,2241 937,2277 832,2277"/>
                    <TextEquiv>
                        <Unicode>dans</Unicode>
                    </TextEquiv>
                    <TextStyle fontFamily="Arial" fontSize="9.0"/>
                </Word>
                <Word id="w_w2aab1b9b2b5c11b1c29" language="English" custom="readingOrder {index:5;}">
                    <Coords points="960,2241 996,2241 996,2276 960,2276"/>
                    <TextEquiv>
                        <Unicode>le</Unicode>
                    </TextEquiv>
                    <TextStyle fontFamily="Arial" fontSize="9.0"/>
                </Word>
                <Word id="w_w2aab1b9b2b5c11b1c35" language="English" custom="readingOrder {index:6;}">
                    <Coords points="1017,2252 1088,2252 1088,2280 1017,2280"/>
                    <TextEquiv>
                        <Unicode>cas</Unicode>
                    </TextEquiv>
                    <TextStyle fontFamily="Arial" fontSize="9.0"/>
                </Word>
                <Word id="w_w2aab1b9b2b5c11b1c43" language="English" custom="readingOrder {index:7;}">
                    <Coords points="1109,2247 1336,2247 1336,2285 1109,2285"/>
                    <TextEquiv>
                        <Unicode>contraire,</Unicode>
                    </TextEquiv>
                    <TextStyle fontFamily="Arial" fontSize="9.0"/>
                </Word>
                <Word id="w_w2aab1b9b2b5c11b1c65" language="English" custom="readingOrder {index:8;}">
                    <Coords points="1365,2248 1418,2248 1418,2282 1365,2282"/>
                    <TextEquiv>
                        <Unicode>ils</Unicode>
                    </TextEquiv>
                    <TextStyle fontFamily="Arial" fontSize="9.0"/>
                </Word>
                <Word id="w_w2aab1b9b2b5c11b1c73" language="English" custom="readingOrder {index:9;}">
                    <Coords points="1451,2249 1632,2249 1632,2292 1451,2292"/>
                    <TextEquiv>
                        <Unicode>peuvent</Unicode>
                    </TextEquiv>
                    <TextStyle fontFamily="Arial" fontSize="9.0"/>
                </Word>
                <Word id="w_w2aab1b9b2b5c11b1c89" language="English" custom="readingOrder {index:10;}">
                    <Coords points="1653,2257 1695,2257 1695,2284 1653,2284"/>
                    <TextEquiv>
                        <Unicode>se</Unicode>
                    </TextEquiv>
                    <TextStyle fontFamily="Arial" fontSize="9.0"/>
                </Word>
                <Word id="w_w2aab1b9b2b5c11b1c95" language="English" custom="readingOrder {index:11;}">
                    <Coords points="1718,2251 1883,2251 1883,2284 1718,2284"/>
                    <TextEquiv>
                        <Unicode>donner</Unicode>
                    </TextEquiv>
                    <TextStyle fontFamily="Arial" fontSize="9.0"/>
                </Word>
                <Word id="w_w2aab1b9b2b5c11b1d109" language="English" custom="readingOrder {index:12;}">
                    <Coords points="1908,2247 2135,2247 2135,2283 1908,2283"/>
                    <TextEquiv>
                        <Unicode>mutuelle¬</Unicode>
                    </TextEquiv>
                    <TextStyle fontFamily="Arial" fontSize="9.0"/>
                </Word>
                <TextEquiv>
                    <Unicode>1 autre. De même, dans le cas contraire, ils peuvent se donner mutuelle¬</Unicode>
                </TextEquiv>
            </TextLine>
            <TextLine id="tl_34" primaryLanguage="English" custom="readingOrder {index:6;}">
                <Coords points="360,2285 2131,2285 2131,2345 360,2345"/>
                <Baseline points="360,2323 475,2322 600,2324 810,2325 992,2324 1080,2326 1158,2327 1338,2329 1399,2329 1589,2330 1653,2330 2001,2332 2131,2330"/>
                <Word id="w_w2aab1b9b2b5c13ab1" language="English" custom="readingOrder {index:0;}">
                    <Coords points="360,2292 475,2292 475,2323 360,2323"/>
                    <TextEquiv>
                        <Unicode>ment</Unicode>
                    </TextEquiv>
                    <TextStyle fontFamily="Arial" fontSize="9.0"/>
                </Word>
                <Word id="w_w2aab1b9b2b5c13ac11" language="English" custom="readingOrder {index:1;}">
                    <Coords points="508,2288 600,2288 600,2324 508,2324"/>
                    <TextEquiv>
                        <Unicode>leur</Unicode>
                    </TextEquiv>
                    <TextStyle fontFamily="Arial" fontSize="9.0"/>
                </Word>
                <Word id="w_w2aab1b9b2b5c13ac21" language="English" custom="readingOrder {index:2;}">
                    <Coords points="637,2287 810,2287 810,2325 637,2325"/>
                    <TextEquiv>
                        <Unicode>adresse</Unicode>
                    </TextEquiv>
                    <TextStyle fontFamily="Arial" fontSize="9.0"/>
                </Word>
                <Word id="w_w2aab1b9b2b5c13ac37" language="English" custom="readingOrder {index:3;}">
                    <Coords points="850,2289 992,2289 992,2335 850,2335"/>
                    <TextEquiv>
                        <Unicode>quand</Unicode>
                    </TextEquiv>
                    <TextStyle fontFamily="Arial" fontSize="9.0"/>
                </Word>
                <Word id="w_w2aab1b9b2b5c13ac49" language="English" custom="readingOrder {index:4;}">
                    <Coords points="1029,2291 1080,2291 1080,2326 1029,2326"/>
                    <TextEquiv>
                        <Unicode>ils</Unicode>
                    </TextEquiv>
                    <TextStyle fontFamily="Arial" fontSize="9.0"/>
                </Word>
                <Word id="w_w2aab1b9b2b5c13ac57" language="English" custom="readingOrder {index:5;}">
                    <Coords points="1122,2292 1158,2292 1158,2327 1122,2327"/>
                    <TextEquiv>
                        <Unicode>le</Unicode>
                    </TextEquiv>
                    <TextStyle fontFamily="Arial" fontSize="9.0"/>
                </Word>
                <Word id="w_w2aab1b9b2b5c13ac63" language="English" custom="readingOrder {index:6;}">
                    <Coords points="1194,2295 1338,2295 1338,2340 1194,2340"/>
                    <TextEquiv>
                        <Unicode>jugent</Unicode>
                    </TextEquiv>
                    <TextStyle fontFamily="Arial" fontSize="9.0"/>
                </Word>
                <Word id="w_w2aab1b9b2b5c13ac77" language="English" custom="readingOrder {index:7;}">
                    <Coords points="1377,2294 1399,2294 1399,2329 1377,2329"/>
                    <TextEquiv>
                        <Unicode>à</Unicode>
                    </TextEquiv>
                    <TextStyle fontFamily="Arial" fontSize="9.0"/>
                </Word>
                <Word id="w_w2aab1b9b2b5c13ac81" language="English" custom="readingOrder {index:8;}">
                    <Coords points="1434,2304 1589,2304 1589,2342 1434,2342"/>
                    <TextEquiv>
                        <Unicode>propos</Unicode>
                    </TextEquiv>
                    <TextStyle fontFamily="Arial" fontSize="9.0"/>
                </Word>
                <Word id="w_w2aab1b9b2b5c13ac95" language="English" custom="readingOrder {index:9;}">
                    <Coords points="1611,2297 1653,2297 1653,2331 1611,2331"/>
                    <TextEquiv>
                        <Unicode>et</Unicode>
                    </TextEquiv>
                    <TextStyle fontFamily="Arial" fontSize="9.0"/>
                </Word>
                <Word id="w_w2aab1b9b2b5c13ad101" language="English" custom="readingOrder {index:10;}">
                    <Coords points="1686,2296 2001,2296 2001,2340 1686,2340"/>
                    <TextEquiv>
                        <Unicode>correspondre</Unicode>
                    </TextEquiv>
                    <TextStyle fontFamily="Arial" fontSize="9.0"/>
                </Word>
                <Word id="w_w2aab1b9b2b5c13ad127" language="English" custom="readingOrder {index:11;}">
                    <Coords points="2023,2295 2131,2295 2131,2332 2023,2332"/>
                    <TextEquiv>
                        <Unicode>ainsi</Unicode>
                    </TextEquiv>
                    <TextStyle fontFamily="Arial" fontSize="9.0"/>
                </Word>
                <TextEquiv>
                    <Unicode>ment leur adresse quand ils le jugent à propos et correspondre ainsi</Unicode>
                </TextEquiv>
                <TextStyle fontFamily="Arial" fontSize="9.0"/>
            </TextLine>
            <TextLine id="tl_35" primaryLanguage="English" custom="readingOrder {index:7;}">
                <Coords points="360,2333 1913,2333 1913,2390 360,2390"/>
                <Baseline points="360,2371 641,2371 867,2381 992,2373 1167,2375 1265,2377 1292,2377 1633,2379 1707,2378 1913,2380"/>
                <Word id="w_w2aab1b9b2b5c15ab1" language="English" custom="readingOrder {index:0;}">
                    <Coords points="360,2334 641,2334 641,2371 360,2371"/>
                    <TextEquiv>
                        <Unicode>directement</Unicode>
                    </TextEquiv>
                    <TextStyle fontFamily="Arial" fontSize="9.0"/>
                </Word>
                <Word id="w_w2aab1b9b2b5c15ac25" language="English" custom="readingOrder {index:1;}">
                    <Coords points="662,2335 867,2335 867,2381 662,2381"/>
                    <TextEquiv>
                        <Unicode>entr’eux,</Unicode>
                    </TextEquiv>
                    <TextStyle fontFamily="Arial" fontSize="9.0"/>
                </Word>
                <Word id="w_w2aab1b9b2b5c15ac45" language="English" custom="readingOrder {index:2;}">
                    <Coords points="892,2347 992,2347 992,2373 892,2373"/>
                    <TextEquiv>
                        <Unicode>sans</Unicode>
                    </TextEquiv>
                    <TextStyle fontFamily="Arial" fontSize="9.0"/>
                </Word>
                <Word id="w_w2aab1b9b2b5c15ac55" language="English" custom="readingOrder {index:3;}">
                    <Coords points="1014,2347 1167,2347 1167,2385 1014,2385"/>
                    <TextEquiv>
                        <Unicode>passer</Unicode>
                    </TextEquiv>
                    <TextStyle fontFamily="Arial" fontSize="9.0"/>
                </Word>
                <Word id="w_w2aab1b9b2b5c15ac69" language="English" custom="readingOrder {index:4;}">
                    <Coords points="1189,2350 1265,2350 1265,2386 1189,2386"/>
                    <TextEquiv>
                        <Unicode>par</Unicode>
                    </TextEquiv>
                    <TextStyle fontFamily="Arial" fontSize="9.0"/>
                </Word>
                <Word id="w_w2aab1b9b2b5c15ac77" language="English" custom="readingOrder {index:5;}">
                    <Coords points="1287,2344 1292,2344 1292,2377 1287,2377"/>
                    <TextEquiv>
                        <Unicode>I</Unicode>
                    </TextEquiv>
                    <TextStyle fontFamily="Arial" fontSize="9.0"/>
                </Word>
                <Word id="w_w2aab1b9b2b5c15ac81" language="English" custom="readingOrder {index:6;}">
                    <Coords points="1315,2342 1633,2342 1633,2380 1315,2380"/>
                    <TextEquiv>
                        <Unicode>intermédiaire</Unicode>
                    </TextEquiv>
                    <TextStyle fontFamily="Arial" fontSize="9.0"/>
                </Word>
                <Word id="w_w2aab1b9b2b5c15ad109" language="English" custom="readingOrder {index:7;}">
                    <Coords points="1656,2342 1707,2342 1707,2379 1656,2379"/>
                    <TextEquiv>
                        <Unicode>du</Unicode>
                    </TextEquiv>
                    <TextStyle fontFamily="Arial" fontSize="9.0"/>
                </Word>
                <Word id="w_w2aab1b9b2b5c15ad115" language="English" custom="readingOrder {index:8;}">
                    <Coords points="1729,2345 1913,2345 1913,2388 1729,2388"/>
                    <TextEquiv>
                        <Unicode>journal.</Unicode>
                    </TextEquiv>
                    <TextStyle fontFamily="Arial" fontSize="9.0"/>
                </Word>
                <TextEquiv>
                    <Unicode>directement entr’eux, sans passer par I intermédiaire du journal.</Unicode>
                </TextEquiv>
                <TextStyle fontFamily="Arial" fontSize="9.0"/>
            </TextLine>
            <TextEquiv>
                <Unicode>La discrétion la plus absolue se trouve ainsi assurée, les intéressés
ayant seul la faculté de faire connaître à leurs correspondants l^urs
noms et adresses; de sorte que, si après un échec ge ou deux de lettres,
les deux partis constatent qu’ils ne peuvent se convenir il leur est loisible
de cesser leur correspondance, tout en restant inconnus l’un de
1 autre. De même, dans le cas contraire, ils peuvent se donner mutuelle¬
ment leur adresse quand ils le jugent à propos et correspondre ainsi
directement entr’eux, sans passer par I intermédiaire du journal.</Unicode>
            </TextEquiv>
        </TextRegion>
        <TextRegion type="paragraph" id="r_6_1" custom="readingOrder {index:14;}">
            <Coords points="656,2488 1831,2488 1831,2553 656,2553"/>
            <TextLine id="tl_36" primaryLanguage="English" custom="readingOrder {index:0;}">
                <Coords points="657,2489 1830,2489 1830,2552 657,2552"/>
                <Baseline points="657,2543 1230,2549 1830,2552"/>
                <Word id="w_w2aab1c11b2b1b1ab1" language="English" custom="readingOrder {index:0;}">
                    <Coords points="657,2489 1230,2489 1230,2549 657,2549"/>
                    <TextEquiv>
                        <Unicode>OBSERVATION</Unicode>
                    </TextEquiv>
                    <TextStyle fontFamily="Times New Roman" fontSize="14.0" bold="true"/>
                </Word>
                <Word id="w_w2aab1c11b2b1b1ac25" language="English" custom="readingOrder {index:1;}">
                    <Coords points="1303,2496 1830,2496 1830,2552 1303,2552"/>
                    <TextEquiv>
                        <Unicode>IMPORTANTE</Unicode>
                    </TextEquiv>
                    <TextStyle fontFamily="Times New Roman" fontSize="14.0" bold="true"/>
                </Word>
                <TextEquiv>
                    <Unicode>OBSERVATION IMPORTANTE</Unicode>
                </TextEquiv>
                <TextStyle fontFamily="Times New Roman" fontSize="14.0" bold="true"/>
            </TextLine>
            <TextEquiv>
                <Unicode>OBSERVATION IMPORTANTE</Unicode>
            </TextEquiv>
        </TextRegion>
        <TextRegion type="paragraph" id="r_7_1" custom="readingOrder {index:15;}">
            <Coords points="356,2625 2132,2625 2132,2762 356,2762"/>
            <TextLine id="tl_37" primaryLanguage="English" custom="readingOrder {index:0;}">
                <Coords points="407,2626 2130,2626 2130,2681 407,2681"/>
                <Baseline points="407,2662 432,2663 527,2661 598,2662 716,2661 906,2663 988,2664 1209,2666 1283,2668 1482,2668 1610,2670 1728,2671 1928,2671 2130,2670"/>
                <Word id="w_w2aab1c13b2b1b1ab1" language="English" custom="readingOrder {index:0;}">
                    <Coords points="407,2629 432,2629 432,2663 407,2663"/>
                    <TextEquiv>
                        <Unicode>I.</Unicode>
                    </TextEquiv>
                    <TextStyle fontFamily="Arial" fontSize="9.0" bold="true"/>
                </Word>
                <Word id="w_w2aab1c13b2b1b1ab7" language="English" custom="readingOrder {index:1;}">
                    <Coords points="454,2627 527,2627 527,2662 454,2662"/>
                    <TextEquiv>
                        <Unicode>Nui</Unicode>
                    </TextEquiv>
                    <TextStyle fontFamily="Arial" fontSize="9.0" bold="true"/>
                </Word>
                <Word id="w_w2aab1c13b2b1b1ac15" language="English" custom="readingOrder {index:2;}">
                    <Coords points="546,2635 598,2635 598,2662 546,2662"/>
                    <TextEquiv>
                        <Unicode>ne</Unicode>
                    </TextEquiv>
                    <TextStyle fontFamily="Arial" fontSize="9.0" bold="true"/>
                </Word>
                <Word id="w_w2aab1c13b2b1b1ac21" language="English" custom="readingOrder {index:3;}">
                    <Coords points="612,2629 716,2629 716,2667 612,2667"/>
                    <TextEquiv>
                        <Unicode>peut</Unicode>
                    </TextEquiv>
                    <TextStyle fontFamily="Arial" fontSize="9.0" bold="true"/>
                </Word>
                <Word id="w_w2aab1c13b2b1b1ac31" language="English" custom="readingOrder {index:4;}">
                    <Coords points="731,2627 906,2627 906,2664 731,2664"/>
                    <TextEquiv>
                        <Unicode>utiliser</Unicode>
                    </TextEquiv>
                    <TextStyle fontFamily="Arial" fontSize="9.0" bold="true"/>
                </Word>
                <Word id="w_w2aab1c13b2b1b1ac49" language="English" custom="readingOrder {index:5;}">
                    <Coords points="923,2630 988,2630 988,2665 923,2665"/>
                    <TextEquiv>
                        <Unicode>les</Unicode>
                    </TextEquiv>
                    <TextStyle fontFamily="Arial" fontSize="9.0" bold="true"/>
                </Word>
                <Word id="w_w2aab1c13b2b1b1ac57" language="English" custom="readingOrder {index:6;}">
                    <Coords points="1004,2631 1209,2631 1209,2666 1004,2666"/>
                    <TextEquiv>
                        <Unicode>services</Unicode>
                    </TextEquiv>
                    <TextStyle fontFamily="Arial" fontSize="9.0" bold="true"/>
                </Word>
                <Word id="w_w2aab1c13b2b1b1ac75" language="English" custom="readingOrder {index:7;}">
                    <Coords points="1227,2633 1283,2633 1283,2669 1227,2669"/>
                    <TextEquiv>
                        <Unicode>du</Unicode>
                    </TextEquiv>
                    <TextStyle fontFamily="Arial" fontSize="9.0" bold="true"/>
                </Word>
                <Word id="w_w2aab1c13b2b1b1ac81" language="English" custom="readingOrder {index:8;}">
                    <Coords points="1304,2632 1482,2632 1482,2677 1304,2677"/>
                    <TextEquiv>
                        <Unicode>journal</Unicode>
                    </TextEquiv>
                    <TextStyle fontFamily="Arial" fontSize="9.0" bold="true"/>
                </Word>
                <Word id="w_w2aab1c13b2b1b1ac97" language="English" custom="readingOrder {index:9;}">
                    <Coords points="1501,2642 1610,2642 1610,2670 1501,2670"/>
                    <TextEquiv>
                        <Unicode>sans</Unicode>
                    </TextEquiv>
                    <TextStyle fontFamily="Arial" fontSize="9.0" bold="true"/>
                </Word>
                <Word id="w_w2aab1c13b2b1b1ad107" language="English" custom="readingOrder {index:10;}">
                    <Coords points="1629,2634 1728,2634 1728,2671 1629,2671"/>
                    <TextEquiv>
                        <Unicode>êt^e</Unicode>
                    </TextEquiv>
                    <TextStyle fontFamily="Arial" fontSize="9.0" bold="true"/>
                </Word>
                <Word id="w_w2aab1c13b2b1b1ad117" language="English" custom="readingOrder {index:11;}">
                    <Coords points="1742,2633 1928,2633 1928,2671 1742,2671"/>
                    <TextEquiv>
                        <Unicode>abonné.</Unicode>
                    </TextEquiv>
                    <TextStyle fontFamily="Arial" fontSize="9.0" bold="true"/>
                </Word>
                <Word id="w_w2aab1c13b2b1b1ad133" language="English" custom="readingOrder {index:12;}">
                    <Coords points="1950,2635 2130,2635 2130,2670 1950,2670"/>
                    <TextEquiv>
                        <Unicode>Aucune</Unicode>
                    </TextEquiv>
                    <TextStyle fontFamily="Arial" fontSize="9.0" bold="true"/>
                </Word>
                <TextEquiv>
                    <Unicode>I. Nui ne peut utiliser les services du journal sans êt^e abonné. Aucune</Unicode>
                </TextEquiv>
                <TextStyle fontFamily="Arial" fontSize="9.0" bold="true"/>
            </TextLine>
            <TextLine id="tl_38" primaryLanguage="English" custom="readingOrder {index:1;}">
                <Coords points="357,2674 2131,2674 2131,2727 357,2727"/>
                <Baseline points="358,2710 759,2709 927,2712 1056,2713 1268,2716 1583,2718 1674,2719 1804,2718 1952,2719 2131,2708"/>
                <Word id="w_w2aab1c13b2b1b3ab1" language="English" custom="readingOrder {index:0;}">
                    <Coords points="358,2676 759,2676 759,2719 358,2719"/>
                    <TextEquiv>
                        <Unicode>correspondance</Unicode>
                    </TextEquiv>
                    <TextStyle fontFamily="Arial" fontSize="9.0" bold="true"/>
                </Word>
                <Word id="w_w2aab1c13b2b1b3ac31" language="English" custom="readingOrder {index:1;}">
                    <Coords points="792,2685 927,2685 927,2720 792,2720"/>
                    <TextEquiv>
                        <Unicode>reçue</Unicode>
                    </TextEquiv>
                    <TextStyle fontFamily="Arial" fontSize="9.0" bold="true"/>
                </Word>
                <Word id="w_w2aab1c13b2b1b3ac43" language="English" custom="readingOrder {index:2;}">
                    <Coords points="956,2678 1056,2678 1056,2713 956,2713"/>
                    <TextEquiv>
                        <Unicode>d’un</Unicode>
                    </TextEquiv>
                    <TextStyle fontFamily="Arial" fontSize="9.0" bold="true"/>
                </Word>
                <Word id="w_w2aab1c13b2b1b3ac53" language="English" custom="readingOrder {index:3;}">
                    <Coords points="1096,2681 1268,2681 1268,2716 1096,2716"/>
                    <TextEquiv>
                        <Unicode>lecteur</Unicode>
                    </TextEquiv>
                    <TextStyle fontFamily="Arial" fontSize="9.0" bold="true"/>
                </Word>
                <Word id="w_w2aab1c13b2b1b3ac69" language="English" custom="readingOrder {index:4;}">
                    <Coords points="1299,2681 1583,2681 1583,2719 1299,2719"/>
                    <TextEquiv>
                        <Unicode>occasionnel</Unicode>
                    </TextEquiv>
                    <TextStyle fontFamily="Arial" fontSize="9.0" bold="true"/>
                </Word>
                <Word id="w_w2aab1c13b2b1b3ac93" language="English" custom="readingOrder {index:5;}">
                    <Coords points="1620,2691 1674,2691 1674,2719 1620,2719"/>
                    <TextEquiv>
                        <Unicode>ne</Unicode>
                    </TextEquiv>
                    <TextStyle fontFamily="Arial" fontSize="9.0" bold="true"/>
                </Word>
                <Word id="w_w2aab1c13b2b1b3ac99" language="English" custom="readingOrder {index:6;}">
                    <Coords points="1696,2691 1804,2691 1804,2720 1696,2720"/>
                    <TextEquiv>
                        <Unicode>sera</Unicode>
                    </TextEquiv>
                    <TextStyle fontFamily="Arial" fontSize="9.0" bold="true"/>
                </Word>
                <Word id="w_w2aab1c13b2b1b3ad109" language="English" custom="readingOrder {index:7;}">
                    <Coords points="1837,2686 1952,2686 1952,2719 1837,2719"/>
                    <TextEquiv>
                        <Unicode>donc</Unicode>
                    </TextEquiv>
                    <TextStyle fontFamily="Arial" fontSize="9.0" bold="true"/>
                </Word>
                <Word id="w_w2aab1c13b2b1b3ad119" language="English" custom="readingOrder {index:8;}">
                    <Coords points="1980,2685 2131,2685 2131,2719 1980,2719"/>
                    <TextEquiv>
                        <Unicode>trans¬</Unicode>
                    </TextEquiv>
                    <TextStyle fontFamily="Arial" fontSize="9.0" bold="true"/>
                </Word>
                <TextEquiv>
                    <Unicode>correspondance reçue d’un lecteur occasionnel ne sera donc trans¬</Unicode>
                </TextEquiv>
                <TextStyle fontFamily="Arial" fontSize="9.0" bold="true"/>
            </TextLine>
            <TextLine id="tl_39" primaryLanguage="English" custom="readingOrder {index:2;}">
                <Coords points="361,2720 825,2720 825,2761 361,2761"/>
                <Baseline points="361,2757 473,2759 520,2758 606,2756 825,2760"/>
                <Word id="w_w2aab1c13b2b1b5ab1" language="English" custom="readingOrder {index:0;}">
                    <Coords points="361,2726 473,2726 473,2759 361,2759"/>
                    <TextEquiv>
                        <Unicode>mise</Unicode>
                    </TextEquiv>
                    <TextStyle fontFamily="Arial" fontSize="9.0" bold="true"/>
                </Word>
                <Word id="w_w2aab1c13b2b1b5ac11" language="English" custom="readingOrder {index:1;}">
                    <Coords points="496,2722 520,2722 520,2758 496,2758"/>
                    <TextEquiv>
                        <Unicode>è</Unicode>
                    </TextEquiv>
                    <TextStyle fontFamily="Arial" fontSize="9.0" bold="true"/>
                </Word>
                <Word id="w_w2aab1c13b2b1b5ac15" language="English" custom="readingOrder {index:2;}">
                    <Coords points="551,2732 606,2732 606,2757 551,2757"/>
                    <TextEquiv>
                        <Unicode>un</Unicode>
                    </TextEquiv>
                    <TextStyle fontFamily="Arial" fontSize="9.0" bold="true"/>
                </Word>
                <Word id="w_w2aab1c13b2b1b5ac21" language="English" custom="readingOrder {index:3;}">
                    <Coords points="636,2722 825,2722 825,2760 636,2760"/>
                    <TextEquiv>
                        <Unicode>abonné.</Unicode>
                    </TextEquiv>
                    <TextStyle fontFamily="Arial" fontSize="9.0" bold="true"/>
                </Word>
                <TextEquiv>
                    <Unicode>mise è un abonné.</Unicode>
                </TextEquiv>
                <TextStyle fontFamily="Arial" fontSize="9.0" bold="true"/>
            </TextLine>
            <TextEquiv>
                <Unicode>I. Nui ne peut utiliser les services du journal sans êt^e abonné. Aucune
correspondance reçue d’un lecteur occasionnel ne sera donc trans¬
mise è un abonné.</Unicode>
            </TextEquiv>
        </TextRegion>
        <TextRegion type="paragraph" id="r_7_2" custom="readingOrder {index:16;}">
            <Coords points="359,2782 2133,2782 2133,2929 359,2929"/>
            <TextLine id="tl_40" primaryLanguage="English" custom="readingOrder {index:0;}">
                <Coords points="404,2783 2129,2783 2129,2835 404,2835"/>
                <Baseline points="404,2818 453,2820 540,2817 778,2818 947,2822 1071,2822 1271,2824 1509,2824 1617,2825 1773,2825 1864,2831 2129,2825"/>
                <Word id="w_w2aab1c13b2b3b1ab1" language="English" custom="readingOrder {index:0;}">
                    <Coords points="404,2784 453,2784 453,2820 404,2820"/>
                    <TextEquiv>
                        <Unicode>II.</Unicode>
                    </TextEquiv>
                    <TextStyle fontFamily="Arial" fontSize="9.0" bold="true"/>
                </Word>
                <Word id="w_w2aab1c13b2b3b1ab9" language="English" custom="readingOrder {index:1;}">
                    <Coords points="487,2783 540,2783 540,2817 487,2817"/>
                    <TextEquiv>
                        <Unicode>La</Unicode>
                    </TextEquiv>
                    <TextStyle fontFamily="Arial" fontSize="9.0" bold="true"/>
                </Word>
                <Word id="w_w2aab1c13b2b3b1ac15" language="English" custom="readingOrder {index:2;}">
                    <Coords points="564,2784 778,2784 778,2825 564,2825"/>
                    <TextEquiv>
                        <Unicode>politesse</Unicode>
                    </TextEquiv>
                    <TextStyle fontFamily="Arial" fontSize="9.0" bold="true"/>
                </Word>
                <Word id="w_w2aab1c13b2b3b1ac35" language="English" custom="readingOrder {index:3;}">
                    <Coords points="806,2786 947,2786 947,2829 806,2829"/>
                    <TextEquiv>
                        <Unicode>oblige</Unicode>
                    </TextEquiv>
                    <TextStyle fontFamily="Arial" fontSize="9.0" bold="true"/>
                </Word>
                <Word id="w_w2aab1c13b2b3b1ac49" language="English" custom="readingOrder {index:4;}">
                    <Coords points="978,2788 1071,2788 1071,2822 978,2822"/>
                    <TextEquiv>
                        <Unicode>tout</Unicode>
                    </TextEquiv>
                    <TextStyle fontFamily="Arial" fontSize="9.0" bold="true"/>
                </Word>
                <Word id="w_w2aab1c13b2b3b1ac59" language="English" custom="readingOrder {index:5;}">
                    <Coords points="1095,2787 1271,2787 1271,2824 1095,2824"/>
                    <TextEquiv>
                        <Unicode>abonné</Unicode>
                    </TextEquiv>
                    <TextStyle fontFamily="Arial" fontSize="9.0" bold="true"/>
                </Word>
                <Word id="w_w2aab1c13b2b3b1ac73" language="English" custom="readingOrder {index:6;}">
                    <Coords points="1296,2793 1509,2793 1509,2826 1296,2826"/>
                    <TextEquiv>
                        <Unicode>recevant</Unicode>
                    </TextEquiv>
                    <TextStyle fontFamily="Arial" fontSize="9.0" bold="true"/>
                </Word>
                <Word id="w_w2aab1c13b2b3b1ac91" language="English" custom="readingOrder {index:7;}">
                    <Coords points="1531,2799 1617,2799 1617,2825 1531,2825"/>
                    <TextEquiv>
                        <Unicode>une</Unicode>
                    </TextEquiv>
                    <TextStyle fontFamily="Arial" fontSize="9.0" bold="true"/>
                </Word>
                <Word id="w_w2aab1c13b2b3b1ac99" language="English" custom="readingOrder {index:8;}">
                    <Coords points="1642,2791 1773,2791 1773,2826 1642,2826"/>
                    <TextEquiv>
                        <Unicode>lettre</Unicode>
                    </TextEquiv>
                    <TextStyle fontFamily="Arial" fontSize="9.0" bold="true"/>
                </Word>
                <Word id="w_w2aab1c13b2b3b1ad113" language="English" custom="readingOrder {index:9;}">
                    <Coords points="1796,2789 1864,2789 1864,2831 1796,2831"/>
                    <TextEquiv>
                        <Unicode>d’y</Unicode>
                    </TextEquiv>
                    <TextStyle fontFamily="Arial" fontSize="9.0" bold="true"/>
                </Word>
                <Word id="w_w2aab1c13b2b3b1ad121" language="English" custom="readingOrder {index:10;}">
                    <Coords points="1889,2791 2129,2791 2129,2826 1889,2826"/>
                    <TextEquiv>
                        <Unicode>réromre.</Unicode>
                    </TextEquiv>
                    <TextStyle fontFamily="Arial" fontSize="9.0" bold="true"/>
                </Word>
                <TextEquiv>
                    <Unicode>II. La politesse oblige tout abonné recevant une lettre d’y réromre.</Unicode>
                </TextEquiv>
                <TextStyle fontFamily="Arial" fontSize="9.0" bold="true"/>
            </TextLine>
            <TextLine id="tl_41" primaryLanguage="English" custom="readingOrder {index:1;}">
                <Coords points="360,2829 2132,2829 2132,2883 360,2883"/>
                <Baseline points="360,2866 439,2864 720,2866 917,2869 1065,2861 1130,2870 1274,2871 1498,2873 1549,2873 1793,2872 1842,2873 1989,2874 2132,2873"/>
                <Word id="w_w2aab1c13b2b3b3ab1" language="English" custom="readingOrder {index:0;}">
                    <Coords points="360,2833 439,2833 439,2866 360,2866"/>
                    <TextEquiv>
                        <Unicode>Les</Unicode>
                    </TextEquiv>
                    <TextStyle fontFamily="Arial" fontSize="9.0" bold="true"/>
                </Word>
                <Word id="w_w2aab1c13b2b3b3ab9" language="English" custom="readingOrder {index:1;}">
                    <Coords points="464,2839 720,2839 720,2874 464,2874"/>
                    <TextEquiv>
                        <Unicode>personnes</Unicode>
                    </TextEquiv>
                    <TextStyle fontFamily="Arial" fontSize="9.0" bold="true"/>
                </Word>
                <Word id="w_w2aab1c13b2b3b3ac29" language="English" custom="readingOrder {index:2;}">
                    <Coords points="748,2832 917,2832 917,2876 748,2876"/>
                    <TextEquiv>
                        <Unicode>gênées</Unicode>
                    </TextEquiv>
                    <TextStyle fontFamily="Arial" fontSize="9.0" bold="true"/>
                </Word>
                <Word id="w_w2aab1c13b2b3b3ac43" language="English" custom="readingOrder {index:3;}">
                    <Coords points="950,2843 1065,2843 1065,2875 950,2875"/>
                    <TextEquiv>
                        <Unicode>pou"</Unicode>
                    </TextEquiv>
                    <TextStyle fontFamily="Arial" fontSize="9.0" bold="true"/>
                </Word>
                <Word id="w_w2aab1c13b2b3b3ac53" language="English" custom="readingOrder {index:4;}">
                    <Coords points="1094,2836 1130,2836 1130,2870 1094,2870"/>
                    <TextEquiv>
                        <Unicode>le</Unicode>
                    </TextEquiv>
                    <TextStyle fontFamily="Arial" fontSize="9.0" bold="true"/>
                </Word>
                <Word id="w_w2aab1c13b2b3b3ac59" language="English" custom="readingOrder {index:5;}">
                    <Coords points="1157,2835 1274,2835 1274,2871 1157,2871"/>
                    <TextEquiv>
                        <Unicode>faire</Unicode>
                    </TextEquiv>
                    <TextStyle fontFamily="Arial" fontSize="9.0" bold="true"/>
                </Word>
                <Word id="w_w2aab1c13b2b3b3ac71" language="English" custom="readingOrder {index:6;}">
                    <Coords points="1304,2841 1498,2841 1498,2879 1304,2879"/>
                    <TextEquiv>
                        <Unicode>peuvent</Unicode>
                    </TextEquiv>
                    <TextStyle fontFamily="Arial" fontSize="9.0" bold="true"/>
                </Word>
                <Word id="w_w2aab1c13b2b3b3ac87" language="English" custom="readingOrder {index:7;}">
                    <Coords points="1528,2849 1549,2849 1549,2873 1528,2873"/>
                    <TextEquiv>
                        <Unicode>s</Unicode>
                    </TextEquiv>
                    <TextStyle fontFamily="Arial" fontSize="9.0" bold="true"/>
                </Word>
                <Word id="w_w2aab1c13b2b3b3ac91" language="English" custom="readingOrder {index:8;}">
                    <Coords points="1568,2839 1793,2839 1793,2874 1568,2874"/>
                    <TextEquiv>
                        <Unicode>adresser</Unicode>
                    </TextEquiv>
                    <TextStyle fontFamily="Arial" fontSize="9.0" bold="true"/>
                </Word>
                <Word id="w_w2aab1c13b2b3b3ad109" language="English" custom="readingOrder {index:9;}">
                    <Coords points="1819,2839 1842,2839 1842,2873 1819,2873"/>
                    <TextEquiv>
                        <Unicode>à</Unicode>
                    </TextEquiv>
                    <TextStyle fontFamily="Arial" fontSize="9.0" bold="true"/>
                </Word>
                <Word id="w_w2aab1c13b2b3b3ad113" language="English" custom="readingOrder {index:10;}">
                    <Coords points="1874,2848 1989,2848 1989,2874 1874,2874"/>
                    <TextEquiv>
                        <Unicode>nous</Unicode>
                    </TextEquiv>
                    <TextStyle fontFamily="Arial" fontSize="9.0" bold="true"/>
                </Word>
                <Word id="w_w2aab1c13b2b3b3ad123" language="English" custom="readingOrder {index:11;}">
                    <Coords points="2018,2847 2132,2847 2132,2879 2018,2879"/>
                    <TextEquiv>
                        <Unicode>pour</Unicode>
                    </TextEquiv>
                    <TextStyle fontFamily="Arial" fontSize="9.0" bold="true"/>
                </Word>
                <TextEquiv>
                    <Unicode>Les personnes gênées pou" le faire peuvent s adresser à nous pour</Unicode>
                </TextEquiv>
                <TextStyle fontFamily="Arial" fontSize="9.0" bold="true"/>
            </TextLine>
            <TextLine id="tl_42" primaryLanguage="English" custom="readingOrder {index:2;}">
                <Coords points="361,2877 1384,2877 1384,2928 361,2928"/>
                <Baseline points="361,2914 456,2913 531,2912 723,2916 850,2917 957,2916 1105,2916 1153,2917 1384,2921"/>
                <Word id="w_w2aab1c13b2b3b5ab1" language="English" custom="readingOrder {index:0;}">
                    <Coords points="361,2880 456,2880 456,2914 361,2914"/>
                    <TextEquiv>
                        <Unicode>cela</Unicode>
                    </TextEquiv>
                    <TextStyle fontFamily="Arial" fontSize="9.0" bold="true"/>
                </Word>
                <Word id="w_w2aab1c13b2b3b5ac11" language="English" custom="readingOrder {index:1;}">
                    <Coords points="478,2888 531,2888 531,2913 478,2913"/>
                    <TextEquiv>
                        <Unicode>en</Unicode>
                    </TextEquiv>
                    <TextStyle fontFamily="Arial" fontSize="9.0" bold="true"/>
                </Word>
                <Word id="w_w2aab1c13b2b3b5ac17" language="English" custom="readingOrder {index:2;}">
                    <Coords points="558,2883 723,2883 723,2923 558,2923"/>
                    <TextEquiv>
                        <Unicode>payant</Unicode>
                    </TextEquiv>
                    <TextStyle fontFamily="Arial" fontSize="9.0" bold="true"/>
                </Word>
                <Word id="w_w2aab1c13b2b3b5ac31" language="English" custom="readingOrder {index:3;}">
                    <Coords points="746,2881 850,2881 850,2917 746,2917"/>
                    <TextEquiv>
                        <Unicode>0.50</Unicode>
                    </TextEquiv>
                    <TextStyle fontFamily="Arial" fontSize="9.0" bold="true"/>
                </Word>
                <Word id="w_w2aab1c13b2b3b5ac41" language="English" custom="readingOrder {index:4;}">
                    <Coords points="872,2890 957,2890 957,2924 872,2924"/>
                    <TextEquiv>
                        <Unicode>par</Unicode>
                    </TextEquiv>
                    <TextStyle fontFamily="Arial" fontSize="9.0" bold="true"/>
                </Word>
                <Word id="w_w2aab1c13b2b3b5ac49" language="English" custom="readingOrder {index:5;}">
                    <Coords points="978,2883 1105,2883 1105,2917 978,2917"/>
                    <TextEquiv>
                        <Unicode>lettre</Unicode>
                    </TextEquiv>
                    <TextStyle fontFamily="Arial" fontSize="9.0" bold="true"/>
                </Word>
                <Word id="w_w2aab1c13b2b3b5ac63" language="English" custom="readingOrder {index:6;}">
                    <Coords points="1129,2881 1153,2881 1153,2917 1129,2917"/>
                    <TextEquiv>
                        <Unicode>à</Unicode>
                    </TextEquiv>
                    <TextStyle fontFamily="Arial" fontSize="9.0" bold="true"/>
                </Word>
                <Word id="w_w2aab1c13b2b3b5ac67" language="English" custom="readingOrder {index:7;}">
                    <Coords points="1176,2891 1384,2891 1384,2928 1176,2928"/>
                    <TextEquiv>
                        <Unicode>envoyer.</Unicode>
                    </TextEquiv>
                    <TextStyle fontFamily="Arial" fontSize="9.0" bold="true"/>
                </Word>
                <TextEquiv>
                    <Unicode>cela en payant 0.50 par lettre à envoyer.</Unicode>
                </TextEquiv>
                <TextStyle fontFamily="Arial" fontSize="9.0" bold="true"/>
            </TextLine>
            <TextEquiv>
                <Unicode>II. La politesse oblige tout abonné recevant une lettre d’y réromre.
Les personnes gênées pou" le faire peuvent s adresser à nous pour
cela en payant 0.50 par lettre à envoyer.</Unicode>
            </TextEquiv>
        </TextRegion>
        <TextRegion type="paragraph" id="r_7_3" custom="readingOrder {index:17;}">
            <Coords points="355,2937 2126,2937 2126,3034 355,3034"/>
            <TextLine id="tl_43" primaryLanguage="English" custom="readingOrder {index:0;}">
                <Coords points="404,2938 2125,2938 2125,2991 404,2991"/>
                <Baseline points="404,2973 463,2974 630,2976 873,2978 951,2977 1381,2980 1495,2981 1628,2981 2001,2981 2125,2981"/>
                <Word id="w_w2aab1c13b2b5b1ab1" language="English" custom="readingOrder {index:0;}">
                    <Coords points="404,2939 463,2939 463,2974 404,2974"/>
                    <TextEquiv>
                        <Unicode>III.</Unicode>
                    </TextEquiv>
                    <TextStyle fontFamily="Arial" fontSize="9.0" bold="true"/>
                </Word>
                <Word id="w_w2aab1c13b2b5b1ac11" language="English" custom="readingOrder {index:1;}">
                    <Coords points="499,2942 630,2942 630,2976 499,2976"/>
                    <TextEquiv>
                        <Unicode>Toute</Unicode>
                    </TextEquiv>
                    <TextStyle fontFamily="Arial" fontSize="9.0" bold="true"/>
                </Word>
                <Word id="w_w2aab1c13b2b5b1ac23" language="English" custom="readingOrder {index:2;}">
                    <Coords points="652,2942 873,2942 873,2978 652,2978"/>
                    <TextEquiv>
                        <Unicode>demande</Unicode>
                    </TextEquiv>
                    <TextStyle fontFamily="Arial" fontSize="9.0" bold="true"/>
                </Word>
                <Word id="w_w2aab1c13b2b5b1ac39" language="English" custom="readingOrder {index:3;}">
                    <Coords points="896,2943 951,2943 951,2977 896,2977"/>
                    <TextEquiv>
                        <Unicode>de</Unicode>
                    </TextEquiv>
                    <TextStyle fontFamily="Arial" fontSize="9.0" bold="true"/>
                </Word>
                <Word id="w_w2aab1c13b2b5b1ac45" language="English" custom="readingOrder {index:4;}">
                    <Coords points="987,2943 1381,2943 1381,2986 987,2986"/>
                    <TextEquiv>
                        <Unicode>renseignements</Unicode>
                    </TextEquiv>
                    <TextStyle fontFamily="Arial" fontSize="9.0" bold="true"/>
                </Word>
                <Word id="w_w2aab1c13b2b5b1ac75" language="English" custom="readingOrder {index:5;}">
                    <Coords points="1405,2946 1495,2946 1495,2981 1405,2981"/>
                    <TextEquiv>
                        <Unicode>doit</Unicode>
                    </TextEquiv>
                    <TextStyle fontFamily="Arial" fontSize="9.0" bold="true"/>
                </Word>
                <Word id="w_w2aab1c13b2b5b1ac85" language="English" custom="readingOrder {index:6;}">
                    <Coords points="1531,2946 1628,2946 1628,2981 1531,2981"/>
                    <TextEquiv>
                        <Unicode>être</Unicode>
                    </TextEquiv>
                    <TextStyle fontFamily="Arial" fontSize="9.0" bold="true"/>
                </Word>
                <Word id="w_w2aab1c13b2b5b1ac95" language="English" custom="readingOrder {index:7;}">
                    <Coords points="1670,2945 2001,2945 2001,2990 1670,2990"/>
                    <TextEquiv>
                        <Unicode>accompagnée</Unicode>
                    </TextEquiv>
                    <TextStyle fontFamily="Arial" fontSize="9.0" bold="true"/>
                </Word>
                <Word id="w_w2aab1c13b2b5b1ad119" language="English" custom="readingOrder {index:8;}">
                    <Coords points="2025,2945 2125,2945 2125,2981 2025,2981"/>
                    <TextEquiv>
                        <Unicode>d'un</Unicode>
                    </TextEquiv>
                    <TextStyle fontFamily="Arial" fontSize="9.0" bold="true"/>
                </Word>
                <TextEquiv>
                    <Unicode>III. Toute demande de renseignements doit être accompagnée d'un</Unicode>
                </TextEquiv>
                <TextStyle fontFamily="Arial" fontSize="9.0" bold="true"/>
            </TextLine>
            <TextLine id="tl_44" primaryLanguage="English" custom="readingOrder {index:1;}">
                <Coords points="356,2986 961,2986 961,3033 356,3033"/>
                <Baseline points="356,3022 520,3022 658,3023 723,3024 961,3025"/>
                <Word id="w_w2aab1c13b2b5b3ab1" language="English" custom="readingOrder {index:0;}">
                    <Coords points="356,2987 520,2987 520,3022 356,3022"/>
                    <TextEquiv>
                        <Unicode>timbre</Unicode>
                    </TextEquiv>
                    <TextStyle fontFamily="Arial" fontSize="9.0" bold="true"/>
                </Word>
                <Word id="w_w2aab1c13b2b5b3ac15" language="English" custom="readingOrder {index:1;}">
                    <Coords points="543,2995 658,2995 658,3029 543,3029"/>
                    <TextEquiv>
                        <Unicode>pour</Unicode>
                    </TextEquiv>
                    <TextStyle fontFamily="Arial" fontSize="9.0" bold="true"/>
                </Word>
                <Word id="w_w2aab1c13b2b5b3ac25" language="English" custom="readingOrder {index:2;}">
                    <Coords points="686,2990 723,2990 723,3024 686,3024"/>
                    <TextEquiv>
                        <Unicode>la</Unicode>
                    </TextEquiv>
                    <TextStyle fontFamily="Arial" fontSize="9.0" bold="true"/>
                </Word>
                <Word id="w_w2aab1c13b2b5b3ac31" language="English" custom="readingOrder {index:3;}">
                    <Coords points="754,2988 961,2988 961,3033 754,3033"/>
                    <TextEquiv>
                        <Unicode>réponse.</Unicode>
                    </TextEquiv>
                    <TextStyle fontFamily="Arial" fontSize="9.0" bold="true"/>
                </Word>
                <TextEquiv>
                    <Unicode>timbre pour la réponse.</Unicode>
                </TextEquiv>
                <TextStyle fontFamily="Arial" fontSize="9.0" bold="true"/>
            </TextLine>
            <TextEquiv>
                <Unicode>III. Toute demande de renseignements doit être accompagnée d'un
timbre pour la réponse.</Unicode>
            </TextEquiv>
        </TextRegion>
        <TextRegion type="paragraph" id="r_7_4" custom="readingOrder {index:18;}">
            <Coords points="355,3044 2129,3044 2129,3182 355,3182"/>
            <TextLine id="tl_45" primaryLanguage="English" custom="readingOrder {index:0;}">
                <Coords points="403,3045 2127,3045 2127,3099 403,3099"/>
                <Baseline points="403,3081 458,3082 568,3081 728,3078 944,3084 1053,3085 1138,3082 1278,3086 1359,3088 1501,3088 1602,3088 1659,3081 1717,3088 1768,3088 1839,3076 1921,3089 1974,3089 2127,3089"/>
                <Word id="w_w2aab1c13b2b7b1ab1" language="English" custom="readingOrder {index:0;}">
                    <Coords points="403,3047 458,3047 458,3082 403,3082"/>
                    <TextEquiv>
                        <Unicode>IV.</Unicode>
                    </TextEquiv>
                    <TextStyle fontFamily="Arial" fontSize="9.0" bold="true"/>
                </Word>
                <Word id="w_w2aab1c13b2b7b1ab9" language="English" custom="readingOrder {index:1;}">
                    <Coords points="488,3045 568,3045 568,3082 488,3082"/>
                    <TextEquiv>
                        <Unicode>Dès</Unicode>
                    </TextEquiv>
                    <TextStyle fontFamily="Arial" fontSize="9.0" bold="true"/>
                </Word>
                <Word id="w_w2aab1c13b2b7b1ac17" language="English" custom="readingOrder {index:2;}">
                    <Coords points="597,3048 728,3048 728,3089 597,3089"/>
                    <TextEquiv>
                        <Unicode>qu'un</Unicode>
                    </TextEquiv>
                    <TextStyle fontFamily="Arial" fontSize="9.0" bold="true"/>
                </Word>
                <Word id="w_w2aab1c13b2b7b1ac29" language="English" custom="readingOrder {index:3;}">
                    <Coords points="768,3049 944,3049 944,3086 768,3086"/>
                    <TextEquiv>
                        <Unicode>abonné</Unicode>
                    </TextEquiv>
                    <TextStyle fontFamily="Arial" fontSize="9.0" bold="true"/>
                </Word>
                <Word id="w_w2aab1c13b2b7b1ac43" language="English" custom="readingOrder {index:4;}">
                    <Coords points="984,3053 1053,3053 1053,3086 984,3086"/>
                    <TextEquiv>
                        <Unicode>est</Unicode>
                    </TextEquiv>
                    <TextStyle fontFamily="Arial" fontSize="9.0" bold="true"/>
                </Word>
                <Word id="w_w2aab1c13b2b7b1ac51" language="English" custom="readingOrder {index:5;}">
                    <Coords points="1087,3059 1138,3059 1138,3084 1087,3084"/>
                    <TextEquiv>
                        <Unicode>en</Unicode>
                    </TextEquiv>
                    <TextStyle fontFamily="Arial" fontSize="9.0" bold="true"/>
                </Word>
                <Word id="w_w2aab1c13b2b7b1ac57" language="English" custom="readingOrder {index:6;}">
                    <Coords points="1182,3053 1278,3053 1278,3087 1182,3087"/>
                    <TextEquiv>
                        <Unicode>voie</Unicode>
                    </TextEquiv>
                    <TextStyle fontFamily="Arial" fontSize="9.0" bold="true"/>
                </Word>
                <Word id="w_w2aab1c13b2b7b1ac67" language="English" custom="readingOrder {index:7;}">
                    <Coords points="1307,3055 1359,3055 1359,3088 1307,3088"/>
                    <TextEquiv>
                        <Unicode>de</Unicode>
                    </TextEquiv>
                    <TextStyle fontFamily="Arial" fontSize="9.0" bold="true"/>
                </Word>
                <Word id="w_w2aab1c13b2b7b1ac73" language="English" custom="readingOrder {index:8;}">
                    <Coords points="1401,3062 1501,3062 1501,3088 1401,3088"/>
                    <TextEquiv>
                        <Unicode>mer</Unicode>
                    </TextEquiv>
                    <TextStyle fontFamily="Arial" fontSize="9.0" bold="true"/>
                </Word>
                <Word id="w_w2aab1c13b2b7b1ac81" language="English" custom="readingOrder {index:9;}">
                    <Coords points="1522,3062 1602,3062 1602,3096 1522,3096"/>
                    <TextEquiv>
                        <Unicode>âge</Unicode>
                    </TextEquiv>
                    <TextStyle fontFamily="Arial" fontSize="9.0" bold="true"/>
                </Word>
                <Word id="w_w2aab1c13b2b7b1ac89" language="English" custom="readingOrder {index:10;}">
                    <Coords points="1633,3053 1659,3053 1659,3087 1633,3087"/>
                    <TextEquiv>
                        <Unicode>i*</Unicode>
                    </TextEquiv>
                    <TextStyle fontFamily="Arial" fontSize="9.0" bold="true"/>
                </Word>
                <Word id="w_w2aab1c13b2b7b1ac95" language="English" custom="readingOrder {index:11;}">
                    <Coords points="1694,3063 1717,3063 1717,3088 1694,3088"/>
                    <TextEquiv>
                        <Unicode>a</Unicode>
                    </TextEquiv>
                    <TextStyle fontFamily="Arial" fontSize="9.0" bold="true"/>
                </Word>
                <Word id="w_w2aab1c13b2b7b1ac99" language="English" custom="readingOrder {index:12;}">
                    <Coords points="1760,3054 1821,3054 1821,3089 1760,3089"/>
                    <TextEquiv>
                        <Unicode>int</Unicode>
                    </TextEquiv>
                    <TextStyle fontFamily="Arial" fontSize="9.0" bold="true"/>
                </Word>
                <Word id="w_w2aab1c13b2b7b1b1b1" language="English" custom="readingOrder {index:13;}">
                    <Coords points="1826,3063 1839,3063 1839,3076 1826,3076"/>
                    <TextEquiv>
                        <Unicode>c</Unicode>
                    </TextEquiv>
                    <TextStyle fontFamily="Arial" fontSize="9.0" bold="true" superscript="true"/>
                </Word>
                <Word id="w_w2aab1c13b2b7b1b2b1" language="English" custom="readingOrder {index:14;}">
                    <Coords points="1853,3054 1921,3054 1921,3089 1853,3089"/>
                    <TextEquiv>
                        <Unicode>rêt</Unicode>
                    </TextEquiv>
                    <TextStyle fontFamily="Arial" fontSize="9.0" bold="true"/>
                </Word>
                <Word id="w_w2aab1c13b2b7b1b2b9" language="English" custom="readingOrder {index:15;}">
                    <Coords points="1950,3053 1974,3053 1974,3089 1950,3089"/>
                    <TextEquiv>
                        <Unicode>à</Unicode>
                    </TextEquiv>
                    <TextStyle fontFamily="Arial" fontSize="9.0" bold="true"/>
                </Word>
                <Word id="w_w2aab1c13b2b7b1b2c13" language="English" custom="readingOrder {index:16;}">
                    <Coords points="2010,3053 2127,3053 2127,3089 2010,3089"/>
                    <TextEquiv>
                        <Unicode>faire</Unicode>
                    </TextEquiv>
                    <TextStyle fontFamily="Arial" fontSize="9.0" bold="true"/>
                </Word>
                <TextEquiv>
                    <Unicode>IV. Dès qu'un abonné est en voie de mer âge i* a intcrêt à faire</Unicode>
                </TextEquiv>
            </TextLine>
            <TextLine id="tl_46" primaryLanguage="English" custom="readingOrder {index:1;}">
                <Coords points="358,3094 2128,3094 2128,3145 358,3145"/>
                <Baseline points="358,3128 620,3130 732,3131 972,3133 1097,3133 1183,3134 1227,3135 1385,3135 1472,3136 1706,3136 1820,3138 2128,3126"/>
                <Word id="w_w2aab1c13b2b7b3ab1" language="English" custom="readingOrder {index:0;}">
                    <Coords points="358,3096 620,3096 620,3136 358,3136"/>
                    <TextEquiv>
                        <Unicode>supprimer</Unicode>
                    </TextEquiv>
                    <TextStyle fontFamily="Arial" fontSize="9.0" bold="true"/>
                </Word>
                <Word id="w_w2aab1c13b2b7b3ac21" language="English" custom="readingOrder {index:1;}">
                    <Coords points="651,3106 732,3106 732,3133 651,3133"/>
                    <TextEquiv>
                        <Unicode>son</Unicode>
                    </TextEquiv>
                    <TextStyle fontFamily="Arial" fontSize="9.0" bold="true"/>
                </Word>
                <Word id="w_w2aab1c13b2b7b3ac29" language="English" custom="readingOrder {index:2;}">
                    <Coords points="769,3106 972,3106 972,3133 769,3133"/>
                    <TextEquiv>
                        <Unicode>annonce</Unicode>
                    </TextEquiv>
                    <TextStyle fontFamily="Arial" fontSize="9.0" bold="true"/>
                </Word>
                <Word id="w_w2aab1c13b2b7b3ac45" language="English" custom="readingOrder {index:3;}">
                    <Coords points="1007,3098 1097,3098 1097,3134 1007,3134"/>
                    <TextEquiv>
                        <Unicode>afin</Unicode>
                    </TextEquiv>
                    <TextStyle fontFamily="Arial" fontSize="9.0" bold="true"/>
                </Word>
                <Word id="w_w2aab1c13b2b7b3ac55" language="English" custom="readingOrder {index:4;}">
                    <Coords points="1129,3101 1183,3101 1183,3134 1129,3134"/>
                    <TextEquiv>
                        <Unicode>de</Unicode>
                    </TextEquiv>
                    <TextStyle fontFamily="Arial" fontSize="9.0" bold="true"/>
                </Word>
                <Word id="w_w2aab1c13b2b7b3ac61" language="English" custom="readingOrder {index:5;}">
                    <Coords points="1205,3109 1227,3109 1227,3135 1205,3135"/>
                    <TextEquiv>
                        <Unicode>s</Unicode>
                    </TextEquiv>
                    <TextStyle fontFamily="Arial" fontSize="9.0" bold="true"/>
                </Word>
                <Word id="w_w2aab1c13b2b7b3ac65" language="English" custom="readingOrder {index:6;}">
                    <Coords points="1245,3100 1385,3100 1385,3136 1245,3136"/>
                    <TextEquiv>
                        <Unicode>éviter</Unicode>
                    </TextEquiv>
                    <TextStyle fontFamily="Arial" fontSize="9.0" bold="true"/>
                </Word>
                <Word id="w_w2aab1c13b2b7b3ac79" language="English" custom="readingOrder {index:7;}">
                    <Coords points="1420,3103 1472,3103 1472,3136 1420,3136"/>
                    <TextEquiv>
                        <Unicode>de</Unicode>
                    </TextEquiv>
                    <TextStyle fontFamily="Arial" fontSize="9.0" bold="true"/>
                </Word>
                <Word id="w_w2aab1c13b2b7b3ac85" language="English" custom="readingOrder {index:8;}">
                    <Coords points="1498,3102 1706,3102 1706,3137 1498,3137"/>
                    <TextEquiv>
                        <Unicode>recevoir</Unicode>
                    </TextEquiv>
                    <TextStyle fontFamily="Arial" fontSize="9.0" bold="true"/>
                </Word>
                <Word id="w_w2aab1c13b2b7b3ad103" language="English" custom="readingOrder {index:9;}">
                    <Coords points="1739,3103 1820,3103 1820,3138 1739,3138"/>
                    <TextEquiv>
                        <Unicode>des</Unicode>
                    </TextEquiv>
                    <TextStyle fontFamily="Arial" fontSize="9.0" bold="true"/>
                </Word>
                <Word id="w_w2aab1c13b2b7b3ad111" language="English" custom="readingOrder {index:10;}">
                    <Coords points="1855,3110 2128,3110 2128,3144 1855,3144"/>
                    <TextEquiv>
                        <Unicode>correspon¬</Unicode>
                    </TextEquiv>
                    <TextStyle fontFamily="Arial" fontSize="9.0" bold="true"/>
                </Word>
                <TextEquiv>
                    <Unicode>supprimer son annonce afin de s éviter de recevoir des correspon¬</Unicode>
                </TextEquiv>
                <TextStyle fontFamily="Arial" fontSize="9.0" bold="true"/>
            </TextLine>
            <TextLine id="tl_47" primaryLanguage="English" custom="readingOrder {index:2;}">
                <Coords points="356,3142 751,3142 751,3181 356,3181"/>
                <Baseline points="356,3178 526,3176 750,3181"/>
                <Word id="w_w2aab1c13b2b7b5ab1" language="English" custom="readingOrder {index:0;}">
                    <Coords points="356,3143 526,3143 526,3178 356,3178"/>
                    <TextEquiv>
                        <Unicode>dances</Unicode>
                    </TextEquiv>
                    <TextStyle fontFamily="Arial" fontSize="9.0" bold="true"/>
                </Word>
                <Word id="w_w2aab1c13b2b7b5ac15" language="English" custom="readingOrder {index:1;}">
                    <Coords points="550,3143 750,3143 750,3181 550,3181"/>
                    <TextEquiv>
                        <Unicode>Inutiles.</Unicode>
                    </TextEquiv>
                    <TextStyle fontFamily="Arial" fontSize="9.0" bold="true"/>
                </Word>
                <TextEquiv>
                    <Unicode>dances Inutiles.</Unicode>
                </TextEquiv>
                <TextStyle fontFamily="Arial" fontSize="9.0" bold="true"/>
            </TextLine>
            <TextEquiv>
                <Unicode>IV. Dès qu'un abonné est en voie de mer âge i* a intcrêt à faire
supprimer son annonce afin de s éviter de recevoir des correspon¬
dances Inutiles.</Unicode>
            </TextEquiv>
        </TextRegion>
        <TextRegion type="paragraph" id="r_7_5" custom="readingOrder {index:19;}">
            <Coords points="357,3200 2129,3200 2129,3343 357,3343"/>
            <TextLine id="tl_48" primaryLanguage="English" custom="readingOrder {index:0;}">
                <Coords points="402,3201 2128,3201 2128,3249 402,3249"/>
                <Baseline points="402,3237 448,3240 575,3237 797,3241 906,3241 1140,3240 1215,3242 1275,3240 1355,3243 1634,3244 1960,3248 2023,3241 2128,3245"/>
                <Word id="w_w2aab1c13b2b9b1ab1" language="English" custom="readingOrder {index:0;}">
                    <Coords points="402,3203 448,3203 448,3240 402,3240"/>
                    <TextEquiv>
                        <Unicode>V.</Unicode>
                    </TextEquiv>
                    <TextStyle fontFamily="Arial" fontSize="9.0" bold="true"/>
                </Word>
                <Word id="w_w2aab1c13b2b9b1ab7" language="English" custom="readingOrder {index:1;}">
                    <Coords points="482,3201 575,3201 575,3237 482,3237"/>
                    <TextEquiv>
                        <Unicode>Afin</Unicode>
                    </TextEquiv>
                    <TextStyle fontFamily="Arial" fontSize="9.0" bold="true"/>
                </Word>
                <Word id="w_w2aab1c13b2b9b1ac17" language="English" custom="readingOrder {index:2;}">
                    <Coords points="611,3203 797,3203 797,3241 611,3241"/>
                    <TextEquiv>
                        <Unicode>d’éviter</Unicode>
                    </TextEquiv>
                    <TextStyle fontFamily="Arial" fontSize="9.0" bold="true"/>
                </Word>
                <Word id="w_w2aab1c13b2b9b1ac35" language="English" custom="readingOrder {index:3;}">
                    <Coords points="824,3207 906,3207 906,3241 824,3241"/>
                    <TextEquiv>
                        <Unicode>des</Unicode>
                    </TextEquiv>
                    <TextStyle fontFamily="Arial" fontSize="9.0" bold="true"/>
                </Word>
                <Word id="w_w2aab1c13b2b9b1ac43" language="English" custom="readingOrder {index:4;}">
                    <Coords points="946,3214 1140,3214 1140,3241 946,3241"/>
                    <TextEquiv>
                        <Unicode>erreurs</Unicode>
                    </TextEquiv>
                    <TextStyle fontFamily="Arial" fontSize="9.0" bold="true"/>
                </Word>
                <Word id="w_w2aab1c13b2b9b1ac59" language="English" custom="readingOrder {index:5;}">
                    <Coords points="1172,3209 1215,3209 1215,3242 1172,3242"/>
                    <TextEquiv>
                        <Unicode>et</Unicode>
                    </TextEquiv>
                    <TextStyle fontFamily="Arial" fontSize="9.0" bold="true"/>
                </Word>
                <Word id="w_w2aab1c13b2b9b1ac65" language="English" custom="readingOrder {index:6;}">
                    <Coords points="1254,3209 1303,3209 1303,3243 1254,3243"/>
                    <TextEquiv>
                        <Unicode>de</Unicode>
                    </TextEquiv>
                    <TextStyle fontFamily="Arial" fontSize="9.0" bold="true"/>
                </Word>
                <Word id="w_w2aab1c13b2b9b1b1b1" language="English" custom="readingOrder {index:7;}">
                    <Coords points="1337,3209 1533,3209 1533,3244 1337,3244"/>
                    <TextEquiv>
                        <Unicode>faciliter</Unicode>
                    </TextEquiv>
                    <TextStyle fontFamily="Arial" fontSize="7.5" bold="true"/>
                </Word>
                <Word id="w_w2aab1c13b2b9b1b2b1" language="English" custom="readingOrder {index:8;}">
                    <Coords points="1570,3209 1634,3209 1634,3244 1570,3244"/>
                    <TextEquiv>
                        <Unicode>Iss</Unicode>
                    </TextEquiv>
                    <TextStyle fontFamily="Arial" fontSize="9.0" bold="true"/>
                </Word>
                <Word id="w_w2aab1c13b2b9b1b2b9" language="English" custom="readingOrder {index:9;}">
                    <Coords points="1671,3212 1960,3212 1960,3248 1671,3248"/>
                    <TextEquiv>
                        <Unicode>recherches,</Unicode>
                    </TextEquiv>
                    <TextStyle fontFamily="Arial" fontSize="9.0" bold="true"/>
                </Word>
                <Word id="w_w2aab1c13b2b9b1b2c33" language="English" custom="readingOrder {index:10;}">
                    <Coords points="2000,3210 2023,3210 2023,3244 2000,3244"/>
                    <TextEquiv>
                        <Unicode>il</Unicode>
                    </TextEquiv>
                    <TextStyle fontFamily="Arial" fontSize="9.0" bold="true"/>
                </Word>
                <Word id="w_w2aab1c13b2b9b1b2c39" language="English" custom="readingOrder {index:11;}">
                    <Coords points="2058,3212 2128,3212 2128,3245 2058,3245"/>
                    <TextEquiv>
                        <Unicode>est</Unicode>
                    </TextEquiv>
                    <TextStyle fontFamily="Arial" fontSize="9.0" bold="true"/>
                </Word>
                <TextEquiv>
                    <Unicode>V. Afin d’éviter des erreurs et de faciliter Iss recherches, il est</Unicode>
                </TextEquiv>
            </TextLine>
            <TextLine id="tl_49" primaryLanguage="English" custom="readingOrder {index:1;}">
                <Coords points="358,3249 2126,3249 2126,3303 358,3303"/>
                <Baseline points="358,3285 674,3287 780,3288 1017,3290 1256,3292 1315,3291 1387,3291 1641,3290 1734,3293 1973,3293 2126,3293"/>
                <Word id="w_w2aab1c13b2b9b3ab1" language="English" custom="readingOrder {index:0;}">
                    <Coords points="358,3252 674,3252 674,3287 358,3287"/>
                    <TextEquiv>
                        <Unicode>recommandé</Unicode>
                    </TextEquiv>
                    <TextStyle fontFamily="Arial" fontSize="9.0" bold="true"/>
                </Word>
                <Word id="w_w2aab1c13b2b9b3ac23" language="English" custom="readingOrder {index:1;}">
                    <Coords points="696,3262 780,3262 780,3288 696,3288"/>
                    <TextEquiv>
                        <Unicode>aux</Unicode>
                    </TextEquiv>
                    <TextStyle fontFamily="Arial" fontSize="9.0" bold="true"/>
                </Word>
                <Word id="w_w2aab1c13b2b9b3ac31" language="English" custom="readingOrder {index:2;}">
                    <Coords points="813,3253 1017,3253 1017,3290 813,3290"/>
                    <TextEquiv>
                        <Unicode>abonnés</Unicode>
                    </TextEquiv>
                    <TextStyle fontFamily="Arial" fontSize="9.0" bold="true"/>
                </Word>
                <Word id="w_w2aab1c13b2b9b3ac47" language="English" custom="readingOrder {index:3;}">
                    <Coords points="1052,3253 1256,3253 1256,3292 1052,3292"/>
                    <TextEquiv>
                        <Unicode>écrivant</Unicode>
                    </TextEquiv>
                    <TextStyle fontFamily="Arial" fontSize="9.0" bold="true"/>
                </Word>
                <Word id="w_w2aab1c13b2b9b3ac65" language="English" custom="readingOrder {index:4;}">
                    <Coords points="1291,3254 1315,3254 1315,3291 1291,3291"/>
                    <TextEquiv>
                        <Unicode>à</Unicode>
                    </TextEquiv>
                    <TextStyle fontFamily="Arial" fontSize="9.0" bold="true"/>
                </Word>
                <Word id="w_w2aab1c13b2b9b3ac69" language="English" custom="readingOrder {index:5;}">
                    <Coords points="1351,3258 1387,3258 1387,3291 1351,3291"/>
                    <TextEquiv>
                        <Unicode>la</Unicode>
                    </TextEquiv>
                    <TextStyle fontFamily="Arial" fontSize="9.0" bold="true"/>
                </Word>
                <Word id="w_w2aab1c13b2b9b3ac75" language="English" custom="readingOrder {index:6;}">
                    <Coords points="1423,3258 1641,3258 1641,3293 1423,3293"/>
                    <TextEquiv>
                        <Unicode>Direction</Unicode>
                    </TextEquiv>
                    <TextStyle fontFamily="Arial" fontSize="9.0" bold="true"/>
                </Word>
                <Word id="w_w2aab1c13b2b9b3ac95" language="English" custom="readingOrder {index:7;}">
                    <Coords points="1681,3263 1734,3263 1734,3293 1681,3293"/>
                    <TextEquiv>
                        <Unicode>de</Unicode>
                    </TextEquiv>
                    <TextStyle fontFamily="Arial" fontSize="9.0" bold="true"/>
                </Word>
                <Word id="w_w2aab1c13b2b9b3ad101" language="English" custom="readingOrder {index:8;}">
                    <Coords points="1764,3258 1973,3258 1973,3301 1764,3301"/>
                    <TextEquiv>
                        <Unicode>toujours</Unicode>
                    </TextEquiv>
                    <TextStyle fontFamily="Arial" fontSize="9.0" bold="true"/>
                </Word>
                <Word id="w_w2aab1c13b2b9b3ad119" language="English" custom="readingOrder {index:9;}">
                    <Coords points="2009,3257 2126,3257 2126,3293 2009,3293"/>
                    <TextEquiv>
                        <Unicode>faire</Unicode>
                    </TextEquiv>
                    <TextStyle fontFamily="Arial" fontSize="9.0" bold="true"/>
                </Word>
                <TextEquiv>
                    <Unicode>recommandé aux abonnés écrivant à la Direction de toujours faire</Unicode>
                </TextEquiv>
                <TextStyle fontFamily="Arial" fontSize="9.0" bold="true"/>
            </TextLine>
            <TextLine id="tl_50" primaryLanguage="English" custom="readingOrder {index:2;}">
                <Coords points="358,3298 1697,3298 1697,3342 358,3342"/>
                <Baseline points="358,3334 514,3334 660,3335 783,3336 849,3338 1063,3338 1140,3337 1268,3338 1479,3341 1697,3339"/>
                <Word id="w_w2aab1c13b2b9b5ab1" language="English" custom="readingOrder {index:0;}">
                    <Coords points="358,3299 514,3299 514,3334 358,3334"/>
                    <TextEquiv>
                        <Unicode>suivre</Unicode>
                    </TextEquiv>
                    <TextStyle fontFamily="Arial" fontSize="9.0" bold="true"/>
                </Word>
                <Word id="w_w2aab1c13b2b9b5ac15" language="English" custom="readingOrder {index:1;}">
                    <Coords points="535,3299 660,3299 660,3335 535,3335"/>
                    <TextEquiv>
                        <Unicode>leurs</Unicode>
                    </TextEquiv>
                    <TextStyle fontFamily="Arial" fontSize="9.0" bold="true"/>
                </Word>
                <Word id="w_w2aab1c13b2b9b5ac27" language="English" custom="readingOrder {index:2;}">
                    <Coords points="685,3310 783,3310 783,3337 685,3337"/>
                    <TextEquiv>
                        <Unicode>nom</Unicode>
                    </TextEquiv>
                    <TextStyle fontFamily="Arial" fontSize="9.0" bold="true"/>
                </Word>
                <Word id="w_w2aab1c13b2b9b5ac35" language="English" custom="readingOrder {index:3;}">
                    <Coords points="806,3305 849,3305 849,3338 806,3338"/>
                    <TextEquiv>
                        <Unicode>et</Unicode>
                    </TextEquiv>
                    <TextStyle fontFamily="Arial" fontSize="9.0" bold="true"/>
                </Word>
                <Word id="w_w2aab1c13b2b9b5ac41" language="English" custom="readingOrder {index:4;}">
                    <Coords points="868,3305 1063,3305 1063,3338 868,3338"/>
                    <TextEquiv>
                        <Unicode>adresse</Unicode>
                    </TextEquiv>
                    <TextStyle fontFamily="Arial" fontSize="9.0" bold="true"/>
                </Word>
                <Word id="w_w2aab1c13b2b9b5ac57" language="English" custom="readingOrder {index:5;}">
                    <Coords points="1088,3303 1140,3303 1140,3337 1088,3337"/>
                    <TextEquiv>
                        <Unicode>de</Unicode>
                    </TextEquiv>
                    <TextStyle fontFamily="Arial" fontSize="9.0" bold="true"/>
                </Word>
                <Word id="w_w2aab1c13b2b9b5ac63" language="English" custom="readingOrder {index:6;}">
                    <Coords points="1170,3303 1268,3303 1268,3338 1170,3338"/>
                    <TextEquiv>
                        <Unicode>leur</Unicode>
                    </TextEquiv>
                    <TextStyle fontFamily="Arial" fontSize="9.0" bold="true"/>
                </Word>
                <Word id="w_w2aab1c13b2b9b5ac73" language="English" custom="readingOrder {index:7;}">
                    <Coords points="1290,3303 1479,3303 1479,3341 1290,3341"/>
                    <TextEquiv>
                        <Unicode>numéro</Unicode>
                    </TextEquiv>
                    <TextStyle fontFamily="Arial" fontSize="9.0" bold="true"/>
                </Word>
                <Word id="w_w2aab1c13b2b9b5ac87" language="English" custom="readingOrder {index:8;}">
                    <Coords points="1502,3305 1697,3305 1697,3341 1502,3341"/>
                    <TextEquiv>
                        <Unicode>d’ordre.</Unicode>
                    </TextEquiv>
                    <TextStyle fontFamily="Arial" fontSize="9.0" bold="true"/>
                </Word>
                <TextEquiv>
                    <Unicode>suivre leurs nom et adresse de leur numéro d’ordre.</Unicode>
                </TextEquiv>
                <TextStyle fontFamily="Arial" fontSize="9.0" bold="true"/>
            </TextLine>
            <TextEquiv>
                <Unicode>V. Afin d’éviter des erreurs et de faciliter Iss recherches, il est
recommandé aux abonnés écrivant à la Direction de toujours faire
suivre leurs nom et adresse de leur numéro d’ordre.</Unicode>
            </TextEquiv>
        </TextRegion>
        <SeparatorRegion id="r_8" custom="readingOrder {index:20;}">
            <Coords points="0,0 0,0 0,0 0,0"/>
        </SeparatorRegion>
        <SeparatorRegion id="r_9" custom="readingOrder {index:21;}">
            <Coords points="369,1313 2133,1313 2133,1343 369,1343"/>
        </SeparatorRegion>
        <SeparatorRegion id="r_10" custom="readingOrder {index:22;}">
            <Coords points="1143,1475 1348,1475 1348,1484 1143,1484"/>
        </SeparatorRegion>
        <SeparatorRegion id="r_11" custom="readingOrder {index:23;}">
            <Coords points="362,2404 2134,2404 2134,2436 362,2436"/>
        </SeparatorRegion>
        <SeparatorRegion id="r_12" custom="readingOrder {index:24;}">
            <Coords points="1142,2580 1347,2580 1347,2589 1142,2589"/>
        </SeparatorRegion>
        <SeparatorRegion id="r_13" custom="readingOrder {index:25;}">
            <Coords points="0,0 0,0 0,0 0,0"/>
        </SeparatorRegion>
        <SeparatorRegion id="r_14" custom="readingOrder {index:26;}">
            <Coords points="0,0 0,0 0,0 0,0"/>
        </SeparatorRegion>
        <SeparatorRegion id="r_15" custom="readingOrder {index:27;}">
            <Coords points="0,0 0,0 0,0 0,0"/>
        </SeparatorRegion>
        <SeparatorRegion id="r_16" custom="readingOrder {index:28;}">
            <Coords points="0,0 0,0 0,0 0,0"/>
        </SeparatorRegion>
        <SeparatorRegion id="r_17" custom="readingOrder {index:29;}">
            <Coords points="2338,172 2472,172 2472,186 2338,186"/>
        </SeparatorRegion>
        <SeparatorRegion id="r_18" custom="readingOrder {index:30;}">
            <Coords points="0,0 0,0 0,0 0,0"/>
        </SeparatorRegion>
        <SeparatorRegion id="r_19" custom="readingOrder {index:31;}">
            <Coords points="188,1416 190,1416 190,1521 188,1521"/>
        </SeparatorRegion>
        <SeparatorRegion id="r_20" custom="readingOrder {index:32;}">
            <Coords points="2300,0 2318,0 2318,1663 2300,1663"/>
        </SeparatorRegion>
        <SeparatorRegion id="r_21" custom="readingOrder {index:33;}">
            <Coords points="2304,1791 2314,1791 2314,2175 2304,2175"/>
        </SeparatorRegion>
        <SeparatorRegion id="r_22" custom="readingOrder {index:34;}">
            <Coords points="2304,2175 2325,2175 2325,3543 2304,3543"/>
        </SeparatorRegion>
        <SeparatorRegion id="r_23" custom="readingOrder {index:35;}">
            <Coords points="2463,0 2472,0 2472,320 2463,320"/>
        </SeparatorRegion>
        <SeparatorRegion id="r_24" custom="readingOrder {index:36;}">
            <Coords points="2325,0 2340,0 2340,186 2325,186"/>
        </SeparatorRegion>
        <SeparatorRegion id="r_25" custom="readingOrder {index:37;}">
            <Coords points="1708,537 1904,537 1904,547 1708,547"/>
        </SeparatorRegion>
        <SeparatorRegion id="r_26" custom="readingOrder {index:38;}">
            <Coords points="1627,590 1903,590 1903,602 1627,602"/>
        </SeparatorRegion>
    </Page>
</PcGts>
