2472 3696
1135 311 1186 350 —
1216 309 1266 350 10
1294 334 1344 340 —

385 423 466 458 348.
496 443 542 447 —
572 422 767 466 Employé
798 421 847 455 de
871 419 1112 464 commerce,
1144 419 1187 455 24

340 480 429 514 aine,
477 469 639 506 sérieux
675 472 713 507 et
755 469 997 513 affectueux,
1035 467 1189 504 famille

341 518 576 564 honorable,
613 518 746 554 désire
775 517 960 562 mariage
992 526 1092 552 avec
1127 515 1191 551 de¬

342 566 523 603 moiselle
553 566 673 612 jeune
699 568 736 605 et
767 566 959 607 aimante,
994 564 1121 609 ayant
1152 573 1192 599 a-

345 610 435 651 voîr
463 614 500 650 et
527 613 647 660 goûts
681 621 783 658 pour
811 613 846 648 le
881 620 1110 647 commerce
1144 609 1191 646 de

344 664 594 710 préférence.
637 662 934 699 Actuellement
980 660 1184 697 sous-offi-

339 711 424 749 cier
455 710 684 756 infanterie,
723 710 814 756 cinq
847 709 1048 746 citations.

390 812 472 848 350.
494 832 540 836 —
567 809 821 855 Célibataire,
849 809 894 845 28
920 819 1009 852 ans,
1040 808 1193 844 famille

344 860 579 904 honorable,
606 862 622 897 1
654 868 706 894 m.
733 857 788 903 80,
820 857 1074 901 cultivateur,
1102 856 1194 892 châ¬

344 907 440 951 tain,
486 906 754 944 connaissant
794 906 960 951 culture,
1003 905 1105 942 belle
1145 905 1194 941 si¬

345 955 503 991 tuation
530 955 568 990 et
595 954 853 1000 espérances,
884 953 1018 989 désire
1041 962 1196 989 corres¬

346 1002 501 1048 pondre
528 1012 632 1048 pour
654 1000 839 1049 mariage
868 1011 967 1037 avec
996 1001 1115 1046 jeune
1139 999 1195 1035 fil¬

347 1052 382 1088 le
418 1051 461 1087 18
498 1051 521 1086 à
556 1050 600 1087 25
635 1059 723 1092 ans,
757 1049 885 1085 avant
919 1048 1122 1094 propriété
1159 1049 1196 1084 et

347 1098 469 1142 petite
492 1098 560 1134 dot
580 1108 631 1133 ou
655 1097 915 1142 simplement
936 1096 1014 1142 dot,
1042 1096 1090 1132 de
1110 1096 1197 1142 pré¬

348 1147 509 1184 férence
531 1145 757 1185 sud-ouest.

394 1253 474 1290 351.
505 1273 553 1278 —
583 1251 806 1294 Monsieur,
842 1251 885 1287 45
911 1260 1000 1294 ans,
1035 1249 1197 1285 divorcé

349 1311 400 1337 en
421 1312 469 1343 sa
486 1300 643 1344 faveur,
665 1300 902 1346 professeur
921 1298 972 1335 de
993 1298 1195 1343 musique,

351 1347 544 1385 situation
565 1347 672 1384 8.000
698 1348 748 1383 fr.
776 1356 849 1393 par
876 1355 940 1391 an,
966 1344 1199 1392 épouserait

349 1396 584 1433 demoiselle
609 1406 660 1433 ou
685 1405 817 1432 veuve
840 1394 887 1431 30
910 1404 987 1431 ans
1013 1393 1196 1435 environ,

349 1445 468 1489 goûts
490 1444 669 1490 simples,
694 1444 956 1488 affectueuse,
981 1442 1102 1489 petite
1116 1441 1197 1478 dot.

397 1549 478 1585 352.
509 1569 555 1573 —
590 1547 708 1591 Veuf,
746 1547 792 1584 52
822 1558 909 1593 ans,
950 1547 1055 1590 bien,
1096 1547 1201 1584 deux

348 1596 515 1633 enfants
547 1596 657 1641 âgés,
685 1605 740 1631 un
771 1595 913 1640 marié,
941 1596 1088 1634 l’autre
1121 1595 1202 1631 étu¬

353 1644 477 1690 diant.,
510 1645 613 1681 belle
643 1643 850 1689 situation,
869 1643 1004 1680 'fondé
1036 1644 1083 1680 de
1109 1653 1203 1689 pou¬

350 1692 476 1737 voirs,
508 1691 712 1738 propriété
742 1693 780 1728 et
804 1691 936 1737 fonds,
970 1690 1203 1737 épouserait

353 1738 588 1776 demoiselle
627 1749 678 1776 ou
721 1748 854 1776 veuve
888 1749 992 1776 sans
1038 1740 1202 1775 enfants

353 1787 402 1824 de
436 1787 482 1824 40
523 1788 547 1823 à
587 1787 632 1822 50
674 1796 762 1831 ans,
809 1788 935 1832 ayant
978 1787 1116 1823 rentes
1151 1795 1202 1822 ou

353 1834 480 1881 avoir,
506 1834 806 1871 fonctionnaire
827 1845 877 1871 ou
902 1834 1204 1878 commerçante

353 1882 457 1919 dans
482 1884 615 1919 bonne
639 1883 837 1920 situation
863 1892 964 1928 pour
991 1881 1205 1919 extension

353 1929 571 1967 d’affaires.

401 2025 481 2060 354.
510 2047 556 2051 —
580 2025 708 2060 Jeune
736 2025 914 2068 homme,
946 2024 1201 2067 cultivateur,

355 2074 473 2117 brun,
517 2072 562 2108 23
596 2082 685 2116 ans,
724 2072 893 2116 aimant,
939 2072 1058 2116 doux,
1096 2072 1206 2108 taille

354 2129 570 2166 moyenne,
598 2120 793 2166 quelques
817 2120 1061 2165 économies,
1089 2121 1207 2166 épou¬

354 2168 484 2205 serait
502 2168 624 2213 jeune
644 2169 722 2204 fille
744 2179 795 2204 ou
812 2178 942 2205 veuve
963 2167 1009 2204 20
1024 2169 1049 2204 à.
1067 2168 1113 2204 25
1130 2178 1206 2204 ans

357 2216 425 2262 qui
447 2216 773 2254 .s'intéresserait
807 2217 832 2252 à
866 2215 1155 2262 l’agriculture.

405 2316 485 2352 355.
513 2337 560 2342 —
586 2315 810 2360 Monsieur,
835 2315 880 2351 55
906 2325 995 2358 ans,
1020 2315 1208 2360 employé

356 2362 748 2408 d’administration,
805 2362 1041 2408 épouserait
1088 2363 1210 2399 dame

361 2411 614 2449 convenable
658 2420 761 2456 pour
808 2420 883 2447 son
927 2411 1003 2456 âge
1042 2412 1080 2447 et
1116 2410 1209 2447 bien

361 2459 507 2495 élevée.

408 2554 490 2590 356.
532 2575 578 2580 —
618 2552 782 2589 Officier
823 2554 1036 2598 supérieur
1070 2563 1117 2589 en
1152 2564 1214 2591 re¬

364 2602 494 2646 traite,
517 2601 561 2637 62
584 2611 672 2646 ans,
700 2601 845 2638 ancien
868 2602 980 2638 élève
998 2602 1047 2639 de
1069 2603 1213 2640 l’Ecole

363 2648 694 2694 Polytechnique,
727 2650 854 2694 ayant
878 2650 941 2686 fils
971 2649 1021 2686 de
1048 2649 1092 2685 16
1120 2660 1210 2692 ans,

363 2696 497 2733 désire
528 2697 713 2743 mariage
745 2707 846 2733 avec
873 2707 1017 2743 veuve,
1047 2707 1128 2734 non
1160 2696 1216 2733 di-

362 2743 510 2788 vircée,
538 2744 754 2791 disposant
781 2745 829 2782 de
855 2745 986 2782 10.000
1011 2746 1059 2782 fr.
1084 2746 1133 2783 de
1153 2756 1215 2782 re¬

363 2800 506 2829 venus.

412 2892 492 2928 357.
556 2914 602 2918 —
664 2892 792 2928 Jeune
832 2892 1009 2936 homme,
1046 2892 1089 2928 23
1123 2902 1212 2937 ans,

362 2941 428 2978 fils
461 2940 623 2985 unique,
658 2940 902 2978 sentiments
935 2941 1082 2987 élevés,
1118 2941 1217 2987 phy¬

366 2987 481 3033 sique
507 2987 711 3033 agréable,
747 2989 864 3026 santé
890 2988 1075 3034 parfaite,
1110 2998 1217 3024 com¬

366 3036 553 3080 merçant
584 3035 694 3080 actif,
734 3036 928 3073 situation
969 3036 1125 3073 100.000
1164 3037 1213 3073 fr.

367 3085 405 3119 et
435 3083 696 3128 espérances,
727 3083 960 3129 épouserait
991 3085 1217 3128 jeune-fille

366 3129 617 3173 intelligente
659 3142 706 3167 ou
750 3141 883 3169 veuve
925 3141 1025 3168 sans
1057 3132 1214 3175 enfant,

365 3176 564 3215 situation
601 3179 836 3225 honorable,
874 3181 1004 3225 ayant
1035 3179 1082 3217 de
1114 3180 1159 3216 20
1192 3181 1217 3217 à

366 3224 498 3260 45.000
526 3226 574 3262 fr.

416 3326 496 3366 358.
520 3348 568 3352 —
597 3327 851 3375 Célibataire,
884 3328 927 3367 59
956 3339 1045 3376 ans,
1073 3328 1218 3369 ancien

1264 418 1573 462 fonctionnaire,
1607 417 1712 454 4.000
1749 418 1792 453 fr.
1832 417 1983 461 rentes,
2023 418 2112 462 plus

1263 466 1542 514 propriétaire,
1560 465 1774 509 musicien,
1797 464 2030 511 épouserait
2049 465 2114 501 de¬

1266 516 1447 552 moiselle
1493 524 1541 551 ou
1579 524 1711 551 veuve
1756 513 1947 558 dévouée,
1995 514 2114 549 affec¬

1264 563 1418 608 tueuse,
1450 563 1599 599 femme
1618 562 1869 605 d’intérieur,
1898 561 2115 597 musicien¬

1264 619 1316 646 ne
1355 609 1390 646 si
1425 610 1616 656 possible,
1651 611 1725 656 âge
1764 610 1801 646 et
1838 609 2034 646 situation
2065 619 2114 645 en

1265 660 1444 704 rapport.

1313 770 1393 806 365.
1418 770 1465 804 —
1485 768 1688 814 Militaire,
1717 769 1913 815 orphelin,
1941 769 2116 806 démobi¬

1268 817 1410 854 lisable
1448 817 1545 864 juin,
1586 816 1630 853 23
1662 826 1750 862 ans,
1791 816 2117 863 agriculteur-vi¬

1268 873 1435 911 gneron,
1468 865 1700 910 épouserait
1726 865 1847 910 jeune
1870 865 1950 902 fille
1977 865 2117 911 gentil¬

1269 914 1315 957 le,
1357 914 1537 950 sérieuse
1568 913 1616 949 de
1652 913 1696 949 18
1724 915 1749 949 à
1786 912 1830 950 23
1866 923 1955 957 ans,
1990 913 2120 958 ayant

1269 961 1385 997 avoir
1421 971 1472 997 ou
1508 961 1631 1007 petite
1668 961 1874 1005 situation,
1910 961 2119 1007 quitterait

1272 1009 1520 1054 agriculture
1566 1019 1668 1055 pour
1713 1019 1758 1046 se
1796 1018 2017 1045 consacrer
2060 1017 2115 1045 au

1271 1065 1509 1094 commerce.

1317 1157 1396 1193 369.
1433 1181 1479 1184 —
1522 1156 1776 1202 Célibataire,
1819 1158 1904 1194 très
1942 1157 2116 1202 sérieux,

1272 1203 1312 1240 41
1349 1215 1437 1248 ans,
1471 1205 1724 1250 cultivateur,
1762 1204 1890 1251 ayant
1925 1205 2120 1251 quelques

1272 1252 1516 1298 économies,
1545 1251 1678 1289 désire
1709 1254 1894 1299 mariage
1924 1263 2027 1289 avec
2058 1254 2122 1289 de¬

1274 1299 1455 1337 moiselle
1492 1311 1540 1336 ou
1572 1310 1704 1339 veuve
1741 1311 1842 1338 avec
1877 1305 1936 1336 un
1965 1301 2118 1345 enfant,

1273 1352 1400 1392 ayant
1428 1348 1622 1385 situation
1648 1349 1698 1385 de
1721 1347 1911 1386 fermière
1938 1359 1990 1386 ou
2017 1358 2123 1385 com¬

1276 1396 1498 1440 merçante,
1570 1397 1759 1441 honnête,
1833 1398 2110 1434 raisonnable,

1277 1442 1477 1489 physique
1516 1445 1707 1490 agréable
1744 1446 1783 1481 et
1826 1445 1931 1482 forte
1977 1454 2118 1491 corpu¬

1275 1491 1398 1535 lence,
1429 1493 1530 1538 âgée
1559 1493 1611 1529 de
1641 1492 1686 1529 30
1714 1495 1739 1531 à
1766 1492 1812 1529 40
1843 1503 1931 1531 ans.

1323 1603 1401 1639 370.
1435 1603 1482 1638 —
1513 1603 1640 1639 Jeune
1671 1604 1818 1647 patron
1851 1604 2030 1641 boucher
2061 1604 2124 1640 dé¬

1277 1651 1447 1694 taillant,
1488 1651 1760 1695 Côte-d’Azur,
1808 1650 1852 1687 30
1892 1661 1984 1697 ans,
2033 1651 2124 1688 bien

1278 1708 1375 1734 sous
1417 1698 1509 1738 tous
1549 1699 1609 1736 les
1644 1700 1847 1744 rapports,
1893 1699 2126 1745 épouserait

1276 1745 1396 1790 jeune
1421 1746 1500 1781 fille
1525 1756 1576 1783 ou
1604 1757 1735 1784 veuve
1764 1747 1856 1793 jolie
1882 1748 2128 1793 présentant

1279 1794 1382 1838 bien,
1415 1795 1560 1831 blonde
1589 1795 1636 1831 de
1664 1795 1913 1841 préférence,
1941 1797 2127 1832 connais¬

1280 1843 1373 1877 sant
1398 1851 1625 1880 commerce
1646 1842 1941 1881 alimentation.

1326 1942 1406 1978 372.
1430 1943 1476 1978 —
1497 1942 1796 1988 Commerçant,
1821 1942 1865 1979 37
1884 1954 1972 1987 ans,
1992 1943 2128 1981 désire

1280 1989 1466 2035 mariage
1484 2000 1584 2026 avec
1604 1991 1724 2036 jeune
1745 1992 1826 2028 fille
1849 2001 1897 2030 ou
1922 2002 2052 2029 veuve
2075 1992 2129 2029 ai¬

1280 2038 1395 2073 mant
1419 2047 1658 2084 commerce,
1690 2040 1815 2085 ayant
1839 2040 1918 2076 dot.

1329 2144 1408 2180 373.
1429 2145 1476 2179 —>
1495 2145 1621 2182 Jeune
1642 2146 1819 2189 homme,
1844 2145 1887 2183 28
1909 2157 1996 2191 ans,
2023 2147 2131 2184 bien¬

1283 2191 1339 2227 tôt
1372 2191 1620 2234 démobilisé,
1652 2194 1769 2233 brun,
1806 2196 1888 2230 très
1917 2195 2022 2233 bien,
2053 2195 2130 2231 dis¬

1286 2238 1438 2283 tingué,
1477 2239 1687 2284 musicien,
1726 2238 1921 2277 situation
1963 2243 2133 2279 assurée

1289 2287 1396 2324 7.000
1425 2288 1475 2324 fr.
1514 2288 1620 2324 dans
1653 2289 1816 2333 négoce,
1871 2289 2130 2333 espérances,

1288 2335 1521 2381 épouserait
1578 2336 1813 2376 demoiselle
1869 2338 2131 2381 affectueuse,

1288 2384 1553 2432 musicienne,
1608 2385 1803 2431 élégante,
1848 2387 1973 2431 ayant
2031 2396 2134 2422 com¬

1289 2442 1436 2469 merce-
1464 2443 1514 2469 ou
1549 2433 1619 2469 dot
1649 2443 1752 2480 pour
1791 2434 1985 2471 situation
2017 2436 2134 2471 éven¬

1290 2482 1420 2518 tuelle.

1334 2599 1412 2634 374.
1440 2598 1487 2633 —
1517 2597 1736 2644 Adjudant,
1771 2599 1814 2635 35
1847 2608 1934 2645 ans,
1971 2601 2135 2646 présen¬

1288 2647 1375 2682 tant
1403 2645 1507 2690 bien,
1533 2648 1650 2690 brun,
1682 2647 1912 2685 économies
1936 2647 2043 2685 8.000
2069 2650 2132 2691 fr.,

1288 2693 1483 2730 intérieur
1516 2695 1778 2740 confortable,
1822 2705 1917 2732 sera
1959 2696 2137 2741 prochai¬

1288 2743 1454 2778 nement
1492 2741 1660 2779 retraité
1701 2743 1891 2781 militaire
1934 2743 2017 2788 (850
2055 2745 2133 2790 fr.),

1290 2798 1489 2835 occupera
1517 2789 1593 2827 soit
1626 2790 1774 2837 emploi
1801 2792 1890 2828 civil
1925 2791 1973 2828 de
2000 2792 2133 2837 l’Etat,

1290 2837 1438 2884 emploi
1472 2837 1706 2883 particulier
1739 2849 1788 2875 ou
1825 2841 1913 2876 fera
1942 2849 2138 2878 commer¬

1292 2894 1346 2921 ce.
1391 2886 1422 2921 A
1464 2885 1525 2922 été
1564 2887 1694 2923 marié
1734 2887 1835 2923 trois
1868 2887 1984 2932 mois,
2028 2889 2134 2932 veuf,

1291 2932 1427 2969 fillette
1449 2932 1470 2969 5
1494 2943 1582 2977 ans,
1608 2936 1734 2980 ayant
1754 2935 1884 2972 15.000
1908 2936 1956 2972 fr.
1987 2936 2135 2982 placés.

1291 2979 1432 3017 Désire
1471 2981 1657 3028 mariage
1697 2991 1796 3018 avec
1828 2991 2034 3028 personne
2072 2984 2140 3021 ho¬

1294 3028 1475 3070 norable,
1501 3027 1548 3065 de
1566 3028 1612 3069 25
1631 3030 1656 3065 à
1679 3028 1722 3064 35
1745 3038 1834 3072 ans,
1856 3030 1991 3066 même
2015 3031 2141 3075 ayant

1294 3085 1350 3112 un
1401 3076 1552 3124 enfant,
1609 3077 1848 3123 catholique,
1901 3079 1951 3115 de
2008 3079 2141 3115 bonne

1293 3124 1499 3162 situation.

1342 3232 1421 3268 375.
1470 3233 1516 3267 —
1552 3233 1737 3269 Mobilisé
1785 3243 1836 3269 au
1884 3234 2043 3270 service
2088 3234 2141 3269 du

1297 3281 1492 3323 P.-L.-M.,
1519 3280 1561 3317 23
1589 3291 1675 3327 ans,
1707 3280 1895 3324 aimable,
1923 3282 2142 3319 sentimen¬

1296 3329 1363 3378 tal,
1388 3329 1561 3371 sérieux,
1585 3328 1649 3368 fils
1672 3329 1721 3368 de
1746 3330 2013 3379 propriétaire
2038 3331 2143 3378 agri-
