2472 3696
1408 488 1431 528 2
1435 498 1449 515 e
1480 489 1634 531 Année
1662 514 1712 519 —
1742 491 1799 531 N°
1828 491 1851 530 6

715 761 1105 853 RECUEIL
1157 763 1765 855 P’jlNAONCES

755 1507 770 1543 "
781 1506 864 1557 Xp
866 1519 906 1557 /

1166 1526 1290 1558 DES

574 1610 1874 1774 MARIAGES

735 1851 1005 1903 Paraissant
1033 1859 1131 1903 tous
1157 1849 1213 1903 les
1237 1859 1295 1903 i"
1319 1849 1373 1903 de
1397 1849 1561 1921 chaque
1587 1851 1703 1903 mois
1821 1887 1839 1917 ,

437 2047 593 2107 LYON
639 2077 721 2089 —
769 2045 867 2123 25,
917 2047 1043 2111 Quai
1091 2045 1539 2125 Saint-Antoine,
1589 2047 1653 2107 25
1717 2081 1799 2091 —
1841 2049 1999 2111 LYON

672 2292 740 2335 Ce
760 2292 996 2350 journal
1029 2295 1110 2334 est
1148 2293 1345 2349 envoyé
1385 2295 1771 2350 gratuitement

524 2368 572 2406 et
613 2364 988 2407 discrètement
1021 2363 1057 2406 à
1089 2367 1231 2406 toute
1256 2373 1529 2422 personne
1564 2368 1656 2424 qui
1691 2381 1753 2411 en
1788 2369 1907 2420 fera

581 2435 637 2478 la
665 2435 1138 2480 demande'contre
1160 2452 1225 2479 un
1249 2435 1619 2494 timbre-poste
1640 2439 1701 2482 de
1721 2440 1848 2485 0.25

434 2617 593 2671 NES
644 2617 878 2671 PAS
928 2613 1653 2672 CONFONDRE
1698 2634 1706 2672 :
1753 2620 1995 2677 L’Œuvre

537 2718 594 2773 de
647 2703 1235 2779 L’INTERMÉDIAIRE,
1282 2717 1373 2776 25,
1419 2717 1542 2779 Quai
1588 2721 1887 2776 St-Antoine

600 2823 632 2874 à
663 2822 811 2888 Lyon,
845 2819 933 2877 n’a
959 2833 1051 2888 pas
1078 2818 1136 2871 de
1162 2818 1469 2881 Succursale,
1506 2821 1561 2874 ni
1587 2820 1820 2877 d’affiliés

2075 2175 2117 2340 )

491 2995 522 3028 A
550 2992 565 3029 «
589 2991 889 3029 L’Intermédiaire
918 3003 934 3026 »
967 2990 999 3025 le
1021 2999 1098 3025 mot
1125 3004 1143 3023 «
1167 2992 1358 3026 discrétion
1384 3005 1402 3024 »
1424 3002 1474 3027 est
1496 3005 1696 3041 synonyme
1716 2997 1759 3032 de
1783 2999 1926 3034 réussite

283 2895 389 3103 4

310 3106 706 3362 L»-

788 3135 847 3172 Ce
875 3130 1055 3171 numéro
1082 3133 1239 3171 annule
1265 3133 1328 3169 les
1359 3131 1615 3179 précédents

773 3285 931 3325 ==i
931 3285 1023 3299 —
