2472 3696
1160 261 1211 300 —
1240 261 1263 301 3
1293 285 1344 293 —

470 364 542 401 Les
577 366 732 404 mêmes
769 368 991 416 difficultés
993 374 1001 418 ,
1048 374 1142 412 bien
1181 374 1276 424 qu'à
1314 389 1371 415 un
1411 381 1602 420 moindre
1642 383 1763 433 degré
1767 416 1775 431 ,
1816 401 1856 437 ^
1894 390 2132 437 présentent

366 431 470 467 pour
502 425 534 461 le
561 435 649 463 sexe
680 427 779 474 fort.
809 428 860 466 Le
890 430 1019 478 jeune
1045 431 1227 482 homme,
1261 437 1448 476 désireux
1480 439 1528 477 de
1555 455 1594 481 se
1626 445 1846 486 soustraire
1878 460 1956 486 aux
1987 450 2130 489 incon¬

364 481 548 520 vénients
582 484 635 521 du
671 486 831 534 célibat,
870 489 940 536 qui
972 496 1030 529 est
1063 491 1119 530 las
1155 493 1204 532 de
1237 496 1349 533 vivre
1379 510 1428 538 au
1464 504 1695 541 restaurant
1724 505 1777 542 où
1807 503 1890 544 l'on
1926 507 2017 556 paie
2048 510 2130 550 fort

357 535 458 572 cher
499 548 581 573 une
629 541 849 579 mauvaise
901 546 1163 592 nourriture,
1204 548 1254 585 de
1311 560 1460 597 passer
1505 564 1573 590 ses
1620 556 1779 595 soirées
1826 570 1879 597 au
1923 563 2025 608 café,
2082 575 2133 602 en

358 588 514 627 faisant
563 592 600 628 la
651 594 971 634 traditionnelle
1022 598 1195 637 manille
1247 613 1348 640 avec
1395 605 1468 642 des
1521 611 1783 657 camarades,
1842 624 1893 651 au
1946 616 2028 654 lieu
2081 618 2132 655 de

360 647 507 693 goûter
532 648 570 687 la
601 650 731 690 douce
763 652 1004 694 familiarité
1032 657 1090 695 du
1123 658 1252 708 foyer,
1286 660 1370 709 qui;
1407 675 1458 701 en
1487 676 1552 702 cas
1583 665 1932 721 d’indisposition,
1967 675 2128 722 préfère

361 704 416 743 les
445 708 556 746 soins
591 708 822 750 affectueux
849 711 974 752 d’une
1010 715 1167 756 femme
1195 719 1376 758 dévouée
1411 723 1431 760 à
1463 735 1565 761 ceux
1599 726 1723 765 d’une
1751 729 1978 779 étrangère,
2020 734 2125 775 celui

359 766 429 811 qui
464 767 677 807 considère
711 781 876 809 comme
912 785 994 812 une
1028 775 1260 824 obligation
1297 781 1430 819 sacrée
1462 782 1500 820 la
1538 783 1754 824 fondation
1788 786 1911 827 d’une
1948 791 2121 841 famille,

360 822 433 862 but
463 826 654 873 suprême
690 829 738 867 de
767 828 1012 880 l’existence,
1052 846 1102 872 en
1131 848 1189 873 un
1228 843 1316 876 mot
1345 838 1545 880 l’homme
1581 842 1629 881 de
1659 857 1775 884 cœur
1809 850 1881 897 qui
1912 855 2008 888 veut
2043 852 2127 891 être

358 882 460 920 utile
490 885 512 921 à
544 884 582 922 la
614 886 774 934 société,
812 895 921 939 peut,
959 903 1053 930 sans
1084 899 1180 944 trop
1212 895 1261 934 de
1290 896 1527 948 difficultés,
1565 902 1765 943 chercher
1794 907 2010 947 lui-même
2044 924 2125 952 une

359 952 605 991 compagne,
636 950 675 984 et
706 946 734 984 il
761 947 820 985 lui
852 954 911 989 est
937 951 1097 990 loisible
1132 953 1181 991 de
1209 954 1434 995 demander
1464 961 1486 996 à
1514 972 1574 998 ses
1604 963 1711 1000 amis
1739 970 1778 1003 et
1810 969 2124 1011 connaissances

356 999 409 1038 de
433 1001 491 1039 lui
521 1007 687 1041 trouver
715 1019 772 1044 un
804 1008 910 1055 parti
941 1011 1205 1060 convenable,
1238 1015 1343 1054 mais
1372 1021 1497 1054 est-ce
1522 1019 1716 1060 suffisant
1739 1023 1754 1060 ?
1787 1025 1838 1062 La
1867 1026 2036 1076 plupart
2066 1030 2122 1068 du

356 1062 502 1107 temps,
530 1061 566 1099 le
593 1062 746 1113 champ
770 1066 838 1104 des
866 1067 1106 1108 recherches
1132 1076 1191 1109 est
1222 1072 1306 1110 fort
1335 1075 1536 1124 restreint,
1571 1078 1626 1116 les
1653 1083 1755 1120 amis
1785 1083 1878 1132 plus
1902 1097 1957 1124 ou
1986 1088 2122 1126 moins

357 1117 613 1159 indifférents
640 1123 830 1163 oublient
858 1126 908 1164 de
937 1125 1150 1177 s’occuper
1180 1130 1229 1168 de
1259 1132 1297 1169 la
1326 1133 1499 1173 mission
1531 1136 1706 1178 délicate
1730 1140 1833 1181 dont
1861 1143 1910 1182 ils
1938 1143 2128 1188 s’étalent

354 1175 526 1227 chargés
562 1187 736 1221 souvent
764 1183 785 1220 à
821 1189 1112 1234 contre-cœur,
1145 1194 1184 1227 et
1217 1189 1246 1227 il
1274 1203 1324 1230 en
1356 1193 1507 1232 résulte
1540 1208 1620 1243 que
1650 1195 1884 1250 l’intéressé,
1922 1216 1976 1242 ne
2010 1210 2119 1246 trou¬

355 1242 452 1275 vant
484 1249 554 1286 pas
589 1251 632 1277 ce
666 1241 767 1289 qu’il
801 1242 942 1291 désire,
980 1246 1140 1294 préfère
1173 1245 1400 1298 s’abstenir,
1437 1255 1489 1299 et,
1525 1256 1642 1303 après
1676 1259 1872 1309 quelques
1903 1266 2120 1306 tentatives

353 1295 505 1344 vaines,
531 1307 573 1334 se
594 1299 761 1348 résigne
780 1305 873 1340 tout
897 1302 1148 1344 doucement
1168 1308 1190 1344 à
1217 1313 1343 1348 rester
1365 1310 1487 1348 vieux
1511 1325 1680 1362 garçon.

462 1367 525 1405 Ah
545 1368 558 1406 !
581 1380 658 1417 que
684 1371 733 1409 de
760 1373 962 1422 mariages
989 1377 1190 1425 manqués
1213 1379 1328 1427 faute
1355 1378 1456 1419 d'un
1485 1383 1790 1425 intermédiaire
1813 1389 1984 1438 sérieux,
2016 1393 2117 1431 hon¬

353 1426 441 1462 nête
466 1429 504 1464 et
532 1426 694 1475 discret,
723 1437 901 1479 prenant
927 1434 948 1471 à
972 1445 1088 1472 cœur
1114 1436 1153 1475 la
1176 1437 1344 1478 réussite
1370 1441 1440 1480 des
1466 1442 1669 1493 mariages
1696 1448 1896 1496 auxquels
1925 1449 1952 1486 il
1983 1449 2116 1488 s’inté¬

354 1494 459 1521 resse
481 1485 491 1523 1
522 1485 724 1525 Combien
752 1489 800 1528 de
834 1493 993 1541 projets
1020 1495 1358 1546 matrimoniaux,
1398 1504 1659 1542 commencés
1688 1515 1781 1543 sous
1814 1505 1863 1544 de
1892 1506 1995 1544 bons
2028 1519 2116 1545 aus¬

351 1539 472 1590 pices,
505 1549 579 1583 ont
613 1546 768 1586 échoué
802 1550 822 1587 à
857 1550 894 1588 la
925 1552 1030 1590 suite
1063 1552 1409 1601 d’indiscrétions,
1448 1561 1667 1600 commises
1699 1563 1836 1603 même
1869 1565 2116 1604 involontai¬

351 1607 509 1640 rement
532 1602 539 1639 1
588 1603 705 1643 Seule
743 1620 824 1646 une
856 1609 1139 1649 intervention
1175 1615 1278 1662 sûre,
1331 1616 1624 1658 bienveillante
1662 1626 1701 1659 et
1738 1622 1965 1666 raisonnée,
2018 1627 2117 1671 peut

351 1663 496 1698 mettre
523 1673 573 1700 en
602 1671 776 1713 rapport
799 1667 837 1704 la
866 1668 979 1707 foule
1006 1668 1166 1710 d'isolés
1196 1674 1268 1721 qui
1293 1674 1482 1724 végètent
1508 1678 1609 1717 dans
1639 1679 1676 1717 la
1706 1679 1893 1727 solitude,
1924 1681 2039 1719 faute
2067 1681 2115 1720 de

347 1729 386 1755 se
410 1720 635 1768 connaître,
668 1728 707 1761 et
730 1731 824 1764 sont
851 1726 955 1765 ainsi
980 1728 1117 1777 privés
1144 1731 1212 1769 des
1239 1733 1345 1781 joies
1370 1734 1418 1772 de
1441 1736 1480 1773 la
1512 1737 1683 1776 famille.

452 1789 558 1828 C’est
580 1804 686 1840 pour
708 1796 912 1834 remédier
930 1799 951 1835 à
975 1803 1038 1837 cet
1057 1801 1139 1838 état
1164 1802 1213 1839 de
1232 1803 1372 1843 choses
1396 1805 1501 1844 aussi
1527 1808 1828 1856 préjudiciable
1852 1811 1874 1847 à
1893 1807 2112 1852 l’individu

346 1845 438 1893 qu’à
469 1848 506 1886 la
535 1850 791 1900 collectivité,
830 1854 932 1895 dont
958 1855 1096 1896 l’essor
1118 1866 1180 1899 est
1210 1864 1535 1912 complètement
1563 1868 1730 1905 entravé
1760 1880 1833 1917 par
1858 1869 1896 1906 la
1930 1869 2111 1908 diminu¬

349 1904 435 1942 tion
484 1906 533 1944 de
577 1909 670 1957 plus
715 1922 767 1949 en
818 1914 911 1962 plus
952 1917 1112 1966 grande
1155 1921 1223 1958 des
1270 1922 1473 1973 mariages
1534 1937 1613 1973 que
1661 1937 1764 1964 nous
1811 1940 1936 1966 avons
1986 1928 2111 1967 fondé

348 1982 365 2005 «
389 1966 840 2015 L’INTERMEDIAIRE
856 1966 939 2017 t)U
969 1976 1137 2020 FOYER
1166 1995 1203 2021 ».

446 2047 615 2098 Jusqu’à
644 2064 690 2090 ce
715 2055 816 2103 jour
838 2054 1028 2103 quantité
1052 2055 1267 2106 d’agences
1296 2064 1371 2098 ont
1398 2061 1458 2099 été
1488 2062 1634 2100 créées.
1663 2063 1865 2101 Combien
1895 2065 1942 2103 de
1974 2065 2107 2103 réelle¬

343 2110 457 2144 ment
486 2107 603 2148 utiles
631 2113 669 2148 et
701 2113 883 2162 efficaces
905 2116 975 2153 ?...
1006 2115 1056 2154 Et
1087 2117 1173 2155 cela
1204 2129 1244 2155 se
1276 2119 1519 2168 comprend,
1552 2123 1692 2169 quand
1725 2134 1778 2161 on
1813 2122 1999 2161 réfléchit
2030 2135 2109 2174 que

341 2167 427 2203 seul
461 2166 637 2208 l'intérêt
664 2173 825 2219 guidait
857 2184 922 2212 ces
955 2177 1115 2225 gens-là
1117 2206 1125 2223 ,
1163 2181 1203 2215 et
1233 2189 1325 2226 que,
1363 2178 1464 2216 dans
1492 2192 1551 2218 un
1583 2181 1770 2230 mariage
1804 2181 1881 2220 fait
1912 2194 1988 2232 par
2013 2195 2104 2230 eux,

341 2223 388 2260 ils
415 2223 764 2276 n’envisageaient
784 2230 939 2280 qu’une
960 2234 1083 2273 chose
1106 2231 1113 2273 :
1127 2231 1172 2275 la
1186 2240 1360 2275 Somme
1375 2232 1404 2275 à
1418 2235 1614 2278 tOUCher
1625 2236 1653 2278 Ù
1670 2238 1783 2280 titre
1798 2238 1851 2280 de
1867 2240 2109 2290 COUrtüge.

443 2292 671 2334 Combien
695 2297 963 2339 différente
982 2311 1054 2341 est
1077 2306 1216 2344 notre
1239 2314 1407 2345 œuvre
1422 2306 1435 2344 !
1459 2312 1570 2347 Nous
1592 2323 1644 2349 ne
1667 2313 1929 2352 demandons
1951 2320 2107 2351 aucun

334 2348 585 2396 courtage,
620 2359 808 2391 aucune
835 2356 1146 2396 commission
1176 2359 1188 2396 !
1223 2364 1274 2399 Le
1303 2365 1392 2400 seul
1422 2364 1604 2401 débours
1631 2367 1817 2403 consiste
1845 2369 1868 2403 à
1895 2379 2027 2415 payer
2053 2374 2119 2406 un'

335 2402 534 2450 modique
551 2406 839 2447 abonnement
858 2412 1025 2451 destiné
1046 2415 1070 2452 à
1090 2415 1265 2452 couvrir
1285 2416 1346 2452 les
1370 2416 1471 2453 frais
1492 2418 1792 2464 d’impression
1814 2423 1852 2457 et
1876 2421 1925 2458 de
1946 2432 2108 2459 corres¬

334 2457 571 2504 pondance,
610 2463 652 2497 et
689 2462 818 2507 grâce
856 2468 1010 2512 auquel
1046 2468 1105 2505 les
1136 2469 1408 2506 célibataires
1447 2471 1522 2506 des
1553 2471 1660 2508 deux
1696 2482 1815 2509 sexes
1849 2477 1922 2511 ont
1954 2476 1977 2511 à
2013 2476 2107 2512 leur

339 2508 596 2555 disposition
620 2524 677 2551 un
704 2517 829 2554 choix
845 2519 897 2556 de
920 2521 1067 2566 partis,
1091 2524 1353 2568 permettant
1373 2523 1422 2559 de
1445 2523 1607 2561 donner
1629 2526 1892 2564 satisfaction
1913 2528 1937 2564 à
1964 2530 2105 2565 toutes

332 2561 392 2598 les
414 2565 650 2611 exigences.

438 2630 549 2669 Nous
573 2634 726 2672 tenons
748 2636 770 2672 à
791 2636 828 2673 le
854 2637 1026 2686 répéter
1058 2655 1064 2677 :
1094 2634 1566 2679 «L’INTERMÉDIAIRE
1600 2644 1662 2682 DU
1698 2645 1888 2682 FOYER»
1919 2646 1983 2682 n’a
2011 2647 2103 2684 rien

331 2680 382 2717 de
409 2693 611 2724 commun
638 2690 829 2728 avec-les
855 2702 1040 2738 agences
1071 2695 1412 2732 matrimoniales
1446 2704 1454 2739 ;
1485 2696 1590 2734 c'est
1615 2706 1710 2734 une
1735 2706 1897 2736 œuvre
1923 2699 2036 2738 dont
2063 2702 2103 2738 le

332 2733 411 2772 but
437 2740 613 2786 unique
642 2742 710 2780 est
738 2744 789 2781 de
816 2747 977 2786 servir
1002 2748 1055 2785 de
1084 2748 1416 2786 trait-d'union
1445 2752 1565 2786 entre
1599 2752 1738 2787 toutes
1770 2752 1830 2788 les
1861 2762 2102 2799 personnes

329 2791 572 2836 désireuses
598 2800 649 2838 de
678 2804 854 2848 remplir
878 2804 971 2841 leur
997 2807 1144 2843 devoir
1172 2807 1302 2843 social
1331 2817 1383 2843 en
1411 2810 1683 2846 contractant
1706 2811 1906 2858 mariage,
1939 2809 2102 2856 quelle

329 2857 423 2895 que
456 2853 554 2892 soit
579 2856 692 2895 leur
721 2858 958 2900 situation
992 2862 1050 2900 de
1070 2862 1283 2910 fortune,
1308 2862 1365 2900 de
1386 2862 1432 2901 la
1451 2863 1566 2910 plus
1600 2865 1822 2904 modeste
1855 2866 1882 2904 à
1909 2866 1961 2906 la
1992 2879 2009 2911 r
2023 2868 2103 2908 lus

328 2900 506 2951 élevée,
539 2914 581 2948 et
608 2923 718 2952 nous
738 2917 1021 2962 remplissons
1044 2920 1154 2956 cette
1182 2919 1363 2956 mission
1394 2929 1496 2957 avec
1529 2920 1647 2958 l'EXT
1653 2923 1712 2959 RE
1718 2923 1784 2960 ME
1815 2918 2101 2964 DISCRÉTION

327 2968 414 3009 que
445 2960 551 3005 doit
585 2971 861 3023 comporter
899 2983 961 3013 un
998 2976 1103 3013 acte
1143 2974 1277 3014 aussi
1312 2974 1585 3019 important
1592 2987 1600 3022 ,
1642 2979 1778 3018 aussi
1816 2981 1958 3019 sacré
2005 2991 2099 3030 que

325 3018 371 3057 le
410 3025 651 3077 mariage.

1598 3146 1666 3190 LA
1695 3150 1987 3190 DIRECTION.
