2472 3696
2158 140 2187 196 I

425 395 496 432 Les
533 397 687 434 mêmes
724 395 958 443 difficultés,
1005 395 1098 432 bien
1138 393 1232 444 qu'à
1271 405 1326 432 un
1368 395 1558 432 moindre
1598 396 1733 444 degré,
1852 395 2090 443 présentent

316 460 427 496 pour
458 450 491 485 le
518 460 606 487 sexe
636 450 737 498 fort.
767 450 817 486 Le
849 451 975 497 jeune
1003 449 1185 497 homme,
1218 449 1406 487 désireux
1437 449 1486 486 de
1513 463 1553 489 se
1585 450 1806 488 soustraire
1837 461 1916 486 aux
1946 449 2089 486 incon¬

317 503 508 542 vénients
541 504 595 540 du
630 503 791 550 célibat,
830 504 900 552 qui
932 508 990 541 est
1023 504 1079 541 las
1115 504 1164 541 de
1196 504 1308 541 vivre
1340 516 1389 543 au
1423 508 1656 541 restaurant
1685 505 1739 542 où
1768 502 1852 541 l’on
1888 501 1979 551 paie
2008 503 2093 541 fort

313 551 421 589 •cher
464 563 545 588 une
594 553 813 589 mauvaise
866 553 1127 597 nourriture,
1168 553 1218 589 de
1274 563 1424 599 passer
1469 562 1537 589 ses
1584 552 1744 589 soirées
1790 561 1843 589 au
1887 553 1990 596 café,
2046 562 2098 588 en

321 606 478 642 faisant
527 606 566 642 la
617 606 936 642 traditionnelle
987 607 1161 642 manille
1212 615 1314 642 avec
1360 606 1434 641 des
1487 607 1750 651 camarades,
1809 615 1860 642 au
1913 606 1995 642 lieu
2048 605 2099 641 de

321 663 472 712 goûter
497 664 536 700 la
563 664 697 702 douce
728 663 969 701 familiarité
997 664 1057 701 du
1089 663 1218 712 foyer,
1252 660 1337 711 qui,
1372 675 1425 700 en
1452 675 1519 701 cas
1550 662 1900 712 d’indisposition,
1933 662 2097 711 préfère

329 718 385 754 les
415 718 525 756 soins
562 717 791 755 affectueux
819 715 944 756 d’une
980 717 1137 754 femme
1167 718 1347 755 dévouée
1381 719 1402 755 à
1434 729 1536 755 ceux
1570 717 1695 755 d’une
1722 717 1950 765 étrangère,
1990 716 2097 757 celui

324 771 398 820 qui
432 771 648 809 considère
681 782 846 808 comme
882 783 963 808 une
998 771 1231 820 obligation
1268 772 1402 808 sacrée
1433 772 1470 809 la
1509 771 1727 809 fondation
1760 769 1883 809 d’une
1922 770 2093 818 famille,

325 825 403 862 but
433 825 625 873 suprême
661 825 709 862 de
738 824 982 870 l’existence,
1023 837 1074 862 en
1104 837 1161 862 un
1199 830 1288 863 mot
1316 824 1517 862 l’homme
1553 824 1602 862 de
1629 837 1747 863 cœur
1782 825 1853 874 qui
1885 829 1981 862 veut
2016 825 2100 862 être

328 878 430 917 utile
461 880 482 916 à
516 879 553 916 la
586 878 746 925 société,
784 884 892 927 peut,
931 890 1025 916 sans
1056 884 1150 928 trop
1181 879 1234 917 de
1263 878 1500 926 difficultés,
1538 878 1738 916 chercher
1768 878 1985 916 lui-même
2017 891 2100 918 une

324 943 578 981 compagne,
609 938 647 971 et
678 933 707 969 il
734 933 792 970 lui
825 939 884 971 est
910 933 1070 970 loisible
1105 933 1153 971 de
1182 933 1407 971 demander
1438 935 1460 970 à
1488 944 1547 971 ses
1579 933 1685 970 amis
1714 938 1753 971 et
1784 933 2099 972 connaissances

326 988 381 1025 <le
409 987 466 1023 lui
496 992 662 1024 trouver
692 999 749 1023 un
781 986 887 1034 parti
917 987 1182 1034 convenable,
1214 987 1319 1025 mais
1349 991 1474 1024 est-ce
1498 986 1694 1025 suffisant
1716 987 1732 1025 ?
1764 988 1816 1025 La
1846 987 2014 1035 plupart
2043 987 2101 1024 du

329 1046 478 1088 temps,
507 1040 543 1077 le
571 1040 723 1088 champ
748 1040 815 1078 des
845 1040 1085 1078 recherches
1110 1046 1169 1079 est
1200 1041 1284 1078 fort
1313 1041 1514 1088 restreint,
1551 1041 1605 1078 les
1631 1043 1734 1079 amis
1764 1042 1857 1090 plus
1879 1053 1936 1078 ou
1965 1040 2102 1078 moins

331 1093 593 1133 indifférents
618 1094 808 1132 oublient
839 1095 888 1132 de
918 1092 1129 1142 s’occuper
1160 1094 1209 1132 de
1240 1095 1277 1132 la
1306 1095 1479 1133 mission
1512 1094 1686 1133 délicate
1711 1095 1814 1133 dont
1844 1095 1892 1133 ils
1920 1091 2104 1133 s’étaient

329 1147 508 1197 chargés
543 1153 716 1186 souvent
745 1149 767 1185 à
802 1152 1094 1194 contre-cœur,
1125 1154 1165 1186 et
1200 1149 1227 1186 il
1256 1161 1305 1186 en
1338 1149 1489 1187 résulte
1522 1160 1603 1198 que
1631 1147 1866 1195 l’intéressé,
1908 1161 1958 1185 ne
1992 1154 2103 1186 trou¬

334 1208 433 1240 vant
466 1213 537 1250 pas
572 1214 616 1239 ce
648 1201 749 1251 qu’il
784 1202 925 1249 désire,
963 1202 1123 1250 préfère
1156 1200 1383 1249 s’abstenir,
1420 1207 1473 1250 et,
1509 1203 1625 1250 après
1661 1203 1857 1252 quelques
1888 1202 2105 1241 tentatives

334 1256 489 1302 vaines,
516 1266 558 1292 se
582 1255 746 1304 résigne
766 1260 857 1293 tout
882 1256 1132 1294 doucement
1153 1258 1176 1294 à
1203 1261 1328 1294 rester
1351 1257 1472 1294 vieux
1498 1268 1666 1306 garçon.

449 1310 514 1346 Ah
533 1309 546 1346 !
570 1322 645 1358 que
672 1310 720 1346 de
749 1310 950 1358 mariages
976 1310 1178 1359 manqués
1202 1311 1316 1359 faute
1345 1308 1444 1348 d'un
1473 1311 1779 1348 intermédiaire
1802 1310 1973 1357 sérieux,
2007 1311 2107 1348 hon¬

336 1364 429 1400 nête
455 1365 492 1400 et
521 1362 683 1409 discret,
712 1369 890 1412 prenant
916 1366 937 1402 à
961 1376 1076 1401 cœur
1104 1365 1140 1402 la
1164 1363 1333 1402 réussite
1358 1365 1429 1403 des
1455 1364 1659 1413 mariages
1686 1361 1886 1414 auxquels
1916 1364 1943 1401 il
1973 1363 2105 1402 s’inté¬

342 1428 448 1454 resse
471 1417 478 1454 !
512 1417 713 1454 Combien
741 1417 790 1455 de
823 1418 980 1466 projets
1010 1418 1349 1465 matrimoniaux,
1387 1419 1649 1458 commencés
1679 1430 1772 1457 sous
1802 1418 1854 1457 de
1883 1419 1986 1455 bons
2020 1431 2107 1456 aus¬

338 1471 461 1520 pices,
492 1476 568 1509 ont
602 1471 758 1509 échoué
790 1473 809 1509 à
847 1472 883 1509 la
914 1472 1019 1510 suite
1052 1470 1398 1515 d’indiscrétions,
1438 1472 1657 1510 commises
1691 1473 1827 1513 même
1861 1472 2107 1510 involontai¬

346 1530 507 1563 rement
530 1524 538 1562 !
585 1525 703 1563 Seule
740 1537 821 1563 une
853 1525 1133 1564 intervention
1172 1527 1277 1572 sûre,
1328 1526 1622 1564 bienveillante
1660 1532 1698 1564 et
1736 1527 1964 1570 raisonnée,
2018 1530 2116 1575 peut

349 1584 495 1617 mettre
523 1591 571 1616 en
603 1585 773 1628 rapport
799 1580 836 1616 la
866 1580 978 1617 foule
1005 1578 1165 1618 d’isolés
1195 1579 1266 1630 qui
1290 1580 1481 1629 végètent
1507 1581 1609 1619 dans
1637 1581 1677 1618 la
1706 1580 1892 1627 solitude,
1925 1580 2039 1618 faute
2068 1580 2119 1619 dé

333 1645 377 1671 se
402 1633 627 1680 connaître,
660 1637 699 1670 et
723 1639 814 1671 sont
843 1633 946 1672 ainsi
972 1633 1107 1682 privés
1136 1635 1204 1672 des
1231 1634 1336 1683 joies
1360 1634 1410 1671 de
1435 1635 1471 1672 la
1505 1635 1676 1672 famille.

445 1686 549 1725 C’est
572 1699 678 1736 pour
701 1687 902 1725 remédier
922 1689 943 1725 à
966 1692 1030 1725 cet
1048 1693 1131 1726 état
1155 1689 1206 1726 de
1223 1687 1494 1727 choses'aussi
1521 1689 1821 1738 préjudiciable
1846 1689 1866 1725 à
1887 1689 1899 1725 1
1917 1686 2106 1729 individu

335 1740 432 1790 qu’à
465 1741 501 1778 la
531 1740 787 1787 collectivité,
825 1741 927 1780 dont
954 1739 1092 1779 l’essor
1113 1748 1176 1780 est
1205 1742 1531 1790 complètement
1560 1743 1726 1780 entravé
1756 1754 1830 1791 par
1855 1742 1891 1779 la
1924 1741 2108 1779 diminu¬

345 1796 432 1833 tion
484 1794 532 1832 de
577 1796 668 1843 plus
715 1806 765 1831 en
817 1795 909 1842 plus
953 1795 1111 1844 grande
1154 1797 1221 1834 des
1270 1795 1473 1845 mariages
1535 1808 1614 1844 que
1662 1808 1765 1834 nous
1812 1807 1938 1834 avons
1988 1795 2112 1834 fondé

345 1868 368 1892 «
390 1851 843 1892 L’INTERMEDIAIRE
879 1851 942 1890 DU
974 1851 1130 1890 FOYER
1161 1865 1199 1891 ».

452 1911 622 1963 Jusqu’à
650 1925 696 1951 ce
722 1916 820 1963 jour
845 1910 1035 1960 quantité
1057 1909 1273 1958 d’agences
1302 1913 1376 1946 ont
1403 1909 1464 1947 été
1494 1908 1639 1946 créées.
1669 1906 1871 1945 Combien
1902 1909 1949 1945 de
1981 1908 2116 1945 réelle¬

346 1971 464 2006 ment
493 1967 612 2006 utiles
640 1970 675 2004 et
710 1968 891 2016 efficaces
912 1967 982 2004 ?...
1014 1964 1063 2002 Et
1095 1964 1179 2002 cela
1212 1974 1252 2000 se
1284 1962 1527 2011 comprend,
1560 1963 1699 2011 quand
1733 1975 1787 2000 on
1820 1961 2007 1999 réfléchit
2039 1971 2118 2011 que

347 2024 437 2061 seul
471 2021 645 2060 l'intérêt
674 2022 833 2069 guidait
868 2031 931 2058 ces
965 2019 1135 2068 gens-là,
1175 2022 1214 2056 et
1246 2028 1337 2065 que,
1375 2016 1475 2054 dans
1505 2028 1562 2054 un
1596 2015 1783 2064 mariage
1816 2015 1892 2053 fait
1926 2027 2001 2064 par
2027 2027 2118 2060 eux,

348 2077 398 2114 ils
425 2089 451 2113 n
468 2075 773 2125 envisageaient
796 2073 950 2123 qu’une
970 2072 1094 2110 chose
1117 2067 1124 2109 :
1139 2067 1185 2110 Id
1198 2075 1373 2110 S0PW76
1388 2065 1416 2109 à
1431 2066 1628 2109 tOUCtlBT
1639 2074 1668 2108 Q
1686 2067 1799 2109 titre
1813 2066 1867 2108 ÜB
1884 2066 2126 2115 Courtage.

455 2127 683 2166 Combien
708 2124 978 2166 différente
997 2131 1071 2162 est
1094 2125 1235 2162 notre
1255 2121 1425 2160 œuvre
1443 2121 1455 2160 !
1482 2124 1592 2162 Nous
1616 2136 1668 2161 ne
1694 2123 1951 2161 demandons
1969 2129 2128 2160 aucun

343 2183 599 2230 courtage,
637 2191 825 2221 aucune
854 2176 1165 2219 commission
1198 2176 1209 2215 !
1244 2179 1295 2216 Le
1321 2179 1406 2216 seul
1436 2178 1612 2216 débours
1645 2178 1820 2217 consiste
1853 2178 1872 2214 à
1903 2189 2028 2226 payer
2058 2188 2116 2215 un

358 2237 555 2287 modique
575 2239 870 2283 abonnement,
895 2235 1051 2273 destiné
1071 2235 1094 2272 à
1117 2231 1284 2271 couvrir
1306 2232 1362 2270 les
1390 2231 1489 2269 frais
1515 2230 1804 2279 d’impression
1830 2236 1869 2269 et
1891 2231 1939 2270 de
1964 2242 2130 2271 corres¬

350 2292 580 2339 pondance.

460 2345 586 2383 Grâce
614 2346 634 2382 à
658 2347 776 2380 notre
797 2350 964 2390 organe,
994 2343 1253 2388 moyennant
1279 2338 1315 2375 la
1344 2337 1526 2375 modeste
1553 2348 1712 2374 somme
1736 2335 1786 2376 de
1832 2332 1954 2375 neuf
1974 2333 2135 2376 fCdUCS

345 2403 468 2448 pour
498 2396 621 2437 deux
645 2394 763 2435 mots
792 2394 843 2435 et
878 2392 1028 2434 douze
1065 2390 1231 2433 francs
1258 2395 1380 2439 pour
1414 2386 1534 2430 trois
1561 2387 1697 2435 mois,
1729 2387 1798 2427 les
1832 2387 2133 2427 célibataires

349 2449 437 2491 des
473 2449 599 2489 deux
631 2457 775 2488 sexes
808 2448 890 2487 ont
929 2444 957 2485 à
998 2444 1101 2484 leur
1129 2442 1420 2493 disposition
1454 2451 1518 2481 un
1554 2440 1695 2481 choix
1730 2441 1787 2492 de
1819 2442 1990 2492 partis,
2025 2449 2136 2492 per¬

355 2512 541 2546 mettant
569 2507 619 2545 de
641 2505 802 2544 donner
829 2501 1087 2541 satisfaction
1115 2501 1136 2539 à
1164 2505 1296 2539 toutes
1319 2499 1376 2536 les
1405 2499 1666 2544 exigences.

485 2560 593 2598 Nous
614 2566 759 2598 tenons
782 2559 802 2595 à
826 2557 863 2595 le
884 2557 1058 2605 répéter:
1084 2569 1103 2592 «
1124 2555 1152 2592 L
1173 2550 1579 2591 INTERMEDIAIRE
1606 2548 1668 2588 DU
1701 2546 1856 2589 FOYER
1879 2558 1899 2587 »
1931 2547 2006 2587 n’a
2036 2547 2138 2588 rien

354 2616 414 2661 de
437 2623 663 2657 commun
701 2624 816 2654 avec
840 2613 909 2654 les
931 2621 1140 2660 agences
1161 2608 1549 2652 matrimoniales
1578 2618 1587 2653 ;
1632 2610 1726 2644 cest
1757 2617 1836 2644 une
1863 2617 2001 2643 œuvre
2036 2607 2135 2643 dont

360 2670 406 2713 le
437 2675 507 2712 but
543 2675 697 2722 unique
730 2675 786 2710 est
821 2671 868 2709 de
907 2669 1037 2708 servir
1070 2669 1117 2706 de
1152 2665 1440 2706 trait-d'union
1480 2669 1599 2702 entre
1636 2657 1769 2701 toutes
1802 2657 1871 2708 les
1910 2671 2133 2708 personnes

357 2725 637 2766 désireuses
671 2722 729 2762 de
763 2720 956 2770 remplir
982 2719 1085 2759 leur
1119 2716 1287 2758 devoir
1309 2715 1461 2755 social
1491 2724 1565 2770 6R,
1581 2711 1881 2770 cjMractaM
1909 2710 2138 2757 mariage,

360 2780 525 2829 quelle
556 2788 649 2828 que
669 2777 766 2817 soit
793 2777 905 2814 leur
937 2773 1172 2814 situation
1197 2772 1254 2812 de
1275 2771 1488 2818 fortune,
1512 2769 1569 2808 de
1590 2763 1636 2806 la
1655 2767 1770 2815 plus
1801 2765 2023 2804 modeste
2045 2763 2070 2802 à
2095 2764 2141 2802 la

360 2834 471 2880 plus
510 2832 688 2873 élevée,
724 2832 768 2870 et
804 2840 928 2869 nous
966 2826 1286 2875 remplissons
1308 2826 1428 2864 cette
1451 2821 1653 2862 mission
1678 2820 1793 2859 avec
1818 2817 2142 2858 L’EXTREME

363 2884 718 2934 DISCRETION,
741 2890 828 2934 Que
857 2881 962 2922 doit
987 2881 1266 2933 comporter
1296 2889 1359 2918 un
1395 2879 1500 2917 acte
1531 2874 1666 2915 aussi
1692 2873 1978 2918 important,
2011 2870 2149 2911 aussi

360 2941 504 2982 sacré
526 2950 621 2991 que
642 2941 687 2979 le
708 2938 947 2988 mariage.

1646 3050 1711 3087 LA
1742 3030 2035 3089 DIRECTION!
2064 3072 2105 3087 v.
