2472 3696
519 425 1057 519 ANNONCES
1117 429 1241 501 du
1301 431 1737 517 denier
1789 433 2041 515 jour

503 603 685 657 POUR
725 605 853 659 LES
891 603 1129 659 DAMES

434 709 525 741 1388.
581 708 623 739 —
677 708 898 747 Célibataire,
934 709 974 740 41
1007 720 1081 745 ans,
1117 708 1234 748 blond,

387 749 542 785 châtain,
574 749 771 788 paraissant
800 749 842 781 35
867 761 944 788 ans,
975 749 1107 782 famille
1132 750 1235 781 hono¬

388 789 495 829 rable,
552 790 803 830 indépendant,
857 790 1069 830 catholique,
1122 789 1233 830 possé¬

387 832 475 864 dant
508 831 597 864 belle
638 831 826 871 propriété,
870 831 1067 871 épouserait
1110 831 1222 864 demoi

387 873 470 906 selle
507 884 551 906 ou
587 883 700 905 veuve
738 873 781 905 de
812 874 854 906 27
891 873 910 904 à
942 874 983 906 35
1021 883 1095 913 ans,
1135 873 1234 905 affec¬

386 918 521 954 tueuse,
563 917 672 954 ayant
711 914 771 946 dot
810 925 854 946 ou
894 913 1074 947 situation.
1119 913 1231 946 Préfé¬

387 965 486 988 rence
516 956 635 995 région
662 956 836 988 Vaucluse
865 964 908 987 ou
940 956 1080 987 Drôme.

430 1027 522 1061 1390,
556 1027 600 1058 —
638 1026 829 1065 Monsieur,
870 1026 911 1059 39
951 1037 1025 1066 ans,
1066 1025 1235 1059 situation

385 1065 543 1107 libérale,
582 1067 724 1101 100.000
760 1066 892 1108 francs,
931 1067 1134 1107 espérances
1174 1066 1232 1097 mi¬

386 1109 517 1141 nimum
550 1109 690 1142 200.000
715 1108 843 1147 francs,
877 1108 1053 1141 caractère
1082 1109 1150 1148 gai,
1179 1118 1232 1140 ex¬

385 1149 516 1182 térieur
567 1149 742 1190 agréable,
797 1149 908 1183 désire
946 1148 1100 1189 mariage
1151 1159 1234 1181 avec

386 1191 593 1224 Demoiselle
621 1191 662 1223 28
685 1190 706 1223 à
733 1191 774 1224 32
802 1202 876 1230 ans,
905 1190 1136 1230 intelligente,
1167 1190 1233 1223 dis¬

385 1233 541 1272 tinguée.
566 1231 686 1272 plutôt
711 1232 843 1272 grande
877 1232 909 1272 (1
935 1244 980 1265 m.
1011 1231 1087 1271 65),
1114 1231 1233 1264 milieu

385 1274 573 1308 honorable
602 1273 793 1306 cherchant
819 1272 980 1306 bonheur
1007 1272 1095 1305 dans
1122 1271 1230 1313 foyer.

390 1314 711 1355 (Indre-et-Loire).

428 1388 520 1418 1392.
549 1386 592 1417 —
622 1385 802 1425 Orphelin,
832 1385 991 1424 Lorrain,
1017 1385 1058 1417 23
1087 1395 1160 1424 ans,
1192 1385 1233 1417 de

384 1427 497 1459 bonne
527 1426 671 1467 famille,
705 1426 803 1460 taille
836 1437 1018 1466 moyenne,
1053 1426 1157 1465 brun,
1192 1435 1232 1457 en

383 1468 455 1502 très
480 1468 594 1502 bonne
622 1467 737 1507 santé,
765 1467 925 1507 employé
954 1468 996 1500 de
1025 1466 1161 1499 chemin
1193 1466 1233 1499 de

384 1510 450 1550 fer,
479 1509 591 1542 désire
625 1509 771 1548 épouser
803 1508 907 1549 jeune
941 1508 1011 1540 fille
1045 1519 1089 1542 ou
1120 1518 1233 1541 veuve

1312 604 1354 635 de
1392 604 1435 637 20
1471 603 1492 636 à
1525 604 1565 637 26
1605 614 1679 641 ans,
1720 603 1762 645 c^e
1800 603 1914 638 bonne
1954 602 2086 637 famille
2125 604 2160 635 et

1312 645 1424 677 bonne
1446 644 1625 677 situation.
1661 644 1853 684 (Moselle).

1346 776 1524 829 POUR
1567 776 1692 830 LES
1731 775 2128 831 MESSIEURS

1355 866 1447 897 1323.
1481 864 1520 895 —
1548 864 1821 904 Commerçante,
1854 874 1981 904 veuve,
2010 864 2051 897 33
2083 873 2156 902 ans,

1311 904 1432 944 brune,
1463 904 1555 944 vive,
1584 908 1867 944 entreprenante,
1894 904 1992 937 taille
2020 914 2157 944 moyen¬

1309 955 1366 985 ne,
1402 955 1508 985 genre
1542 938 1634 986 bien,
1678 946 1889 987 catholique,
1933 957 1980 979 un
2023 945 2157 985 enfant,

1309 986 1471 1027 agréable
1502 987 1670 1021 situation
1707 987 1852 1019 environ
1887 987 2007 1021 80.000
2042 986 2158 1020 francs

1308 1032 1467 1068 pouvant
1514 1028 1712 1069 s’agrandir
1760 1040 1805 1061 on
1847 1028 2003 1061 céderait
2054 1039 2158 1060 avan¬

1308 1073 1562 1110 tageusement,
1591 1070 1806 1110 accepterait
1832 1068 2048 1110 célibataire,
2074 1069 2159 1101 veuf

1308 1122 1388 1144 sans
1414 1111 1551 1151 enfant,
1579 1111 1643 1151 âge
1670 1124 1712 1145 en
1740 1115 1896 1151 rapport,
1928 1109 2077 1149 sérieux,
2104 1119 2155 1142 ac¬

1307 1153 1363 1192 tif,
1399 1152 1556 1193 instruit,
1594 1152 1699 1192 loyal,
1737 1163 1817 1190 sans
1853 1151 2025 1190 attaches,
2062 1161 2157 1184 assez

1307 1194 1433 1234 grand,
1465 1205 1527 1234 pas
1565 1193 1702 1227 sérieux
1741 1192 1940 1227 s’abstenir.
1989 1192 2155 1233 (Puy-de-

1308 1236 1450 1275 Dôme).

1351 1302 1444 1334 1324.
1499 1301 1542 1332 —
1598 1301 1718 1332 Veuve
1750 1301 1791 1331 de
1824 1298 1967 1337 Guerre,
2003 1298 2043 1331 44
2080 1309 2155 1332 ans.

1307 1342 1486 1382 employée
1515 1353 1558 1375 au
1586 1340 1771 1374 Ministère
1795 1341 1838 1374 de
1866 1341 1900 1373 la
1931 1340 2076 1379 Guerre,
2106 1339 2154 1372 sé¬

1307 1384 1431 1423 rieuse,
1482 1383 1706 1422 affectueuse,
1758 1381 1929 1413 demande
1973 1381 1994 1413 à
2029 1391 2155 1413 corres¬

1308 1425 1440 1465 pondre
1473 1437 1516 1458 en
1544 1435 1611 1457 vue
1641 1423 1747 1455 union
1783 1432 1867 1455 avec
1901 1422 2042 1455 ouvrier
2075 1421 2154 1454 bien

1306 1478 1351 1499 ou
1384 1465 1554 1505 employé,
1588 1465 1630 1497 45
1655 1464 1677 1497 à
1709 1465 1750 1496 55
1782 1475 1857 1503 ans,
1890 1463 2088 1496 affectueux
2121 1465 2154 1494 et

1307 1508 1441 1541 aimant
1471 1506 1650 1539 intérieur.
1690 1505 1839 1545 (Paris).

1482 1620 1611 1663 V.-J.
1649 1616 1979 1661 PELISSIER

572 1697 1012 1738 Conseils
1067 1698 1157 1737 T_T
1168 1697 1381 1735 tiles

1081 1790 1282 1828 pou
1284 1790 1334 1817 r
1383 1780 1473 1818 le
1528 1779 1963 1824 Mariage

647 1878 674 1921 à
705 1878 889 1929 l’usage
921 1879 1001 1921 des
1024 1878 1197 1930 jeunes
1228 1878 1364 1921 Filles
1390 1879 1440 1921 et
1471 1879 1551 1921 des
1569 1877 1744 1929 jeunes
1773 1877 1888 1920 Gens

1213 2102 1258 2130 JD
1266 2101 1319 2131 TJ

398 2170 1110 2302 BONHEUR
1242 2170 1410 2298 EN
1554 2142 2154 2302 MÉNAGE

771 2370 1207 2436 FORMALITÉS
1254 2383 1336 2435 ET
1378 2381 1747 2436 CONTRATS

462 2513 526 2553 En
560 2518 692 2555 vente
725 2514 747 2554 à
783 2513 1161 2554 VIntermédiaire
1192 2514 1249 2553 du
1281 2513 1452 2566 Foyer.
1495 2513 1545 2551 —
1594 2512 1763 2552 PRIX
1803 2522 1812 2547 :
1848 2512 1892 2553 2
1928 2512 2071 2552 francs

645 2567 886 2608 FRANCO
923 2572 1047 2621 poste
1087 2565 1551 2608 recommandé.
1592 2566 1636 2607 2
1659 2566 1711 2607 fr.
1739 2565 1832 2607 70

492 2731 909 2786 AVIS
1005 2729 2040 2786 IMPORTANT

1147 2829 1246 2834 -
1246 2820 1290 2843 5*6
1290 2829 1387 2834 -

430 2885 553 2930 Nous
581 2888 745 2938 prions
774 2894 860 2929 nos
886 2887 1094 2930 abonnés
1124 2886 1234 2929 dont
1261 2886 1602 2929 l’abonnement
1633 2885 1792 2937 expire
1823 2886 1937 2929 dans
1972 2884 2015 2927 le
2044 2891 2156 2927 cou¬

375 2959 489 3002 rant
534 2958 594 3001 du
624 2958 757 3008 mois,
787 2958 836 3001 et
872 2958 957 3009 qui
998 2956 1213 3000 désirent
1263 2957 1507 3000 continuer
1548 2956 1576 2999 à
1611 2957 1799 3000 utiliser
1832 2957 1900 3000 les
1948 2956 2156 2999 seroices

374 3030 427 3073 de
467 3021 927 3073 L'INTERMÉDIAIRE
964 3030 1037 3073 DU
1071 3028 1242 3072 FOYER
1288 3030 1341 3072 de
1386 3028 1567 3072 couloir
1606 3029 1714 3072 bien
1745 3036 1868 3072 nous
1894 3027 2016 3072 faire
2040 3028 2154 3076 part

374 3101 429 3144 de
479 3102 585 3145 leur
635 3101 841 3145 décision
883 3101 1027 3144 auant
1074 3102 1116 3143 le
1163 3099 1227 3143 25
1263 3101 1528 3151 septembre
1554 3108 1675 3152 pour
1737 3107 1855 3143 nous
1889 3099 2149 3150 permettre

374 3173 427 3215 de
457 3173 708 3216 maintenir
732 3172 834 3216 leur
859 3180 1064 3215 annonce
1096 3173 1212 3215 dans
1240 3173 1374 3215 notre
1402 3172 1594 3216 numéro
1625 3172 1862 3216 d'octobre
1899 3169 2030 3213 1920

385 3299 455 3326 Ane.
474 3298 561 3326 Etabl.
575 3298 771 3332 LEGENDRE,
787 3299 810 3325 J.
829 3299 1025 3331 Bataii.lard,
1043 3298 1154 3332 Direct.,
1171 3297 1218 3334 14,
1230 3306 1277 3325 rue
1292 3297 1496 3330 Bellecordière,
1512 3298 1596 3332 Lyon.
1624 3299 1656 3324 Le
1674 3296 1956 3325 Directeur-Gérant
1973 3306 1978 3312 ■
1996 3295 2140 3324 R0NFAR
