2472 3696
436 270 593 325 NE
644 266 876 322 PAS
925 252 1650 319 CONFONDRE
1694 250 1704 305 :
1749 246 1989 304 L’Œuvre

327 379 384 434 de
417 360 978 432 L’INTERMÉDIAIRE
1016 369 1099 424 DU
1141 365 1365 424 FOYER,
1415 362 1500 425 16,
1546 361 1696 414 Cours
1733 357 2098 424 Charlemagne

602 469 635 520 à
665 467 812 534 Lyon,
844 463 932 517 n’a
958 475 1051 531 pas
1076 458 1136 513 de
1161 454 1470 516 Succursale,
1505 451 1563 505 ni
1588 448 1821 505 d’affiliés

669 683 885 790 LE
957 669 1729 784 MARIAGE

905 864 1138 921 ASSURÉ
1167 874 1202 915 A
1233 871 1395 915 TOUS
1423 868 1539 911 PAR

331 1035 353 1059 «
397 988 1370 1062 D’IISTEjDIVEÉDIAIDEï
1439 1000 1584 1042 DU
1651 992 2026 1038 FOYER
2079 1003 2099 1027 »

447 1234 466 1256 «
488 1208 938 1256 L’INTERMEDIAIRE
986 1208 1050 1250 DU
1080 1206 1237 1249 FOYER
1270 1217 1287 1246 »
1319 1206 1444 1245 n’est
1468 1211 1559 1253 pas
1588 1210 1681 1240 une
1709 1205 1891 1249 agence
1930 1191 2103 1233 matri¬

331 1277 575 1322 moniale;
598 1274 715 1314 c’est
744 1280 834 1310 une
856 1277 1025 1308 œuvre
1046 1264 1185 1305 créée
1209 1271 1340 1313 pour
1364 1258 1613 1299 favoriser
1632 1256 1678 1294 et
1698 1252 1916 1293 faciliter
1936 1249 1981 1288 le
2002 1257 2105 1287 ma¬

331 1333 473 1383 riage
513 1337 627 1371 entre
653 1338 875 1380 personnes
902 1322 1161 1368 honorables,
1197 1322 1218 1358 à
1245 1320 1315 1369 qui
1346 1319 1382 1356 le
1406 1327 1588 1365 manque
1616 1314 1666 1351 de
1696 1304 1889 1349 relations
1915 1303 2105 1352 impose

332 1386 455 1427 neuf
471 1384 566 1424 fois
585 1391 676 1422 sur
694 1380 781 1419 dix
799 1379 845 1417 le
868 1373 1063 1416 célibat.

443 1443 503 1481 En
538 1441 644 1487 effet,
685 1449 763 1480 que
797 1436 873 1474 fait
907 1435 945 1472 la
979 1441 1183 1482 personne
1213 1428 1283 1478 qui
1319 1426 1450 1464 désire
1476 1435 1521 1461 se
1553 1420 1706 1459 marier
1729 1417 1746 1456 ?
1777 1415 1878 1455 Sauf
1907 1413 1957 1452 de
1990 1423 2100 1450 rares

337 1497 585 1547 exceptions,
620 1494 695 1532 elle
720 1489 941 1530 recherche
968 1487 1070 1526 dans
1094 1497 1169 1523 son
1198 1487 1424 1528 entourage
1447 1476 1552 1515 celui
1577 1488 1630 1514 ou
1656 1473 1760 1516 celle
1784 1472 1856 1521 qui
1883 1467 1974 1507 doit
1999 1465 2102 1504 faire

335 1565 410 1591 son
438 1550 640 1598 bonheur,
668 1552 711 1585 et
736 1550 911 1586 souvent
936 1542 1013 1581 elle
1039 1538 1256 1589 s’aperçoit
1283 1532 1490 1586 qu’aucun
1517 1530 1624 1580 parti
1649 1540 1703 1567 ne
1729 1524 1888 1575 répond
1912 1525 1934 1562 à
1962 1521 2100 1560 l’Idéal

335 1606 484 1658 qu’elle
517 1603 610 1642 s’est
642 1602 789 1648 formé,
833 1603 873 1637 et
905 1607 996 1647 que,
1042 1596 1145 1637 dans
1179 1604 1240 1630 ses
1281 1589 1487 1635 relations,
1526 1585 1600 1624 elle
1636 1580 1702 1621 n'a
1746 1590 1906 1619 aucune
1946 1576 2102 1615 chance

336 1660 555 1701 d’aboutir.

444 1715 665 1753 Comment
693 1711 815 1748 sortir
845 1708 896 1746 de
925 1711 1027 1745 cette
1060 1705 1237 1752 impasse
1262 1700 1278 1738 ?
1308 1700 1339 1737 A
1374 1699 1443 1748 qui
1472 1697 1660 1734 raconter
1689 1703 1748 1730 ses
1779 1689 1919 1740 peines
1944 1686 1960 1724 ?
1994 1685 2104 1732 Trop

337 1774 521 1811 souvent,
552 1767 662 1805 hélas
687 1765 695 1803 !
721 1766 758 1803 la
783 1772 1000 1813 personne,
1029 1770 1081 1796 ne
1105 1757 1276 1798 sachant
1301 1755 1322 1792 à
1346 1752 1417 1803 qui
1441 1764 1480 1789 se
1501 1749 1666 1795 confier,
1698 1749 1829 1784 remet
1847 1744 1869 1782 à
1896 1741 1988 1791 plus
2010 1740 2101 1778 tard

340 1822 594 1868 lanécessité
607 1822 657 1858 de
673 1820 859 1868 prendre
872 1825 955 1854 une
966 1810 1375 1858 décision,espérant
1385 1808 1580 1852 toujours
1595 1804 1724 1849 qu’un
1745 1801 1938 1836 heureux
1954 1794 2107 1831 hasard

334 1878 377 1918 la
391 1877 613 1917 favorisera
644 1879 681 1913 et
712 1874 771 1911 lui
805 1866 1107 1919 permettra‘de
1138 1866 1380 1902 rencontrer
1409 1860 1447 1897 le
1477 1856 1584 1908 parti
1614 1852 1837 1898 rêvé.Mais,
1851 1848 2035 1900 pendant
2061 1858 2106 1884 ce

338 1942 484 1983 temps,
525 1932 580 1969 les
611 1930 741 1978 jours,
777 1927 832 1964 les
869 1923 1082 1968 semaines,
1118 1920 1176 1957 les
1207 1918 1314 1955 mois
1344 1918 1510 1965 passent
1544 1915 1585 1949 et
1613 1910 1642 1947 il
1674 1907 1806 1946 arrive
1842 1899 2103 1955 quelquefois

337 2001 419 2041 que
465 1985 669 2038 plusieurs
718 1981 866 2020 années
913 1975 1136 2016 s’écoulent
1184 1975 1307 2011 avant
1355 1979 1436 2019 que
1474 1963 1693 2004 l’occasion
1737 1965 1826 2000 tant
1867 1957 2022 1997 désirée
2062 1966 2104 1992 se

338 2045 540 2094 présente.

442 2095 714 2135 Nombreuses
742 2091 835 2128 sont
861 2089 916 2125 les
938 2084 1121 2134 familles
1150 2082 1221 2132 qui
1247 2083 1319 2119 ont
1349 2079 1409 2117 été
1440 2074 1596 2125 privées
1625 2073 1673 2111 de
1704 2072 1742 2109 la
1775 2069 1853 2118 joie
1880 2069 1927 2106 de
1954 2065 2105 2104 marier

339 2155 446 2192 leurs
475 2147 640 2198 enfants
644 2148 652 2196 ,
682 2148 789 2184 leurs
819 2142 1011 2181 relations
1036 2151 1074 2178 se
1103 2138 1281 2176 bornant
1309 2134 1332 2172 à
1362 2145 1418 2172 un
1444 2130 1654 2178 voisinage
1688 2123 1889 2163 restreint.

443 2207 492 2244 Et
521 2203 715 2244 combien
741 2201 788 2238 de
815 2207 964 2236 veuves
968 2195 975 2243 ,
1005 2195 1153 2242 jeunes
1178 2199 1322 2228 encore
1326 2199 1335 2235 ,
1371 2199 1409 2225 se
1441 2185 1634 2224 trouvant
1662 2182 1765 2220 dans
1794 2179 1829 2217 le
1861 2177 1994 2217 même
2022 2185 2099 2220 cas,

340 2261 456 2299 n'ont
476 2271 531 2309 pu
555 2269 594 2295 se
617 2254 812 2294 remarier
830 2253 844 2290 !
867 2249 1109 2300 Cependant
1129 2246 1224 2285 elles
1249 2242 1437 2282 auraient
1459 2252 1516 2289 pu
1539 2238 1651 2276 créer
1674 2248 1733 2274 un
1758 2243 1949 2272 nouveau
1970 2229 2101 2278 foyer,

340 2315 444 2354 faire
469 2315 506 2353 le
536 2311 728 2350 bonheur
754 2307 854 2346 d’un
885 2303 1040 2343 nouvel
1064 2303 1212 2350 époux,
1249 2303 1289 2337 et
1320 2297 1405 2335 être
1435 2294 1652 2332 heureuses
1686 2288 1971 2332 elles-mêmes,
2008 2284 2039 2322 si
2069 2283 2107 2321 le

339 2370 472 2409 destin
510 2368 600 2405 leur
630 2364 737 2402 avait
775 2360 929 2411 permis
961 2360 1011 2397 de
1043 2359 1285 2394 rencontrer
1320 2350 1426 2389 celui
1465 2348 1548 2397 qui,
1591 2357 1631 2384 se
1669 2346 1868 2384 trouvant
1905 2337 2105 2389 peut-être

338 2427 428 2463 tout
465 2422 556 2472 près
587 2417 736 2464 d’elles,
776 2412 991 2454 cherchait
1022 2410 1251 2453 lui-même,
1285 2406 1333 2445 de
1373 2415 1445 2442 son
1484 2401 1586 2447 côté,
1625 2397 1746 2437 l’âme
1782 2407 1907 2434 sœur.
1948 2393 1996 2431 Et
2027 2403 2106 2442 que

342 2476 524 2516 fallait-il
557 2486 662 2523 pour
697 2483 776 2521 que
805 2470 842 2507 la
879 2467 1000 2506 chose
1033 2464 1185 2504 arrivât
1209 2461 1225 2501 ?
1265 2461 1327 2500 Un
1367 2458 1452 2496 rien
1457 2469 1464 2503 ,
1506 2466 1583 2493 une
1624 2453 1744 2492 tierce
1780 2459 1984 2500 personne
2019 2446 2100 2495 qui,

339 2529 663 2579 correspondant
688 2535 784 2564 avec
807 2526 896 2561 tous
922 2522 975 2560 les
997 2521 1104 2557 deux
1106 2530 1114 2565 ,
1142 2515 1274 2555 aurait
1298 2526 1355 2564 pu
1382 2514 1436 2550 les
1461 2511 1604 2548 mettre
1632 2507 1683 2545 eh
1709 2506 1891 2553 rapport.

447 2585 495 2623 Et
518 2584 573 2621 les
597 2584 743 2631 jeunes
772 2577 875 2617 filles
901 2576 916 2614 ?
944 2575 983 2614 Si
1013 2573 1096 2612 l’on
1123 2571 1318 2619 envisage
1346 2569 1385 2607 la
1415 2564 1611 2604 situation
1641 2560 1766 2600 d’une
1793 2555 2029 2597 demoiselle
2055 2566 2105 2594 en

339 2641 415 2690 âge
440 2639 490 2682 de
521 2649 561 2676 se
586 2633 843 2678 marier,elle
862 2635 920 2670 est
946 2640 1030 2667 non
1053 2627 1189 2666 moins
1201 2618 1388 2665 délicate;
1400 2617 1667 2657 laretenue
1681 2610 1899 2660 imposée
1913 2617 2011 2658 par
2021 2615 2107 2645 son

336 2713 456 2744 sexe
474 2701 549 2741 lui
567 2696 778 2738 imerdit
796 2696 929 2734 toute
953 2688 1216 2731 démarche
1232 2681 1563 2736 personnelle,
1596 2686 1632 2721 et
1668 2681 1742 2719 elle
1775 2684 1834 2717 est
1865 2676 2107 2715 fatalement

346 2759 606 2800 condamnée
633 2769 682 2794 au
715 2752 876 2797 célibat,
894 2751 927 2789 si
954 2748 1031 2787 elle
1055 2745 1122 2785 n’a
1141 2757 1212 2795 pas
1239 2744 1277 2781 la
1295 2741 1446 2790 grande
1464 2739 1620 2778 chance
1638 2736 1688 2774 de
1702 2739 1868 2773 trouver
1899 2731 2001 2769 dans
2032 2739 2106 2765 son

341 2820 568 2861 entourage
598 2807 814 2849 immédiat
848 2817 907 2845 un
939 2803 1045 2852 parti
1081 2799 1299 2839 conforme
1332 2798 1355 2835 à
1390 2807 1464 2834 son
1499 2793 1584 2841 âge,
1623 2791 1644 2828 à
1680 2801 1754 2827 son
1789 2800 1896 2836 rang
1923 2789 1964 2823 et
1996 2784 2018 2822 à
2047 2793 2107 2819 ses

339 2867 601 2918 aspirations.

457 2922 497 2960 Si
522 2925 626 2959 cette
647 2919 786 2956 bonne
811 2914 978 2953 fortune
1002 2911 1062 2950 lui
1087 2914 1146 2949 est
1170 2907 1341 2954 refusée,
1372 2904 1449 2944 elle
1474 2906 1572 2954 peut
1599 2899 1701 2937 faire
1727 2895 1860 2946 appel,
1890 2893 2025 2944 parmi
2048 2902 2107 2930 ses

341 2975 671 3019 connaissances,
700 2973 721 3009 à
754 2981 834 3008 une
864 2976 1069 3018 personne
1097 2964 1146 3002 de
1173 2963 1312 3000 bonne
1340 2958 1505 2997 volonté
1541 2974 1591 2981 —
1627 2955 1657 2993 si
1692 2952 1768 2990 elle
1801 2962 1851 2988 en
1881 2954 2026 2987 trouve
2055 2962 2109 2971 —■

342 3035 465 3080 ayant
501 3030 568 3067 des
607 3025 801 3065 relations
839 3034 944 3061 assez
975 3019 1170 3058 étendues
1211 3028 1315 3065 pour
1353 3014 1410 3052 lui
1451 3010 1550 3049 faire
1589 3009 1822 3047 contracter
1857 3016 1939 3043 une
1976 2999 2107 3042 union

341 3082 595 3124 convenable
618 3093 626 3126 ;
663 3080 766 3118 mais
800 3081 901 3116 cette
937 3074 1216 3113 intervention
1252 3069 1351 3108 d’un
1392 3067 1488 3105 tiers
1522 3060 1718 3102 bénévole
1760 3059 1862 3097 n’est
1903 3067 1973 3106 pas
2015 3066 2108 3092 sans

343 3140 554 3188 présenter
580 3135 629 3174 de
660 3145 803 3182 graves
833 3128 1164 3172 inconvénients,
1196 3125 1297 3164 dont
1325 3122 1364 3161 le
1395 3119 1585 3158 moindre
1616 3113 1792 3155 consiste
1822 3114 1844 3150 à
1875 3108 2110 3160 apprendre

343 3192 501 3231 bientôt
540 3201 620 3240 que
650 3185 916 3235 l’obligeante
956 3187 1159 3232 personne
1195 3178 1330 3228 répète
1366 3189 1385 3213 «
1405 3173 1500 3213 urbi
1534 3177 1570 3211 et
1607 3169 1697 3209 orbi
1718 3181 1737 3206 »
1780 3178 1871 3217 que,
1918 3176 2011 3203 sans
2050 3172 2110 3200 ses

342 3245 583 3286 démarches
610 3241 808 3281 réitérées,
839 3241 877 3278 la
901 3240 1029 3288 jeune
1054 3235 1149 3282 fille,
1181 3233 1284 3272 dont
1306 3231 1383 3270 elle
1407 3243 1430 3268 a
1454 3229 1549 3266 b:en
1576 3225 1703 3263 voulu
1727 3221 1951 3270 s’occuper,
1977 3214 2111 3255 aurait

341 3300 462 3340 coiffé
490 3294 882 3338 Sainte-Catherine.
