2472 3696
515 294 1039 354 ABONNEMENTS

399 433 432 468 A
475 430 710 466 différentes
757 425 948 474 reprises,
998 424 1202 472 plusieurs

354 480 530 517 lecteurs
567 487 674 514 nous
710 478 783 512 ont
813 475 1033 511 manifesté
1071 475 1108 511 le
1139 471 1203 507 dé¬

352 529 413 565 sir
438 528 486 564 de
509 525 744 564 contracter
768 533 823 560 un
849 522 1127 559 abonnement
1148 520 1204 555 in¬

356 575 506 613 férieur
545 575 569 609 à
602 572 703 610 trois
740 571 859 608 mois.
904 569 1002 606 Bien
1040 577 1119 614 que
1160 577 1203 604 ce

356 625 445 670 laps
471 623 522 660 de
547 624 682 667 temps
706 621 789 656 soit
813 620 839 655 à
866 618 983 665 peine
1011 616 1207 653 suffisant

356 681 459 719 pour
486 671 672 707 élaborer
699 670 756 705 les
776 665 1080 714 préliminaires
1107 663 1206 699 d’un

357 719 552 765 mariage,
587 719 610 753 à
642 715 734 752 titre
766 714 915 751 d’essai
952 715 992 750 et
1025 714 1132 751 dans
1170 712 1204 748 le

356 769 427 804 but
475 767 524 804 de
574 764 784 803 satisfaire
831 773 916 798 aux
963 759 1201 803 demandes,

355 813 807 854 l’INTERMEDIAIRE
824 848 827 854 .
839 808 1003 856 accepte
1035 808 1206 845 doréna¬

357 865 454 900 vant
489 866 547 901 les
585 860 886 898 abonnements
922 857 1111 897 suivants
1152 866 1160 891 :

356 928 509 958 XJIV
547 924 932 955 MOIS.
1011 921 1073 950 6
1114 919 1205 948 fr.

357 973 650 1006 DEUX
688 970 946 1001 MOIS
1009 969 1072 998 O
1138 975 1153 994 »

356 1020 671 1052 TJR.OIS
691 1018 949 1049 MOIS
978 1016 1075 1046 lâ
1143 1023 1159 1043 »

405 1082 571 1129 Chaque
597 1079 874 1117 abonnement
900 1078 1033 1114 donne
1056 1075 1165 1113 droit
1200 1086 1207 1111 :

404 1130 445 1165 1°
473 1132 507 1166 A
532 1128 758 1167 l’insertion
781 1127 905 1163 d’une
930 1133 1117 1162 annonce
1139 1124 1207 1169 qui

358 1179 494 1225 parait
534 1177 718 1223 pendant
758 1176 868 1212 toute
909 1175 950 1210 la
990 1173 1115 1209 durée
1159 1171 1206 1208 de

357 1226 665 1264 l’abonnement
700 1233 707 1267 ;

407 1273 446 1310 2°
472 1276 507 1310 A
530 1271 681 1309 l’envoi
706 1269 860 1317 gratuit
883 1272 975 1306 tous
999 1269 1058 1304 les
1088 1267 1203 1310 mois,

356 1324 411 1360 du
437 1323 612 1369 journal,
642 1322 759 1358 aussi
784 1320 1017 1365 longtemps
1039 1326 1117 1363 que
1138 1315 1207 1351 du¬

358 1381 452 1409 rera
482 1370 786 1407 l’abonnement
820 1376 828 1410 ;

401 1418 445 1454 3°
481 1420 515 1454 A
551 1419 589 1454 la
617 1414 951 1462 oorespondance
986 1423 1088 1450 avec
1115 1412 1206 1448 tous

359 1468 418 1505 les
444 1465 628 1504 abonnés
648 1465 832 1512 pendant
856 1464 896 1499 la
919 1462 1045 1499 durée
1068 1461 1116 1497 de
1141 1461 1208 1497 l’a¬

360 1514 619 1551 bonnement.

406 1563 437 1598 Il
466 1562 581 1598 suffit
608 1570 711 1606 pour
741 1559 959 1595 s’abonner
989 1558 1208 1604 d’envoyer

360 1620 414 1647 au
440 1611 614 1657 journal,
643 1618 695 1646 en
720 1608 831 1644 BON
856 1608 924 1643 DE
944 1607 1110 1643 POSTE
1138 1607 1210 1643 OU

361 1656 781 1701 MANDAT-POSTE,
808 1659 847 1695 la
874 1664 1032 1690 somme
1056 1664 1212 1690 corres¬

361 1705 566 1751 pondante
597 1705 620 1739 à
651 1704 958 1740 l’abonnement
987 1701 1129 1748 choisi,
1161 1712 1211 1737 en

363 1753 547 1789 donnant
582 1753 666 1789 très
696 1751 944 1787 lisiblement
982 1763 991 1788 :

408 1801 447 1842 a)
485 1801 567 1837 Son
600 1807 709 1836 nom.

364 1848 401 1893 b)
443 1849 526 1884 Son
560 1847 742 1892 adresse,
777 1848 949 1891 laquelle
987 1844 1105 1882 notée
1135 1844 1213 1881 dis¬

361 1896 589 1933 crètement
616 1895 679 1932 est
705 1895 937 1940 remplacée
961 1892 1213 1930 immédiate¬

366 1944 476 1979 ment
509 1953 588 1990 par
617 1952 673 1978 un
701 1943 876 1978 numéro
913 1941 1071 1979 d’ordre
1110 1950 1214 1977 com¬

364 1991 559 2038 muniqué
586 1990 766 2027 aussitôt
791 1991 818 2026 à
846 1989 1045 2026 l’abonné.

412 2041 446 2084 c)
483 2041 538 2077 Le
581 2039 713 2076 libellé
757 2038 805 2075 de
843 2039 1054 2075 l’annonce
1098 2038 1123 2073 à
1158 2036 1215 2071 in¬

367 2088 479 2125 sérer
506 2097 582 2134 que
610 2087 770 2123 chacun
798 2085 937 2131 rédige
965 2085 992 2120 à
1022 2095 1069 2121 sa
1101 2084 1215 2129 guise

366 2138 390 2174 à
425 2137 464 2172 la
495 2134 705 2173 condition
738 2132 881 2179 qu’elle
916 2142 965 2169 ne
1002 2132 1215 2168 contienne

365 2182 455 2220 rien
475 2182 526 2220 de
547 2181 752 2218 contraire
776 2184 803 2219 à
829 2182 870 2217 Ist
892 2180 1062 2216 morale.
1092 2179 1216 2225 (L’In¬

368 2229 626 2269 termédiaire
642 2239 696 2265 ne
712 2228 840 2275 prend
861 2239 935 2274 pas
952 2228 978 2264 à
999 2237 1047 2264 sa
1066 2226 1216 2273 charge

367 2281 407 2318 la
427 2277 640 2315 rédaction
660 2277 731 2314 des
756 2273 992 2320 annonces).
1019 2274 1217 2310 L’annon¬

368 2337 413 2366 ce
444 2326 531 2364 doit
558 2325 748 2371 indiquer
774 2324 881 2369 l’âge
918 2324 956 2359 et.
989 2322 1031 2358 la
1063 2321 1218 2368 profes¬

366 2373 459 2410 sion
483 2374 532 2411 de
552 2372 744 2409 l’abonné
768 2373 805 2409 et
830 2370 1017 2417 spécifier
1041 2369 1132 2405 tous
1158 2369 1217 2405 les

369 2423 596 2468 avantages
624 2419 718 2467 qu’il
746 2421 808 2456 est
833 2420 859 2455 à
886 2420 1020 2455 même
1040 2416 1091 2453 de
1114 2415 1217 2452 faire

369 2467 510 2514 valoir,
551 2469 627 2505 tels
662 2477 743 2514 que
784 2478 792 2503 :
829 2467 908 2510 dot,
939 2465 1071 2505 avoir,
1103 2464 1218 2510 espé¬

367 2527 527 2562 rances,
567 2515 774 2560 situation,
814 2514 901 2559 etc.,
937 2513 1013 2550 etc.
1053 2511 1217 2556 Chaque

369 2574 555 2601 annonce
573 2574 624 2599 ne
644 2563 726 2598 doit
748 2572 824 2608 pas
848 2559 1032 2597 contenir
1053 2559 1145 2604 plus
1170 2560 1217 2594 de

368 2616 501 2649 trente
524 2615 633 2648 mots
658 2620 759 2648 sans
789 2608 1083 2646 abréviations.
1114 2607 1219 2642 Tout

368 2664 453 2696 mot
480 2658 829 2704 supplémentaire
858 2661 920 2693 est
948 2656 1042 2692 taxé
1072 2655 1155 2691 0.15
1182 2656 1217 2690 le

368 2712 465 2745 mot.
494 2707 593 2744 MM.
622 2710 681 2748 les
705 2705 889 2742 abonnés
913 2706 1007 2742 sont
1032 2701 1141 2748 priés
1170 2701 1217 2736 de

368 2756 526 2804 joindre
544 2767 600 2792 au
621 2755 754 2791 libellé
779 2754 829 2789 de
855 2753 943 2788 leur
968 2758 1156 2785 annonce
1181 2750 1218 2784 le

368 2807 556 2842 montant
591 2802 663 2838 des
701 2804 808 2837 mots
847 2796 1216 2845 supplémentaires

368 2852 483 2898 qu'ils
516 2854 585 2888 ont
617 2848 840 2894 employés.

412 2900 516 2936 Tout
555 2895 832 2934 abonnement
873 2903 956 2930 non
995 2890 1216 2929 renouvelé

368 2948 511 2995 quinze
553 2945 669 2992 jours
705 2944 832 2981 avant
868 2952 941 2980 son
986 2937 1215 2986 expiration

368 2997 551 3033 entraîne
580 2995 633 3030 de
661 2992 770 3030 droit
799 2993 840 3028 là
867 2986 1139 3036 suppression
1168 2985 1214 3022 de

366 3044 578 3080 l’annonce
603 3041 655 3078 de
687 3038 926 3076 l’intéressé.

403 3157 626 3224 MANIÈRE
663 3166 724 3220 DE
759 3163 928 3218 CORRE
939 3159 1170 3214 SPONDRE

414 3293 594 3340 Lorsque
623 3299 723 3327 vous
748 3298 842 3329 avez
870 3283 1086 3331 remarqué
1111 3282 1210 3319 dans

364 3349 396 3386 le
441 3345 611 3395 journal
662 3355 739 3381 une
788 3349 976 3377 annonce
1026 3338 1210 3386 pouvant
1250 3348 1258 3370 t

1275 304 1377 331 vous
1406 291 1620 329 intéresser
1623 301 1631 339 ,
1665 299 1766 326 vous
1789 289 1986 338 procédez
2013 290 2061 327 de
2091 290 2128 326 la

1272 347 1399 394 façon
1421 346 1608 383 suivante
1630 356 1642 381 :

1327 417 1566 465 Supposons
1595 425 1671 463 que
1700 415 1733 451 le
1756 410 1783 452 A
1791 417 1807 435 0
1837 412 1859 452 «
1886 409 1946 453 18
1978 422 2002 450 »
2025 425 2128 452 vous

1276 472 1332 509 ait
1357 471 1420 509 été
1444 469 1622 508 attribué
1625 481 1633 517 ,
1666 471 1703 506 et
1730 479 1807 518 que
1829 479 1931 506 vous
1958 468 2127 505 désiriez

1276 524 1570 571 correspondre
1592 533 1687 560 avec
1711 524 1744 560 le
1769 520 1801 561 N
1805 527 1819 543 a
1839 520 1862 560 «
1886 518 1943 561 15
1962 522 2001 567 »,
2026 522 2127 559 dont

1278 580 1494 616 l’annonce
1523 580 1580 615 est
1606 578 1653 615 de
1681 579 1825 614 nature
1856 576 1879 614 à
1904 587 2003 614 vous
2029 587 2125 614 con¬

1278 633 1396 670 venir
1415 645 1426 670 :
1450 632 1556 670 Fou.s
1579 630 1734 669 écrivez
1757 633 1870 668 votre
1895 631 2010 668 lettre
2015 641 2024 678 ,
2050 640 2130 678 que

1285 700 1385 725 vous
1406 688 1543 735 signez
1564 687 1610 723 de
1634 686 1746 722 votre
1770 686 1945 722 numéro
1966 682 2127 721 d'ordre

1282 737 1472 780 «/8»la
1503 741 1648 777 mettez
1673 741 1773 776 dans
1801 749 1878 776 une
1908 738 2136 785 enveloppe

1289 807 1339 833 en
1367 796 1501 841 blanc,
1535 805 1611 842 que
1641 804 1743 832 vous
1772 792 2063 841 affranchissez
2094 791 2131 826 et

1288 858 1359 887 sur
1415 849 1586 897 laquelle
1646 857 1746 885 vous
1810 845 2006 883 inscrivez
2010 876 2018 891 ,
2079 857 2130 882 au

1285 903 1451 952 crayon,
1482 903 1535 940 les
1559 902 1754 939 numéros
1801 901 1826 938 «
1855 896 1915 939 18
1943 903 1972 938 tt
2010 896 2030 938 !
2042 900 2067 937 5
2091 908 2134 934 ».

1340 974 1449 1022 (Ceci
1484 975 1539 1012 est
1573 973 1651 1010 très
1682 972 1909 1019 important
1928 981 1943 1015 ;
1979 982 2028 1008 ne
2058 980 2131 1017 pas

1285 1030 1389 1077 faire
1409 1039 1548 1065 erreur
1567 1039 1617 1064 en
1640 1029 1814 1064 mettant
1836 1023 2022 1063 l'inverse
2027 1036 2037 1072 ,
2063 1035 2133 1061 car

1289 1081 1555 1131 l'expéditeur
1597 1081 1790 1118 recevrait
1834 1079 2046 1117 lui-même
2088 1089 2131 1115 sa

1288 1147 1438 1185 propre
1461 1135 1610 1182 lettre.)

1341 1207 1436 1245 Cela
1459 1206 1537 1254 fait
1541 1218 1549 1252 ,
1585 1217 1687 1243 vous
1718 1204 1861 1253 glissez
1889 1205 1914 1241 à
1943 1214 2131 1241 nouveau

1290 1263 1326 1299 la
1369 1259 1570 1309 première
1614 1259 1843 1307 enveloppe
1846 1267 1854 1305 ,
1907 1259 2133 1295 contenant

1282 1318 1393 1354 voire
1412 1315 1526 1352 lettre
1530 1314 1538 1360 ,
1564 1314 1666 1351 dans
1684 1325 1761 1351 une
1778 1311 1993 1350 deuxième
2015 1321 2131 1349 enve¬

1284 1378 1522 1424 loppeque
1540 1385 1642 1411 vous
1666 1371 1851 1411 cachetez
1854 1384 1862 1419 ,
1890 1369 2132 1420 affranchis¬

1282 1447 1344 1473 sez
1368 1437 1404 1473 et
1433 1434 1612 1471 adressez
1636 1434 1657 1471 à
1687 1446 1705 1469 «
1728 1429 2133 1470 L’INTERMEDIAI¬

1284 1496 1348 1533 RE
1369 1506 1402 1542 »,
1434 1494 1504 1542 qui
1507 1494 1515 1540 ,
1544 1494 1583 1531 la
1609 1494 1794 1530 recevant
1800 1491 1808 1538 ,
1840 1491 1879 1528 la
1899 1488 2115 1528 décachète
2120 1519 2129 1535 ,

1289 1558 1326 1593 et
1364 1559 1504 1593 trouve
1548 1553 1571 1590 à
1609 1550 1840 1589 l'intérieur
1875 1548 2131 1598 l'enveloppe

1291 1609 1549 1657 renfermant
1589 1610 1702 1644 votre
1745 1605 1861 1643 lettre
1865 1617 1873 1653 ,
1921 1601 2022 1653 qu'il
2053 1603 2133 1651 fait

1291 1664 1484 1711 parvenir
1510 1661 1679 1698 aussitôt
1710 1660 1733 1697 à
1763 1658 1955 1697 l'abonné
1990 1657 2134 1695 inscrit

1288 1722 1386 1749 sous
1412 1712 1445 1747 le
1488 1711 1537 1753 N°
1569 1711 1593 1752 «
1630 1709 1687 1753 f5
1719 1723 1758 1749 ».

1344 1783 1404 1821 En
1442 1781 1668 1829 procédant
1701 1777 1806 1816 ainsi
1836 1790 1943 1826 pour
1976 1777 2136 1824 chaque

1293 1838 1406 1873 lettre
1411 1847 1419 1881 ,
1476 1846 1579 1873 vous
1632 1844 1786 1882 pouvez
1840 1830 2136 1879 correspondre

1293 1901 1389 1927 avec
1434 1888 1639 1936 plusieurs
1682 1886 1865 1925 abonnés
1869 1897 1877 1933 ,
1925 1897 1977 1923 en
2012 1886 2137 1932 ayant

1292 1945 1382 1983 soin
1404 1942 1660 1991 d'acquitter,
1687 1941 1844 1989 chaque
1864 1939 1947 1988 fois
1950 1940 1958 1985 ,
1989 1940 2026 1976 la
2049 1942 2136 1976 taxe

1293 1998 1460 2046 postale.

1352 2069 1403 2106 La
1436 2068 1657 2106 discrétion
1695 2066 1733 2103 la
1766 2065 1858 2114 plus
1896 2062 2061 2100 absolue
2098 2074 2138 2099 se

1294 2128 1437 2161 trouve
1470 2122 1573 2159 ainsi
1607 2120 1779 2167 assurée,
1819 2115 2137 2155 L’INTERESSE

1295 2176 1464 2214 AYANT
1509 2175 1637 2214 SEUL
1684 2174 1748 2211 LA
1792 2171 2024 2210 FACULTE
2069 2169 2138 2207 DE

1297 2230 1447 2268 FAIRE
1486 2227 1776 2267 CONNAITRE
1819 2226 1849 2263 A
1887 2224 1972 2264 SES
2018 2224 2136 2263 COR¬

1295 2282 1660 2323 RESPONDANTS
1692 2280 1786 2319 SON
1814 2280 1922 2318 NOM
1954 2278 2016 2316 ET
2043 2277 2138 2317 SON

1297 2337 1536 2383 ADRESSE,
1581 2341 1615 2373 et
1656 2334 1877 2373 vice-versa
1900 2334 1908 2378 ;
1947 2333 1995 2371 de
2032 2332 2140 2370 sorte

1298 2404 1374 2440 que
1405 2392 1438 2429 si
1441 2403 1449 2437 ,
1491 2390 1607 2439 après
1644 2401 1699 2427 un
1735 2388 1919 2435 échange
1949 2398 2002 2424 ou
2033 2387 2141 2423 deux

1296 2448 1345 2485 de
1371 2446 1505 2484 lettres
1509 2445 1518 2491 ,
1550 2445 1604 2482 les
1636 2444 1742 2480 deux
1767 2441 1895 2490 partis
1925 2437 2138 2488 s'aperçoi¬

1297 2503 1393 2538 vent
1422 2496 1542 2548 qu'ils
1572 2509 1620 2535 ne
1651 2498 1830 2546 peuvent,
1859 2507 1897 2532 se
1925 2493 2125 2532 convenir
2127 2523 2135 2538 ,

1299 2555 1328 2592 il
1361 2555 1447 2592 leur
1487 2555 1543 2591 est
1586 2551 1742 2589 loisible
1782 2550 1829 2588 de
1864 2560 1995 2586 cesser
2033 2548 2140 2585 leurs

1297 2607 1672 2654 correspondances
1676 2634 1683 2649 ,
1711 2608 1801 2642 tout
1829 2615 1879 2640 en
1903 2606 2056 2640 restant
2079 2601 2139 2639 in¬

1298 2674 1456 2700 connus
1488 2658 1575 2698 l’un
1612 2659 1661 2696 de
1696 2655 1854 2697 l’autre.
1895 2658 1950 2693 De
1989 2655 2121 2692 même
2126 2683 2134 2699 ,

1297 2717 1398 2754 dans
1429 2716 1460 2752 le
1487 2725 1551 2752 cas
1582 2712 1799 2756 contraire,
1831 2709 1914 2749 s'ils
1943 2709 2122 2747 désirent
2126 2738 2135 2753 ,

1296 2769 1414 2818 après
1434 2770 1596 2806 entente
1616 2766 1858 2813 réciproque
1862 2776 1870 2810 ,
1896 2776 1935 2802 se
1959 2763 2142 2800 dévoiler

1298 2823 1613 2862 mutuellement
1643 2821 1731 2857 leur
1762 2829 1862 2857 nom
1895 2820 1931 2855 et
1964 2817 2136 2860 adresse,

1298 2877 1347 2915 ils
1388 2877 1565 2925 peuvent
1603 2871 1929 2920 communiquer
1970 2870 2138 2908 directe¬

1297 2935 1413 2969 ment
1433 2935 1546 2968 entre
1563 2939 1656 2976 eux,
1680 2938 1773 2965 sans
1794 2937 1935 2976 passer
1953 2936 2031 2973 par
2051 2923 2138 2961 l’in¬

1298 2984 1554 3024 termédiaire
1581 2982 1637 3020 du
1660 2981 1844 3030 journal.

1341 3051 1451 3088 Cette
1486 3048 1773 3086 combinaison
1821 3046 1921 3084 offre
1952 3044 2059 3081 ainsi
2103 3043 2141 3079 le

1292 3098 1522 3135 maximum
1540 3095 1589 3132 de
1606 3095 1793 3139 sécurité,
1817 3093 1857 3129 et
1877 3107 1894 3127 «
1916 3091 2146 3129 L’INTER¬

1292 3144 1548 3182 MEDIAIRE
1581 3154 1611 3186 »,
1644 3143 1868 3180 observant
1900 3138 2140 3184 l'im.partia-

1290 3194 1359 3231 lité
1380 3196 1418 3231 et
1438 3193 1477 3228 la
1498 3191 1719 3228 discrétion
1737 3190 1795 3225 les
1815 3189 1907 3233 plus
1930 3187 2123 3223 absolues
2128 3213 2135 3227 ,

1291 3242 1446 3286 aégage
1468 3249 1514 3276 sa
1539 3236 1868 3283 responsabilité,
1894 3245 1942 3271 en
1965 3234 2140 3269 laissant

1291 3290 1315 3325 à
1343 3288 1499 3333 chaque
1527 3285 1688 3323 abonné
1714 3283 1749 3319 le
1779 3280 1868 3320 soin
1892 3281 1940 3318 de
1963 3278 2145 3317 dévoiler

1285 3336 1494 3373 lui-même
1533 3342 1606 3370 son
1641 3331 1825 3370 adresse.
