2472 3696
727 462 1720 509 ABOlVIVElllElVTS

348 564 625 611 TROIS
672 561 955 604 MOIS...
1018 562 1049 599 A
1067 558 1114 598 5
1171 570 1191 596 »
1221 556 1229 597 I
1265 555 1396 600 SIX
1434 553 1878 597 MOIS.
1939 549 2036 591 25
2094 559 2118 585 »

346 617 714 668 QUATRE
746 613 963 658 MOIS
1020 611 1117 654 AQ
1174 600 1379 653 »IUN
1445 610 1878 651 AN.
1941 602 2036 644 A5
2095 614 2115 638 »

392 713 740 750 L’abonnement
759 712 905 745 donne
930 707 1049 743 droit
1074 717 1081 740 :

400 777 437 810 I»
468 776 494 809 A
517 771 759 808 l’insertion
781 770 910 803 d’une
943 773 1148 802 annonce
1171 766 1225 799 de
1247 764 1306 799 30
1330 765 1457 798 mots.
1480 763 1505 796 Il
1530 763 1598 795 est
1629 767 1765 801 perçu
1794 757 1897 793 0.20
1920 765 2003 798 par
2028 757 2122 789 mot

343 819 730 865 supplémentaire
755 819 800 852 et
819 816 844 851 2
871 816 917 848 fr
968 823 1082 856 pour
1103 813 1400 854 changement
1421 810 1668 844 d'annonce
1690 810 1806 841 dans
1833 807 1871 840 le
1899 812 2038 839 cours
2061 805 2121 837 de

344 874 354 907 I
373 868 676 906 abonnement
723 866 802 899 Les
823 863 1028 898 abonnés
1050 859 1262 895 désireux
1285 862 1339 893 de
1364 867 1417 892 ne
1443 865 1523 899 pas
1549 857 1708 890 mettre
1730 855 1980 888 d’annonce
2013 859 2121 892 per¬

345 918 549 954 sonnelle
569 918 731 957 payent
752 921 809 946 un
829 908 1116 952 supplément
1136 910 1190 942 de
1212 908 1236 941 2
1258 907 1321 942 fr.
1348 914 1434 948 par
1455 905 1566 939 mois
1583 911 1594 946 ;

395 979 440 1012 2°
461 980 487 1011 A
518 974 672 1011 l’envoi
702 971 870 1014 gratuit
892 976 947 1003 du
969 969 1173 1011 journal;

328 1038 339 1072 /
395 1038 441 1071 3°
463 1037 522 1070 Au
547 1033 726 1070 service
746 1032 800 1064 de
829 1031 868 1064 la
892 1029 1313 1069 correspondance.

398 1098 515 1131 Pour
552 1093 799 1129 s’abonner
817 1096 1028 1128 envoyer,
1051 1095 1104 1121 en
1142 1086 1326 1120 mandat
1355 1092 1409 1118 ou
1450 1083 1532 1116 bon
1573 1081 1715 1125 poste,
1752 1080 1791 1113 le
1826 1078 2031 1112 montant
2063 1075 2121 1109 de

343 1145 356 1189 j
377 1142 682 1178 abonnement
731 1135 885 1173 désiré
924 1145 978 1169 en
1012 1135 1213 1169 donnant
1235 1134 1272 1167 le
1292 1134 1407 1166 texte
1435 1131 1489 1166 de
1521 1131 1530 1164 I
1547 1135 1750 1163 annonce
1780 1124 1804 1160 à
1830 1123 2017 1160 insérer
2046 1124 2122 1164 qui

349 1192 441 1228 doit
460 1192 558 1226 être
583 1187 680 1223 très
701 1186 922 1221 correcte.

399 1251 457 1284 En
480 1251 640 1284 retour
660 1241 864 1280 l’abonné
896 1241 1037 1285 reçoit
1059 1242 1111 1274 de
1131 1241 1249 1274 suite
1274 1247 1329 1273 un
1355 1235 1546 1272 numéro
1568 1235 1751 1270 d’ordre
1774 1232 1846 1275 qui
1873 1231 1929 1266 lui
1950 1230 2128 1272 permet

350 1300 407 1334 de
435 1295 776 1336 correspondre
804 1298 911 1325 avec
938 1291 1003 1324 les
1026 1291 1184 1322 autres
1216 1285 1436 1321 abonnés.

391 1418 948 1497 MANIÈRE
987 1429 1092 1486 de
1129 1417 2092 1486 CORRESPONDRE

404 1575 571 1612 Insérez
601 1573 640 1609 la
676 1572 801 1607 lettre
828 1566 1019 1604 destinée
1047 1565 1070 1601 à
1100 1565 1264 1611 chaque
1291 1561 1457 1599 abonné
1486 1561 1588 1598 dont
1615 1568 1722 1596 vous
1759 1566 1859 1593 avez
1895 1553 2127 1600 remarqué

355 1625 576 1662 l’annonce
598 1621 704 1656 dans
719 1628 804 1655 une
824 1615 1060 1661 enveloppe
1076 1622 1153 1649 sur
1170 1611 1353 1657 laquelle
1372 1619 1481 1647 vous
1506 1607 1717 1645 inscrivez
1738 1605 1827 1642 très
1847 1603 2128 1642 lisiblement,

357 1674 381 1709 à
419 1668 618 1708 l’endroit
645 1665 699 1703 où
733 1665 822 1702 doit
861 1663 952 1699 être
991 1661 1099 1698 collé
1138 1661 1174 1696 le
1207 1659 1373 1702 timbre,
1411 1658 1449 1693 le
1483 1657 1661 1693 numéro
1699 1654 1749 1690 de
1780 1654 1820 1690 la
1855 1659 2067 1699 personne
2104 1649 2128 1684 à

358 1717 543 1765 laquelle
565 1715 642 1753 elle
662 1714 729 1750 est
747 1710 956 1748 destinée.

405 1768 576 1812 Joignez
597 1762 764 1798 ensuite
783 1760 893 1796 cette
914 1767 969 1794 ou
993 1766 1062 1793 ces
1093 1754 1352 1800 enveloppes
1373 1753 1396 1788 à
1417 1761 1474 1787 un
1496 1750 1613 1787 billet
1635 1748 1807 1795 portant
1831 1746 1951 1783 votre
1973 1752 2129 1790 propre

358 1814 540 1852 numéro
567 1820 667 1848 avec
686 1818 763 1846 vos
800 1816 898 1842 nom
937 1807 979 1840 et
1010 1804 1182 1840 adresse
1211 1810 1259 1838 —
1296 1800 1399 1837 ceci
1425 1796 1528 1835 afin
1553 1800 1611 1835 de
1633 1806 1754 1834 nous
1779 1794 2048 1840 permettre
2069 1792 2129 1827 de

358 1871 484 1900 nous
505 1866 715 1896 assurer
747 1856 807 1891 de
835 1848 1195 1890 l’authenticité
1226 1851 1313 1886 des
1353 1844 1671 1891 expéditeurs
1692 1864 1736 1870 —
1758 1846 1799 1878 et
1832 1841 2063 1878 contenant
2090 1839 2132 1874 la

361 1917 528 1947 somme
562 1904 804 1943 nécessaire
834 1901 858 1937 à
883 1898 1327 1937 l'affranchissement.
1362 1895 1523 1933 Glissez
1550 1894 1586 1928 le
1617 1894 1710 1929 tout
1737 1891 1842 1927 dans
1879 1897 1963 1925 une
2007 1888 2131 1923 autre

361 1956 598 2000 enveloppe
611 1961 694 1999 que
706 1959 813 1987 vous
829 1957 1031 1994 envoyez,
1047 1945 1294 1986 affranchie,
1314 1943 1337 1979 à
1358 1942 1379 1978 l’
1384 1941 1754 1979 Intermédiaire
1770 1939 1832 1975 du
1852 1938 2006 1981 Foyer
2010 1961 2019 1978 ,
2042 1932 2130 1980 qui,

362 2003 550 2042 aussitôt
569 2009 686 2044 reçu,
710 1998 921 2034 transmet
941 1995 976 2031 le
995 1996 1179 2030 contenu
1207 2001 1289 2028 aux
1309 1989 1556 2028 intéressés.

411 2053 467 2088 La
491 2047 725 2086 discrétion
758 2045 798 2081 la
835 2045 933 2090 plus
961 2041 1136 2078 absolue
1164 2049 1211 2077 se
1250 2041 1402 2075 trouve
1439 2036 1546 2074 ainsi
1586 2032 1773 2075 assurée,
1812 2031 1873 2067 les
1901 2026 2132 2066 intéressés

363 2101 493 2146 ayant
529 2096 620 2133 seul
654 2096 693 2131 la
726 2091 881 2129 faculté
923 2090 974 2126 de
1008 2088 1111 2124 faire
1152 2086 1368 2124 connaître
1407 2085 1431 2120 à
1464 2084 1577 2120 leurs
1610 2079 1972 2126 correspondants
2018 2076 2135 2111 leurs

363 2156 489 2185 noms
517 2147 559 2180 et
584 2143 782 2178 adresses
800 2151 809 2183 ;
837 2138 888 2174 de
910 2139 1025 2173 sorte
1054 2145 1149 2180 que,
1172 2135 1209 2170 si
1237 2133 1363 2180 après
1386 2143 1442 2168 un
1470 2130 1657 2176 échange
1684 2138 1738 2166 ou
1768 2127 1879 2163 deux
1899 2125 1952 2161 de
1972 2124 2134 2165 lettres,

364 2195 426 2232 les
454 2195 565 2230 deux
583 2189 717 2236 partis
738 2185 981 2224 constatent
1000 2183 1121 2229 qu’ils
1143 2191 1194 2218 ne
1212 2183 1397 2226 peuvent
1423 2189 1467 2215 se
1489 2176 1693 2214 convenir
1712 2176 1739 2212 il
1764 2174 1855 2210 leur
1877 2174 1942 2209 est
1969 2169 2136 2206 loisible

365 2243 416 2279 de
456 2248 599 2277 cesser
636 2238 730 2274 leur
761 2231 1143 2278 correspondance,
1178 2229 1289 2266 tout
1324 2237 1385 2265 en
1421 2226 1622 2264 restant
1664 2224 1903 2261 inconnus
1943 2219 2039 2255 l’un
2076 2218 2136 2253 de

364 2287 558 2326 l’autre.
580 2287 635 2322 De
662 2283 816 2322 même,
837 2281 942 2317 dans
966 2280 1001 2315 le
1022 2288 1093 2315 cas
1114 2278 1340 2318 contraire,
1369 2275 1421 2311 ils
1453 2274 1635 2320 peuvent
1655 2281 1698 2308 se
1718 2271 1884 2307 donner
1905 2265 2137 2303 mutuelle¬

367 2341 483 2374 ment
513 2335 607 2371 leur
645 2331 816 2369 adresse
856 2327 998 2374 quand
1034 2326 1085 2362 ils
1126 2325 1163 2361 le
1199 2325 1343 2370 jugent
1382 2322 1404 2358 à
1435 2329 1593 2368 propos
1614 2320 1656 2356 et
1689 2315 2004 2361 correspondre
2026 2312 2136 2349 ainsi

367 2383 649 2422 directement
669 2377 874 2420 entr’eux,
898 2385 998 2411 sans
1020 2382 1171 2419 passer
1194 2382 1270 2419 par
1291 2368 1637 2406 l’intermédiaire
1658 2366 1712 2402 du
1730 2364 1915 2410 journal.

619 2524 1243 2584 OBSERVATIONS
1317 2515 1893 2573 IMPORTANTES

416 2673 441 2706 I.
463 2671 538 2705 Nul
557 2677 610 2703 ne
624 2668 728 2707 peut
742 2664 916 2699 utiliser
932 2663 998 2696 les
1014 2660 1220 2696 services
1236 2660 1294 2693 du
1313 2655 1491 2700 journal
1509 2663 1621 2690 sans
1639 2653 1737 2688 être
1751 2647 1938 2686 abonné.
1959 2649 2140 2682 Aucune

368 2716 768 2759 correspondance
802 2718 937 2753 reçue
966 2711 1065 2744 d’un
1105 2709 1277 2742 lecteur
1308 2703 1589 2739 occasionnel
1628 2709 1681 2736 ne
1704 2708 1811 2735 sera
1843 2700 1958 2733 donc
1986 2697 2141 2731 trans¬

370 2769 485 2802 mise
506 2764 531 2799 à
561 2772 617 2798 un
647 2758 837 2796 abonné.

417 2827 466 2862 II.
500 2825 553 2858 La
576 2822 791 2864 politesse
818 2818 961 2859 oblige
990 2816 1083 2850 tout
1107 2811 1283 2848 abonné
1307 2811 1520 2846 recevant
1542 2816 1629 2843 une
1652 2808 1784 2841 lettre
1806 2802 1830 2839 à
1854 2813 1880 2847 y
1897 2803 2141 2840 répondre.

371 2877 451 2909 Les
476 2874 733 2914 personnes
762 2864 930 2907 gênées
963 2873 1076 2905 pour
1105 2862 1142 2895 le
1167 2860 1286 2894 faire
1314 2858 1508 2900 peuvent
1537 2854 1801 2891 s’adresser
1826 2852 1852 2886 à
1883 2859 2000 2886 nous
2030 2857 2144 2891 pour

368 2922 464 2956 cela
486 2927 540 2954 en
576 2918 742 2959 payant
762 2913 866 2948 0.50
888 2920 973 2953 par
993 2911 1120 2945 lettre
1142 2906 1166 2942 è
1189 2915 1397 2948 envoyer.

416 2980 475 3014 III.
508 2981 641 3012 Toute
663 2972 885 3010 demande
907 2973 963 3005 de
999 2968 1394 3010 renseignements
1416 2963 1507 2998 doit
1541 2962 1639 2997 être
1682 2956 2013 3001 accompagnée
2039 2954 2138 2989 d’un

367 3028 532 3063 timbre
555 3031 671 3067 pour
697 3023 737 3056 la
767 3019 977 3062 réponse.

414 3087 469 3121 IV.
499 3083 580 3123 Dès
608 3080 741 3123 qu’un
780 3076 958 3114 abonné
997 3077 1067 3111 est
1100 3082 1151 3109 en
1194 3073 1291 3108 voie
1318 3073 1372 3106 de
1413 3070 1614 3110 mariage
1645 3067 1672 3100 il
1709 3075 1732 3101 a
1774 3064 1937 3101 intérêt
1964 3062 1988 3098 à
2024 3061 2142 3095 faire

369 3133 632 3175 supprimer
663 3138 745 3164 son
781 3133 985 3161 annonce
1020 3122 1112 3158 afin
1142 3123 1196 3156 de
1220 3119 1399 3155 s’éviter
1431 3119 1485 3152 de
1508 3115 1721 3151 recevoir
1752 3114 1835 3148 des
1869 3116 2143 3150 correspon¬

369 3184 541 3216 dances
564 3178 766 3213 inutiles.

417 3241 463 3276 V.
499 3238 593 3272 Afin
630 3234 818 3270 d’éviter
845 3233 927 3266 des
968 3237 1162 3265 erreurs
1193 3229 1237 3262 et
1274 3229 1325 3261 de
1359 3225 1554 3260 faciliter
1591 3223 1654 3256 les
1692 3218 1984 3255 recherches,
2020 3215 2044 3249 il
2074 3215 2144 3249 est

369 3281 688 3322 recommandé
710 3291 795 3316 aux
826 3277 1033 3313 abonnés
1065 3275 1271 3311 écrivant
1305 3271 1330 3306 à
1365 3274 1403 3306 la
1437 3270 1653 3305 Direction
1695 3271 1748 3301 de
1778 3264 1987 3306 toujours
2026 3262 2142 3296 faire

369 3334 525 3371 sui/re
549 3334 672 3366 leurs
697 3338 795 3364 nom
819 3329 863 3362 et
882 3329 1076 3361 adresse
1101 3324 1153 3357 de
1183 3324 1282 3356 leur
1304 3318 1494 3354 numéro
1516 3316 1712 3351 d’ordre.
