2472 3696
183 188 212 228 A

738 533 956 641 LE
1028 516 1800 631 MARIAGE

980 724 1214 781 ASSURÉ
1243 734 1279 775 A
1308 729 1467 773 TOUS
1499 726 1616 769 PAR

602 904 638 938 «
721 882 1044 935 L’INT
1058 881 1132 928 B
1144 879 1223 925 R
1235 855 1558 925 MÉDI
1564 866 1884 917 AIRE
1953 875 1991 908 »

531 1262 551 1285 «
572 1236 1023 1284 L’INTERMEDIAIRE
1045 1248 1063 1277 »
1084 1237 1209 1276 n'est
1223 1243 1314 1284 pas
1337 1241 1430 1271 une
1452 1237 1632 1280 agence
1652 1220 2025 1264 matrimoniale
2037 1230 2052 1266 ;
2070 1217 2190 1257 c’est

420 1315 514 1347 une
535 1311 705 1344 œuvre
725 1298 866 1339 créée
882 1291 1302 1335 essentiellement
1311 1295 1442 1336 pour
1458 1282 1707 1323 favoriser
1727 1281 1773 1318 et
1791 1275 2012 1316 faciliter
2025 1273 2071 1312 le
2091 1280 2195 1310 ma¬

416 1361 558 1411 riage
598 1364 714 1399 entre
742 1364 964 1405 personnes
990 1347 1251 1393 honorables,
1284 1346 1306 1382 à
1332 1343 1403 1393 qui
1434 1342 1469 1380 le
1493 1350 1677 1388 manque
1705 1337 1755 1374 de
1784 1327 1978 1372 relations
2005 1326 2194 1375 impose

422 1413 546 1455 neuf
561 1411 657 1451 fois
674 1418 766 1448 sur
784 1406 871 1445 dix
889 1405 936 1443 le
958 1401 1153 1442 célibat.

537 1469 596 1508 En
630 1467 736 1512 effet,
777 1474 856 1505 aue
890 1461 967 1498 fait
999 1459 1038 1496 la
1071 1466 1276 1506 personne
1304 1451 1377 1501 qui
1411 1447 1542 1487 désire
1569 1457 1613 1483 se
1646 1443 1798 1481 marier
1822 1440 1838 1478 ?
1870 1437 1970 1477 Sauf
2001 1435 2050 1474 de
2084 1445 2194 1472 rares

428 1523 680 1573 exceptions,
713 1519 788 1557 elle
814 1513 1036 1555 recherche
1062 1511 1164 1549 dans
1186 1520 1263 1546 son
1291 1509 1518 1551 entourage
1539 1499 1645 1538 celui
1671 1510 1724 1535 ou
1751 1495 1854 1538 celle
1879 1494 1951 1542 qui
1978 1489 2069 1529 doit
2094 1488 2196 1526 faire

428 1592 502 1618 son
531 1576 733 1622 bonheur,
762 1577 804 1610 et
828 1574 1004 1610 souvent
1029 1566 1106 1604 elle
1131 1561 1348 1611 s’aperçoit
1375 1554 1582 1608 qu’aucun
1610 1551 1717 1601 parti
1743 1561 1795 1588 ne
1822 1545 1981 1596 répond
2006 1546 2028 1583 à
2055 1542 2194 1581 l’Idéal

427 1632 577 1684 qu’elle
611 1628 704 1667 s’est
736 1626 883 1671 formé,
928 1627 967 1660 et
999 1630 1090 1670 que,
1136 1619 1238 1656 dans
1273 1626 1333 1652 ses
1374 1611 1580 1655 relations,
1618 1606 1694 1644 elle
1730 1601 1796 1642 n’a
1839 1612 2001 1641 aucune
2039 1597 2198 1636 chance

431 1684 651 1727 d’aboutir.

540 1739 762 1778 Comment
789 1732 913 1772 sortir
942 1730 993 1768 de
1018 1733 1124 1767 cette
1156 1726 1333 1774 impasse
1358 1721 1375 1759 ?
1403 1721 1437 1757 A
1468 1720 1539 1768 qui
1567 1718 1758 1754 raconter
1784 1722 1846 1749 ses
1876 1708 2016 1759 peines
2039 1706 2057 1744 ?
2091 1703 2202 1752 Trop

435 1797 620 1839 souvent,
650 1790 762 1828 hélas
786 1788 794 1825 I
818 1787 857 1825 la
882 1793 1100 1834 personne,
1127 1792 1181 1817 ne
1204 1777 1375 1818 sachant
1398 1776 1422 1812 à
1444 1771 1515 1822 qui
1537 1783 1578 1809 se
1598 1767 1765 1814 confier,
1795 1768 1928 1803 remet
1946 1763 1968 1800 à
1995 1761 2088 1811 plus
2109 1759 2200 1798 tard

439 1845 757 1897 lanécessit^de
775 1827 1680 1889 prendreunedécision,espéranttoujours
1695 1821 1824 1868 qu’un
1845 1819 2037 1855 heureux
2055 1813 2208 1850 hasard

447 1914 471 1940 a
490 1899 714 1938 favorisera
743 1901 782 1934 et
811 1894 871 1932 lui
904 1894 1128 1941 permettra
1158 1887 1207 1924 de
1238 1885 1479 1922 rencontrer
1508 1879 1544 1916 le
1575 1875 1684 1926 parti
1713 1870 1938 1916 rêvé.Mais,
1952 1867 2137 1918 pendant
2163 1877 2208 1903 ce

442 1962 587 2004 temps,
628 1952 685 1989 les
714 1951 844 2000 jours,
881 1947 937 1984 les
973 1943 1187 1988 semaines,
1221 1940 1279 1977 les
1309 1936 1417 1974 mois
1447 1936 1612 1983 passent
1646 1934 1688 1967 et
1716 1928 1745 1965 il
1777 1926 1910 1964 arrive
1946 1917 2208 1973 quelquefois

442 2020 524 2060 que
570 2005 774 2056 plusieurs
822 2001 971 2041 années
1019 1995 1241 2035 s’écoulent
1289 1993 1412 2030 avant
1457 1998 1539 2036 que
1577 1986 1590 2022 1
1604 1982 1797 2022 occasion
1842 1984 1931 2018 tant
1972 1976 2127 2015 désirée
2168 1984 2212 2010 se

446 2063 646 2113 présente.

551 2114 823 2154 Nombreuses
852 2109 945 2147 sont
969 2107 1026 2144 les
1046 2101 1234 2152 familles,
1260 2099 1330 2150 qui
1357 2100 1428 2136 ont
1456 2096 1518 2134 été
1546 2090 1705 2142 privées
1733 2089 1781 2127 de
1811 2088 1850 2124 la
1877 2086 1962 2135 joie
1988 2085 2035 2122 de
2062 2082 2217 2121 marier

449 2173 557 2210 leurs
586 2165 750 2216 enfants
755 2166 763 2214 ,
793 2166 899 2202 leurs
905 2173 912 2199 •
930 2160 1122 2199 relations
1146 2168 1186 2194 se
1213 2154 1391 2192 bornant
1419 2151 1443 2189 à
1471 2161 1528 2187 un
1553 2146 1765 2192 voisinage
1796 2139 2000 2179 restreint.

555 2225 604 2262 Et
634 2220 826 2260 combien
853 2217 899 2255 de
928 2224 1076 2253 veuves
1080 2212 1087 2258 ,
1117 2211 1266 2258 jeunes
1290 2216 1446 2251 encore,
1481 2214 1520 2241 se
1551 2200 1746 2239 trouvant
1774 2197 1876 2234 dans
1907 2194 1941 2232 le
1973 2192 2106 2230 même
2133 2200 2200 2227 cas
2204 2219 2211 2234 ,

453 2278 568 2316 n'ont
590 2288 645 2325 pu
669 2287 708 2312 se
731 2270 927 2311 remarier
946 2269 958 2305 !
981 2264 1221 2314 Cependant
1242 2262 1337 2301 elles
1362 2258 1548 2297 auraient
1573 2268 1627 2304 pu
1651 2253 1764 2291 créer
1788 2263 1845 2288 un
1873 2258 2061 2286 nouveau
2085 2244 2215 2293 foyer,

456 2333 558 2371 faire
584 2331 621 2369 le
652 2328 843 2366 bonheur
870 2322 969 2362 d’un
1001 2318 1153 2359 nouvel
1180 2318 1326 2365 époux,
1365 2317 1403 2351 et
1434 2312 1518 2350 être
1547 2309 1766 2347 heureuses
1800 2301 2086 2346 elles-mêmes,
2122 2298 2154 2336 si
2184 2297 2222 2336 le

456 2386 589 2426 destin
628 2383 717 2421 leur
748 2379 854 2418 avait
893 2376 1046 2425 permis
1079 2374 1128 2412 de
1160 2374 1400 2409 rencontrer
1438 2365 1540 2404 celui
1581 2363 1664 2411 qui,
1707 2372 1746 2398 se
1785 2359 1983 2397 trouvant
2022 2352 2224 2402 peut-être

457 2444 547 2478 tout
583 2437 674 2487 près
707 2432 855 2479 d’elles,
895 2427 1109 2469 cherchait
1139 2424 1369 2467 lui-même,
1403 2421 1452 2458 de
1489 2430 1561 2457 son
1601 2416 1702 2461 côté,
1741 2411 1863 2451 l’âme
1900 2421 2025 2448 sœur.
2064 2406 2114 2444 Et
2146 2416 2226 2455 que

461 2491 644 2532 fallait-il
677 2500 782 2538 pour
817 2497 895 2536 que
926 2485 963 2522 la
998 2482 1121 2520 chose
1151 2478 1304 2516 arrivât
1328 2475 1343 2514 ?
1383 2475 1446 2513 Un
1484 2472 1569 2510 rien
1574 2483 1582 2516 ,
1624 2481 1701 2508 une
1742 2467 1862 2504 tierce
1899 2472 2103 2513 personne
2137 2459 2208 2509 qui
2212 2489 2220 2504 ,

460 2544 785 2593 correspondant
809 2550 905 2578 avec
929 2541 1018 2576 tous
1043 2537 1097 2573 les
1120 2534 1224 2572 deux
1227 2543 1236 2578 ,
1264 2529 1394 2568 aurait
1419 2539 1475 2577 pu
1502 2527 1555 2564 les
1580 2525 1724 2561 mettre
1752 2531 1803 2558 en
1829 2519 2012 2566 rapport.

569 2599 619 2637 Et
641 2598 698 2635 les
720 2597 867 2646 jeunes
895 2591 998 2630 filles
1024 2589 1039 2628 P
1067 2588 1106 2628 Si
1136 2585 1219 2625 l’on
1245 2584 1440 2631 envisage
1468 2581 1506 2619 la
1535 2577 1732 2617 situation
1764 2572 1887 2612 d’une
1916 2567 2151 2610 demoiselle
2178 2579 2227 2606 en

464 2654 539 2704 âge
565 2653 616 2692 de
645 2662 686 2689 se
712 2650 875 2688 marier,
885 2647 962 2683 elle
985 2648 1044 2682 est
1069 2654 1151 2680 non
1177 2639 1312 2678 moins
1324 2631 1511 2680 délicate;
1524 2631 1571 2669 la
1584 2629 1789 2668 retenue
1803 2621 2021 2673 imposée
2035 2628 2133 2669 par
2144 2627 2234 2657 son

459 2725 580 2757 sexe
599 2714 673 2754 lui
694 2713 829 2752 inter
834 2709 906 2748 dit
926 2709 1059 2747 toute
1072 2700 1335 2743 démarche
1352 2694 1685 2748 personnelle,
1718 2698 1757 2732 et
1790 2692 1866 2730 elle
1900 2696 1958 2729 est
1989 2688 2233 2731 fatalement

473 2771 734 2812 condamnée
760 2781 809 2806 au
843 2765 1004 2807 célibat,
1023 2764 1054 2801 si
1081 2761 1157 2799 elle
1184 2756 1249 2796 n’a
1268 2769 1337 2806 pas
1366 2756 1403 2793 la
1422 2752 1571 2802 grande
1588 2751 1744 2790 chance
1765 2747 1814 2785 de
1827 2751 1994 2784 trouver
2025 2742 2127 2779 dans
2159 2750 2234 2777 son

469 2832 698 2873 entourage
727 2819 944 2861 immédiat
978 2830 1037 2856 un
1068 2814 1174 2864 parti
1210 2811 1428 2850 conforme
1460 2809 1482 2845 à
1518 2817 1591 2845 son
1625 2804 1711 2852 âge,
1751 2802 1772 2839 à
1807 2812 1881 2838 son
1918 2811 2023 2846 rang
2050 2799 2092 2834 et
2124 2795 2150 2832 à
2177 2804 2237 2830 ses

470 2878 732 2931 aspirations.

588 2933 628 2971 Si
655 2935 758 2970 cette
780 2929 918 2966 bonne
944 2925 1111 2964 fortune
1135 2921 1195 2959 lui
1219 2924 1279 2958 est
1301 2917 1472 2963 refusée,
1503 2915 1579 2954 elle
1605 2916 1703 2962 peut
1729 2909 1832 2946 faire
1858 2904 1991 2956 appel,
2021 2902 2157 2954 parmi
2180 2912 2241 2940 ses

474 2985 804 3029 connaissances,
833 2983 855 3019 à
888 2992 969 3018 une
997 2985 1204 3027 personne
1230 2973 1279 3011 de
1305 2973 1445 3010 bonne
1472 2968 1637 3007 volonté
1673 2984 1723 2990 —
1759 2964 1789 3003 si
1824 2961 1900 3000 elle
1932 2972 1983 2997 en
2014 2963 2159 2997 trouve
2188 2974 2239 2980 —

476 3045 600 3091 ayant
636 3040 704 3077 des
743 3035 936 3074 relations
975 3044 1079 3071 assez
1110 3027 1305 3067 étendues
1343 3038 1450 3075 pour
1485 3023 1544 3061 lui
1583 3019 1685 3058 faire
1721 3019 1956 3056 contracter
1990 3024 2073 3052 une
2108 3008 2243 3051 union

477 3091 732 3132 convenable
755 3103 763 3136 ;
800 3089 903 3127 mais
937 3091 1038 3125 cette
1072 3083 1352 3121 intervention
1387 3078 1487 3117 d’un
1527 3076 1623 3114 tiers
1655 3069 1853 3111 bénévole
1894 3068 1997 3106 n’est
2037 3076 2108 3115 pas
2150 3074 2245 3101 sans

482 3149 692 3197 présenter
718 3144 768 3182 de
798 3153 941 3191 graves
971 3137 1300 3181 inconvénients,
1327 3134 1435 3172 dont
1461 3131 1500 3169 le
1529 3127 1721 3167 moindre
1751 3122 1930 3164 consiste
1958 3122 1980 3159 à
2011 3115 2247 3168 apprendre

481 3201 639 3239 bientôt
680 3210 760 3247 que
790 3194 1054 3243 l’obligeante
1096 3201 1297 3239 personne
1333 3186 1468 3236 répète
1504 3197 1522 3222 «
1543 3181 1637 3220 urbi
1670 3186 1709 3219 et
1741 3177 1834 3217 orbi
1855 3189 1875 3214 »
1917 3185 2008 3225 que,
2054 3184 2148 3211 sans
2186 3180 2249 3207 ses

482 3252 725 3294 démarches
752 3250 949 3294 réitérées,
979 3248 1018 3285 la
1040 3247 1168 3296 jeune
1194 3242 1288 3290 fille,
1319 3242 1423 3280 dont
1446 3239 1521 3278 elle
1546 3250 1566 3276 a
1592 3234 1688 3273 b.'en
1714 3233 1841 3272 voulu
1865 3229 2089 3277 s’occuper,
2114 3222 2253 3263 aurait

485 3307 605 3347 coiffé
633 3302 1026 3345 Sainte-Catherine.
