2472 3696
1148 285 1201 324 \{)
1230 304 1280 312 —

348 405 447 447 Nos
467 404 665 445 abonnés
692 406 736 442 eî
762 401 957 441 lecteurs
975 396 1203 437 voudront
1225 392 1328 431 bien
1347 402 1462 429 nous
1482 386 1647 428 rendre
1668 388 1780 424 celle
1796 379 1960 433 justice
1987 391 2074 431 que

292 472 477 526 jusqu'à
507 485 556 511 ce
571 469 678 522 jour
698 482 810 508 nous
840 466 1031 505 n’avons
1044 475 1135 515 pas
1155 459 1298 500 abusé
1316 457 1399 497 des
1420 456 1609 494 attestai
1613 451 1712 491 ions
1729 449 1784 489 de
1806 447 1970 488 lettres,
1987 457 2076 498 que

298 553 408 579 nous
429 536 658 579 recevions
679 549 696 583 ;
725 531 977 587 cependant
999 542 1111 569 nous
1132 540 1249 567 nous
1275 523 1452 577 ferions
1483 516 1692 571 scrupule
1719 515 1774 555 de
1794 527 1849 553 ne
1869 525 1958 565 pas
1980 509 2078 549 leur

297 605 418 659 j'aire
445 607 678 645 connaître
706 601 750 641 la
774 599 906 640 lettre
927 596 1136 637 suivante
1164 588 1592 645 particulièrement
1621 582 1923 624 intéressante
1949 580 1975 616 à
2011 579 2078 616 cet

299 672 446 725 égard
462 685 478 710 :

361 783 562 827 .M.
585 782 703 834 (281)
729 785 773 821 et
803 777 892 818 moi
925 775 1060 828 (160),
1100 788 1245 814 avons
1274 769 1521 817 l’honneur
1541 764 1594 805 de
1616 760 1856 804 remercier
1884 758 2080 798 sincère¬

303 857 424 894 ment
457 851 497 891 la
531 846 758 890 Direction
786 844 840 885 de
862 839 1270 884 L’Intermédiaire
1302 850 1416 890 pour
1444 832 1696 873 l’heureuse
1724 824 1946 867 initiative
1973 822 2082 865 dont

304 919 386 960 elle
413 933 437 958 a
464 915 542 957 fait
564 928 732 970 preuve
755 927 808 953 en
832 924 946 950 nous
974 911 1163 947 mettant
1185 919 1239 945 en
1268 905 1453 956 rapport
1473 898 1565 939 l’un
1587 901 1629 937 et
1651 895 1824 935 l’autre.

358 985 509 1034 Quant
530 986 553 1022 à
576 979 664 1022 moi
688 977 794 1031 (160)
817 971 1246 1030 personnellement,
1266 968 1314 1022 je
1335 966 1427 1008 suis
1446 968 1533 1006 très
1565 962 1786 1003 heureuse
1813 955 1984 998 d’avoir
2006 953 2083 994 fait

304 1049 447 1105 partie
475 1049 530 1090 de
559 1052 672 1089 cette
700 1058 856 1086 œuvre
889 1040 925 1082 si
961 1039 1256 1079 intéressante
1288 1034 1433 1088 qu’est
1461 1031 1501 1071 la
1525 1034 1653 1070 vôtre
1668 1041 1677 1077 ;
1708 1024 1782 1079 j’ai
1810 1039 1864 1065 eu
1889 1021 2083 1076 pendant

306 1118 344 1158 la
379 1115 561 1170 période
588 1114 642 1154 de
676 1125 779 1152 mon
818 1109 1123 1149 abonnement
1156 1118 1218 1143 un
1257 1098 1393 1141 choix
1419 1098 1474 1137 de
1507 1092 1750 1138 demandes
1785 1095 1929 1130 toutes
1963 1085 2081 1128 aussi

305 1188 630 1235 avantageuses
664 1192 753 1232 que
791 1172 1101 1216 recherchées.
1131 1168 1285 1224 Ayant
1313 1166 1477 1207 trouvé
1522 1161 1633 1202 dans
1680 1158 1720 1198 la
1766 1153 1986 1199 demande
2025 1152 2079 1192 de

306 1250 367 1291 M.
397 1249 469 1288 281
505 1245 652 1287 l’idéal
686 1244 741 1284 de
776 1256 878 1282 mon
906 1243 1032 1288 rêve,
1064 1251 1115 1277 ce
1144 1249 1245 1276 sera
1274 1247 1385 1274 avec
1414 1245 1475 1270 un
1511 1228 1577 1268 vif
1603 1223 1755 1280 plaisir
1790 1236 1876 1276 que
1900 1220 1947 1274 je
1978 1217 2086 1260 ferai

308 1319 537 1357 connaître
561 1317 687 1353 votre
709 1322 866 1350 œuvre
888 1302 1029 1360 parmi
1060 1316 1153 1342 mes
1180 1299 1321 1340 amies
1342 1303 1385 1338 et
1405 1292 1766 1337 connaissances.

361 1387 483 1430 Nous
501 1393 560 1429 ne
591 1389 764 1433 voyons
793 1385 947 1423 aucun
968 1371 1296 1419 inconvénient
1311 1368 1342 1412 à
1370 1376 1426 1411 ce
1446 1373 1537 1418 que
1567 1365 1661 1407 l’on
1695 1362 1824 1404 fasse
1846 1354 2089 1402 connaître

307 1467 404 1503 aux
427 1457 634 1501 abonnés
649 1462 740 1506 par
769 1453 814 1495 /?
834 1450 934 1494 voie
963 1450 1025 1491 du
1035 1445 1233 1499 journal
1248 1450 1341 1494 que
1359 1442 1403 1483 le
1429 1439 1644 1488 mariage
1666 1435 1798 1478 entre
1813 1431 1878 1475 les
1901 1438 1932 1472 n
1934 1436 1965 1455 os
1985 1427 2052 1471 28
2064 1425 2086 1467 !

311 1532 361 1575 et
392 1529 488 1573 166
512 1529 585 1572 est
605 1528 746 1570 chose
769 1523 968 1567 décidée.

368 1603 489 1644 Avec
516 1616 595 1641 nos
622 1598 816 1640 sincères
847 1591 1231 1639 remerciements,

370 1666 568 1710 Veuillez
595 1667 769 1718 agréer,
798 1667 883 1702 etc.

1519 1700 1659 1754 Signé
1689 1697 1763 1736 166
1793 1701 1835 1736 et
1864 1694 1968 1738 281.,

441 2007 541 2050 Les
573 1999 813 2046 abonnés
849 1997 979 2040 dont
1011 1994 1096 2037 les
1117 1989 1381 2035 numéros
1410 1984 1632 2029 suivent
1661 1989 1799 2023 nous
1821 1978 1914 2021 ont
1944 1973 2097 2030 priés

319 2087 380 2130 de
437 2080 749 2138 supprimer
793 2076 915 2119 leur
961 2081 1211 2116 annonce
1214 2068 1227 2121 ,
1260 2068 1386 2110 leur
1432 2061 1683 2114 mariage
1739 2056 1889 2099 étant
1940 2054 2102 2096 chose

322 2160 536 2208 décidée
573 2176 587 2204 :

1008 2247 1118 2290 136

1142 2253 1275 2287 avec

1310 2239 1415 2282 141

1004 2324 1117 2368 290

1196 2338 1218 2360 »

1317 2316 1428 2361 183

1010 2403 1111 2447 151

1199 2417 1221 2438 »

1315 2395 1425 2439 241

1005 2481 1109 2524 281

1200 2493 1223 2516 »

1321 2474 1430 2518 166

1010 2558 1120 2602 284

1201 2573 1222 2593 »

1316 2554 1431 2596 220

1311 3179 1319 3200 i

335 3308 477 3337 Anciens
496 3302 758 3333 Etablissements
777 3295 1024 3329 LEGENDRE.
1046 3302 1093 3330 14,
1116 3301 1174 3320 rue-
1192 3287 1439 3320 Rellecordière,
1459 3284 1560 3322 Lyon.

1796 3281 1832 3308 Le
1849 3279 1946 3308 Géran
1996 3280 2003 3302 (
2018 3275 2116 3313 liapjat
