2472 3696
514 400 584 441 Les
619 403 773 442 mêmes
812 402 1044 450 difficultés,
1092 401 1185 439 bien
1224 399 1318 450 qu'à
1357 411 1413 438 un
1454 399 1643 438 moindre
1683 400 1804 448 degré
1809 416 1817 446 ,
1856 415 1898 441 ne
1935 398 2172 447 présentent

409 474 514 510 pour
545 464 578 500 le
604 474 693 501 sexe
722 464 823 510 fort.
852 462 904 499 Le
934 462 1062 510 jeune
1088 460 1271 507 homme,
1304 459 1491 498 désireux
1521 459 1570 496 de
1597 473 1638 498 se
1668 458 1889 496 soustraire
1920 470 1997 495 aux
2029 457 2171 495 incon¬

410 523 594 561 vénients
626 522 682 559 du
716 521 876 566 célibat,
916 520 986 569 qui
1017 525 1076 558 est
1106 520 1165 557 las
1199 521 1250 558 de
1282 520 1395 556 vivre
1425 532 1474 558 au
1507 522 1740 555 restaurant
1768 518 1822 556 où
1850 515 1934 555 l'on
1971 515 2062 565 paie
2091 517 2175 555 fort

403 578 504 614 cher
546 587 628 613 une
676 576 896 613 mauvaise
947 574 1210 618 nourriture,
1251 574 1301 609 de
1358 582 1506 620 passer
1552 582 1619 608 ses
1666 571 1825 609 soirées
1871 582 1924 608 au
1969 572 2070 615 café,
2128 581 2179 607 en

406 631 561 668 faisant
610 630 648 667 la
697 628 1017 666 traditionnelle
1069 628 1243 665 manille
1294 636 1396 663 avec
1441 626 1514 662 des
1568 626 1830 670 camarades,
1889 636 1939 662 au
1992 624 2074 661 lieu
2128 624 2179 660 de

410 690 556 736 goûter
583 689 618 725 la
648 688 781 726 douce
814 685 1053 724 familiarité
1085 686 1140 723 du
1174 685 1302 734 foyer,
1337 681 1420 733 qui,
1456 696 1507 721 en
1535 695 1601 720 cas
1632 682 1981 732 d’indisposition,
2015 682 2177 730 préfère

413 748 466 785 les
497 748 606 785 soins
643 746 872 784 affectueux
902 744 1024 784 d’une
1062 745 1217 781 femme
1248 743 1426 781 dévouée
1462 744 1480 780 à
1513 754 1614 780 ceux
1650 741 1772 780 d’une
1801 742 2028 790 étrangère,
2070 741 2174 780 celui

410 808 482 855 qui
517 805 730 845 considère
762 816 929 842 comme
963 816 1045 841 une
1080 802 1313 852 obligation
1349 802 1484 840 sacrée
1513 802 1552 839 la
1589 801 1806 839 fondation
1839 799 1964 838 d’une
2000 800 2172 846 famille,

414 866 487 904 but
517 865 708 913 suprême
744 865 792 902 de
823 862 1065 908 l’existence,
1105 874 1156 899 en
1186 873 1244 899 un
1281 866 1369 899 mot
1400 860 1597 898 l’homme
1634 860 1682 897 de
1711 872 1827 897 cœur
1862 861 1931 908 qui
1965 864 2061 897 veut
2095 859 2179 897 être

414 925 514 963 utile
544 926 565 961 à
599 924 635 961 la
670 923 830 969 société,
866 926 975 970 peut,
1014 933 1106 959 sans
1139 926 1234 969 trop
1267 920 1316 957 de
1345 919 1581 965 difficultés,
1619 919 1819 957 chercher
1847 919 2065 956 lui-même
2097 930 2179 958 une

415 995 662 1032 compagne,
692 987 731 1020 et
763 983 789 1019 il
819 982 875 1019 lui
908 986 968 1019 est
994 981 1154 1018 loisible
1187 981 1237 1017 de
1264 979 1489 1017 demander
1520 979 1541 1016 à
1570 990 1628 1016 ses
1660 978 1765 1016 amis
1794 983 1832 1016 et
1865 978 2178 1017 connaissances

413 1044 463 1081 de
490 1043 549 1080 lui
578 1048 744 1080 trouver
772 1053 831 1079 un
861 1039 968 1089 parti
999 1039 1263 1085 convenable,
1296 1039 1401 1076 mais
1429 1042 1554 1075 est-ce
1579 1037 1770 1075 suffisant
1796 1038 1811 1075 ?
1843 1037 1894 1074 La
1924 1038 2092 1085 plupart
2125 1037 2178 1074 du

416 1107 562 1150 temps,
589 1101 626 1139 le
652 1101 806 1148 champ
830 1099 898 1137 des
926 1098 1166 1137 recherches
1191 1101 1251 1135 est
1281 1097 1366 1134 fort
1394 1095 1594 1142 restreint,
1630 1097 1685 1133 les
1711 1098 1814 1134 amis
1843 1097 1935 1144 plus
1959 1108 2014 1134 ou
2044 1095 2180 1133 moins

418 1161 675 1198 indifférents
699 1158 890 1196 oublient
921 1158 968 1196 de
999 1156 1210 1205 s’occuper
1242 1156 1289 1193 de
1320 1156 1357 1193 la
1388 1155 1559 1193 mission
1591 1155 1763 1192 délicate
1790 1156 1893 1193 dont
1922 1155 1971 1193 ils
1999 1153 2182 1194 s’étaient

417 1220 589 1268 chargés
624 1222 798 1256 souvent
827 1218 848 1254 à
884 1221 1175 1261 contre-cœur,
1207 1219 1246 1253 et
1280 1215 1308 1251 il
1337 1226 1386 1253 en
1419 1215 1568 1252 résulte
1602 1225 1681 1262 que
1711 1211 1945 1260 l’intéressé,
1986 1226 2037 1251 ne
2070 1220 2180 1252 trou¬

418 1284 516 1318 vant
547 1290 617 1327 pas
653 1289 696 1315 ce
730 1276 830 1326 qu’il
864 1274 1006 1322 désire,
1043 1275 1204 1324 préfère
1237 1271 1464 1320 s’abstenir,
1500 1276 1553 1319 et,
1588 1273 1704 1320 après
1739 1273 1934 1321 quelques
1968 1273 2182 1311 tentatives

419 1339 569 1384 vaines,
596 1348 637 1374 se
662 1336 826 1385 résigne
846 1339 936 1373 tout
961 1334 1211 1372 doucement
1233 1334 1254 1371 à
1282 1337 1408 1370 rester
1429 1332 1551 1369 vieux
1576 1343 1743 1380 garçon.

529 1397 594 1433 Ah
611 1397 625 1432 !
649 1407 725 1445 que
751 1396 800 1432 de
827 1395 1029 1441 mariages
1055 1392 1257 1441 manqués
1287 1392 1396 1433 faute
1422 1389 1522 1429 d'un
1550 1390 1855 1428 intermédiaire
1878 1389 2039 1428 sérieux
2042 1390 2050 1435 ,
2081 1390 2183 1426 hon¬

421 1457 509 1494 nête
535 1457 572 1493 et
601 1454 762 1500 discret,
791 1458 969 1503 prenant
995 1454 1017 1490 à
1040 1464 1156 1490 cœur
1183 1452 1221 1489 la
1244 1450 1414 1488 réussite
1440 1451 1508 1488 des
1533 1450 1736 1498 mariages
1764 1448 1963 1497 auxquels
1992 1447 2019 1484 il
2050 1446 2182 1485 s’inté¬

424 1526 527 1553 resse
550 1514 558 1552 I
591 1513 791 1551 Combien
821 1512 869 1550 de
902 1512 1060 1560 projets
1088 1511 1428 1557 matrimoniaux,
1466 1508 1726 1547 commencés
1755 1519 1847 1545 sous
1882 1506 1929 1544 de
1960 1505 2063 1543 bons
2095 1515 2184 1542 aus¬

424 1572 542 1621 pices,
574 1577 649 1610 ont
684 1572 839 1610 échoué
871 1573 891 1608 à
928 1572 964 1608 la
996 1572 1099 1609 suite
1133 1567 1479 1611 d’indiscrétions,
1517 1567 1737 1605 commises
1768 1565 1906 1605 même
1938 1563 2185 1603 involontai¬

423 1636 582 1669 rement
604 1631 611 1669 I
660 1631 776 1668 Seule
815 1642 896 1668 une
928 1628 1207 1668 intervention
1247 1628 1350 1675 sûre,
1403 1627 1694 1665 bienveillante
1732 1630 1770 1663 et
1809 1623 2035 1665 raisonnée,
2089 1623 2187 1669 peut

425 1695 571 1729 mettre
597 1703 646 1728 en
677 1694 849 1739 rapport
872 1690 911 1727 la
939 1689 1053 1727 foule
1079 1686 1240 1727 d’isolés
1269 1687 1341 1736 qui
1364 1686 1555 1735 végètent
1580 1686 1682 1723 dans
1710 1685 1749 1721 la
1777 1681 1966 1729 solitude,
1996 1680 2112 1717 faute
2139 1678 2188 1717 de

421 1763 461 1787 se
485 1749 709 1795 connaître,
743 1753 782 1786 et
806 1753 899 1786 sont
927 1747 1029 1786 ainsi
1055 1746 1190 1797 privés
1219 1747 1286 1786 des
1314 1746 1419 1795 joies
1444 1745 1493 1782 de
1516 1745 1554 1783 la
1587 1744 1757 1781 famille.

529 1808 634 1847 C’est
656 1818 763 1857 pour
784 1807 988 1845 remédier
1007 1809 1027 1845 à
1051 1811 1113 1844 cet
1131 1808 1215 1844 état
1240 1806 1289 1843 de
1308 1805 1448 1843 choses
1471 1802 1575 1842 aussi
1603 1801 1904 1851 préjudiciable
1927 1801 1948 1837 à
1968 1795 2188 1837 l'individu

425 1867 516 1916 qu’à
548 1868 586 1905 la
613 1866 870 1913 collectivité,
909 1867 1011 1904 dont
1035 1864 1175 1904 l’essor
1197 1870 1260 1903 est
1288 1864 1613 1912 complètement
1642 1862 1808 1899 entravé
1837 1871 1910 1908 par
1935 1859 1973 1896 la
2008 1857 2188 1895 diminu¬

427 1928 512 1965 tion
561 1927 609 1964 de
655 1926 746 1975 plus
792 1937 843 1963 en
894 1926 987 1974 plus
1029 1924 1188 1975 grande
1232 1925 1299 1962 des
1348 1922 1550 1972 mariages
1588 1933 1667 1969 que
1715 1931 1818 1957 nous
1864 1929 1990 1956 avons
2039 1914 2193 1953 fondée

430 2007 447 2029 «
468 1989 922 2031 L’INTERMEDIAIRE
942 1985 1019 2027 DU
1050 1985 1217 2029 FOYER
1248 1998 1284 2024 ».

530 2054 698 2106 Jusqu’à
728 2068 773 2094 ce
799 2058 899 2104 jour
924 2052 1110 2102 quantité
1134 2049 1350 2099 d’agences
1379 2052 1454 2085 ont
1480 2047 1540 2085 été
1570 2045 1715 2084 créées.
1744 2042 1947 2082 Combien
1977 2042 2024 2079 de
2056 2040 2190 2078 réelle¬

429 2120 542 2155 ment
570 2115 689 2154 utiles
716 2117 754 2152 et
786 2114 968 2162 efficaces
989 2113 1060 2149 ?...
1090 2110 1140 2148 Et
1171 2110 1257 2147 cela
1288 2119 1330 2145 se
1360 2104 1603 2154 comprend,
1635 2104 1775 2153 quand
1808 2114 1862 2141 on
1895 2099 2080 2138 réfléchit
2113 2109 2191 2148 que

428 2177 514 2215 seul
547 2175 722 2213 l'intérêt
751 2173 909 2223 guidait
943 2181 1007 2210 ces
1040 2170 1200 2219 gens-là
1203 2200 1211 2215 ,
1248 2171 1288 2206 et
1319 2178 1411 2216 que,
1448 2166 1548 2203 dans
1577 2176 1634 2201 un
1668 2162 1853 2210 mariage
1888 2160 1963 2198 fait
1996 2170 2072 2208 par
2097 2169 2189 2203 eux,

429 2237 475 2274 ils
501 2233 850 2282 n’envisageaient
872 2230 1025 2280 qu’une
1046 2229 1169 2267 chose
1192 2223 1199 2266 :
1213 2223 1258 2266 lü
1272 2230 1446 2265 SOPVTIB
1461 2220 1489 2263 Ù
1504 2220 1737 2263 tOUCtlBPB
1755 2219 1868 2260 tltrB
1884 2217 1935 2258 ÜB
1953 2215 2194 2264 COUrtûffB.

531 2291 759 2331 Combien
783 2286 1050 2328 différente
1070 2294 1143 2325 est
1166 2286 1305 2324 notre
1327 2282 1494 2322 œuvre
1511 2282 1522 2320 !
1547 2286 1658 2321 Nous
1679 2293 1731 2320 ne
1753 2281 2015 2318 demandons
2038 2284 2194 2314 aucun

424 2347 675 2395 courtage,
710 2352 898 2383 aucune
924 2338 1236 2380 commission
1266 2338 1277 2376 !
1314 2342 1365 2377 Le
1393 2340 1481 2376 seul
1512 2338 1693 2375 débours
1720 2335 1906 2373 consiste
1933 2335 1957 2369 à
1983 2342 2116 2379 payer
2141 2342 2194 2367 un

426 2404 625 2449 modique
643 2401 931 2439 abonnement
951 2397 1117 2435 destiné
1139 2398 1162 2433 à
1183 2395 1357 2433 couvrir
1379 2394 1438 2430 les
1462 2392 1563 2429 frais
1584 2389 1881 2435 d’impression
1906 2389 1941 2424 et
1968 2386 2016 2422 de
2038 2395 2199 2422 corres¬

429 2458 664 2505 pondance,
704 2458 746 2491 et
783 2453 911 2501 grâce
950 2451 1103 2498 auquel
1139 2451 1199 2486 les
1230 2447 1501 2486 célibataires
1540 2445 1614 2481 des
1647 2444 1752 2480 deux
1789 2451 1910 2478 sexes
1942 2442 2016 2477 ont
2048 2441 2070 2475 à
2108 2440 2201 2474 leur

427 2510 684 2557 disposition
708 2519 764 2545 un
791 2507 915 2545 choix
934 2505 984 2542 de
1008 2504 1155 2551 partis,
1179 2500 1440 2549 permettant
1461 2500 1511 2535 de
1533 2498 1694 2534 donner
1717 2494 1981 2532 satisfaction
2004 2494 2027 2529 h
2058 2493 2197 2529 toutes

428 2567 488 2603 les
510 2564 746 2610 exigences.

534 2618 644 2654 Nous
670 2618 820 2653 tenons
844 2614 923 2650 aie
950 2612 1121 2660 répéter
1153 2625 1159 2647 :
1189 2599 1663 2647 «L’INTERMÉDIAIRE
1696 2604 1757 2642 DU
1793 2603 1984 2640 FOYER»
2016 2600 2079 2636 n’a
2111 2598 2200 2635 rien

428 2672 479 2709 de
506 2680 707 2708 commun
736 2677 838 2706 avec
864 2667 925 2704 les
952 2675 1138 2712 agences
1169 2661 1508 2700 matrimoniales
1545 2667 1552 2702 ;
1583 2656 1687 2696 c'est
1714 2664 1807 2694 une
1833 2663 1995 2693 œuvre
2022 2651 2134 2691 dont
2162 2653 2202 2689 le

429 2724 508 2764 but
536 2725 713 2771 unique
742 2721 808 2760 est
836 2722 889 2758 de
915 2721 1076 2759 servir
1099 2719 1154 2756 de
1182 2716 1515 2755 trciit-d'union
1543 2714 1663 2749 entre
1697 2711 1837 2747 toutes
1869 2710 1929 2745 les
1962 2715 2203 2755 personnes

430 2779 674 2816 désireuses
700 2776 752 2813 de
780 2774 956 2819 remplir
981 2773 1072 2809 leur
1098 2772 1246 2808 devoir
1274 2769 1403 2805 social
1432 2778 1485 2803 en
1513 2765 1784 2803 contractant
1808 2762 2007 2809 mariage,
2040 2755 2203 2805 quelle

430 2843 523 2883 que
558 2833 655 2872 soit
681 2832 793 2870 leur
825 2829 1060 2868 situation
1094 2827 1152 2866 de
1173 2827 1388 2873 fortune,
1411 2823 1467 2862 de
1488 2822 1534 2860 la
1553 2821 1667 2869 plus
1702 2819 1923 2857 modeste
1956 2815 1982 2855 à
2013 2816 2062 2855 la
2092 2814 2204 2857 plus

430 2887 594 2927 élevée
600 2917 608 2932 ,
642 2891 684 2927 et
711 2898 821 2926 nous
842 2886 1125 2932 remplissons
1148 2886 1258 2921 cette
1286 2880 1467 2918 mission
1497 2888 1599 2916 avec
1633 2877 1887 2913 l'EXTREME
1919 2873 2205 2912 DISCRETION

430 2956 517 2999 que
549 2944 656 2985 doit
691 2943 967 2995 comporter
1005 2951 1067 2980 un
1103 2941 1210 2979 acte
1250 2937 1384 2977 aussi
1419 2934 1691 2979 important
1697 2942 1705 2977 ,
1747 2931 1884 2970 aussi
1921 2928 2064 2969 sacré
2112 2936 2206 2977 que

433 3008 480 3046 le
520 3004 760 3053 mariage.

1704 3072 1769 3112 LA
1802 3066 2092 3110 DIRECTION.
