2472 3696
1190 332 1237 371 —
1270 332 1294 372 3
1323 358 1373 364 —

501 428 571 466 Les
607 431 762 470 mêmes
799 434 1020 483 difficultés
1022 441 1031 486 ,
1078 442 1172 479 bien
1211 442 1306 493 qu'à
1344 458 1401 484 un
1441 451 1631 489 moindre
1670 455 1804 504 degre,
1844 469 1886 507 ^
1923 460 2159 507 présentent

395 495 500 530 pour
532 488 565 525 le
591 499 679 528 sexe
709 492 810 541 fort.
839 494 891 533 Le
921 498 1049 545 jeune
1075 499 1257 552 homme,
1291 506 1478 546 désireux
1508 509 1558 548 de
1583 525 1625 551 se
1655 515 1876 555 soustraire
1906 530 1986 556 aux
2016 520 2157 559 incon¬

394 545 578 585 vénients
611 549 665 587 du
700 552 861 602 célibat,
900 557 971 605 qui
1001 564 1061 597 est
1090 560 1149 598 las
1183 563 1233 601 de
1265 566 1380 603 vivre
1408 580 1459 608 au
1492 574 1724 612 restaurant
1752 576 1806 613 où
1834 574 1918 615 l’on
1955 577 2046 628 paie
2075 581 2158 621 fort

387 599 487 637 cher
531 613 610 640 une
661 609 879 646 mauvaise
930 615 1192 661 nourriture,
1234 619 1284 655 de
1340 631 1489 667 passer
1534 635 1602 662 ses
1648 627 1808 666 soirées
1853 642 1906 669 au
1951 634 2053 680 café,
2110 647 2160 674 en

386 652 544 693 faisant
592 657 631 694 la
681 660 1001 703 traditionnelle
1053 671 1226 708 manille
1278 682 1380 711 avec
1425 677 1498 713 des
1552 683 1813 729 camarades,
1872 696 1922 723 au
1973 688 2056 725 lieu
2109 690 2159 727 de

390 713 536 758 goûter
563 715 599 752 la
632 717 761 757 douce
794 721 1033 763 familiarité
1066 727 1120 764 du
1154 728 1282 778 foyer,
1316 730 1401 781 qui,
1437 747 1487 771 en
1516 747 1581 774 cas
1613 738 1962 794 d’indisposition,
1994 747 2157 795 préfère

391 771 444 809 les
475 774 584 813 soins
621 776 849 818 affectueux
880 782 904 820 d
921 795 1003 822 une
1040 785 1196 825 femme
1226 790 1406 830 dévouée
1440 795 1460 832 à
1493 807 1593 834 ceux
1629 798 1751 838 d’une
1780 802 2007 853 étrangère,
2049 807 2152 848 celui

387 832 458 878 qui
494 834 706 875 considère
740 850 905 878 comme
940 855 1020 881 une
1057 844 1288 896 obligation
1326 853 1459 892 sacrée
1488 853 1527 893 la
1566 855 1782 898 fondation
1816 859 1939 901 d’une
1977 864 2148 915 famille,

387 889 460 928 but
490 893 681 941 suprême
718 897 764 935 de
795 898 1038 950 l’existence,
1079 916 1129 942 en
1160 919 1216 944 un
1255 915 1343 948 mot
1372 910 1571 952 l’homme
1607 915 1656 955 de
1684 930 1802 958 cœur
1834 923 1906 970 qui
1939 929 2035 963 veut
2069 925 2152 965 être

386 950 486 988 utile
516 953 538 989 à
571 953 607 990 la
642 956 802 1004 société,
839 966 947 1009 peut,
987 974 1078 1001 sans
1112 970 1205 1015 trop
1239 967 1288 1006 de
1318 969 1554 1021 difficultés,
1592 975 1791 1017 chercher
1819 980 2037 1021 lui-même
2069 998 2151 1027 une

385 1020 631 1060 compagne,
662 1019 700 1052 et
733 1016 760 1053 il
788 1017 846 1055 lui
878 1026 936 1059 est
963 1020 1123 1061 loisible
1157 1026 1207 1063 de
1235 1026 1460 1069 demander
1491 1033 1511 1070 à
1540 1046 1599 1072 ses
1631 1037 1735 1074 amis
1765 1044 1803 1077 et
1835 1043 2148 1086 connaissances

382 1068 432 1106 de
458 1069 518 1108 lui
546 1076 712 1111 trouver
742 1088 799 1113 un
831 1079 937 1126 parti
967 1084 1231 1133 convenable,
1264 1089 1369 1127 mais
1398 1094 1522 1129 est-ce
1547 1093 1741 1135 suffisant
1763 1098 1780 1136 ?
1812 1099 1864 1137 La
1893 1102 2062 1152 plupart
2091 1106 2146 1144 du

383 1132 528 1177 temps,
556 1131 591 1168 le
620 1132 771 1183 champ
793 1136 863 1174 des
894 1138 1133 1180 recherches
1159 1149 1217 1182 est
1248 1145 1332 1184 fort
1362 1150 1562 1199 restreint,
1597 1153 1652 1192 les
1678 1158 1781 1195 amis
1811 1159 1903 1207 plus
1926 1173 1982 1199 ou
2011 1164 2147 1203 moins

384 1187 640 1229 indifférents
666 1194 857 1234 oublient
887 1197 934 1235 de
965 1198 1177 1250 s’occuper
1208 1203 1256 1241 de
1287 1206 1324 1243 la
1354 1208 1525 1248 mission
1558 1211 1731 1253 délicate
1756 1216 1859 1257 dont
1889 1220 1937 1258 ils
1965 1219 2147 1264 s’étaient

381 1244 554 1297 chargés
589 1259 763 1291 souvent
792 1255 814 1291 à
848 1262 1140 1307 contre-cœur,
1172 1267 1211 1302 et
1245 1263 1274 1301 il
1302 1278 1351 1303 en
1385 1269 1534 1307 résulte
1567 1283 1647 1320 que
1675 1271 1910 1326 l’intéressé,
1952 1293 2002 1318 ne
2037 1288 2144 1323 trou¬

382 1311 479 1346 vant
511 1319 582 1356 pas
616 1322 661 1348 ce
692 1313 794 1360 qu’il
828 1314 969 1364 désire,
1006 1319 1167 1367 préfère
1200 1320 1426 1374 s’abstenir,
1464 1331 1516 1376 et,
1552 1331 1667 1379 après
1703 1336 1898 1386 quelques
1929 1342 2145 1383 tentatives

382 1367 530 1413 vaincs,
558 1379 598 1405 se
624 1371 787 1420 résigne
810 1378 898 1412 tout
924 1376 1174 1419 doucement
1194 1382 1217 1420 à
1244 1388 1369 1423 rester
1393 1386 1511 1425 vieux
1538 1401 1706 1438 garçon.

487 1427 551 1465 Ah
570 1428 585 1465 l
607 1441 684 1477 que
709 1431 758 1468 de
785 1434 987 1483 mariages
1013 1441 1215 1487 manqués
1246 1443 1354 1484 faute
1381 1443 1480 1484 d'un
1508 1447 1813 1490 intermédiaire
1837 1455 1997 1494 sérieux
1999 1459 2007 1506 ,
2041 1459 2140 1498 hon¬

379 1484 468 1522 nête
493 1488 530 1523 et
559 1486 720 1537 discret,
749 1500 928 1539 prenant
953 1496 975 1533 à
998 1508 1113 1535 cœur
1141 1499 1178 1537 la
1202 1501 1371 1541 réussite
1399 1505 1466 1543 des
1492 1508 1694 1559 mariages
1721 1514 1921 1562 auxquels
1951 1515 1979 1553 il
2008 1516 2140 1557 s’inté¬

379 1555 484 1582 resse
507 1545 515 1582 I
547 1545 747 1587 Combien
777 1550 826 1589 de
859 1555 1016 1602 projets
1045 1560 1384 1610 matrimoniaux,
1422 1569 1682 1608 commencés
1712 1581 1805 1610 sous
1838 1572 1887 1611 de
1915 1573 2019 1611 bons
2052 1587 2139 1613 aus¬

377 1601 496 1650 pices,
528 1609 604 1643 ont
637 1607 794 1648 échoué
826 1612 845 1649 à
881 1612 919 1650 la
949 1615 1055 1653 suite
1087 1615 1433 1667 d’indiscrétions,
1472 1626 1691 1665 commises
1723 1630 1860 1671 même
1893 1633 2139 1673 involontai¬

375 1668 535 1701 rement
557 1664 565 1701 1
613 1665 730 1705 Seule
767 1682 849 1708 une
881 1671 1161 1714 intervention
1200 1679 1303 1727 sûre,
1356 1681 1648 1725 bienveillante
1685 1693 1725 1726 et
1761 1689 1988 1735 raisonnée,
2043 1698 2141 1741 peut

375 1725 522 1760 mettre
548 1735 597 1762 en
628 1734 801 1776 rapport
824 1729 862 1767 la
892 1731 1004 1771 foule
1030 1732 1191 1775 d’isolés
1220 1739 1292 1787 qui
1317 1741 1506 1791 végètent
1532 1745 1634 1784 dans
1662 1747 1701 1785 la
1729 1748 1916 1797 solitude,
1949 1750 2063 1790 faute
2091 1751 2138 1791 de

370 1792 411 1816 se
434 1782 659 1832 connaître,
692 1791 732 1824 et
755 1793 847 1827 sont
875 1790 978 1830 ainsi
1004 1793 1140 1842 privés
1169 1797 1237 1835 des
1263 1799 1369 1848 joies
1395 1801 1443 1839 de
1466 1803 1502 1840 la
1536 1804 1706 1844 famille.

475 1840 581 1880 C’est
604 1856 709 1892 pour
733 1848 935 1887 remédier
953 1852 974 1889 à
997 1857 1061 1890 cet
1079 1854 1163 1893 état
1186 1856 1236 1894 de
1254 1858 1396 1898 choses
1417 1862 1523 1899 aussi
1550 1864 1851 1913 préjudiciable
1874 1868 1896 1906 à
1914 1865 2134 1912 l’individu

371 1898 464 1946 qu’à
496 1900 532 1938 la
561 1903 818 1954 collectivité,
855 1908 958 1948 dont
983 1909 1122 1951 l’essor
1144 1922 1206 1955 est
1236 1919 1560 1967 complètement
1588 1926 1754 1962 entravé
1785 1938 1859 1975 par
1883 1928 1920 1965 la
1955 1928 2135 1967 diminu¬

372 1958 456 1996 tion
506 1960 555 1998 de
599 1963 691 2011 plus
737 1976 788 2002 en
839 1967 932 2016 plus
975 1972 1134 2020 grande
1176 1975 1245 2014 des
1293 1978 1496 2030 mariages
1536 1994 1615 2030 que
1662 1995 1766 2023 nous
1810 1998 1938 2026 avons
1987 1987 2141 2028 fondée

373 2037 391 2059 «
414 2021 865 2070 L’INTERMEDIAIRE
885 2031 964 2074 DU
995 2033 1162 2075 FOYER
1191 2050 1228 2077 ».

473 2091 643 2141 Jusqu'à
671 2106 717 2132 ce
742 2098 842 2144 jour
866 2098 1055 2145 quantité
1077 2098 1294 2149 d’agences
1323 2108 1398 2142 ont
1422 2105 1484 2143 été
1513 2107 1658 2146 créées.
1687 2108 1891 2149 Combien
1919 2113 1968 2151 de
1998 2113 2132 2152 réelle¬

370 2153 483 2187 ment
512 2150 630 2190 utiles
658 2155 695 2190 et
728 2155 910 2204 efficaces
930 2158 1000 2196 ?...
1032 2158 1081 2197 Et
1113 2160 1198 2197 cela
1230 2172 1271 2199 se
1303 2164 1545 2213 comprend,
1577 2169 1716 2216 quand
1749 2181 1804 2207 on
1837 2170 2024 2210 réfléchit
2055 2185 2134 2223 que

364 2210 450 2247 seul
485 2208 661 2250 l'intérêt
688 2214 847 2261 guidait
881 2227 944 2254 ces
978 2220 1138 2266 gens-là
1141 2251 1149 2265 ,
1187 2225 1228 2259 et
1258 2233 1350 2270 que,
1388 2223 1489 2262 dans
1516 2237 1574 2264 un
1607 2227 1794 2277 mariage
1827 2229 1903 2269 fait
1936 2243 2012 2281 par
2037 2244 2128 2280 eux,

364 2268 411 2306 ils
437 2267 785 2320 n’envisageaient
808 2273 962 2322 qu’une
982 2276 1105 2316 chose
1129 2274 1137 2317 :
1150 2275 1194 2317 la
1207 2285 1384 2320 Somme
1398 2278 1426 2322 Ù
1440 2281 1637 2325 tOUCfier
1648 2283 1674 2325 Ù
1692 2285 1806 2328 titre
1820 2287 1875 2329 de
1891 2291 2133 2340 Courtage.

465 2325 694 2367 Combien
718 2330 986 2374 différente
1004 2343 1077 2373 est
1100 2339 1240 2376 notre
1260 2340 1428 2380 œuvre
1446 2341 1459 2380 !
1483 2346 1594 2382 Nous
1615 2357 1667 2384 ne
1690 2349 1954 2389 demandons
1975 2359 2133 2390 aucun

357 2382 607 2430 courtage,
644 2392 831 2423 aucune
858 2387 1169 2429 commission
1198 2390 1212 2430 !
1247 2396 1299 2432 Le
1327 2402 1415 2434 seul
1446 2400 1629 2438 débours
1654 2404 1841 2440 consiste
1869 2405 1893 2441 à
1919 2417 2052 2454 payer
2075 2418 2131 2446 un

359 2438 557 2484 modique
575 2441 861 2479 abonnement
884 2445 1049 2483 destiné
1071 2448 1093 2484 à
1115 2449 1290 2486 couvrir
1313 2450 1372 2487 les
1397 2453 1496 2489 frais
1518 2453 1816 2502 d’impression
1841 2459 1879 2495 et
1903 2459 1952 2496 de
1974 2470 2135 2499 corres¬

357 2493 594 2539 pondance,
634 2497 675 2530 et
714 2495 840 2542 grâce
881 2501 1031 2546 auquel
1072 2501 1130 2537 les
1162 2501 1433 2542 célibataires
1473 2508 1547 2543 des
1578 2509 1685 2546 deux
1722 2520 1841 2547 sexe--
1877 2516 1949 2549 ont
1981 2515 2003 2551 à
2042 2516 2134 2552 leur

357 2545 613 2589 disposition
640 2558 694 2585 un
724 2550 846 2587 choix
865 2551 915 2589 de
940 2555 1086 2599 partis,
1111 2559 1374 2602 permettant
1395 2560 1443 2595 de
1466 2560 1628 2598 donner
1650 2564 1912 2603 satisfaction
1937 2568 1960 2603 à
1988 2570 2129 2606 toutes

355 2598 414 2635 les
436 2600 672 2646 exigences.

459 2652 572 2690 Nous
596 2657 747 2693 tenons
769 2657 793 2693 à
815 2658 849 2694 le
877 2659 1048 2706 répéter
1078 2677 1085 2698 :
1116 2659 1591 2705 «L’INTERMÉDIAIRE
1625 2670 1686 2707 DU
1721 2672 1910 2709 FOYER»
1944 2674 2006 2712 n’a
2036 2677 2127 2714 rien

351 2706 403 2741 de
430 2716 631 2744 commun
660 2720 762 2747 avec
791 2711 850 2748 les
879 2723 1065 2754 agences
1094 2717 1435 2757 matrimoniales
1472 2730 1480 2766 ;
1509 2722 1616 2760 c'est
1641 2733 1734 2761 une
1760 2734 1922 2764 œuvre
1949 2728 2060 2768 dont
2088 2732 2130 2768 le

351 2759 431 2797 but
457 2763 635 2808 unique
662 2763 731 2801 est
758 2765 811 2801 de
836 2768 997 2805 servir
1021 2770 1075 2807 de
1104 2769 1438 2812 trait-d'union
1466 2779 1586 2812 entre
1620 2778 1760 2814 toutes
1793 2780 1854 2816 les
1887 2791 2128 2828 personnes

347 2818 590 2859 désireuses
617 2822 668 2859 de
698 2824 972 2862 remolirlenr
998 2829 1147 2866 devoir
1173 2831 1306 2868 social
1333 2843 1386 2870 en
1413 2834 1685 2873 contractant
1725 2840 1926 2887 mariage,
1960 2839 2124 2887 quelle

349 2884 442 2923 que
476 2877 574 2916 soit
598 2878 711 2917 leur
742 2880 977 2921 situation
1012 2885 1070 2923 de
1090 2886 1305 2936 fortune,
1328 2889 1386 2929 de
1406 2889 1453 2929 la
1472 2890 1586 2939 plus
1622 2893 1843 2934 modeste
1876 2896 1902 2934 à
1934 2897 1982 2936 la
2014 2909 2026 2931 r
2045 2898 2125 2939 lus

348 2929 525 2975 élevée,
560 2938 601 2971 et
629 2945 738 2974 nous
760 2938 1042 2984 remplissons
1065 2944 1174 2981 cette
1202 2945 1384 2983 mission
1414 2958 1518 2985 avec
1553 2949 1806 2988 l'EXTREME
1839 2948 2125 2995 DISCRÉTION

347 2997 434 3038 que
466 2987 572 3030 doit
606 2993 882 3044 comporter
919 3006 982 3035 un
1017 3001 1123 3038 acte
1163 3001 1299 3040 aussi
1334 3003 1606 3048 important
1612 3015 1621 3050 ,
1662 3008 1801 3046 aussi
1837 3011 1981 3049 sacré
2028 3022 2124 3062 que

346 3048 391 3085 le
431 3051 671 3101 mariage.

1616 3144 1678 3183 LA
1711 3147 2000 3188 DIRECTION.
