2472 3696
479 370 640 432 SUS
683 365 920 426 PAS
969 341 1698 418 CONFONDRE
1737 356 1750 395 :
1793 335 2038 394 L’Œuvré

371 486 433 543 de
463 460 1027 540 L'INTERMÉDIAIRE
1064 465 1147 523 DU
1187 459 1413 519 FuYER.
1461 455 1547 518 16,
1591 452 1743 507 Cours
1779 445 2147 512 Charlemagne

650 570 685 626 à
712 567 864 636 Lyon,
895 561 985 617 n'a
1009 572 1103 630 pas
1126 554 1189 610 de
1210 547 1520 609 Succursale,
1555 543 1611 597 ni
1636 537 1871 597 d’affiliés

720 781 939 896 LE
1008 759 1783 883 MARIAGE

959 958 1194 1019 ASSURÉ
1224 967 1258 1010 A
1289 962 1447 1008 TOUS
1479 958 1595 1002 PAR

393 1124 411 1168 ce
454 1086 1426 1167 ltntermédiaire
1494 1089 1639 1133 du
1707 1076 2083 1127 foyer
2135 1087 2155 1111 »

509 1338 527 1362 «
549 1323 578 1361 L
595 1305 1000 1360 INTERMEDIAIRE
1038 1301 1103 1347 RU
1135 1296 1293 1343 FOYER
1325 1309 1342 1337 »
1375 1296 1500 1336 n'est
1523 1301 1616 1342 pas
1644 1297 1738 1328 une
1766 1290 1951 1335 agence
1988 1274 2158 1317 matri¬

395 1382 610 1426 moniale
622 1390 637 1426 ;
661 1374 778 1415 c’est
806 1379 899 1410 une
919 1370 1089 1407 œuvre
1109 1358 1250 1399 créée
1272 1363 1404 1404 pour
1425 1347 1674 1390 favoriser
1694 1344 1741 1382 et
1759 1338 1979 1379 faciliter
1997 1333 2044 1371 le
2063 1339 2165 1369 ma¬

395 1440 537 1489 riage
576 1440 691 1475 entre
717 1436 939 1480 personnes
966 1415 1226 1461 honorables,
1259 1415 1281 1452 à
1308 1411 1377 1460 qui
1408 1410 1443 1447 le
1469 1414 1650 1453 manque
1676 1401 1729 1439 de
1758 1394 1953 1435 relations
1977 1393 2166 1435 impose

399 1491 521 1535 neuf
535 1488 631 1529 fois
650 1492 741 1524 sur
758 1480 845 1520 dix
863 1478 911 1517 le
932 1470 1127 1515 célibat.

511 1548 570 1585 En
604 1543 711 1588 effet,
751 1549 830 1580 que
864 1534 940 1572 fait
975 1532 1011 1568 la
1046 1534 1250 1578 personne
1279 1519 1349 1570 qui
1386 1514 1516 1555 désire
1546 1522 1586 1549 se
1621 1507 1771 1546 marier
1795 1503 1811 1542 ?
1842 1499 1944 1541 Sauf
1973 1496 2023 1535 de
2059 1506 2166 1533 rares

406 1601 654 1652 exceptions,
687 1595 762 1633 elle
788 1585 1010 1630 recherche
1036 1584 1138 1621 dans
1161 1589 1235 1617 son
1266 1577 1491 1618 entourage
1513 1564 1618 1604 celui
1644 1574 1697 1600 ou
1724 1558 1826 1602 celle
1851 1556 1922 1606 qui
1953 1550 2039 1591 doit
2067 1549 2168 1586 faire

406 1670 479 1698 son
508 1653 710 1698 bonheur,
739 1651 778 1685 et
807 1646 974 1684 souvent
1005 1638 1082 1677 elle
1108 1629 1324 1681 s’aperçoit
1350 1622 1558 1676 qu’aucun
1586 1617 1692 1667 parti
1719 1625 1770 1653 ne
1798 1608 1956 1658 répond
1981 1607 2002 1644 à
2031 1602 2168 1642 l’Idéal

406 1710 554 1764 qu’elle
588 1706 679 1745 s’est
713 1698 860 1746 formé,
905 1699 943 1733 et
976 1703 1067 1743 que,
1113 1688 1216 1726 dans
1250 1695 1311 1721 ses
1350 1678 1557 1721 relations,
1594 1671 1669 1710 elle
1707 1681 1732 1706 n
1751 1681 1771 1707 a
1815 1673 1975 1704 aucune
2016 1658 2171 1697 chance

408 1763 628 1808 d’aboutir.

515 1817 737 1856 Comment
765 1807 886 1847 sortir
918 1803 967 1842 de
995 1805 1098 1840 cette
1130 1797 1308 1844 impasse
1332 1789 1348 1828 ?
1379 1788 1410 1826 A
1443 1786 1513 1836 qui
1542 1784 1731 1820 raconter
1759 1787 1818 1815 ses
1849 1772 1989 1824 peines
2012 1767 2030 1806 ?
2063 1765 2175 1813 Trop

411 1876 595 1915 souvent,
625 1867 737 1907 hélas
760 1864 768 1901 I
795 1864 830 1900 la
856 1867 1075 1909 personne,
1102 1862 1155 1889 ne
1178 1847 1348 1888 sachant
1374 1845 1395 1881 à
1418 1841 1489 1891 qui
1513 1850 1552 1877 se
1573 1833 1739 1879 confier,
1770 1831 1900 1869 remet
1919 1827 1940 1865 à
1969 1823 2059 1873 plus
2082 1820 2173 1859 tard

413 1933 451 1967 la
460 1923 671 1966 nécessité
680 1922 733 1957 de
749 1916 933 1965 prendre
946 1920 1029 1949 une
1040 1899 1447 1948 décision,espéranl
1457 1893 1653 1938 toujours
1666 1887 1797 1934 qu’un
1817 1885 2009 1919 heureux
2027 1874 2180 1913 hasard

416 1984 454 2022 la
475 1979 694 2020 favorisera
724 1978 763 2011 et
794 1970 850 2007 lui
886 1967 1109 2015 permettra
1139 1958 1188 1996 de
1220 1955 1460 1993 rencontrer
1490 1948 1525 1984 le
1558 1942 1662 1993 parti
1694 1936 1919 1979 révé.Mais,
1934 1929 2115 1981 pendant
2135 1938 2178 1964 ce

419 2045 563 2085 temps,
602 2033 659 2069 les
688 2029 819 2077 jours,
855 2023 912 2059 les
947 2017 1161 2059 semaines,
1195 2011 1251 2048 les
1285 2007 1390 2044 mois
1422 2004 1583 2052 passent
1621 2000 1660 2034 et
1690 1995 1718 2032 il
1750 1992 1883 2030 arrive
1918 1979 2179 2038 quelquefois

418 2102 498 2142 que
544 2084 748 2138 plusieurs
797 2077 945 2117 années
992 2067 1215 2110 s’écoulent
1262 2063 1386 2101 avant
1431 2065 1512 2106 que
1552 2053 1564 2090 1
1579 2048 1769 2089 occasion
1813 2048 1903 2083 tant
1945 2037 2099 2078 désirée
2140 2045 2182 2072 se

421 2145 618 2195 présente.

524 2194 796 2234 Nombreuses
824 2185 917 2224 sont
935 2180 997 2220 les
1020 2174 1202 2227 familles
1232 2171 1303 2222 qui
1328 2171 1399 2207 ont
1428 2166 1489 2205 été
1519 2159 1675 2211 privées
1704 2157 1752 2195 de
1783 2156 1820 2193 la
1853 2151 1933 2201 joie
1959 2149 2006 2187 de
2034 2144 2185 2184 marier

422 2255 530 2292 leurs
558 2245 722 2297 enfants
728 2244 736 2291 ,
763 2244 871 2280 leurs
903 2235 1094 2275 relations
1117 2241 1157 2267 se
1185 2226 1362 2265 bornant
1391 2222 1414 2260 à
1443 2232 1498 2259 un
1524 2215 1735 2260 voisinage
1767 2205 1970 2246 restreint.

527 2305 576 2344 Et
605 2298 798 2341 combien
824 2295 871 2332 de
900 2300 1048 2330 veuves
1053 2286 1060 2334 ,
1089 2286 1237 2333 jeunes
1261 2288 1406 2317 encore
1410 2287 1418 2321 ,
1452 2285 1491 2312 se
1524 2268 1716 2308 trouvant
1744 2265 1845 2302 dans
1877 2262 1910 2298 le
1943 2256 2075 2295 même
2104 2263 2168 2291 cas
2173 2281 2181 2296 ,

426 2363 541 2398 n'ont
562 2370 616 2406 pu
639 2366 681 2393 se
701 2347 899 2389 remarier
916 2345 930 2382 !
952 2339 1193 2392 Cependant
1213 2334 1309 2374 elles
1332 2328 1520 2370 auraient
1543 2337 1598 2373 pu
1622 2321 1735 2359 créer
1757 2330 1816 2356 un
1841 2323 2031 2353 nouveau
2054 2307 2184 2357 foyer,

429 2415 530 2454 faire
556 2413 592 2450 le
622 2406 815 2447 bonheur
840 2399 939 2440 d’un
974 2393 1124 2436 nouvel
1151 2392 1298 2440 époux,
1334 2390 1375 2424 et
1405 2384 1489 2422 être
1519 2379 1737 2416 heureuses
1768 2366 2056 2410 elles-mêmes,
2092 2362 2123 2400 si
2153 2361 2191 2399 le

429 2468 560 2508 destin
598 2466 688 2502 leur
718 2458 825 2497 avait
863 2452 1016 2503 permis
1050 2450 1098 2487 de
1130 2447 1371 2483 rencontrer
1408 2437 1510 2476 celui
1551 2431 1635 2481 qui,
1676 2440 1716 2466 se
1755 2424 1953 2464 trouvant
1990 2415 2191 2468 peut-être

430 2527 518 2561 tout
554 2518 645 2568 près
676 2512 825 2558 d’elles,
868 2503 1079 2547 cherchait
1109 2497 1338 2540 lui-même,
1374 2493 1421 2531 de
1459 2500 1531 2528 son
1569 2485 1671 2530 côté,
1711 2480 1832 2519 l’Ame
1869 2486 1993 2515 sœur.
2034 2470 2083 2509 Et
2114 2479 2193 2518 que

435 2573 612 2615 fallait-il
647 2581 752 2620 pour
786 2576 866 2615 que
895 2563 933 2600 la
968 2558 1091 2598 chose
1120 2551 1274 2591 arrivât
1298 2547 1314 2587 ?
1352 2547 1416 2585 Un
1454 2544 1539 2582 rien
1545 2571 1553 2587 1
1593 2549 1670 2577 une
1711 2536 1831 2573 tierce
1869 2537 2071 2580 personne
2106 2522 2175 2572 qui
2179 2553 2188 2568 ,

431 2623 755 2675 correspondant
778 2629 875 2658 avec
898 2619 987 2654 tous
1013 2613 1067 2650 les
1088 2610 1195 2648 deux
1197 2618 1206 2653 ,
1233 2602 1364 2643 aurait
1390 2612 1443 2649 pu
1470 2599 1524 2636 les
1551 2594 1693 2631 mettre
1721 2602 1772 2627 en
1798 2585 1980 2634 rapport.

537 2681 588 2720 Et
609 2680 667 2717 les
688 2677 834 2724 jeunes
863 2669 967 2708 filles
991 2667 1007 2705 ?
1035 2665 1075 2704 Si
1104 2660 1186 2702 l’on
1215 2658 1409 2700 envisage
1437 2653 1474 2691 la
1504 2647 1699 2689 situation
1730 2641 1854 2682 d’une
1884 2632 2119 2677 demoiselle
2144 2643 2193 2670 en

434 2739 508 2783 âge
534 2736 584 2774 de
613 2745 654 2771 se
680 2729 843 2769 marier,
853 2725 929 2763 elle
954 2726 1011 2760 est
1040 2729 1120 2757 non
1147 2715 1282 2754 moins
1294 2703 1480 2750 délicate:
1494 2703 1543 2741 la
1555 2700 1761 2738 retenue
1774 2688 1991 2740 imposée
2005 2694 2102 2735 par
2113 2691 2199 2721 son

430 2809 549 2841 sexe
569 2796 643 2836 lui
661 2789 871 2834 interdit
891 2787 1023 2825 toute
1048 2776 1310 2821 démarche
1326 2764 1642 2821 personnelle
1649 2794 1656 2806 ,
1688 2768 1726 2802 et
1760 2762 1835 2800 elle
1869 2763 1927 2797 est
1958 2753 2195 2793 fatalement

445 2854 704 2897 condamnée
730 2862 778 2886 au
813 2844 974 2886 célibat,
992 2840 1022 2879 si
1052 2838 1127 2878 elle
1154 2832 1218 2872 n’a
1237 2844 1307 2881 pas
1333 2830 1371 2867 la
1392 2825 1540 2874 grande
1558 2822 1712 2861 chance
1732 2817 1781 2856 de
1795 2820 1962 2853 trouver
1993 2807 2094 2846 dans
2126 2815 2199 2841 son

439 2916 665 2956 entourage
696 2899 912 2942 immédiat
946 2908 1001 2935 un
1038 2890 1141 2943 parti
1176 2887 1395 2927 conforme
1428 2882 1451 2919 à
1486 2889 1558 2917 son
1592 2875 1679 2923 âge,
1718 2873 1739 2909 à
1775 2881 1848 2908 son
1886 2876 1989 2912 rang
2019 2865 2057 2899 et
2091 2859 2112 2896 à
2142 2868 2203 2894 ses

437 2961 699 3014 aspirations.

556 3017 594 3055 Si
621 3017 725 3053 cette
747 3010 885 3048 bonne
911 3005 1078 3044 fortune
1102 2998 1161 3038 lui
1186 3001 1244 3036 est
1270 2991 1439 3037 refusée,
1470 2988 1545 3028 elle
1572 2987 1669 3034 peut
1696 2978 1798 3018 faire
1824 2973 1958 3024 appel,
1987 2967 2121 3019 parmi
2144 2976 2205 3003 ses

443 3069 771 3112 connaissances,
800 3064 821 3100 à
854 3072 935 3100 une
964 3063 1169 3107 personne
1197 3051 1245 3089 de
1273 3048 1411 3086 bonne
1438 3039 1603 3082 volonté
1629 3044 1687 3062 '—
1724 3035 1755 3073 si
1789 3031 1865 3070 elle
1899 3039 1949 3066 en
1980 3029 2124 3063 trouve
2153 3039 2208 3044 —

443 3129 567 3175 ayant
601 3123 670 3161 des
708 3116 902 3157 relations
939 3123 1046 3150 assez
1077 3104 1272 3147 étendues
1311 3112 1416 3151 pour
1453 3097 1510 3136 lui
1550 3091 1651 3131 faire
1687 3088 1920 3126 contracter
1957 3091 2038 3118 une
2076 3073 2206 3116 union

444 3175 698 3218 convenable
721 3185 730 3218 ;
765 3169 868 3208 mais
902 3170 1004 3206 cette
1039 3161 1316 3202 intervention
1351 3154 1450 3192 d’un
1493 3150 1588 3188 tiers
1622 3139 1818 3182 bénévole
1859 3137 1963 3175 n’est
2003 3143 2073 3181 pas
2115 3138 2210 3165 sans

449 3235 658 3281 présenter
684 3227 734 3266 de
764 3234 907 3270 graves
939 3215 1267 3257 inconvénients,
1300 3211 1395 3249 dont
1430 3206 1466 3244 le
1497 3199 1687 3241 moindre
1718 3191 1895 3233 consiste
1924 3191 1945 3228 à
1977 3180 2212 3235 apprendre

449 3286 605 3326 bientôt
646 3293 726 3332 que
756 3275 1021 3323 l’obligeante
1062 3278 1265 3317 personne
1300 3261 1435 3306 répète
1470 3272 1488 3295 «
1511 3255 1600 3294 urhi
1637 3257 1672 3291 et
1711 3248 1799 3288 orbi
1823 3260 1840 3283 »
1885 3254 1974 3293 que,
2021 3251 2113 3277 sans
2153 3245 2213 3272 ses

448 3337 690 3381 démarches
717 3332 916 3375 réitérées,
946 3329 983 3366 la
1006 3328 1133 3374 jeune
1159 3321 1255 3366 fille,
1286 3318 1384 3355 dont
1412 3314 1486 3352 elle
1511 3324 1531 3350 a
1558 3309 1583 3345 h
1603 3318 1651 3344 en
1679 3303 1804 3344 voulu
1830 3298 2053 3343 s’occuper,
2081 3287 2216 3328 aurait

451 3394 569 3435 coiffé
598 3384 990 3431 Sainte-Catherine.
