2472 3696
1103 370 1153 409 —
1183 370 1207 409 2
1236 393 1287 398 —

311 568 587 612 TROIS
636 566 916 609 MOIS.,
982 565 1012 604 -i
1031 563 1075 601 5
1135 575 1154 601 »
1187 563 1191 601 I
1229 560 1357 605 SIX
1398 558 1841 601 MOIS.
1904 553 1999 595 25
2058 563 2078 589 »

308 621 676 669 QUATRE
709 619 925 661 MOIS
983 617 1079 658 ^18
1139 629 1158 654 »
1187 602 1193 656 I
1233 616 1343 657 UN
1410 615 1841 654 AN.
1906 606 2001 648 A5
2059 618 2079 642 »

354 718 702 752 L’abonnement
722 719 870 749 donne
893 713 1012 748 droit
1035 722 1042 745 :

364 780 401 813 |o
432 780 459 811 a
481 775 724 811 l’insertion
746 774 877 808 d’une
910 779 1114 807 annonce
1139 773 1191 805 de
1213 770 1272 805 30
1298 771 1425 804 mots.
1448 769 1473 802 Il
1498 768 1566 801 est
1598 772 1734 807 perçu
1762 762 1866 798 0.20
1888 770 1970 804 par
1995 763 2084 795 mot

309 824 695 868 supplémentaire
721 824 764 857 et
785 821 809 855 2
836 821 881 854 fr
933 828 1047 861 pour
1069 817 1368 860 changement
1390 817 1414 849 d
1434 822 1636 849 annonce
1660 814 1774 847 dans
1801 813 1839 845 le
1867 817 2005 844 cours
2026 810 2081 842 de

309 875 319 907 i
338 873 640 908 «bonnement
688 871 766 904 Les
789 868 993 902 abonnés
1018 866 1229 901 désireux
1252 868 1305 898 de
1332 872 1386 897 ne
1412 871 1493 905 pas
1518 862 1677 895 mettre
1700 861 1948 893 d’annonce
1980 864 2083 897 per¬

309 921 512 956 sonnelle
534 921 695 961 payent
717 926 774 951 un
796 914 1081 957 supplément
1103 915 1156 948 de
1179 914 1202 947 2
1225 912 1286 947 fr.
1315 920 1400 952 par
1421 910 1556 951 mois;

355 981 398 1014 2°
419 984 445 1013 A
476 979 631 1014 l’envoi
661 977 828 1018 gratuit
852 981 906 1008 du
928 974 1132 1017 journal;

353 1041 399 1074 3°
421 1041 480 1073 Au
505 1038 684 1073 service
704 1037 758 1070 de
789 1037 826 1069 la
853 1035 1269 1074 correspondance.

356 1101 472 1133 Peur
509 1097 756 1133 s’abonner
777 1102 986 1132 envoyer,
1011 1102 1062 1126 en
1102 1092 1286 1126 mandat
1318 1098 1372 1123 ou
1415 1090 1497 1122 bon
1540 1088 1681 1131 poste,
1717 1087 1755 1119 le
1793 1085 1993 1118 montant
2024 1082 2080 1115 de

303 1147 316 1190 j
334 1147 638 1181 abonnement
689 1141 841 1178 désiré
883 1150 935 1175 en
970 1141 1172 1175 donnant
1197 1141 1233 1173 le
1254 1141 1370 1172 texte
1399 1138 1452 1171 de
1485 1137 1493 1169 I
1511 1141 1713 1169 annonce
1744 1131 1767 1166 à
1794 1130 1976 1166 insère-
2006 1129 2079 1170 qui

304 1195 396 1229 doit
415 1195 513 1228 être
538 1190 637 1226 très
657 1192 877 1225 correcte.

354 1255 409 1287 En
435 1254 593 1286 retour
615 1248 817 1284 l’abonné
853 1248 993 1289 reçoit
1017 1249 1067 1280 d;
1089 1247 1206 1280 suite
1232 1254 1287 1278 un
1314 1242 1503 1278 numéro
1525 1242 1708 1276 d’ordre
1731 1240 1803 1280 qui
1829 1239 1884 1271 lui
1907 1236 2080 1278 permet

307 1302 363 1335 de
390 1299 731 1339 correspondre
759 1304 868 1329 avec
895 1298 960 1329 les
982 1299 1141 1328 autres
1173 1292 1391 1326 abonnés.

346 1424 901 1497 MANIÈRE
942 1437 1046 1490 de
1084 1426 2048 1492 CORRESPONDRE

355 1579 522 1615 Insérez
553 1578 590 1612 la
629 1577 751 1613 lettre
781 1573 970 1610 destinée
999 1572 1022 1608 à
1051 1572 1216 1617 chaque
1244 1569 1412 1605 abonné
1443 1569 1543 1604 dont
1571 1576 1679 1603 vous
1715 1575 1815 1600 avez
1851 1562 2079 1609 remarqué

306 1627 526 1663 l’annonce
549 1625 652 1660 dans
670 1633 753 1659 une
775 1621 1010 1666 enveloppe
1029 1630 1104 1655 sur
1121 1618 1304 1664 laquelle
1326 1626 1435 1654 vous
1462 1614 1672 1651 inscrivez
1694 1613 1780 1649 très
1804 1609 2079 1651 lisiblement,

306 1676 330 1711 à
369 1673 566 1711 l’endroit
596 1671 648 1708 où
682 1671 772 1707 doit
810 1669 901 1705 être
942 1667 1048 1703 collé
1089 1667 1125 1702 le
1158 1665 1326 1708 timbre,
1365 1665 1402 1699 le
1439 1664 1616 1699 numéro
1654 1662 1705 1697 de
1737 1661 1775 1696 la
1812 1667 2025 1706 personne
2061 1657 2086 1692 à

307 1721 491 1768 laquelle
514 1720 591 1757 elle
611 1719 676 1755 est
698 1716 903 1754 destinée.

352 1770 524 1816 Joignpz
544 1767 712 1804 ensuite
729 1766 839 1802 cette
861 1773 916 1800 ou
941 1772 1010 1798 ces
1040 1761 1302 1806 enveloppes
1322 1760 1348 1795 à
1370 1768 1427 1793 un
1450 1757 1566 1793 billet
1589 1756 1762 1802 portant
1787 1755 1907 1791 votre
1930 1761 2085 1798 propre

306 1817 485 1854 numéro
513 1825 614 1851 avec
635 1823 709 1849 vos
746 1822 844 1848 nom
883 1812 925 1847 et
957 1810 1129 1846 adresse
1160 1816 1206 1845 —
1246 1807 1350 1844 ceci
1378 1803 1480 1842 afin
1509 1807 1565 1842 de
1588 1813 1708 1840 nous
1734 1802 2003 1847 permettre
2025 1800 2084 1836 de

305 1873 428 1901 nous
451 1871 660 1900 assurer
694 1862 752 1896 de
784 1855 1142 1895 l’authenticité
1175 1858 1262 1892 des
1303 1851 1623 1896 expéditeurs
1646 1872 1691 1876 —
1713 1855 1753 1885 et
1787 1850 2018 1886 contenant
2046 1847 2085 1883 la

307 1921 473 1949 somme
508 1908 749 1946 nécessaire
779 1907 802 1942 à
828 1905 1275 1943 l'affranchissement.
1311 1901 1474 1939 Glissez
1503 1902 1538 1935 le
1568 1901 1663 1935 tout
1690 1898 1795 1934 dans
1834 1905 1917 1932 une
1962 1897 2085 1931 autre

306 1958 542 2003 enveloppe
555 1966 638 2002 que
651 1965 756 1992 vous
776 1963 974 2000 envoyez,
993 1951 1240 1992 aftranchie,
1262 1950 1285 1985 à
1307 1949 1317 1984 1
1322 1948 1707 1986 'Intermédiaire
1723 1945 1785 1982 du
1808 1945 1959 1990 Foyer
1964 1970 1972 1986 ,
1997 1941 2083 1988 qui,

306 2006 494 2043 aussitôt
514 2014 630 2048 reçu,
655 2006 749 2039 Iran
780 2003 867 2038 met
886 2000 922 2036 le
940 2002 1126 2035 contenu
1153 2008 1236 2034 aux
1258 1995 1509 2033 intéressés.

355 2055 407 2090 La
435 2051 666 2088 discrétion
703 2051 739 2085 la
780 2050 876 2094 plus
906 2047 1079 2083 absolue
1111 2055 1155 2082 se
1198 2047 1351 2081 trouve
1389 2043 1497 2080 ainsi
1537 2041 1725 2082 assurée,
1766 2040 1826 2076 les
1857 2035 2086 2074 intéressés

305 2103 435 2147 ayant
470 2099 560 2136 seul
598 2101 634 2134 la
669 2096 822 2134 faculté
867 2095 916 2131 de
951 2095 1052 2130 faire
1098 2092 1313 2129 connaître
1358 2092 1381 2126 à
1414 2091 1527 2127 leurs
1561 2087 1926 2133 correspondants
1972 2085 2087 2120 leurs

307 2158 431 2186 noms
459 2150 499 2183 et
527 2147 749 2188 adresses;
780 2144 829 2179 de
854 2145 967 2184 sorte
999 2151 1092 2186 que,
1118 2141 1152 2177 si
1183 2139 1307 2185 après
1334 2148 1390 2174 un
1419 2137 1608 2183 échange
1635 2146 1689 2172 ou
1720 2134 1832 2171 deux
1853 2133 1904 2169 de
1926 2132 2086 2174 lettres,

306 2197 368 2234 les
397 2198 506 2231 deux
528 2194 658 2239 partis
681 2190 923 2228 constatent
943 2189 1064 2234 qu’ils
1087 2197 1137 2224 ne
1158 2190 1343 2229 peuvent
1372 2195 1416 2221 se
1437 2183 1642 2221 convenir
1663 2184 1689 2219 il
1716 2181 1807 2217 leur
1830 2182 1895 2217 est
1923 2178 2088 2215 loisible

305 2244 356 2280 de
395 2253 540 2280 cesser
577 2242 670 2277 leur
703 2248 798 2274 corr
826 2237 1082 2282 spondance,
1120 2236 1230 2273 tout
1267 2243 1327 2270 en
1368 2232 1569 2270 restant
1614 2230 1856 2267 inconnus
1896 2227 1992 2264 l’un
2029 2227 2088 2262 de

304 2292 496 2329 l’autre.
521 2291 574 2326 De
604 2286 756 2324 même,
778 2285 883 2324 dans
906 2285 942 2319 le
963 2294 1034 2320 cas
1056 2284 1283 2323 contraire,
1313 2281 1368 2317 ils
1401 2281 1584 2326 peuvent
1604 2289 1647 2315 se
1669 2279 1837 2315 donner
1859 2275 2089 2312 mutuelle¬

305 2345 420 2376 ment
453 2338 545 2373 leur
583 2335 754 2371 adresse
795 2331 936 2379 quand
975 2332 1025 2368 ils
1069 2332 1104 2366 le
1140 2331 1284 2375 jugent
1326 2329 1348 2364 à
1384 2336 1539 2373 propos
1561 2328 1604 2363 et
1637 2324 1955 2369 correspondre
1978 2321 2086 2358 ainsi

308 2386 589 2423 directement
610 2381 813 2424 entr'eux,
839 2389 938 2416 sans
963 2388 1113 2425 passer
1136 2388 1211 2422 par
1234 2374 1584 2417 l’intermédiaire
1606 2373 1658 2409 du
1679 2372 1862 2419 journal.

604 2528 1181 2586 OBSERVATION
1257 2522 1780 2579 IMPORTANTE

357 2677 381 2711 I.
403 2675 476 2708 Nul
497 2681 548 2706 ne
563 2673 667 2709 peut
682 2669 857 2703 utidsen
874 2670 939 2702 les
956 2666 1162 2701 services
1179 2667 1235 2700 du
1262 2663 1439 2706 journal
1458 2670 1569 2697 sans
1589 2661 1686 2695 être
1700 2656 1886 2693 abonné.
1910 2659 2089 2692 Aucune

310 2720 709 2762 correspondance
742 2724 878 2758 reçue
907 2716 1008 2749 d’un
1046 2714 1219 2747 lecteur
1252 2711 1541 2745 occasionnel
1582 2717 1633 2743 ne
1656 2715 1764 2742 sera
1796 2707 1913 2740 donc
1938 2706 2092 2740 trans¬

313 2773 426 2805 mise
449 2767 472 2802 à
503 2776 558 2801 un
590 2763 778 2799 abonné.

357 2830 404 2866 II.
439 2829 491 2861 La
516 2826 729 2868 politesse
755 2824 897 2865 oblige
927 2823 1021 2856 tout
1044 2817 1221 2854 abonné
1249 2819 1471 2852 recevant
1492 2824 1579 2850 une
1603 2816 1735 2849 lettre
1756 2811 1826 2854 d’y
1849 2812 2090 2846 réoondre.

312 2879 391 2911 Les
414 2880 672 2918 personnes
700 2869 867 2912 gênées
899 2869 1015 2910 pour
1042 2869 1079 2902 le
1107 2867 1223 2901 faire
1255 2866 1458 2906 peuvent
1487 2861 1752 2897 s’adresser
1778 2859 1802 2893 à
1834 2867 1947 2895 nous
1977 2867 2091 2900 pour

310 2925 406 2958 cela
428 2931 481 2957 en
515 2922 678 2964 payant
699 2918 803 2954 0.50
826 2926 911 2958 par
933 2918 1060 2950 lettre
1082 2913 1107 2949 à
1129 2921 1341 2955 envoyer.

356 2983 413 3017 III.
450 2985 580 3016 Toute
602 2979 821 3016 demande
846 2979 898 3011 de
934 2974 1329 3017 renseignements
1363 2970 1453 3004 doit
1491 2969 1588 3003 être
1630 2965 1960 3009 accompagnée
1984 2964 2084 2999 d’un

308 3030 472 3066 timbre
495 3037 610 3070 pour
636 3030 674 3062 la
706 3026 914 3068 réponse.

358 3091 409 3125 IV.
441 3086 522 3123 Dès
550 3086 681 3127 qu’un
720 3081 896 3120 abonné
937 3084 1007 3117 est
1038 3089 1091 3114 en
1133 3080 1231 3114 voie
1260 3079 1311 3112 de
1362 3081 1562 3117 mariage
1593 3074 1617 3107 il
1653 3082 1678 3109 a
1719 3073 1881 3109 intérêt
1908 3071 1933 3107 à
1967 3072 2085 3107 faire

311 3137 573 3179 supprimer
605 3143 686 3169 son
721 3138 925 3166 annonce
959 3129 1051 3163 afin
1083 3129 1136 3162 de
1160 3125 1343 3162 s’éviter
1381 3125 1435 3157 de
1459 3121 1667 3157 recevoir
1699 3122 1779 3157 des
1813 3127 2085 3162 correspon¬

312 3186 484 3219 dances
507 3183 709 3217 inutiles.

358 3246 402 3280 V.
440 3242 533 3277 Afin
569 3240 755 3276 d’éviter
782 3238 865 3272 des
905 3243 1101 3271 erreurs
1131 3236 1177 3268 et
1214 3236 1265 3267 de
1299 3232 1496 3266 faciliter
1532 3230 1597 3264 les
1633 3229 1925 3268 recherches,
1962 3227 1988 3260 il
2017 3227 2088 3262 est

313 3288 632 3326 recommandé
653 3296 737 3322 aux
771 3282 977 3320 abonnés
1012 3281 1217 3317 écrivant
1252 3278 1277 3315 à
1310 3280 1351 3314 la
1384 3278 1602 3313 Direction
1640 3279 1695 3312 de
1725 3276 1934 3318 toujours
1969 3273 2087 3309 faire

314 3340 470 3376 suivre
492 3339 617 3372 leurs
641 3344 738 3371 nom
764 3335 806 3368 et
826 3334 1023 3367 adresse
1045 3330 1101 3364 de
1128 3329 1229 3363 leur
1250 3324 1441 3361 numéro
1463 3323 1658 3360 d’ordre.

2221 3543 2290 3695 I
