2472 3696
776 398 1768 444 ABOIVIVBMBIVTS

396 485 673 533 TROIS
720 488 1001 533 MOIS...
1065 489 1160 531 *15
1217 502 1237 528 »
1268 489 1274 531 I
1311 489 1442 533 SIX
1478 486 1922 531 MOIS.
1985 484 2080 528 25
2139 496 2159 524 »

393 543 761 590 QUATRE
792 544 1008 587 MOIS
1066 542 1163 586 *18
1219 557 1240 583 »
1270 527 1275 586 I
1315 544 1425 586 UN
1490 545 1922 585 AN.
1987 539 2081 582 45
2140 552 2158 576 »

440 640 787 675 L’abonnement
806 640 953 674 donne
977 638 1095 674 droit
1118 648 1126 673 :

447 699 484 733 1°
513 700 542 734 A
563 698 806 734 l’Insertion
828 699 957 733 d’une
989 706 1194 734 annonce
1218 700 1271 734 de
1293 697 1351 734 30
1376 700 1502 734 mots.
1525 698 1550 733 Il
1575 698 1644 732 est
1673 695 1811 739 prévu
1839 695 1943 731 0.20
1966 703 2049 737 par
2073 697 2162 730 mot

391 744 777 789 supplémentaire
802 748 846 782 et
866 746 890 780 2
917 746 976 781 fr.
1013 755 1128 788 pour
1150 748 1446 789 changement
1468 745 1714 780 d'annonce
1737 746 1852 779 dans
1878 746 1916 779 le
1944 752 2082 778 cours
2104 744 2159 778 de

392 796 403 830 i
421 796 740 830 abonnement.
770 795 848 829 Les
870 795 1075 829 abonnés
1097 793 1312 830 désireux
1333 797 1386 829 de
1412 802 1466 829 ne
1490 802 1572 835 pas
1595 794 1755 828 mettre
1778 793 2026 827 d’annonce
2058 799 2160 833 per¬

391 843 595 878 sonnelle
616 845 777 886 payent
798 850 854 877 un
876 840 1163 885 supplément
1183 843 1237 878 de
1259 842 1283 876 2
1305 842 1367 879 fr.
1396 849 1481 884 par
1502 841 1639 884 mois;

440 902 484 937 2°
503 905 532 937 A
561 901 717 938 l’envoi
745 902 913 944 gratuit
934 905 989 936 du
1010 901 1188 945 journal
1206 910 1216 944 ;

439 962 485 996 3°
506 963 566 997 Au
590 962 770 998 service
789 961 843 996 de
873 961 912 996 la
936 963 1353 1004 correspondance.

441 1021 558 1057 Pour
594 1021 840 1057 s’abonner
859 1029 1070 1063 envoyer,
1092 1029 1145 1056 en
1184 1022 1366 1056 mandat
1397 1028 1450 1055 ou
1490 1021 1573 1055 bon
1614 1021 1756 1065 poste,
1795 1020 1832 1054 le
1869 1020 2069 1053 montant
2103 1018 2159 1053 de

388 1068 403 1113 j
420 1070 724 1105 abonnement
773 1068 927 1105 désiré
967 1078 1019 1104 en
1054 1070 1256 1105 donnant
1278 1070 1315 1104 le
1335 1071 1450 1105 texte
1478 1070 1532 1104 de
1565 1069 1573 1103 I
1590 1075 1793 1103 annonce
1823 1064 1847 1101 à
1873 1064 2058 1102 Insérer
2085 1066 2159 1107 qui

391 1117 482 1153 doit
500 1118 599 1153 être
624 1116 721 1153 très
741 1119 962 1153 correcte.

441 1177 497 1212 En
521 1178 680 1212 retour
701 1175 904 1211 l’abonné
937 1176 1079 1220 reçoit
1099 1177 1153 1211 de
1173 1178 1291 1212 suite
1316 1185 1371 1211 un
1397 1174 1584 1211 numéro
1606 1175 1787 1211 d’ordre
1810 1174 1883 1217 qui
1909 1173 1964 1209 lui
1986 1174 2161 1216 permet

391 1225 448 1261 de
474 1227 816 1267 correspondre
843 1232 951 1259 avec
978 1227 1043 1259 les
1066 1229 1225 1260 autres
1257 1223 1475 1260 abonnés.

429 1351 987 1425 MANIÈRE
1025 1367 1131 1423 de
1169 1365 2131 1427 CORRESPONDRE

441 1504 608 1542 Insérez
636 1505 677 1542 la
712 1505 837 1542 lettre
864 1503 1055 1541 destinée
1083 1503 1106 1539 à
1135 1504 1299 1551 chaque
1327 1503 1492 1540 abonné
1522 1504 1623 1540 dont
1651 1512 1758 1540 vous
1795 1511 1895 1539 avez
1931 1501 2160 1548 remarqué

392 1552 612 1591 l’annonce
634 1553 739 1590 dans
755 1562 839 1589 une
859 1552 1095 1598 enveloppe
1113 1561 1188 1588 sur
1206 1552 1388 1598 laquelle
1408 1561 1516 1589 vous
1542 1551 1752 1588 inscrivez
1775 1549 1861 1587 très
1884 1550 2158 1591 lisiblement,

392 1602 417 1638 à
454 1601 652 1638 l’endroit
680 1600 734 1638 où
767 1600 856 1637 doit
895 1599 986 1637 être
1024 1599 1131 1637 collé
1172 1600 1208 1636 le
1242 1600 1407 1645 timbre,
1445 1600 1481 1636 le
1517 1600 1694 1636 numéro
1732 1599 1782 1635 de
1814 1599 1852 1635 la
1889 1607 2101 1645 personne
2137 1597 2160 1633 à

393 1649 578 1696 laquelle
600 1649 678 1686 elle
697 1649 764 1686 est
784 1647 991 1685 destinée.

439 1698 610 1743 Joignez
630 1697 797 1734 ensuite
815 1698 926 1733 cette
947 1705 1002 1732 ou
1025 1705 1094 1732 ces
1125 1696 1384 1743 enveloppes
1405 1695 1428 1731 à
1449 1704 1506 1730 un
1528 1693 1645 1731 billet
1667 1694 1838 1741 portant
1863 1694 1983 1730 votre
2004 1702 2158 1739 propre

391 1746 572 1781 numéro
599 1754 699 1782 avec
718 1753 795 1782 vos
832 1753 931 1780 nom
969 1744 1010 1780 et
1041 1744 1214 1780 adresse
1243 1752 1290 1780 —
1328 1743 1430 1781 ceci
1456 1740 1559 1780 afin
1585 1744 1643 1780 de
1664 1752 1785 1779 nous
1810 1742 2079 1786 permettre
2101 1741 2160 1777 de

392 1801 516 1830 nous
538 1801 748 1829 assurer
780 1792 838 1828 de
867 1790 1227 1829 l’authenticité
1259 1794 1345 1828 des
1385 1789 1702 1835 expéditeurs
1724 1810 1768 1816 —
1789 1794 1830 1825 et
1863 1789 2095 1826 contenant
2122 1789 2161 1824 la

392 1849 558 1877 somme
592 1840 834 1876 nécessaire
863 1839 887 1875 à
912 1839 1356 1876 l’affranchissement.
1392 1840 1552 1876 Glissez
1579 1840 1614 1874 le
1646 1840 1739 1874 tout
1767 1837 1871 1874 dans
1909 1846 1992 1872 une
2038 1838 2159 1872 autre

391 1888 627 1934 enveloppe
641 1897 724 1934 que
736 1895 842 1924 vous
859 1895 1059 1933 envoyez,
1077 1887 1323 1930 affranchie,
1344 1886 1367 1922 à
1388 1886 1400 1922 l
1403 1886 1784 1924 ’Intermédiaire
1799 1885 1860 1922 du
1882 1885 2035 1930 Foyer
2039 1911 2047 1928 ,
2071 1883 2157 1930 qui,

392 1936 579 1972 aussitôt
599 1945 716 1979 reçu,
739 1936 950 1971 transmet
969 1936 1004 1970 le
1022 1937 1208 1971 contenu
1236 1944 1318 1971 aux
1338 1933 1584 1971 intéressés.

442 1984 495 2019 La
520 1982 754 2019 discrétion
785 1982 825 2018 la
863 1983 960 2028 plus
989 1981 1163 2018 absolue
1191 1991 1238 2019 se
1280 1984 1429 2019 trouve
1466 1981 1574 2018 ainsi
1612 1979 1798 2022 assurée,
1838 1979 1899 2015 les
1928 1977 2157 2015 intéressés

390 2032 521 2076 ayant
555 2030 646 2066 seul
681 2031 720 2066 la
753 2029 907 2066 faculté
949 2029 1000 2065 de
1033 2029 1136 2066 faire
1178 2029 1394 2066 connaître
1433 2030 1457 2065 à
1489 2029 1602 2065 leurs
1635 2028 1996 2073 correspondants
2043 2026 2158 2062 leurs

392 2087 517 2115 noms
545 2080 586 2114 et
612 2078 809 2115 adresses
827 2088 836 2121 ;
864 2076 915 2114 de
938 2079 1051 2113 sorte
1082 2086 1176 2122 que,
1199 2077 1236 2113 si
1265 2075 1389 2123 après
1413 2087 1468 2113 un
1497 2075 1682 2122 échange
1711 2085 1765 2112 ou
1794 2075 1905 2111 deux
1926 2075 1977 2111 de
1998 2074 2158 2118 lettres,

392 2125 454 2162 les
481 2127 593 2162 deux
611 2125 745 2172 partis
765 2124 1007 2161 constatent
1026 2124 1147 2170 qu’ils
1170 2134 1221 2160 ne
1239 2128 1423 2170 peuvent
1448 2133 1492 2160 se
1514 2123 1717 2160 convenir
1738 2123 1765 2158 il
1789 2122 1881 2158 leur
1903 2123 1967 2159 est
1995 2121 2159 2158 loisible

392 2173 444 2209 de
482 2183 625 2210 cesser
663 2173 756 2209 leur
788 2171 1166 2217 correspondance,
1202 2172 1312 2209 tout
1348 2181 1408 2208 en
1445 2172 1645 2208 restant
1688 2170 1927 2207 inconnus
1968 2168 2062 2206 l’un
2101 2170 2158 2205 de

391 2222 585 2259 l’autre.
606 2222 661 2257 De
689 2219 842 2262 même,
862 2218 968 2255 danà
990 2219 1026 2254 le
1047 2228 1118 2256 cas
1139 2220 1364 2262 contraire,
1394 2220 1445 2255 ils
1478 2220 1659 2265 peuvent
1678 2228 1722 2254 se
1743 2219 1908 2254 donner
1930 2217 2159 2253 mutuelle¬

392 2274 509 2305 ment
538 2269 632 2304 leur
670 2266 841 2304 adresse
880 2266 1021 2313 quand
1060 2267 1110 2303 ils
1151 2268 1188 2304 le
1217 2269 1366 2314 jugent
1407 2267 1428 2302 à
1461 2275 1615 2313 propos
1638 2268 1679 2302 et
1713 2265 2026 2312 correspondre
2049 2264 2158 2301 ainsi

392 2317 674 2353 directement
693 2313 897 2358 entr’eux,
923 2323 1021 2351 sans
1043 2324 1195 2361 passer
1216 2325 1293 2362 par
1313 2314 1660 2351 l’intermédiaire
1680 2313 1736 2350 du
1754 2313 1938 2360 journal.

689 2467 1263 2525 OBSERVATION
1335 2465 1859 2523 IMPORTANTE

443 2606 466 2642 I.
487 2606 562 2641 Nui
580 2614 631 2642 ne
645 2605 750 2647 peut
765 2604 939 2641 utiliser
955 2606 1020 2641 les
1036 2604 1244 2641 services
1259 2607 1316 2641 du
1335 2603 1512 2648 journal
1530 2610 1642 2640 sans
1659 2603 1757 2639 être
1771 2600 1957 2638 abonné.
1980 2602 2160 2637 Aucune

393 2654 792 2695 correspondance
825 2660 960 2696 reçue
989 2654 1089 2689 d’un
1127 2654 1300 2689 lecteur
1331 2651 1611 2688 occasionnel
1650 2660 1703 2687 ne
1726 2659 1833 2687 sera
1864 2652 1980 2686 donc
2007 2651 2161 2686 trans¬

396 2705 510 2739 mise
532 2700 556 2737 à
587 2710 642 2735 un
672 2698 860 2735 abonné.

442 2763 488 2799 II.
523 2761 577 2796 La
600 2760 813 2803 politesse
840 2760 982 2804 oblige
1010 2762 1104 2797 tout
1126 2757 1304 2796 abonné
1328 2760 1540 2795 recevant
1562 2767 1649 2794 une
1672 2759 1804 2794 lettre
1825 2756 1895 2801 d’y
1919 2756 2159 2798 répondre.

395 2813 476 2847 Les
499 2816 757 2853 personnes
784 2806 952 2850 gênées
983 2817 1098 2851 pour
1125 2809 1163 2843 le
1188 2808 1306 2843 faire
1334 2807 1527 2849 peuvent
1555 2805 1820 2849 s’adresser
1846 2805 1871 2840 à
1902 2813 2016 2841 nous
2047 2813 2162 2848 pour

395 2859 490 2894 cela
513 2866 565 2893 en
601 2860 764 2900 payant
785 2856 887 2892 0.50
910 2864 994 2898 par
1015 2857 1143 2891 lettre
1165 2854 1190 2891 à
1211 2863 1422 2899 envoyer.

443 2918 500 2953 III.
534 2920 668 2953 Toute
687 2915 909 2952 demande
931 2916 986 2950 de
1019 2915 1416 2959 renseignements
1436 2912 1527 2949 doit
1562 2913 1660 2949 être
1699 2909 2030 2957 accompagnée
2054 2910 2155 2948 d'un

393 2963 557 3000 timbre
581 2973 695 3008 pour
722 2965 761 3000 la
790 2961 998 3006 réponse.

441 3023 494 3059 IV.
524 3022 606 3059 Dès
632 3023 765 3067 qu’un
802 3019 981 3058 abonné
1019 3023 1090 3058 est
1121 3029 1174 3057 en
1216 3022 1314 3059 voie
1340 3022 1395 3057 de
1435 3025 1637 3063 mariage
1667 3018 1691 3054 il
1727 3027 1751 3056 a
1793 3019 1955 3056 intérêt
1982 3017 2006 3055 à
2041 3018 2159 3055 faire

393 3071 658 3115 supprimer
687 3079 769 3108 son
803 3078 1008 3106 annonce
1041 3069 1134 3106 afin
1165 3071 1219 3107 de
1242 3079 1265 3107 s
1281 3068 1423 3106 éviter
1454 3069 1508 3105 de
1532 3068 1741 3104 recevoir
1772 3069 1853 3104 des
1888 3075 2160 3111 correspon¬

394 3120 566 3156 dances
588 3119 791 3157 inutiles.

442 3179 487 3217 V.
519 3177 614 3214 Afin
649 3176 837 3214 d’éviter
862 3177 945 3213 des
984 3186 1179 3214 erreurs
1209 3180 1254 3214 et
1290 3180 1342 3213 de
1373 3175 1570 3212 faciliter
1605 3175 1669 3212 les
1704 3176 1996 3217 recherches,
2030 3173 2057 3209 Il
2088 3175 2160 3210 est

395 3225 713 3263 recommandé
733 3234 819 3262 aux
849 3225 1055 3262 abonnés
1088 3224 1292 3262 écrivant
1326 3222 1350 3261 à
1385 3225 1424 3260 la
1456 3223 1674 3260 Direction
1713 3227 1766 3259 de
1795 3223 2003 3267 toujours
2040 3221 2157 3257 faire

370 3275 529 3313 suUre
551 3275 678 3311 leurs
701 3282 804 3311 nom
826 3276 869 3310 et
887 3276 1085 3311 adresse
1108 3274 1163 3309 de
1191 3274 1290 3310 leur
1311 3269 1501 3309 numéro
1522 3271 1721 3308 d’ordre.
