2472 3696
1178 299 1229 339 —
1260 300 1307 339 1(3
1340 324 1388 328 —

510 584 929 641 AVIS

1019 585 2059 644 IMPORTANT

448 961 571 1005 Nous
598 963 763 1014 prions
791 971 876 1007 nos
903 964 1110 1008 abonnés
1140 966 1251 1010 dont
1275 967 1617 1011 l’abonnement
1647 967 1806 1018 expire
1836 968 1951 1011 dans
1986 967 2028 1010 le
2057 974 2168 1010 cou¬

394 1047 505 1089 rant
549 1046 609 1089 du
638 1047 772 1098 mois,
802 1048 851 1090 et
887 1049 972 1100 qui
1012 1048 1229 1092 désirent
1276 1051 1521 1094 continuer
1561 1050 1589 1094 à
1624 1051 1812 1094 utiliser
1843 1052 1913 1094 les
1960 1050 2168 1094 services

394 1130 448 1173 de
485 1123 947 1175 L’INTERMÉDIAIRE
981 1133 1055 1176 DU
1088 1133 1260 1177 FOYER
1305 1136 1358 1177 de
1404 1134 1584 1178 vouloir
1622 1135 1731 1178 bien
1760 1143 1883 1179 nous
1908 1134 2030 1178 faire
2053 1136 2167 1185 part

391 1213 447 1256 de
497 1216 602 1257 leur
652 1214 858 1259 décision
917 1218 1061 1259 avant
1107 1218 1149 1259 le
1196 1216 1260 1261 25
1307 1218 1415 1269 juin
1460 1226 1582 1270 pour
1642 1226 1760 1261 nous
1804 1220 2064 1269 permettre
2114 1219 2168 1261 de

390 1297 642 1341 maintenir
666 1297 769 1342 leur
793 1306 1000 1343 annonce
1028 1301 1147 1343 dans
1174 1301 1309 1344 notre
1337 1303 1530 1345 numéro
1563 1301 1617 1344 de
1636 1301 1799 1353 juillet
1831 1301 1977 1345 1920.

1492 1693 1619 1737 V.-J.
1657 1692 1988 1740 PELISSIER

582 1837 1023 1875 Conseils
1078 1838 1393 1877 XJTtiles

1090 1966 1340 2003 pour
1393 1959 1482 1996 le
1536 1960 1972 2006 Mariage

659 2113 686 2146 a
716 2105 902 2155 l’usage
932 2106 1012 2149 des
1035 2106 1208 2157 jeunes
1240 2109 1376 2152 Filles
1401 2110 1451 2151 et
1481 2113 1562 2151 des
1579 2108 1755 2160 jeunes
1782 2111 1900 2154 Gens

748 2390 1116 2446 GUIDE
1192 2392 1806 2461 PRATIQUE

1221 2509 1265 2536 DD
1273 2510 1327 2537 TJ

397 2594 1109 2731 BONHEUR
1201 2599 1413 2792 JEN
1549 2576 2157 2737 MÉNAGE

774 2879 1212 2945 FORMALITÉS
1257 2891 1340 2944 ET
1382 2892 1753 2947 CONTRATS

465 3092 532 3135 En
566 3099 697 3135 vente
729 3096 753 3136 à
787 3095 1166 3136 VIntermédiaire
1196 3097 1254 3137 du
1285 3098 1457 3150 Foyer.
1500 3098 1550 3136 —
1598 3098 1769 3138 PRIX
1808 3110 1818 3136 :
1850 3100 1897 3141 2
1928 3100 2073 3140 francs

651 3176 894 3219 FRANCO
930 3184 1054 3231 poste
1092 3180 1558 3223 recommandé.
1597 3180 1645 3223 2
1664 3180 1719 3223 fr.
1744 3182 1838 3224 70

383 3307 521 3335 Anciens
538 3299 802 3336 Établissements
823 3307 1063 3338 LEGENDRE,
1089 3316 1135 3342 14,
1159 3317 1213 3335 rue
1234 3309 1479 3341 Bellecordière,
1502 3310 1599 3345 Lyon.
1664 3311 1697 3337 Le
1712 3311 1993 3339 Direeteur-Gérant
2031 3310 2146 3338 LA.LOY
