2472 3696
308 660 2148 908 L’INTERMÉDIAIRE

778 1046 1010 1150 DU
1086 1042 1646 1150 FOYER

646 1354 1094 1446 RECUEIL
1154 1354 1818 1446 ANNONCES

814 1524 1081 1577 Paraissant
1109 1524 1145 1576 le
1175 1543 1198 1577 I
1206 1533 1234 1549 er
1260 1524 1312 1576 de
1337 1523 1501 1593 chaque
1526 1526 1641 1577 mois

454 1796 681 1865 235,
748 1799 935 1852 Rue
999 1797 1435 1853 Vendôme

1677 1795 2007 1854 LYON

518 2538 584 2582 Ce
605 2541 840 2597 journal
880 2546 961 2584 est
990 2543 1187 2597 envoyé
1223 2541 1417 2598 franco
1458 2557 1585 2586 sous
1612 2544 1696 2600 pli
1726 2541 1947 2586 cacheté
1980 2539 2015 2583 à

457 2617 598 2658 toute
631 2627 904 2675 personne
942 2620 1033 2675 qui
1071 2633 1133 2662 en
1174 2619 1275 2671 fait
1324 2619 1380 2661 la
1424 2619 1687 2663 demande
1728 2631 2015 2675 accompa¬

453 2693 585 2746 gnée
613 2694 674 2736 de
705 2708 804 2737 son
836 2700 1086 2739 montant
1114 2694 1283 2753 (0.75)
1305 2696 1431 2754 plus
1464 2696 1592 2742 0.25
1618 2711 1768 2755 pour
1799 2698 1844 2740 le
1872 2698 2013 2753 port.

898 2142 1032 2176 Très
1064 2139 1272 2189 grande
1305 2137 1560 2176 diffusion

658 2226 917 2277 Rayonne
948 2228 1089 2265 dans
1126 2233 1249 2265 tous
1277 2230 1357 2265 les
1390 2228 1803 2277 départements

744 2317 1003 2354 Abonnés
1032 2317 1172 2354 dans
1199 2319 1251 2354 la
1281 2320 1487 2360 France
1522 2320 1725 2356 entière

517 2946 549 2979 A
575 2946 590 2981 «
614 2946 910 2984 L’Intermédiaire
940 2964 956 2985 »
989 2951 1020 2986 le
1043 2960 1120 2986 mot
1147 2965 1164 2984 «
1189 2952 1381 2986 discrétion
1409 2966 1426 2983 »
1449 2961 1500 2986 est
1521 2964 1726 3000 synonyme
1746 2954 1789 2988 de
1812 2952 1957 2987 réussite

1875 3195 1960 3259 !Z

1966 2978 2142 3242 -h
