2472 3696
1126 318 1175 324 -
1205 290 1255 335 K)
1289 317 1336 325 -

460 579 880 638 AVIS
973 582 2010 643 IMPORTANT

1114 778 1354 785 --

399 955 520 1001 Nous
549 959 713 1010 prions
741 967 826 1003 nos
851 961 1061 1006 abonnés
1090 963 1201 1007 dont
1226 965 1568 1010 l’abonnement
1597 967 1757 1019 expire
1787 968 1901 1012 dans
1936 967 1978 1010 le
2006 974 2120 1010 cou¬

346 1042 457 1084 rant
501 1042 561 1085 du
591 1042 724 1094 mois,
754 1045 803 1086 et
839 1046 923 1097 qui
965 1046 1179 1091 désirent
1228 1050 1473 1093 continuer
1513 1049 1541 1093 à
1576 1051 1764 1094 utiliser
1796 1051 1865 1095 les
1912 1052 2120 1094 seroices

346 1125 400 1167 de
438 1119 900 1171 L’INTERMÉDIAIRE
934 1130 1008 1173 DU
1043 1130 1214 1175 FOYER
1258 1134 1313 1177 de
1357 1134 1538 1177 vouloir
1576 1134 1684 1178 bien
1715 1142 1836 1179 nous
1863 1135 1984 1178 faire
2007 1137 2122 1186 part

343 1208 399 1250 de
447 1209 554 1252 leur
602 1211 809 1255 décision
865 1214 1009 1256 aoant
1056 1216 1096 1258 le
1145 1214 1209 1259 25
1263 1217 1360 1261 mai
1410 1225 1531 1270 pour
1590 1226 1708 1263 nous
1754 1220 2013 1269 permettre
2064 1221 2117 1262 de

343 1291 593 1336 maintenir
618 1293 721 1338 leur
745 1302 950 1340 annonce
980 1298 1096 1341 dans
1125 1300 1258 1343 notre
1287 1302 1478 1344 numéro
1508 1301 1561 1344 de
1580 1301 1689 1353 juin
1743 1300 1884 1346 1920.

1440 1696 1568 1740 V.-J.
1607 1695 1936 1741 PELISSIER

532 1836 974 1876 Conseils
1027 1839 1340 1880 Utiles

1040 1968 1290 2007 pour
1342 1961 1432 2000 le
1486 1963 1921 2012 Mariage

608 2105 637 2149 à
666 2107 852 2159 l’usage
882 2110 964 2153 des
986 2109 1160 2161 jeunes
1189 2111 1327 2157 Filles
1352 2114 1404 2157 et
1433 2116 1514 2157 des
1531 2112 1709 2165 jeunes
1735 2115 1853 2160 Gens

1169 2515 1276 2545 IDTT

351 2595 1060 2738 BONHEUR
1191 2607 1364 2736 EN
1503 2582 2108 2744 MÉNAGE

725 2884 1160 2951 FORMALITÉS
1207 2898 1289 2952 ET
1331 2899 1702 2955 CONTRATS

416 3090 482 3136 En
514 3099 646 3137 vente
678 3098 701 3138 à
736 3098 762 3138 Y
764 3098 1113 3143 Intermédiaire
1145 3104 1202 3144 du
1234 3104 1406 3158 Foyer.
1449 3106 1499 3145 —
1549 3106 1720 3148 PRIX
1758 3120 1768 3145 :
1802 3110 1846 3151 2
1882 3110 2025 3152 francs

601 3179 843 3223 FRANCO
880 3190 1003 3237 poste
1042 3187 1506 3231 recommandé.
1548 3189 1592 3232 2
1615 3190 1668 3232 fr.
1694 3192 1788 3234 ”70

333 3308 472 3337 Anciens
490 3301 753 3341 Établissements
772 3312 1013 3349 LEGENDRE,
1041 3324 1086 3352 14,
1108 3325 1165 3345 rue
1184 3318 1225 3345 Be
1238 3317 1436 3354 llecordière,
1457 3319 1557 3356 Lyon.
1620 3323 1653 3349 Le
1669 3322 1952 3352 Direeteur-Gérant
1969 3334 1975 3349 :
1990 3324 2103 3353 LALOY
