2472 3696
639 473 855 578 LE
929 476 1703 583 MARIAGE

873 649 1108 702 ASSURÉ
1137 661 1173 701 A
1204 660 1364 702 TOUS
1398 659 1517 704 PAR

490 789 525 821 «
610 778 689 823 L
712 779 839 826 Ii\
855 778 934 824 T
950 761 1452 826 LRMÉDI
1458 781 1593 828 AI
1610 783 1778 830 RE
1849 795 1884 827 »

410 1141 429 1164 «
451 1125 904 1166 L’INTERMEDIAIRE
927 1140 954 1167 »?
954 1131 1091 1171 'z?Jest
1101 1144 1104 1149 ,
1106 1143 1199 1182 p.as
1207 1144 1214 1162 i
1222 1143 1315 1174 utie
1336 1142 1519 1185 agence
1540 1136 1913 1177 matrimoniale
1927 1151 1941 1186 ;
1960 1140 2079 1178 c’est

296 1194 392 1223 une
412 1194 582 1224 œuvre
605 1185 745 1224 créée
761 1174 1594 1248 essentiellementfyour^avoriser
1614 1193 1662 1229 et
1681 1191 1901 1231 faciliter
1914 1193 1960 1231 le
1980 1203 2082 1232 ma¬

294 1239 440 1289 riage
480 1246 594 1279 entre
620 1253 844 1291 personnes
871 1243 1131 1290 honorables,
1168 1246 1189 1282 à
1214 1247 1286 1293 qui
1317 1235 1562 1296 ïê-manque
1589 1248 1640 1285 de
1671 1248 1864 1286 relations
1890 1251 2080 1296 impose

292 1293 416 1332 neuf
433 1293 529 1331 fois
547 1302 638 1332 sur
656 1293 744 1331 dix
763 1293 808 1332 le
832 1294 1028 1334 célibat.

408 1350 467 1386 En
502 1349 608 1396 effet,
649 1362 728 1399 que
764 1350 841 1388 fait
874 1352 911 1388 la
946 1340 1419 1406 per^qrmSi0t^^sire
1447 1365 1492 1391 se
1525 1354 1678 1391 marier
1701 1355 1717 1392 ?
1750 1355 1849 1393 Sauf
1879 1355 1929 1394 de
1964 1369 2073 1395 rares

295 1404 550 1453 exceptions,
583 1404 907 1451 elle,recherche
935 1405 1037 1443 dans
1058 1404 1392 1455 soïTentourage
1416 1408 1522 1445 celui
1548 1420 1601 1445 ou
1631 1408 1731 1449 celle
1757 1411 1828 1458 qui
1858 1410 1945 1448 doit
1971 1411 2074 1448 faire

299 1469 373 1495 son
402 1458 605 1507 bonheur,
634 1463 675 1495 et
702 1465 877 1497 souvent,
903 1460 979 1496 elle
1007 1458 1224 1508 s’aperçoit
1252 1458 1460 1509 qu’aucun
1487 1463 1595 1511 parti
1621 1474 1674 1499 ne
1700 1464 1859 1512 répond
1884 1466 1906 1502 à
1934 1465 2072 1503 l'Idéal

295 1510 445 1560 qu’elle
479 1510 571 1550 s’est
605 1512 752 1560 formé,
797 1518 837 1550 et
870 1525 959 1562 que,
1008 1514 1109 1552 dans
1145 1526 1204 1551 ses
1247 1515 1454 1563 relations,
1494 1516 1569 1554 elle
1605 1513 1672 1555 n'a
1715 1530 1876 1555 aucune
1916 1519 2074 1557 chance

297 1565 519 1604 d’aboutir.

403 1619 626 1659 Comment
653 1622 776 1658 sortir
806 1621 858 1658 de
882 1626 990 1660 cette
1022 1623 1200 1672 impasse
1226 1622 1242 1661 ?
1271 1623 1304 1661 A
1337 1626 1408 1673 qui
1437 1629 1627 1662 raconter
1655 1636 1715 1664 ses
1747 1626 1885 1675 peines
1911 1627 1926 1665 ?
1961 1627 2073 1676 Trop

296 1679 481 1721 souvent,
513 1674 623 1712 hélas
648 1674 655 1712 !
682 1675 720 1712 la
744 1686 963 1723 personne,
992 1687 1045 1713 ne
1069 1677 1238 1716 sachant
1265 1679 1287 1715 à
1311 1678 1381 1727 qui
1406 1690 1445 1716 se
1467 1678 1633 1727 confier,
1666 1685 1795 1719 remet
1815 1683 1837 1718 à
1862 1681 1955 1729 plus
1979 1684 2070 1721 tard

294 1729 334 1764 la
350 1729 561 1765 nécessité
572 1730 622 1765 de
639 1731 825 1776 prendre
841 1740 921 1766 une
933 1731 1341 1777 décision,espérant
1352 1734 1548 1778 toujours
1565 1736 1694 1779 qu’un
1715 1736 1907 1772 heureux
1925 1737 2079 1773 hasard

300 1781 339 1818 la
350 1780 572 1819 favorisera
603 1787 636 1820 et
672 1783 730 1819 lui
764 1788 990 1831 permettra
1020 1784 1068 1821 de
1101 1789 1342 1822 rencontrer
1373 1785 1408 1822 le
1442 1787 1549 1834 parti
1578 1787 1684 1827 rêvé.
1691 1787 1768 1825 Mai
1775 1800 1803 1834 s,
1820 1787 2004 1836 pendant
2031 1801 2075 1827 ce

298 1839 444 1883 temps,
488 1836 542 1872 les
573 1837 703 1884 jours,
740 1837 795 1874 les
832 1838 1046 1885 semaines,
1083 1838 1139 1875 les
1173 1840 1278 1876 mois
1309 1844 1476 1887 passent
1512 1845 1550 1877 et
1581 1841 1608 1877 il
1641 1842 1774 1879 arrive
1811 1839 2072 1892 quelquefois

298 1902 379 1937 que
425 1888 630 1938 plusieurs
680 1891 829 1928 années
876 1889 1099 1929 s’écoulent
1148 1897 1269 1930 avant
1320 1904 1400 1941 que
1440 1890 1661 1932 l’occasion
1704 1900 1793 1934 tant
1835 1896 1989 1938 désirée
2032 1909 2074 1934 se

298 1944 499 1991 présente.

402 1998 676 2035 Nombreuses
704 2000 796 2035 sont
823 2000 878 2036 les
907 1998 1084 2040 familles
1113 2000 1185 2049 qui
1211 2004 1283 2038 ont
1313 2002 1373 2039 été
1402 2001 1562 2049 privées
1591 2003 1638 2040 cle
1671 2004 1707 2040 la
1741 2004 1820 2053 joie
1847 2005 1893 2042 de
1921 2006 2074 2043 marier

298 2051 406 2088 leurs
436 2064 481 2089 en
494 2052 601 2093 fants
606 2054 612 2100 ,
643 2054 751 2089 leurs
781 2054 974 2091 relations
999 2065 1037 2091 se
1067 2056 1245 2092 bornant
1273 2056 1296 2093 à
1326 2068 1380 2093 un
1409 2057 1620 2105 voisinage
1654 2057 1855 2095 restreint.

404 2107 452 2143 Et
483 2107 676 2143 combien
702 2108 749 2144 de
777 2118 927 2144 veuves
930 2108 938 2154 ,
969 2108 1116 2154 jeunes
1142 2118 1286 2146 encore
1291 2121 1299 2156 ,
1335 2121 1373 2147 se
1407 2112 1600 2148 trouvant
1630 2112 1731 2150 dans
1763 2113 1795 2149 le
1828 2113 1960 2151 même
1990 2125 2055 2151 cas
2059 2145 2068 2160 ,

298 2162 416 2196 nont
436 2171 493 2207 pu
516 2171 556 2195 se
578 2160 776 2197 remarier
793 2161 806 2197 !
830 2160 1073 2209 Cependant
1092 2162 1189 2200 elles
1212 2163 1401 2201 auraient
1426 2176 1481 2212 pu
1505 2165 1619 2202 créer
1641 2178 1700 2202 un
1726 2178 1916 2204 nouveau
1938 2167 2069 2216 foyer,

300 2213 402 2250 faire
429 2214 466 2251 le
497 2212 690 2251 bonheur
713 2212 816 2252 d’un
848 2215 1001 2253 nouvel
1028 2217 1175 2264 époux,
1213 2221 1253 2255 et
1284 2217 1368 2255 être
1398 2217 1618 2257 heureuses
1653 2219 1937 2270 elles-mêmes,
1975 2223 2006 2259 si
2036 2223 2074 2261 le

299 2267 450 2305 destin,
470 2267 560 2305 leur
592 2268 699 2306 avait
736 2269 890 2317 permis
924 2270 973 2307 de
1006 2275 1247 2308 rencontrer
1284 2272 1388 2309 celui
1429 2274 1513 2320 qui,
1557 2285 1595 2310 se
1634 2278 1834 2313 trouvant
1871 2277 2073 2323 peut-être

298 2324 389 2359 tout
427 2322 516 2369 près
548 2319 697 2368 d’elles,
738 2322 952 2360 cherchait
984 2324 1214 2370 lui-même,
1251 2326 1298 2362 de
1336 2338 1410 2363 son
1448 2327 1550 2374 côté,
1591 2325 1711 2366 l’âme
1749 2341 1873 2366 sœur.
1915 2330 1962 2367 Et
1994 2342 2074 2379 que

301 2375 483 2412 fallait-il
516 2387 621 2424 pour
656 2388 737 2424 que
766 2377 804 2414 la
839 2377 962 2415 chose
993 2379 1144 2416 arrivât
1171 2378 1187 2416 ?
1226 2379 1290 2417 Un
1329 2380 1412 2416 rien
1419 2393 1427 2427 ,
1469 2393 1547 2418 une
1587 2381 1708 2421 tierce
1745 2393 1949 2430 personne
1983 2385 2054 2432 qui
2057 2416 2066 2431 ,

298 2429 623 2476 correspondant
649 2441 744 2467 avec,
769 2433 859 2468 tous
884 2432 938 2467 les
960 2432 1067 2469 deux
1070 2444 1077 2479 ,
1105 2432 1237 2470 aurait
1263 2446 1320 2481 pu
1345 2435 1399 2470 les
1426 2437 1570 2472 mettre
1597 2446 1648 2472 en
1675 2439 1857 2484 rapport.

405 2483 453 2520 Et
477 2483 533 2520 les
556 2483 702 2532 jeunes
733 2483 836 2522 filles
861 2485 876 2522 ?
904 2485 941 2522 Si
974 2483 1057 2523 l’on
1084 2486 1280 2536 envisage
1310 2488 1347 2525 la
1376 2488 1574 2526 situation
1605 2487 1730 2528 d’une
1757 2489 1995 2529 demoiselle
2019 2504 2070 2533 en

297 2535 371 2585 âge
399 2536 448 2574 de
478 2548 519 2573 se
544 2538 795 2581 marier,elle
820 2544 878 2576 est
904 2551 988 2575 non
1014 2541 1150 2577 moins
1163 2539 1350 2586 délicate;
1364 2539 1412 2577 la
1425 2541 1631 2579 retenue
1645 2541 1862 2590 imposée
1877 2553 1975 2592 par
1987 2554 2074 2582 son

294 2608 414 2638 sexe
434 2599 509 2637 lui
528 2599 740 2639 interdit
760 2602 893 2640 toute
905 2601 1176 2641 démarche
1192 2604 1525 2651 personnelle,
1558 2613 1596 2646 et
1630 2609 1705 2646 elle
1739 2615 1798 2648 est
1829 2609 2073 2650 fatalement

303 2657 563 2694 condamnée
591 2670 640 2694 au
675 2657 835 2703 célibat,
854 2659 885 2696 si
914 2659 991 2695 elle
1017 2657 1082 2696 n’a
1102 2672 1173 2708 pas
1201 2660 1238 2697 la
1258 2660 1408 2706 grande
1426 2661 1582 2701 chance
1601 2662 1651 2701 de
1665 2666 1832 2701 trouver
1863 2664 1965 2702 dans
1997 2676 2071 2702 son

299 2715 527 2758 entourage
557 2710 775 2752 immédiat
808 2724 867 2750 un
899 2713 1006 2760 parti
1042 2713 1260 2752 conforme
1295 2716 1316 2752 à
1353 2726 1426 2752 son
1461 2716 1546 2764 âge,
1587 2717 1607 2753 à
1644 2728 1717 2754 son
1754 2730 1858 2767 rang
1887 2723 1927 2756 et
1961 2720 1982 2756 à
2013 2730 2073 2756 ses

296 2763 560 2812 aspirations.

413 2817 452 2855 Si
480 2823 582 2856 cette
606 2819 743 2856 bonne
771 2818 937 2858 fortune
962 2820 1021 2858 lui
1046 2826 1105 2859 est
1129 2822 1301 2870 refusée,
1332 2824 1409 2861 elle
1435 2830 1534 2873 peut,
1560 2825 1663 2862 faire
1689 2826 1823 2874 appel,
1852 2829 1988 2875 parmi
2011 2839 2072 2868 ses

294 2870 626 2918 connaissances,
656 2873 679 2910 à
710 2885 792 2910 une
821 2885 1028 2922 personne
1055 2875 1103 2913 de
1130 2875 1270 2914 bonne
1298 2878 1464 2916 volonté
1501 2899 1551 2903 —
1587 2880 1617 2918 si
1653 2880 1727 2918 elle
1761 2893 1812 2918 en
1841 2885 1987 2921 trouve
2016 2902 2068 2907 —

296 2930 417 2973 ayant
456 2926 524 2962 des
562 2926 758 2968 relations
795 2938 901 2965 assez
932 2929 1128 2967 étendues
1168 2941 1274 2978 pour
1312 2932 1369 2968 lui
1410 2931 1511 2970 faire
1548 2937 1782 2972 contracter
1817 2947 1899 2974 une
1936 2935 2069 2976 union

293 2979 550 3016 convenable
573 2992 581 3025 ;
619 2980 722 3018 mais
756 2986 859 3019 cette
893 2982 1173 3021 intervention
1210 2984 1309 3022 d’un
1351 2985 1446 3022 tiers
1481 2986 1678 3025 bénévole
1720 2989 1822 3026 n’est
1863 3001 1933 3037 pas
1975 3002 2069 3027 sans

296 3033 509 3080 présenter
537 3033 584 3071 de
614 3047 759 3080 graves
790 3034 1121 3084 inconvénients,
1154 3039 1252 3077 dont
1286 3039 1321 3076 le
1353 3040 1544 3077 moindre
1576 3039 1753 3081 consiste
1783 3044 1804 3080 à
1836 3044 2070 3092 apprendre

298 3086 455 3124 bientôt
494 3099 575 3135 que
606 3088 617 3124 1
635 3087 871 3135 obligeante
912 3100 1116 3138 personne
1151 3091 1289 3140 répète
1324 3106 1342 3128 «
1364 3093 1455 3130 urbi
1492 3099 1549 3138 et.
1563 3093 1656 3132 orbi
1678 3107 1696 3132 »
1740 3107 1830 3145 que,
1877 3109 1969 3135 sans
2010 3109 2069 3135 ses

296 3139 538 3177 démarches
565 3141 764 3184 réitérées»,
796 3144 833 3180 la
857 3144 984 3192 jeune
1011 3144 1105 3191 fille,
1137 3145 1238 3184 dont
1265 3147 1339 3185 elle
1365 3160 1383 3184 a
1413 3147 1438 3183 b
1458 3159 1508 3185 en
1536 3149 1660 3186 voulu
1686 3148 1909 3200 s’occuper,
1936 3151 2069 3189 aurait

296 3193 416 3231 coiffé
446 3192 839 3235 Sainte-Catherine.
