2472 3696
621 224 1145 292 ABONNEMENTS

465 344 742 394 TROIS
801 337 1066 385 MOIS..
1133 336 1165 377 A
1182 335 1229 376 2
1284 345 1309 370 »

463 417 842 469 QUATRE
889 409 1103 455 MOIS
1135 409 1230 450 ^lb
1286 417 1309 442 »

464 495 601 540 SIX
666 488 1089 533 MOIS.
1128 479 1228 522 20
1287 490 1310 515 »

508 579 674 624 Chaque
701 570 978 611 abonnement
1003 566 1137 603 donne
1160 560 1268 600 droit
1303 569 1311 595 :

509 646 548 681 1°
579 645 612 679 A
636 637 863 680 l’insertion
888 635 1011 671 d’une
1035 637 1222 668 annonce
1244 624 1312 673 qui

393 694 402 741 *
464 693 600 740 parait
639 689 824 736 pendant
863 684 974 721 toute
1014 681 1056 717 la
1095 678 1221 714 durée
1264 675 1312 710 de

462 738 771 780 l’abonnement
804 744 814 778 ;

513 806 552 843 2°
580 808 613 842 A
636 800 787 840 l’envoi
812 794 968 846 gratuit
989 796 1082 831 tous
1105 792 1165 828 les
1194 787 1310 832 mois,

464 857 518 894 du
544 855 720 902 journal,
747 849 865 888 aussi
891 846 1123 892 longtemps
1146 848 1224 887 que
1245 837 1315 874 du¬

472 915 516 942 re
551 899 867 939 l’abonnement.

510 971 553 1007 3°
589 970 624 1005 A
658 967 698 1005 la
727 959 1061 1009 corespondance
1095 964 1196 992 avec
1224 952 1315 990 tous

468 1021 525 1059 les
553 1015 737 1056 abonnés
760 1011 940 1059 pendant
965 1009 1005 1045 la
1027 1004 1154 1042 durée
1177 1002 1225 1038 de
1250 1001 1317 1037 l’a¬

468 1063 727 1104 bonnement.

515 1127 545 1163 Il
576 1124 690 1162 suffit
717 1129 821 1167 pour
850 1116 1069 1153 s’abonner
1094 1110 1317 1154 d’envoyer

468 1186 523 1213 au
546 1174 723 1222 journal,
753 1179 803 1207 en
830 1165 939 1203 BON
965 1163 1030 1200 DE
1053 1158 1218 1197 POSTE
1247 1156 1318 1192 OU

469 1216 891 1262 MANDAT-POSTE,
917 1218 957 1253 la
982 1218 1139 1246 somme
1164 1213 1320 1246 corres¬

470 1272 676 1319 pondante
705 1267 730 1303 à
759 1262 1069 1302 l’abonnement
1096 1253 1239 1299 choisi,
1269 1261 1324 1287 en.

471 1321 656 1357 donnant
690 1315 775 1352 très
805 1309 1053 1349 lisiblement
1091 1318 1100 1343 :

518 1369 555 1410 a)
594 1367 676 1403 Son
708 1370 819 1400 nom.

473 1418 510 1463 b)
549 1416 632 1453 Son
668 1411 852 1455 adresse,
885 1404 1059 1453 laquelle
1095 1398 1214 1437 notée
1245 1395 1322 1433 dis¬

473 1462 698 1501 crètement
725 1460 788 1496 est
814 1454 1045 1501 remplacée
1070 1446 1324 1486 immédiate¬

475 1513 587 1549 ment
618 1519 697 1558 par
726 1516 783 1543 un
811 1504 986 1541 numéro
1021 1497 1181 1536 d’ordre
1218 1501 1323 1531 com¬

473 1558 669 1605 muniqué
699 1553 875 1594 aussitôt
903 1553 929 1588 à
954 1546 1155 1587 l’abonné.

523 1610 556 1653 c)
594 1609 648 1645 Le
691 1604 824 1642 libellé
866 1601 916 1637 de
951 1601 1165 1637 l’annonce
1207 1593 1233 1629 à
1268 1589 1325 1626 in¬

477 1658 590 1696 sérer
616 1664 693 1702 que
721 1652 879 1689 chacun
909 1645 1047 1692 rédige
1075 1644 1102 1680 à
1129 1652 1180 1678 sa
1211 1644 1325 1687 guise

477 1710 501 1745 à
535 1708 575 1743 la
606 1700 816 1740 condition
849 1694 993 1744 qu’elle
1026 1701 1077 1729 ne
1112 1689 1326 1726 contienne

475 1754 567 1792 rien
587 1752 637 1789 de
658 1746 862 1788 contraire
888 1747 914 1783 à
941 1745 980 1781 la
1003 1739 1173 1777 morale.
1191 1733 1328 1776 L’INTER¬

478 1801 619 1844 MEDIAIRE
628 1800 666 1840 DU
675 1797 772 1838 FUYER
783 1805 835 1831 ne
847 1795 978 1840 prend
993 1798 1068 1836 pas
1081 1799 1103 1823 a
1116 1796 1161 1823 sa
1173 1783 1328 1828 charge

478 1855 519 1891 la
538 1847 753 1887 rédaction
772 1845 844 1881 des
867 1835 1104 1881 annonces).
1130 1834 1329 1870 L’annon¬

480 1911 525 1939 ce
556 1897 644 1935 doit
671 1893 861 1945 indiquer
886 1888 995 1935 l’âge
1030 1886 1069 1922 et
1101 1884 1143 1920 la
1176 1879 1330 1928 profes¬

478 1947 572 1984 sion
596 1945 644 1982 de
665 1939 857 1980 l’abonné
879 1938 919 1975 et
939 1932 1130 1982 spécifier
1154 1931 1246 1967 tous
1270 1928 1330 1964 les

481 1994 709 2038 avantages
738 1987 833 2036 qu’il
859 1987 923 2023 est
948 1985 973 2020 à
997 1983 1134 2018 môme
1156 1977 1204 2015 de
1228 1975 1331 2012 faire

482 2042 624 2086 valoir,
665 2040 741 2076 tels
778 2046 857 2083 que
898 2043 906 2070 :
943 2032 1021 2076 dot,
1057 2027 1185 2069 avoir,
1216 2022 1331 2070 espé¬

481 2099 642 2135 rances,
681 2083 889 2128 situation,
929 2079 1016 2125 etc.,
1051 2076 1126 2114 etc.
1167 2073 1332 2117 Chaque

483 2146 670 2176 annonce
688 2145 739 2171 ne
759 2131 842 2169 doit
862 2139 940 2175 pas
961 2124 1146 2164 contenir
1167 2121 1259 2168 plus
1282 2119 1332 2155 de

484 2190 616 2225 trente
640 2186 749 2220 mots
774 2188 874 2217 sans
905 2173 1198 2214 abréviations.
1230 2169 1333 2204 Tout

483 2238 569 2272 mot
597 2226 945 2278 supplémentaire
973 2226 1035 2261 est
1064 2220 1158 2258 taxé
1187 2216 1270 2254 0.15
1297 2217 1333 2252 le

485 2287 582 2321 mot.
611 2281 710 2317 MM.
739 2282 797 2318 les
820 2273 1006 2312 abonnés
1028 2271 1122 2308 sont
1148 2265 1258 2312 priés
1284 2263 1334 2298 de

486 2330 643 2380 joindre
664 2339 718 2365 au
740 2325 871 2362 libellé
898 2322 946 2358 de
972 2321 1060 2356 leur
1087 2322 1272 2351 annonce
1298 2312 1335 2347 le

486 2381 676 2418 montant
711 2375 782 2411 des
820 2373 928 2407 mots
965 2360 1335 2412 supplémentaires

487 2427 605 2474 qu’ils
635 2426 706 2462 ont
738 2417 960 2465 employés.

534 2474 638 2511 Tout
678 2464 956 2509 abonnement
996 2471 1077 2500 non
1116 2453 1337 2496 renouvelé

490 2523 633 2571 quinze
676 2519 790 2566 jours
827 2514 955 2553 avant
990 2520 1066 2550 son
1109 2503 1337 2554 expiration

490 2571 676 2609 entraîne
704 2568 758 2604 de
785 2563 895 2602 droit
924 2562 964 2599 la
990 2553 1262 2606 suppression
1291 2549 1339 2587 de

491 2619 703 2656 l’annonce
729 2615 778 2652 de
811 2608 1050 2649 l’intéressé.

537 2772 762 2841 MANIÈRE
797 2779 858 2834 DE
893 2767 1300 2832 CORRESPONDRE

544 2897 726 2942 Lorsque
756 2901 856 2930 vous
881 2897 974 2926 avez
1002 2880 1217 2929 remarqué
1243 2879 1343 2916 dans

497 2952 529 2992 le
574 2947 745 3000 journal
795 2956 872 2983 une
922 2948 1110 2978 annonce
1161 2932 1342 2983 pouvant

495 3019 596 3047 vous
625 3003 841 3043 intéresser
843 3009 851 3047 ,
883 3006 985 3034 vous
1009 2990 1204 3042 procédez
1232 2988 1278 3025 de
1308 2985 1344 3022 la

494 3063 619 3111 façon
641 3056 830 3097 suivante
852 3065 863 3090 :

547 3115 788 3163 Supposons
817 3116 894 3157 que
923 3098 955 3142 le
977 3097 1026 3141 N"
1056 3110 1080 3134 «
1105 3094 1125 3137 /
1135 3093 1166 3137 8
1195 3104 1219 3133 »
1244 3104 1345 3132 vous

500 3172 552 3210 lit
579 3169 641 3208 été
666 3162 854 3209 attribué,
888 3162 925 3198 et
951 3167 1027 3208 que
1050 3164 1151 3192 vous
1179 3147 1345 3190 désiriez

496 3219 789 3270 correspondre
811 3226 906 3255 avec
931 3207 963 3251 le
988 3206 1038 3250 N°
1058 3204 1081 3246 «
1104 3202 1162 3246 15
1179 3203 1219 3251 »,
1244 3203 1343 3241 dont

499 3281 715 3320 l’annonce
744 3274 802 3312 est
828 3271 875 3309 de
902 3269 1047 3307 nature
1077 3262 1100 3301 à
1123 3270 1224 3299 vous
1251 3266 1343 3295 con¬

1377 222 1493 263 venir
1513 235 1525 262 :
1549 218 1655 261 Vous
1678 216 1831 259 écrivez
1854 216 1968 254 votre
1993 210 2122 258 lettre,
2147 218 2225 259 que

1384 292 1485 319 vous
1506 279 1644 327 signez
1663 275 1711 313 de
1733 273 1845 311 votre
1869 269 2045 308 numéro
2065 264 2226 304 d'ordre

1383 331 1442 373 af
1451 330 1481 372 8
1497 334 1573 370 nia
1602 331 1747 368 mettez
1771 329 1872 366 dans
1899 335 1977 363 une
2006 321 2231 368 enveloppe

1388 401 1437 427 en
1465 389 1599 433 blanc,
1635 393 1705 422 sur
1761 380 1932 430 laquelle
1947 390 1951 422 .
1994 387 2092 416 vous
2156 375 2234 412 ins¬

1389 435 1530 488 crivez,
1561 435 1659 474 très
1680 427 1965 480 légèrement
1987 437 2039 478 %u
2061 433 2234 472 crayon,

1389 498 1443 535 les
1467 495 1662 534 numéros
1708 489 1731 530 «
1761 486 1820 529 18
1848 483 1877 528 Ù
1915 484 1971 526 13
1995 494 2034 521 ».

1442 568 1551 615 (Ceci
1587 568 1642 604 est
1675 563 1754 601 très
1784 559 2011 608 important
2030 568 2046 602 ;
2082 566 2130 594 ne
2159 563 2231 602 pas

1390 624 1494 672 faire
1514 632 1653 658 erreur
1672 630 1722 656 en
1745 617 1918 654 mettant
1940 615 1951 651 l
1971 614 2141 657 inverse,
2167 619 2235 645 car

1395 676 1661 725 l'expéditeur
1701 670 1896 709 recevrait
1938 666 2151 706 lui-même
2192 674 2234 700 sa

1395 742 1544 780 propre
1567 726 1716 774 lettre.)

1438 804 1475 840 Si
1498 812 1603 840 vous
1623 799 1786 837 désirez
1807 792 2117 842 correspondre
2139 798 2242 828 avec

1395 857 1608 906 plusieurs
1641 852 1830 891 abonnés
1861 859 1972 889 vous
2003 846 2173 894 répétez
2205 844 2244 880 la

1395 913 1532 950 même
1553 908 1779 958 opération
1796 915 1906 953 pour
1925 904 2089 940 chacun
2106 898 2241 937 d’eux.

1439 979 1533 1018 Cela
1570 977 1660 1021 fait,
1688 983 1796 1013 vous
1827 971 1997 1020 joignez
2030 969 2149 1006 votre
2187 975 2240 1002 ou

1392 1044 1469 1072 vos
1490 1031 1749 1078 enveloppes
1770 1026 2001 1065 contenant
2021 1024 2059 1059 la
2079 1029 2243 1058 corres¬

1394 1088 1613 1137 pondance
1652 1081 1839 1121 destinée
1877 1089 1962 1116 aux
2009 1082 2244 1124 personnes

1394 1153 1494 1181 avec
1515 1139 1745 1187 lesquelles
1770 1144 1880 1174 vous
1909 1132 2074 1170 désirez
2100 1131 2246 1166 entrer

1395 1208 1445 1235 en
1462 1195 1657 1236 relation,
1673 1194 1693 1228 à
1713 1201 1766 1228 un
1784 1188 1964 1228 bulletin
1982 1185 2154 1233 portant
2169 1191 2245 1220 vos

1396 1261 1494 1289 nom
1518 1252 1560 1288 et
1580 1249 1753 1286 adresse
1766 1253 1810 1283 —
1821 1244 1919 1283 ceci
1939 1241 2035 1287 afin
2057 1240 2108 1276 de
2130 1244 2247 1275 nous

1398 1302 1659 1353 ■permettre
1696 1301 1750 1339 de
1787 1296 1980 1343 vérifier
2017 1292 2247 1335 Vauthen¬

1398 1357 1532 1399 ticité
1548 1357 1625 1395 des
1645 1352 1950 1399 expéditeurs
1968 1369 2014 1374 —
2041 1348 2084 1384 et
2103 1347 2248 1383 conle-

1401 1415 1500 1451 nant
1517 1412 1553 1449 la
1577 1418 1745 1449 somme
1767 1405 2006 1443 nécessaire
2028 1402 2052 1438 à
2075 1400 2251 1437 l'affran¬

1399 1465 1657 1506 chissement
1695 1463 1746 1500 de
1783 1461 1823 1498 la
1878 1455 2248 1503 correspondance

1400 1532 1484 1570 que
1521 1529 1629 1559 vous
1662 1526 1771 1554 nous
1798 1522 1984 1560 envoyez
2015 1518 2124 1556 pour
2161 1507 2249 1544 être

1402 1575 1645 1617 transmise,
1691 1580 1802 1609 vous
1852 1568 2008 1614 glissez
2059 1564 2098 1600 le
2160 1562 2253 1598 tout

1402 1633 1506 1668 dans
1525 1638 1607 1666 une
1628 1629 1750 1664 autre
1771 1623 2008 1667 enveloppe
2038 1627 2120 1665 que
2147 1625 2253 1653 vous

1403 1686 1609 1728 cachetez,
1633 1678 1934 1718 affranchissez
1955 1676 1996 1711 et
2016 1673 2215 1709 adressez
2231 1669 2252 1705 à

1404 1734 1778 1777 l’«Intermédiaire
1813 1733 1865 1768 du
1903 1731 2064 1776 Foyer»
2094 1725 2180 1772 qui,
2215 1724 2254 1760 la

1404 1795 1617 1836 recevant,
1660 1791 1809 1826 trouve
1848 1786 1871 1822 à
1914 1781 2149 1821 l’intérieur
2192 1778 2254 1814 les

1404 1848 1662 1894 enveloppes
1689 1842 1789 1890 qu’il
1825 1839 1901 1877 fait
1926 1836 2127 1886 parvenir
2153 1841 2250 1869 aus¬

1407 1902 1509 1941 sitôt
1530 1911 1612 1938 aux
1633 1894 1880 1935 intéressés.

1467 1973 1519 2011 La
1552 1968 1774 2009 discrétion
1811 1966 1849 2003 la
1882 1963 1975 2014 plus
2010 1957 2176 1998 absolue
2213 1967 2253 1994 se

1411 2034 1554 2067 trouve
1586 2024 1689 2063 ainsi
1723 2020 1897 2067 assurée,
1934 2009 2252 2054 L’INTERESSE

1413 2079 1580 2121 AYANT
1624 2077 1753 2117 SEUL
1800 2074 1864 2113 LA
1909 2067 2140 2110 FACULTE
2184 2064 2252 2103 DE

1414 2136 1563 2176 FAIRE
1600 2128 1892 2172 CONNAITRE
1932 2126 1965 2163 A
2001 2122 2086 2162 SES
2132 2111 2249 2159 COR-
2323 2111 2329 2155 j

1414 2184 1777 2230 RESPONDANTS
1808 2181 1903 2221 SON
1929 2178 2037 2219 NOM
2070 2176 2132 2214 ET
2159 2173 2251 2213 SON

1415 2242 1652 2290 ADRESSE,
1696 2244 1732 2278 et
1771 2237 1992 2276 vice-versa
2013 2233 2023 2279 ;
2063 2232 2110 2270 de
2148 2229 2253 2268 sorte

1416 2311 1491 2350 que
1520 2299 1567 2345 si,
1606 2295 1724 2344 après
1760 2304 1816 2330 un
1851 2291 2035 2337 échange
2065 2298 2118 2324 ou
2149 2284 2256 2322 deux

1415 2357 1462 2394 de
1489 2355 1623 2392 lettres
1627 2350 1634 2397 ,
1668 2350 1723 2387 les
1753 2348 1859 2385 deux
1885 2343 2012 2394 partis
2042 2336 2254 2388 s'aperçoi¬

1417 2411 1512 2448 vent
1541 2403 1660 2456 qu'ils
1691 2415 1739 2441 ne
1768 2401 1948 2450 peuvent
1977 2408 2015 2434 se
2043 2391 2251 2437 convenir,

1419 2465 1447 2502 il
1480 2463 1568 2501 leur
1606 2462 1664 2498 est
1703 2456 1862 2496 loisible
1902 2454 1948 2491 de
1983 2461 2112 2488 cesser
2152 2447 2256 2485 leurs

1418 2514 1791 2564 correspondances
1795 2540 1803 2557 ,
1831 2513 1922 2547 tout
1947 2518 1997 2543 en
2021 2505 2176 2542 restant
2197 2500 2255 2538 in-
2279 2512 2288 2522 *
2322 2487 2333 2534 I

1419 2582 1577 2611 connus
1608 2565 1694 2606 l’un
1732 2566 1780 2604 de
1815 2560 1975 2601 l’autre.
2012 2559 2070 2596 De
2106 2554 2265 2599 même,''
2317 2558 2326 2589 1
2385 2578 2390 2594 ,

1420 2629 1519 2665 dans
1550 2626 1583 2662 le
1608 2634 1673 2660 cas
1703 2617 1920 2661 contraire,
1952 2612 2035 2652 s'ils
2064 2610 2255 2653 désirent,

1419 2680 1536 2730 après
1556 2679 1717 2716 entente
1739 2672 1993 2720 réciproque,
2017 2678 2057 2705 se
2082 2663 2261 2703 dévoiler

1422 2731 1738 2774 mutuellement
1766 2728 1854 2765 leur
1885 2735 1982 2762 nom
2017 2723 2054 2759 et
2086 2719 2258 2761 adresse,
2284 2744 2287 2749 .
2322 2723 2328 2771 j

1423 2790 1470 2828 ils
1511 2786 1689 2839 peuvent
1728 2775 2052 2826 communiquer
2093 2772 2261 2811 direcle-

1424 2848 1537 2883 ment
1558 2845 1671 2880 entre
1689 2849 1780 2885 eux,
1805 2842 1899 2873 sans
1920 2840 2059 2881 passer
2078 2839 2155 2879 par
2173 2824 2261 2863 l’in-
2322 2812 2353 2880 Jf

1426 2894 1680 2938 lermédiaire
1707 2891 1762 2931 du
1784 2886 1969 2940 journal.

1468 2964 1580 3003 Cette
1613 2957 1903 2999 combinaison
1947 2950 2048 2989 offre
2079 2947 2185 2984 ainsi
2231 2944 2266 2981 le
2317 2939 2321 2976 i

1421 3013 1651 3051 maximum
1669 3007 1717 3044 de
1735 3002 1923 3046 sécurité,
1960 3000 2001 3034 et
2043 3011 2058 3029 «
2079 2993 2244 3036 ETNTERME
2257 2981 2273 3046 -
2315 2981 2329 3045 j

1418 3060 1519 3102 DIME
1537 3059 1575 3099 DU
1594 3055 1688 3097 FOYER
1714 3063 1745 3097 »,
1777 3045 2000 3089 observant
2032 3044 2057 3080 V
2061 3042 2273 3088 impurtia-
2319 3034 2326 3097 j

1422 3111 1490 3148 lité
1511 3111 1548 3145 et
1568 3108 1607 3143 la
1629 3101 1848 3142 discrétion
1867 3098 1926 3134 les
1944 3096 2036 3141 plus
2059 3090 2252 3128 absolues
2255 3114 2262 3131 ,
2312 3097 2315 3124 ;

1423 3159 1577 3203 aégage
1599 3161 1646 3190 sa
1671 3143 2000 3195 responsabilité,
2023 3151 2073 3178 en
2094 3136 2267 3175 laissant
2314 3136 2322 3168 i

1427 3208 1449 3243 à
1478 3205 1633 3248 chaque
1662 3195 1822 3236 abonné
1848 3192 1887 3228 le
1912 3189 2001 3228 soin
2024 3187 2074 3224 de
2095 3183 2276 3222 dévoiler
2313 3185 2331 3215 J

1422 3251 1628 3289 lui-même
1668 3254 1742 3284 son
1775 3241 1959 3279 adresse.
