2472 3696
421 401 513 431 1276.
538 416 578 421 —
607 394 723 427 Blessé
748 395 788 426 de
812 397 946 432 guerre,
973 402 1040 423 non
1067 388 1223 429 amputé,

373 440 417 472 35
447 449 521 477 ans,
551 434 695 469 divorcé
726 448 767 469 en
797 446 838 467 sa
865 433 1003 472 faveur,
1031 440 1225 464 commerce

374 494 414 513 en
442 479 663 516 chaussures,
688 475 845 514 pension,
874 474 1018 507 retraite
1041 472 1139 505 1.600
1164 472 1223 510 fr.,

377 520 536 554 médaille
572 512 751 557 militaire,
789 515 902 549 désire
942 514 1098 553 mariage
1141 523 1224 545 avec

375 559 574 596 demoiselle
604 571 653 593 ou
677 569 790 591 veuve
818 557 860 590 25
889 556 910 589 à
940 557 982 589 35
1012 567 1089 592 ans.
1119 554 1224 594 forte,

374 602 477 637 santé
501 602 669 642 parfaite,
690 599 843 634 sérieuse
869 602 905 632 et
929 596 1092 631 honnête.

421 682 512 713 1278.
538 700 579 704 —
606 676 829 715 Célibataire,
857 676 898 707 3!)
921 687 994 711 ans.
1021 676 1131 715 ayant
1156 672 1224 706 mé¬

375 723 454 761 tier,
488 719 662 759 mobilier,
696 718 806 757 petite
838 716 982 757 pension
1015 716 1059 748 de
1088 725 1225 754 guerre,

375 775 456 798 sans
481 760 661 802 infirmité,
688 759 803 793 bonne
828 758 939 792 santé,
964 755 1095 790 famille
1119 755 1224 789 hono¬

377 805 487 844 rable,
514 803 589 840 très
612 803 828 840 affectueux,
853 799 1020 832 habitant
1048 798 1081 829 la
1107 797 1224 837 Loire,

377 846 490 879 désire
523 843 631 878 union
662 852 746 875 avec
780 841 886 881 jeune
919 840 991 872 fille
1026 838 1075 873 lui
1109 838 1225 878 prodi¬

376 891 488 924 guant
515 885 617 918 réelle
638 883 813 918 affection.

424 966 514 997 1280.
547 981 591 987 —
628 964 740 994 Jeune
779 959 929 999 homme,
961 959 1003 991 28
1042 968 1118 996 ans,
1158 968 1224 989 em¬

379 1005 481 1046 ployé
514 1003 576 1037 Cie
610 1000 654 1036 de
689 1002 845 1035 chemins
879 1001 923 1033 de
952 999 1018 1041 fer,
1048 997 1123 1032 très
1157 998 1226 1031 bon

377 1045 566 1084 caractère,
590 1043 766 1085 physique
787 1041 965 1083 agréable,
989 1042 1081 1074 doux
1102 1043 1138 1073 et
1158 1043 1226 1072 tra¬

380 1089 538 1126 vailleur,
574 1085 722 1121 cherche
755 1085 770 1116 à
809 1098 845 1118 se
879 1082 974 1115 créer
1007 1081 1109 1122 foyer
1143 1092 1227 1114 avec

379 1139 492 1165 veuve
517 1140 559 1162 ou
594 1127 700 1167 jeune
735 1126 802 1160 fille
831 1127 942 1166 ayant
969 1124 1031 1157 dot
1058 1133 1103 1156 ou
1137 1132 1225 1154 com¬

377 1180 501 1204 merce.

425 1249 517 1281 1282.
544 1266 588 1270 —
615 1246 707 1278 Veuf
737 1255 818 1277 sans
844 1241 982 1283 enfant,
1004 1242 1045 1273 54
1069 1252 1146 1280 ans,
1169 1252 1226 1280 pa¬

380 1290 531 1323 raissant
553 1288 734 1325 beaucoup
758 1285 883 1318 moins,
904 1283 976 1317 très
998 1283 1091 1321 bien,
1118 1285 1227 1322 grand

379 1342 488 1365 cœur,
523 1329 668 1369 pension
703 1328 802 1360 5.500
834 1324 893 1365 fr.,
924 1326 1065 1358 fortune
1095 1325 1225 1356 90.000.

380 1371 582 1406 Recherche
603 1368 773 1408 mariage,
799 1375 974 1407 personne
997 1366 1041 1399 45
1068 1375 1132 1396 ans
1158 1374 1227 1395 ma¬

381 1413 525 1450 ximum,
572 1411 664 1450 bien,
708 1408 956 1448 propriétaire,
991 1405 1142 1439 rentière
1185 1416 1227 1437 ou

380 1453 562 1492 situation,
594 1450 765 1485 dierétion
794 1450 1002 1483 d’honneur.

427 1533 518 1564 1280.
556 1549 600 1553 —
637 1531 750 1561 Jeune
790 1525 939 1565 homme,
981 1525 1083 1564 beau,
1123 1523 1228 1563 brun,

383 1584 472 1606 veux
501 1571 613 1610 bleus,
640 1570 684 1602 de
708 1569 842 1609 grande
868 1566 1004 1600 famille
1022 1565 1228 1599 honorable.

381 1614 424 1647 23
456 1624 532 1650 ans,
567 1612 680 1649 sobre,
713 1611 813 1649 actif,
843 1608 1028 1642 éducation
1062 1606 1229 1647 parfaite,

381 1656 628 1693 commerçant,
661 1654 743 1691 apte
773 1653 853 1683 tout
884 1658 1075 1681 commerce
1105 1658 1150 1680 ou
1180 1658 1217 1679 se

381 1696 509 1729 couder
532 1693 705 1727 industrie
738 1709 744 1727 :
770 1690 870 1725 avoir
898 1690 1018 1722 15.000
1046 1689 1106 1727 fr.,
1135 1687 1228 1728 espé¬

383 1748 503 1770 rances
547 1735 685 1769 futures
730 1733 862 1772 25.000,
914 1730 1028 1764 désire
1076 1729 1233 1770 mariage

383 1779 587 1813 d’affection
611 1789 696 1810 avec
721 1774 921 1812 demoiselle
945 1773 1018 1807 très
1043 1772 1230 1806 affectueu¬

384 1835 418 1856 se
449 1821 492 1854 de
521 1822 564 1854 20
593 1819 614 1851 à
645 1819 686 1852 26
714 1830 788 1852 ans.
821 1816 1078 1855 commerçante
1101 1813 1232 1847 établie

373 1875 425 1896 •ou
462 1863 572 1900 ayant
607 1860 721 1894 bonne
753 1857 922 1892 situation
953 1868 1044 1895 pour
1079 1854 1176 1888 aider
1212 1854 1233 1886 à

382 1902 553 1937 s'établir.

429 1982 520 2014 1288.
546 1998 589 2002 —
618 1979 731 2011 Jeune
762 1975 911 2013 homme,
942 1975 1057 2009 bonne
1087 1972 1233 2010 famille,

384 2023 424 2056 25
460 2032 534 2058 ans,
573 2019 667 2054 bien,
698 2017 847 2053 sérieux,
880 2015 1027 2048 habitué
1063 2027 1107 2048 au
1143 2026 1231 2048 com¬

384 2073 510 2099 merce,
536 2061 649 2095 désire
671 2059 826 2097 mariage
852 2068 936 2092 avec
963 2056 1080 2095 jeune,
1091 2055 1164 2089 fille
1188 2067 1232 2089 ou

384 2115 509 2138 veuve,
555 2103 635 2136 bien
680 2101 907 2135 affectueuse,
949 2098 1024 2131 très
1068 2095 1232 2131 sérieuse,

384 2147 639 2182 commerçante
671 2155 713 2176 ou
744 2152 827 2174 avec
855 2149 1061 2173 ressources.

432 2223 522 2255 1290.
550 2239 593 2244 —
621 2220 728 2255 Veuf,
756 2218 899 2254 rentier,
926 2213 1122 2254 profession
1151 2213 1233 2247 libé¬

385 2263 470 2297 rale.
494 2262 587 2297 bien,
608 2261 710 2300 goûts
734 2260 887 2296 simples,
913 2256 1114 2296 épouserait
1133 2255 1234 2288 dame

385 2304 427 2338 de
451 2304 494 2336 50
515 2302 537 2335 à
559 2303 602 2335 60
625 2314 687 2335 ans
708 2300 867 2336 environ,
894 2309 975 2331 sans
998 2296 1137 2334 enfant,
1159 2308 1234 2328 ren¬

385 2345 484 2381 tière,
513 2343 706 2376 nullement
733 2339 932 2377 mondaine,
956 2340 1122 2372 aimante,
1152 2348 1235 2370 avec

385 2389 478 2420 cette
510 2385 682 2418 véritable
714 2383 879 2416 affection
905 2381 965 2418 qui
996 2379 1169 2417 complète
1200 2381 1235 2411 et

384 2425 543 2462 embellit
568 2425 782 2458 l’existence.

433 2498 526 2530 1292.
555 2512 600 2520 —
633 2495 815 2532 Orphelin,
849 2493 891 2526 25
925 2503 999 2531 ans,
1030 2491 1234 2528 honorable,

387 2538 495 2576 doux,
520 2537 593 2570 très
619 2535 767 2573 sérieux,
796 2535 931 2569 aimant
954 2532 1235 2570 intérieur.'par¬

387 2580 474 2615 faite
508 2578 620 2616 santé,
659 2577 818 2615 employé
848 2576 945 2610 Etat,
985 2573 1082 2608 avoir
1116 2573 1237 2606 35.000

386 2621 543 2657 environ,
571 2618 771 2658 épouserait
799 2618 904 2656 jeune
931 2616 1014 2656 fille,
1045 2616 1158 2649 même
1182 2626 1235 2647 ca¬

388 2661 708 2697 ractère,situation
739 2659 977 2696 équivalente,
1007 2656 1237 2691 recherchant

387 2703 486 2737 vraie
512 2701 688 2740 affection.
712 2699 858 2734 Entière
887 2697 1090 2736 discrétion,
1118 2697 1237 2735 région

388 2744 507 2778 Ouest.

433 2815 525 2848 1294.
551 2833 595 2838 —
622 2812 832 2847 Célibataire
859 2810 1115 2845 fonctionnaire
1137 2810 1236 2847 Etat.

387 2854 545 2890 Tunisie.
569 2855 612 2889 36
637 2865 712 2889 ans.
738 2854 945 2887 traitement
969 2853 1070 2886 9.000
1087 2862 1155 2891 par
1179 2862 1236 2888 an,

388 2897 468 2934 plus
494 2896 696 2929 différentes
728 2895 950 2931 indemnités,
983 2896 1091 2931 ayant
1118 2894 1238 2925 écono¬

389 2939 474 2972 mies
498 2943 534 2973 et
556 2936 754 2976 propriétés
772 2936 891 2971 Corse.
915 2937 1036 2970 30.000
1060 2934 1102 2966 fr.
1133 2947 1141 2971 ;
1165 2933 1239 2966 très

389 2978 540 3014 sérieux,
569 2978 728 3013 instruit,
762 2978 841 3011 bien
879 2976 989 3016 élevé,
1024 2975 1236 3012 affectueux,

389 3021 457 3054 bon
485 3030 591 3053 cœur,
617 3016 802 3053 désirerait
825 3017 1076 3057 correspondre
1101 3027 1146 3049 en
1170 3027 1239 3050 vue

388 3062 542 3099 mariage
567 3061 730 3094 d’amour
753 3072 839 3094 avec
864 3059 1064 3093 demoiselle
1086 3069 1129 3091 ou
1156 3068 1236 3089 veu¬

387 3115 430 3135 ve
454 3103 497 3136 de
516 3103 558 3135 20
580 3102 601 3135 à
623 3104 665 3136 35
686 3114 763 3140 ans,
786 3102 900 3135 même
924 3112 1008 3134 avec
1029 3111 1079 3133 un
1100 3098 1236 3136 enfant,

388 3144 460 3177 liés
507 3143 670 3182 sérieuse,
697 3142 889 3176 honorable
930 3145 967 3175 et
1011 3140 1239 3177 affectueuse,

389 3189 498 3220 avant
521 3185 691 3218 situation
714 3195 756 3216 en
780 3186 928 3222 rapport
947 3195 992 3216 ou
1017 3181 1144 3220 emploi
1170 3181 1237 3213 ins¬

391 3227 552 3259 titutrice
593 3226 809 3265 permettant
853 3234 995 3257 exercer
1029 3221 1237 3263 provisoire¬

389 3272 487 3300 ment
512 3278 581 3299 aux
609 3266 770 3300 colonies.
798 3266 962 3303 Réponse
989 3262 1141 3303 assurée,
1171 3263 1238 3297 dis¬

389 3307 521 3341 crétion
546 3308 700 3347 absolue,
732 3305 958 3346 échangerait
986 3306 1106 3345 photo,

1349 397 1438 428 1296.
1467 395 1507 426 —
1538 393 1770 430 Propriétaire
1799 393 1831 423 et
1858 390 2035 424 tenancier
2063 389 2147 423 d’un

1302 436 1394 469 hôtel
1430 435 1620 471 florissant,
1654 434 1697 466 45
1730 445 1807 470 ans.
1839 432 1937 465 taille
1965 440 2150 470 moyenne,

1301 478 1493 512 excellente
1518 475 1630 513 santé,
1663 475 1802 508 fortune
1832 474 1973 507 150.000
2000 472 2062 509 fr.,
2093 471 2150 504 dé¬

1302 519 1370 553 sire
1401 517 1558 556 mariage
1597 527 1681 549 avec
1716 514 1915 549 demoiselle
1953 525 1998 548 ou
2036 525 2151 546 veuve

1302 563 1411 598 ayant
1439 559 1609 595 situation
1635 562 1670 592 et
1699 558 1763 595 âge
1792 568 1834 589 en
1863 558 2019 596 rapport.

1345 627 1439 657 1298.
1443 643 1485 647 —
1511 622 1704 659 Monsieur,
1727 622 1769 654 32
1795 633 1868 657 ans.
1894 619 2152 654 fonctionnaire

1303 666 1401 704 Etat,
1427 666 1526 698 9.000
1556 665 1598 697 fr.
1630 675 1695 710 par
1724 675 1781 701 an,
1810 663 1969 696 instance
1996 661 2151 697 divorce,

1303 720 1384 742 sans
1405 707 1541 743 enfant,
1567 704 1682 739 désire
1707 704 1888 738 connaître
1915 714 2003 741 pour
2026 702 2149 734 maria¬

1304 761 1345 786 ge
1377 749 1483 787 jeune
1514 748 1595 785 fille,
1630 758 1743 783 veuve
1775 757 1819 779 ou
1853 744 2028 782 divorcée,
2061 745 2104 777 20
2131 743 2151 775 à

1302 792 1345 824 30
1368 802 1443 826 ans,
1468 789 1562 827 bien,
1586 787 1757 821 situation
1778 798 1821 820 en
1842 788 2000 826 rapport.

1349 857 1440 888 1300.
1466 851 1711 886 —Monsieur
1736 851 1877 885 divorcé
1900 850 1920 883 à
1943 861 2005 884 son
2032 851 2150 888 profit.

1304 897 1344 929 43
1374 908 1449 932 ans.
1477 894 1599 934 région
1627 893 1764 930 Savoie,
1795 895 1904 929 ayant
1932 890 2031 926 avoir
2054 891 2153 924 8.000

1305 938 1433 973 francs,
1465 936 1537 973 très
1571 933 1723 972 sérieux,
1754 946 1819 973 pas
1854 933 2004 970 buveur,
2041 944 2153 970 gagne

1305 990 1369 1016 par
1397 978 1474 1016 jour
1496 979 1538 1010 20
1562 976 1622 1014 fr.,
1644 975 1758 1010 désire
1783 975 1929 1013 épouser
1952 974 2058 1014 jeune
2080 972 2154 1008 fille

1306 1021 1348 1055 de
1370 1021 1412 1053 20
1433 1019 1454 1051 à
1476 1019 1517 1052 38
1541 1030 1603 1051 ans
1627 1030 1671 1051 ou
1694 1027 1819 1053 veuve,
1843 1017 1956 1049 même
1978 1014 2151 1050 divorcée,

1306 1072 1389 1094 avec
1421 1073 1465 1093 ou
1502 1071 1583 1093 sans
1614 1059 1750 1095 enfant,
1787 1069 1872 1091 avec
1900 1058 1962 1091 dot
1995 1068 2041 1089 ou
2073 1067 2154 1089 sans

1305 1103 1378 1138 dot,
1469 1101 1617 1135 cherche
1640 1112 1703 1136 pas
1728 1100 1868 1133 fortune
1891 1104 1929 1134 et
1951 1098 2025 1131 fera
2049 1097 2152 1130 dona¬

1307 1145 1390 1177 tion.
1425 1142 1582 1175 Enverra
1611 1141 1721 1180 photo
1745 1153 1789 1174 en
1818 1139 1981 1178 échange.

1352 1209 1444 1239 1302.
1473 1225 1516 1230 —
1552 1204 1772 1241 Célibataire,
1806 1204 1847 1237 40
1881 1214 1959 1242 ans,
1987 1212 2154 1237 commer¬

1307 1252 1388 1287 çant
1425 1259 1465 1280 en
1504 1245 1858 1283 tissus-confections,
1896 1245 2009 1279 bonne
2047 1243 2154 1277 situa¬

1307 1292 1393 1326 tion,
1431 1289 1544 1323 désire
1577 1287 1733 1326 mariage
1767 1297 1851 1320 avec
1884 1293 2058 1325 personne
2087 1285 2154 1318 dis¬

1307 1330 1460 1369 tinguée,
1503 1330 1728 1366 affectueuse,
1766 1326 1924 1361 désirant
1964 1318 2155 1360 collaborer

1308 1385 1351 1406 au
1375 1382 1578 1406 commerce.

1355 1438 1447 1470 1304.
1476 1455 1520 1459 —
1550 1436 1655 1473 Veuf,
1686 1437 1726 1468 39
1755 1446 1830 1470 ans.
1856 1436 1876 1467 2
1904 1433 2045 1467 enfants
2072 1434 2092 1464 9
2120 1435 2157 1467 et

1307 1480 1326 1511 3
1360 1489 1436 1515 ans,
1473 1476 1784 1516 coupeur-tailleur
1814 1486 1903 1512 pour
1936 1475 2092 1508 hommes
2121 1476 2157 1505 et

1308 1520 1441 1555 dames,
1470 1519 1572 1552 sobre
1599 1521 1636 1551 et
1660 1515 1880 1554 travailleur,
1907 1514 2020 1549 désire
2049 1513 2155 1548 union

1309 1572 1392 1594 avec
1422 1570 1593 1599 personne
1621 1559 1844 1592 affectueuse.

1354 1628 1445 1658 1306.
1448 1644 1491 1649 —
1518 1623 1742 1658 Célibataire.
1763 1622 1805 1655 44
1830 1633 1904 1659 ans,
1929 1620 2026 1655 taille
2053 1620 2155 1657 l'"60,

1314 1668 1380 1700 bon
1425 1665 1578 1704 ouvrier,
1625 1665 1840 1702 catholique,
1885 1663 1998 1700 stable,
2045 1659 2150 1698 doux,

1309 1710 1423 1743 bonne
1451 1707 1565 1741 santé,
1598 1705 1764 1743 aimable,
1799 1704 2000 1742 tranquille,
2037 1701 2156 1737 écono¬

1311 1752 1379 1785 mie
1405 1750 1506 1783 4.000
1530 1747 1576 1781 fr.
1609 1751 1645 1782 et
1675 1747 1767 1785 petit
1794 1745 1926 1783 avenir,
1959 1744 2158 1784 épouserait

1307 1790 1509 1825 demoiselle
1529 1801 1574 1823 ou
1600 1799 1715 1822 veuve
1740 1799 1820 1821 sans
1847 1787 1983 1823 enfant,
2010 1785 2098 1820 dans
2125 1784 2157 1817 la

1311 1831 1556 1870 quarantaine,
1597 1833 1706 1869 ayant
1745 1830 1860 1862 bonne
1899 1827 1999 1862 santé
2038 1839 2046 1864 ;
2085 1826 2158 1860 très

1309 1873 1456 1907 sérieux.

1355 1940 1448 1971 1308.
1483 1938 1527 1969 —
1564 1936 1747 1971 Adjudant
1784 1934 1916 1971 Infant,
1976 1932 2157 1968 coloniale,

1312 1979 1473 2013 médaillé
1499 1977 1680 2014 militaire.
1710 1978 1750 2010 35
1774 1987 1849 2013 ans.
1880 1974 2085 2009 retraitab'e
2112 1976 2157 2007 fin

1311 2021 1432 2059 année,
1467 2021 1566 2054 2.000
1597 2019 1617 2052 à
1650 2020 1748 2052 2.500
1776 2019 1819 2050 fr.
1855 2017 2014 2054 pension,
2048 2016 2159 2051 petite

1311 2064 1384 2101 dot,
1415 2061 1544 2100 emploi
1571 2058 1668 2098 civil,
1697 2060 1739 2092 45
1767 2058 1788 2091 à
1817 2058 1937 2091 50.000
1965 2057 2081 2090 francs
2109 2068 2157 2089 es¬

1310 2104 1489 2142 pérances,
1508 2102 1657 2136 cherche
1679 2102 1834 2138 mariage
1856 2111 1941 2133 avec
1963 2097 2068 2139 jeune
2088 2097 2161 2132 fille

1311 2159 1355 2179 ou
1386 2155 1500 2178 veuve
1532 2145 1575 2177 de
1601 2154 1739 2183 guerre,
1771 2153 1852 2175 sans
1884 2140 2017 2178 enfant,
2052 2138 2160 2173 situa-

1275 2191 1293 2220 -
1312 2188 1385 2220 tien
1414 2198 1457 2221 en
1485 2187 1643 2224 rapport,
1673 2186 1715 2219 29
1743 2195 1806 2217 ans
1830 2182 2037 2219 maximum,
2064 2191 2160 2216 assez

1312 2228 1442 2263 grande
1469 2228 1511 2260 de
1534 2225 1750 2266 préférence,
1777 2222 1877 2259 sténo
1893 2221 2048 2266 dactylo,
2068 2220 2159 2254 fonc¬

1312 2270 1499 2305 tionnaire.
1533 2267 1715 2305 emplovée
1750 2279 1795 2300 ou
1836 2267 1949 2304 autre,
1993 2273 2158 2297 commer¬

1312 2314 1414 2348 çante
1445 2309 1541 2346 (sauf
1568 2307 1815 2346 institutrice).

1359 2377 1451 2408 1310.
1505 2375 1548 2406 —
1602 2372 1823 2406 Célibataire.
1860 2372 1901 2404 33
1955 2381 2046 2407 ans,-
2063 2369 2161 2402 taille

1312 2427 1493 2450 movenne,
1519 2415 1636 2447 bonne
1659 2414 1771 2450 santé,
1792 2412 1966 2450 physiaue
1984 2410 2158 2449 agréable.

1312 2457 1384 2490 très
1420 2454 1571 2490 sérieuse
1602 2454 1746 2492 famille,
1785 2453 1991 2487 honorable,
2029 2451 2162 2485 facilité

1312 2499 1356 2531 de
1383 2497 1693 2535 renseignements,
1724 2495 1886 2530 aptitude
1909 2492 2163 2530 commerciale,

1314 2541 1375 2573 dot
1405 2539 1535 2577 14.000,
1567 2537 1770 2576 espérances
1802 2536 1933 2571 30.000.
1964 2534 2162 2574 épouserait

1315 2581 1514 2618 demoiselle
1535 2592 1580 2613 ou
1596 2590 1712 2613 veuve
1728 2579 1770 2612 28
1791 2577 1812 2612 à
1832 2579 1875 2611 30
1896 2588 1970 2616 ans,
1992 2576 2161 2609 situation

1313 2635 1365 2659 en.
1381 2626 1537 2661 rapport.
1567 2622 1753 2660 Mayenne.

1360 2686 1453 2718 1312.
1478 2685 1520 2718 —
1543 2685 1631 2719 Sans
1657 2695 1822 2718 annonce.

1360 2751 1452 2782 1314.
1482 2751 1525 2782 —
1555 2749 1738 2786 Capitaine
1765 2760 1807 2782 en
1833 2746 1990 2784 activité,
2015 2746 2057 2779 41
2086 2757 2163 2779 ans.

1315 2790 1455 2825 divorcé
1480 2790 1500 2824 à
1529 2802 1590 2824 son
1618 2791 1734 2829 profit,
1760 2789 1875 2823 désire
1900 2787 2055 2825 mariage
2079 2797 2164 2819 avec

1314 2844 1426 2866 veuve
1458 2844 1500 2866 ou
1533 2831 1707 2868 divorcée,
1739 2835 1847 2866 avant
1879 2830 1982 2867 goûts
2007 2827 2161 2865 simples,

1316 2873 1484 2908 situation
1508 2877 1543 2907 et
1569 2874 1634 2912 âge
1661 2886 1703 2907 en
1729 2874 1887 2911 rapport.

1362 2946 1452 2978 1316.
1480 2946 1523 2976 —
1546 2943 1748 2979 Industriel,
1778 2943 1820 2976 28
1848 2953 1921 2975 ans.
1951 2939 2162 2977 catholioue.

1315 2986 1441 3024 grand,
1481 2986 1571 3019 beau
1618 2984 1805 3024 physiaue,
1850 2982 1963 3016 désire
2008 2981 2164 3019 mariage

1316 3038 1399 3060 avec
1423 3038 1593 3065 personne
1622 3030 1732 3062 ayant
1756 3036 1852 3058 assez
1879 3034 1997 3062 grosse
2024 3022 2164 3058 fortune

1316 3081 1404 3104 pour
1431 3069 1566 3102 donner
1593 3067 1776 3102 extension
1809 3065 1828 3097 à
1859 3078 1922 3099 son
1950 3063 2122 3097 industrie
2156 3076 2164 3100 ;

1316 3109 1426 3143 même
1450 3109 1530 3148 plus
1559 3108 1654 3148 âgée.
1686 3107 1770 3141 Très
1797 3106 1944 3140 sérieux.

1363 3180 1454 3211 1318.
1481 3178 1524 3210 —
1552 3176 1773 3213 Célibataire,
1803 3175 1843 3208 49
1867 3187 1941 3212 ans,
1967 3173 2164 3214 paraissant

1316 3221 1440 3255 moins,
1470 3217 1684 3257 catholique,
1716 3215 1849 3249 famille
1880 3214 2083 3251 honorable,
2116 3214 2164 3247 sé¬

1319 3260 1432 3294 rieux.
1463 3260 1535 3292 très
1569 3258 1682 3296 sobre,
1712 3256 1888 3291 économie
1921 3255 2054 3292 30.000.
2086 3256 2168 3294 plus

1308 3311 1499 3337 commerce
1540 3299 1690 3339 (Loire),
1728 3296 1927 3339 épouserait
1959 3295 2158 3331 demoiselle
