2472 3696
784 361 999 467 LE
1072 363 1841 475 MARIAGE

1016 572 1248 625 ASSURÉ
1278 588 1310 625 A
1343 585 1502 628 TOUS
1536 588 1651 630 PAR

443 741 463 764 «
505 727 703 772 L’UN
713 728 778 769 T
786 728 851 769 EO
862 730 933 770 Ft
943 730 1011 770 VI
1027 728 1091 769 13
1106 730 1276 773 DIA
1287 731 1403 775 nr
1411 735 1477 774 E3
1554 737 1685 778 DU
1765 738 2052 781 FOYE
2068 743 2134 785 Fi
2188 757 2208 780 »

554 1025 572 1047 «
597 1009 1046 1052 L’INTERMEDIAIRE
1084 1015 1145 1054 DU
1178 1016 1333 1055 FOYER
1367 1028 1383 1057 »
1416 1019 1540 1059 n’est
1564 1031 1656 1070 pas
1684 1033 1778 1062 une
1806 1034 1990 1075 agence
2037 1030 2210 1067 matri¬

436 1074 651 1113 moniale
662 1086 677 1122 ;
701 1074 819 1114 c’est
847 1085 940 1114 une
959 1086 1129 1116 œuvre
1150 1076 1290 1117 créée
1313 1087 1444 1126 pour
1466 1079 1717 1121 favoriser
1736 1085 1783 1122 et
1802 1083 2022 1126 faciliter
2041 1087 2088 1126 le
2107 1098 2207 1126 ma¬

434 1132 576 1184 riage
615 1141 731 1174 entre
758 1148 979 1185 personnes
1008 1139 1265 1185 honorables,
1301 1141 1322 1177 à
1348 1142 1418 1188 qui
1450 1142 1485 1179 le
1510 1154 1691 1192 manque
1722 1147 1769 1183 de
1803 1147 1994 1187 relations
2020 1147 2208 1197 impose

440 1193 561 1233 neuf
579 1193 673 1232 fois
692 1203 782 1232 sur
800 1194 887 1232 dix
907 1194 952 1233 le
974 1195 1169 1235 célibat.

548 1256 607 1292 En
642 1256 748 1302 effet,
789 1268 866 1298 crue
904 1257 978 1295 fait
1013 1258 1049 1295 la
1085 1270 1286 1307 personne
1318 1260 1388 1309 qui
1424 1260 1553 1300 désire
1584 1275 1620 1299 st
1661 1265 1810 1302 marier
1834 1266 1849 1303 ?
1882 1266 1982 1305 Sauf
2012 1267 2061 1306 de
2096 1282 2203 1308 rares

439 1314 687 1362 exceptions,
721 1314 797 1352 elle
824 1316 1044 1354 recherche
1072 1317 1173 1355 dans
1196 1329 1270 1355 son
1301 1322 1526 1368 entourage
1550 1320 1654 1358 celui
1680 1334 1732 1360 ou
1761 1323 1862 1364 celle
1888 1327 1958 1374 qui
1990 1326 2077 1366 doit
2103 1328 2202 1367 faire

437 1382 511 1409 son
538 1372 742 1422 bonheur,
770 1378 813 1412 et
838 1381 1014 1414 souvent
1038 1376 1113 1413 elle
1141 1374 1356 1425 s’aperçoit
1384 1376 1591 1427 qu’aucun
1618 1382 1726 1428 parti
1752 1394 1804 1419 ne
1831 1385 1987 1428 répond
2014 1387 2035 1423 à
2064 1386 2199 1427 l’Idéal

436 1427 584 1478 qu’elle
617 1430 709 1470 s’est
744 1432 889 1480 formé,
935 1439 973 1472 et
1007 1446 1096 1483 que,
1144 1436 1245 1473 dans
1280 1448 1339 1473 ses
1382 1438 1587 1484 relations,
1626 1439 1700 1478 elle
1738 1438 1801 1478 n'a
1846 1455 2007 1482 aucune
2047 1446 2201 1485 chance

435 1486 654 1527 d’aboutir.

539 1547 761 1588 Comment
789 1552 912 1589 sortir
943 1552 993 1590 de
1021 1556 1122 1592 cette
1156 1554 1332 1603 impasse
1358 1555 1373 1593 ?
1404 1557 1434 1593 A
1469 1559 1537 1606 qui
1567 1564 1756 1598 raconter
1785 1571 1844 1598 ses
1876 1561 2014 1610 peines
2039 1562 2055 1600 ?
2090 1562 2199 1612 Trop

434 1613 617 1650 souvent,
648 1608 760 1646 hélas
784 1608 792 1646 1
817 1611 854 1648 la
880 1622 1097 1659 personne,
1126 1624 1178 1649 ne
1202 1615 1372 1652 sachant
1397 1618 1418 1653 à
1442 1616 1513 1665 qui
1537 1628 1576 1655 se
1597 1618 1763 1665 confier,
1795 1624 1924 1658 remet
1944 1621 1965 1657 à
1993 1620 2084 1669 plus
2108 1621 2195 1658 tard

431 1661 752 1700 lanécessitéde
768 1666 1674 1715 prendreunedécision,espéranttou.jours
1689 1673 1819 1718 qu’un
1839 1675 2032 1711 heureux
2048 1674 2200 1711 hasard

436 1718 473 1756 la
492 1718 713 1759 favorisera
744 1727 781 1760 et
813 1723 870 1760 lui
906 1730 1127 1770 permettra
1159 1725 1206 1763 de
1239 1733 1479 1765 rencontrer
1509 1728 1545 1766 le
1578 1730 1681 1777 parti
1714 1731 1937 1777 rêvé.Mais,
1953 1731 2137 1781 pendant
2155 1745 2198 1771 ce

435 1782 580 1828 temps,
620 1779 676 1818 les
706 1781 837 1830 jours,
872 1782 929 1819 les
965 1784 1178 1831 semaines,
1214 1785 1269 1821 les
1303 1787 1408 1824 mois
1440 1794 1603 1835 passent
1639 1793 1678 1827 et
1708 1789 1736 1826 il
1769 1791 1900 1828 arrive
1937 1791 2197 1840 quelquefois

432 1849 513 1887 que
559 1838 763 1887 plusieurs
813 1841 960 1879 années
1009 1840 1230 1880 s’écoulent
1278 1850 1401 1882 avant
1448 1857 1528 1894 que
1569 1844 1784 1885 l'occasion
1831 1854 1919 1887 tant
1961 1849 2115 1889 désirée
2157 1862 2197 1887 se

431 1897 630 1945 présente,
753 1903 763 1930 r

533 1958 807 1997 Nombreuses
835 1961 928 1997 sont
952 1961 1009 1997 les
1037 1961 1213 2001 familles
1243 1964 1314 2011 qui
1339 1968 1411 2002 ont
1440 1966 1501 2003 été
1531 1965 1688 2014 privées
1716 1967 1764 2004 de
1795 1967 1832 2003 la
1859 1968 1944 2016 joie
1971 1969 2018 2006 de
2045 1969 2196 2006 marier

431 2016 537 2054 leurs
567 2017 731 2064 enfants
735 2018 743 2065 ,
773 2018 879 2056 leurs
912 2020 1102 2059 relations
1127 2032 1166 2058 se
1194 2022 1371 2059 bornant
1400 2024 1422 2061 à
1451 2036 1507 2061 un
1534 2024 1745 2072 voisinage
1777 2025 1980 2064 restreint.

534 2076 583 2113 Et
612 2077 805 2114 combien
832 2079 877 2115 de
908 2088 1055 2116 veuves
1059 2079 1066 2126 ,
1097 2080 1244 2126 jeunes
1268 2090 1413 2119 encore
1418 2094 1425 2128 ,
1459 2094 1499 2120 se
1532 2085 1724 2120 trouvant
1754 2085 1854 2122 dans
1886 2085 1918 2122 le
1950 2085 2083 2123 même
2112 2097 2188 2131 cas,

430 2131 545 2172 n’ont
565 2146 620 2182 pu
644 2146 683 2172 se
706 2136 903 2173 remarier
922 2137 935 2173 !
957 2137 1197 2185 Cependant
1218 2140 1313 2177 elles
1338 2141 1524 2178 auraient
1549 2154 1602 2190 pu
1628 2142 1741 2180 créer
1763 2155 1821 2180 un
1848 2155 2036 2182 nouveau
2060 2144 2188 2194 foyer,

432 2190 532 2230 faire
558 2193 595 2231 le
625 2192 817 2233 bonheur
845 2193 943 2233 d’un
977 2197 1126 2234 nouvel
1154 2199 1300 2245 époux,
1338 2203 1377 2236 et
1409 2200 1493 2237 être
1523 2199 1740 2239 heureuses
1773 2201 2059 2250 elles-mêmes,
2095 2205 2125 2241 si
2160 2207 2193 2244 le

428 2252 560 2289 destin
600 2253 688 2291 leur
719 2254 827 2292 avait
863 2256 1017 2302 permis
1050 2256 1099 2293 de
1131 2262 1372 2295 rencontrer
1408 2258 1511 2295 celui
1552 2259 1636 2307 qui,
1678 2271 1718 2296 se
1756 2264 1951 2299 trouvant
1994 2262 2191 2310 peut-être

427 2314 516 2349 tout
552 2312 642 2359 près
675 2310 823 2359 d'elles,
864 2313 1078 2352 cherchait
1108 2314 1337 2361 lui-même,
1372 2316 1421 2354 de
1458 2328 1530 2354 son
1570 2317 1671 2364 côté,
1711 2316 1831 2357 l’âme
1868 2332 1992 2357 sœur.
2035 2321 2082 2359 Et
2114 2333 2191 2370 que

430 2369 610 2408 fallait-il
644 2383 748 2420 pour
784 2384 862 2421 que
892 2372 930 2410 la
966 2373 1088 2411 chose
1118 2374 1271 2412 arrivât
1295 2375 1311 2412 P
1350 2375 1413 2413 Un
1451 2375 1537 2413 rien
1541 2389 1549 2422 ,
1592 2388 1669 2414 une
1708 2377 1829 2418 tierce
1865 2389 2069 2427 personne
2104 2382 2173 2429 qui
2176 2412 2184 2426 ,

426 2431 749 2477 correspondant
773 2442 868 2469 avec
892 2434 982 2470 tous
1008 2433 1061 2469 les
1084 2432 1188 2470 deux
1191 2445 1199 2479 ,
1227 2434 1357 2472 aurait
1384 2447 1439 2483 pu
1465 2435 1519 2472 les
1545 2438 1687 2474 mettre
1716 2448 1766 2474 en
1793 2440 1975 2486 rapport.

532 2488 580 2526 Et
603 2488 660 2527 les
682 2490 828 2537 jeunes
858 2489 960 2528 filles
986 2491 1002 2528 P
1029 2490 1069 2528 Si
1098 2490 1181 2529 l’on
1207 2492 1402 2540 envisage
1432 2494 1468 2531 la
1499 2493 1693 2532 situation
1726 2493 1848 2534 d’une
1878 2497 2112 2535 demoiselle
2139 2511 2186 2537 en

424 2547 499 2595 âge
524 2547 574 2586 de
604 2559 645 2584 se
671 2549 835 2594 marier,
844 2550 920 2586 elle
944 2554 1004 2588 est
1029 2562 1112 2588 non
1136 2551 1272 2588 moins
1283 2550 1471 2596 délicate;
1484 2550 1532 2589 la
1543 2552 1750 2591 retenue
1763 2552 1982 2602 imposée
1995 2565 2093 2603 par
2103 2566 2188 2594 son

420 2613 537 2643 sexe
557 2604 630 2643 lui
650 2605 859 2644 interdit
877 2607 1010 2645 toute
1035 2606 1296 2647 démarche
1314 2610 1643 2656 personnelle,
1677 2619 1713 2652 et
1749 2615 1824 2653 elle
1857 2621 1915 2654 est
1947 2615 2186 2656 fatalement

429 2667 689 2705 condamnée
716 2680 763 2704 au
800 2669 958 2714 célibat,
978 2670 1010 2706 si
1038 2668 1112 2706 elle
1141 2667 1204 2706 n’a
1224 2682 1293 2719 pas
1322 2670 1357 2707 la
1379 2670 1528 2717 grande
1546 2672 1700 2713 chance
1721 2673 1769 2711 de
1783 2677 1948 2712 trouver
1982 2674 2082 2713 dans
2114 2687 2185 2713 son

423 2731 650 2774 entourage
681 2727 894 2765 immédiat
931 2740 989 2766 un
1021 2729 1126 2776 parti
1163 2730 1379 2767 conforme
1414 2731 1434 2768 à
1471 2741 1542 2767 son
1579 2732 1664 2779 âge,
1703 2733 1723 2769 à
1760 2744 1832 2770 son
1872 2745 1975 2782 rang
2004 2738 2041 2772 et
2077 2735 2096 2772 à
2129 2747 2185 2773 ses

422 2783 682 2833 aspirations.

537 2843 578 2882 Si
603 2851 706 2883 cette
728 2845 865 2883 bonne
892 2845 1059 2884 fortune
1084 2846 1142 2884 lui
1167 2851 1226 2885 est
1251 2848 1420 2896 refusée,
1451 2849 1528 2887 elle
1553 2855 1652 2899 peut
1677 2850 1795 2888 faire*
1806 2851 1937 2900 appel,
1970 2853 2102 2902 parmi
2127 2866 2185 2892 ses

421 2901 750 2950 connaissances,
780 2904 801 2941 à
836 2916 915 2942 une
944 2917 1150 2954 personne
1177 2906 1224 2943 de
1253 2907 1391 2945 bonne
1419 2908 1584 2947 volonté
1619 2929 1668 2933 —
1704 2911 1736 2949 si
1769 2909 1844 2948 elle
1879 2922 1928 2947 en
1960 2915 2103 2951 trouve
2135 2932 2184 2936 —

422 2966 544 3010 ayant
582 2962 648 3000 des
688 2962 879 3001 relations
919 2975 1024 3001 assez
1056 2964 1250 3004 étendues
1289 2978 1394 3015 pour
1431 2967 1490 3004 lui
1528 2967 1629 3005 faire
1666 2972 1899 3006 contracter
1934 2981 2016 3009 une
2055 2971 2182 3010 union

420 3019 674 3059 convenable
696 3033 704 3066 ;
741 3022 845 3060 mais
877 3027 981 3060 cette
1015 3024 1293 3063 intervention
1330 3024 1428 3063 d’un
1470 3025 1565 3063 tiers
1599 3025 1794 3064 bénévole
1836 3027 1937 3065 n’est
1981 3041 2050 3077 pas
2091 3040 2183 3068 sans

423 3079 631 3127 présenter
660 3080 707 3118 de
738 3093 881 3129 graves
915 3081 1242 3130 inconvénients,
1273 3085 1375 3122 dont
1404 3084 1440 3122 le
1472 3085 1662 3122 moindre
1691 3083 1869 3125 consiste
1899 3088 1919 3124 à
1951 3088 2183 3136 apprendre

422 3137 580 3177 bientôt
617 3149 698 3187 que
729 3137 994 3188 l’obligeante
1034 3153 1237 3189 personne
1271 3143 1408 3191 répète
1442 3157 1461 3179 «
1483 3144 1576 3181 urbi
1609 3149 1648 3181 et
1682 3144 1772 3181 orbi
1794 3158 1814 3181 »
1861 3157 1945 3195 ^ue,
1993 3158 2085 3185 sans
2126 3159 2183 3185 ses

421 3196 661 3236 démarches
688 3198 886 3245 réitérées,
918 3199 953 3237 la
978 3201 1104 3248 jeune
1132 3200 1224 3243 fille,
1258 3201 1358 3238 dont
1384 3202 1457 3240 elle
1484 3215 1503 3239 a
1531 3203 1555 3239 b
1576 3213 1624 3239 en
1652 3204 1776 3241 voulu
1802 3205 2024 3253 s’occuper,
2052 3207 2181 3244 aurait

421 3255 538 3292 coiffé
569 3254 959 3297 Sainte-Catherine.
