2472 3696
346 829 511 1037 1/
546 786 2199 1036 INTERMÉDIAIRE

823 1175 1055 1276 DU
1131 1169 1691 1278 FOYER

684 1483 1136 1572 RECUEIL
1196 1477 1860 1574 P’ANNOKCES

855 1651 1123 1704 Paraissant
1149 1650 1186 1702 le
1217 1668 1239 1702 i
1248 1657 1276 1673 tr
1300 1648 1353 1700 de
1378 1648 1542 1717 chaque
1567 1648 1682 1700 mois

488 1925 621 1991 16,
672 1925 944 1983 Cours
995 1921 1595 1990 Charlemagne
1624 1952 1689 1957 —
1727 1918 2043 1977 LYON

930 2267 1062 2301 Très
1096 2263 1302 2313 grande
1336 2260 1589 2298 diffusion

687 2356 946 2404 Rayonne
975 2354 1118 2389 dans
1153 2357 1278 2389 tous
1305 2355 1384 2387 les
1416 2351 1831 2398 départements

775 2444 1030 2480 Abonnés
1059 2442 1200 2478 dans
1227 2441 1279 2477 la
1310 2443 1515 2482 France
1549 2439 1754 2476 entière

335 2874 441 3086 4

542 2670 610 2712 Ce
630 2669 865 2726 journal
904 2670 985 2709 est
1014 2667 1211 2721 envoyé
1247 2663 1442 2719 franco
1481 2677 1609 2707 sous
1636 2664 1718 2720 pli
1748 2663 1965 2709 cacheté
2001 2664 2035 2707 à

480 2751 623 2791 toute
654 2756 930 2805 personne
966 2744 1058 2800 qui
1096 2757 1158 2785 en
1200 2741 1301 2795 fait
1349 2741 1404 2783 la
1449 2741 1710 2785 demande
1750 2754 2037 2798 accompa¬

475 2825 608 2881 gnée
636 2823 698 2866 de
727 2837 827 2866 son
859 2824 1109 2866 montant
1135 2818 1305 2877 (0.75)
1326 2819 1453 2877 plus
1485 2817 1614 2863 0.25
1639 2831 1786 2874 pour
1817 2819 1863 2861 le
1888 2822 2031 2875 port.

376 3092 517 3291 L

535 3069 565 3103 A
593 3066 609 3102 «
633 3066 928 3102 L’Intermédiaire
957 3077 973 3099 »
1007 3064 1038 3099 le
1059 3072 1137 3099 mot
1165 3077 1183 3096 «
1207 3062 1397 3097 discrétion
1425 3075 1443 3093 »
1465 3071 1515 3096 est
1536 3072 1739 3108 synonyme
1760 3063 1802 3097 de
1826 3065 1970 3099 réussite

1984 3092 2139 3286 J
