2472 3696
428 415 500 452 Les
535 416 690 452 mêmes
727 412 960 462 difficultés,
1007 412 1101 449 bien
1139 408 1235 460 qu'à
1272 421 1329 448 un
1369 408 1560 447 moindre
1599 410 1735 458 degré,
1852 407 2088 456 présentent

325 480 431 516 pour
461 470 494 506 le
520 479 609 506 sexe
639 469 739 515 fort.
769 468 820 505 Le
851 468 978 514 jeune
1004 465 1187 512 homme,
1220 465 1408 503 désireux
1438 464 1488 501 de
1514 477 1554 502 se
1586 462 1807 501 soustraire
1838 474 1917 499 aux
1946 461 2089 499 incon¬

324 524 510 561 vénients
542 523 598 560 du
632 522 792 568 célibat,
832 521 902 569 qui
933 525 992 558 est
1022 520 1081 560 las
1115 518 1165 558 de
1197 520 1310 556 vivre
1340 531 1390 557 au
1422 521 1657 555 restaurant
1685 518 1739 555 où
1768 515 1851 554 l'on
1888 514 1978 564 paie
2008 516 2092 553 fort

322 573 422 609 cher
464 580 540 608 une
589 580 809 607 mauvaise
862 570 1124 614 nourriture,
1165 569 1215 604 de
1271 577 1421 614 passer
1467 576 1534 603 ses
1581 565 1741 602 soirées
1761 564 1769 571 '
1787 576 1839 602 au
1884 566 1986 609 café,
2042 574 2093 599 en

323 628 480 663 faisant
528 626 567 662 la
617 625 936 661 traditionnelle
987 624 1160 659 manille
1212 631 1314 658 avec
1358 621 1433 656 des
1486 621 1749 663 camarades,
1807 628 1858 655 au
1908 619 1992 654 lieu
2043 617 2094 653 de

325 686 472 733 goûter
499 684 535 720 la
568 685 697 722 douce
728 681 969 720 familiarité
1001 681 1056 718 du
1088 681 1217 728 foyer,
1251 677 1335 728 qui,
1372 690 1424 715 en
1451 690 1518 715 cas
1549 676 1898 725 d’indisposition,
1931 675 2094 724 préfère

327 739 382 776 les
412 739 522 776 soins
558 737 787 775 affectueux
815 733 940 775 d’une
976 734 1133 771 femme
1158 734 1342 771 dévouée
1376 734 1398 770 à
1430 744 1531 770 ceux
1566 731 1689 769 d’une
1717 731 1945 779 étrangère,
1988 728 2092 768 celui

327 793 398 841 qui
434 792 646 831 considère
679 801 845 827 comme
880 802 961 827 une
996 788 1228 837 obligation
1265 787 1399 825 sacrée
1430 787 1468 824 la
1505 785 1724 823 fondation
1753 783 1879 822 d’une
1916 782 2089 829 famille,

329 847 402 884 but
433 846 624 894 suprême
660 845 708 883 de
736 843 981 889 l'existence,
1021 855 1072 879 en
1103 854 1159 880 un
1196 847 1286 880 mot
1314 840 1514 878 l’homme
1551 839 1599 876 de
1627 851 1745 877 cœur
1779 838 1850 887 qui
1882 842 1978 875 veut
2012 836 2096 875 être

328 901 430 938 utile
460 901 481 937 à
515 900 551 936 la
586 898 745 945 société,
782 902 890 946 peut,
930 898 1022 935 sahs
1055 902 1148 945 trop
1179 895 1232 933 de
1261 894 1497 942 difficultés,
1535 893 1736 931 chercher
1765 892 1982 930 lui-même
2014 903 2097 930 une

328 965 576 1003 compagne,
606 957 645 991 et
675 953 704 990 il
730 953 790 990 lui
822 958 881 990 est
906 951 1068 990 loisible
1101 951 1151 988 de
1178 950 1404 987 demander
1434 950 1456 986 à
1484 960 1544 986 ses
1574 947 1681 985 amis
1709 951 1749 984 et
1779 946 2095 984 connaissances

327 1010 378 1047 de
404 1009 462 1047 lui
492 1013 658 1046 trouver
688 1019 744 1044 un
776 1005 882 1055 parti
913 1004 1177 1050 convenable,
1209 1004 1315 1042 mais
1344 1007 1468 1040 est-ce
1493 1001 1687 1040 suffisant
1711 1001 1726 1038 P
1759 1001 1812 1038 La
1840 1000 2008 1049 plupart
2036 999 2095 1036 du

328 1068 475 1111 temps,
503 1062 538 1099 le
566 1062 719 1109 champ
743 1061 811 1099 des
840 1059 1080 1097 recherches
1105 1062 1164 1096 est
1195 1058 1278 1095 fort
1308 1056 1509 1102 restreint,
1544 1056 1600 1093 les
1626 1056 1728 1093 amis
1759 1055 1851 1103 plus
1874 1066 1930 1091 ou
1958 1051 2096 1090 moins

329 1116 589 1154 indifférents
613 1115 804 1154 oublient
834 1114 882 1151 de
912 1112 1124 1161 s’occuper
1155 1111 1203 1149 de
1234 1112 1272 1149 la
1301 1111 1474 1149 mission
1506 1110 1679 1148 délicate
1704 1109 1808 1147 dont
1838 1108 1885 1145 ils
1913 1105 2097 1145 s'étalent

330 1171 503 1220 chargés
538 1174 710 1207 souvent
740 1170 762 1206 à
797 1172 1089 1212 contre-cœur,
1121 1171 1159 1204 et
1195 1166 1221 1202 il
1251 1178 1300 1204 en
1333 1165 1483 1203 résulte
1516 1176 1597 1212 que
1625 1162 1860 1208 l’intéressé,
1901 1173 1951 1199 ne
1986 1166 2096 1199 trou¬

331 1231 430 1263 vant
461 1236 531 1273 pas
566 1235 610 1261 ce
643 1223 744 1272 qu'il
779 1221 920 1269 désire,
956 1221 1117 1270 préfère
1150 1217 1377 1263 s’abstenir,
1414 1222 1466 1265 et,
1503 1218 1619 1265 après
1655 1217 1850 1266 quelques
1881 1215 2097 1253 tentatives

330 1280 483 1325 vaines,
510 1289 550 1315 se
574 1277 739 1326 résigne
758 1281 850 1314 tout
875 1275 1125 1313 doucement
1147 1275 1168 1312 à
1195 1278 1320 1312 rester
1345 1273 1464 1310 vieux
1490 1283 1659 1322 garçon.

441 1332 505 1370 Ah
525 1332 537 1369 !
562 1343 638 1381 que
664 1332 712 1368 de
739 1330 942 1377 mariages
968 1328 1170 1377 manqués
1200 1328 1308 1369 faute
1336 1324 1435 1365 d'un
1464 1325 1769 1364 intermédiaire
1793 1323 1963 1370 sérieux,
1997 1325 2097 1361 hon¬

334 1388 422 1424 nête
447 1388 484 1424 et
513 1385 675 1431 discret,
704 1389 882 1433 prenant
907 1386 930 1421 à
952 1394 1069 1420 cœur
1095 1384 1133 1420 la
1156 1381 1325 1420 réussite
1350 1381 1421 1419 des
1445 1379 1651 1428 mariages
1677 1378 1877 1427 auxquels
1906 1378 1933 1414 il
1963 1377 2096 1415 s’inté¬

331 1452 441 1478 resse
464 1440 472 1477 !
505 1439 706 1477 Combien
733 1438 789 1486 de.
817 1439 974 1486 projets
1002 1436 1341 1481 matrimoniaux,
1380 1434 1641 1473 commencés
1671 1445 1764 1471 sous
1797 1433 1845 1471 de
1875 1432 1978 1469 bons
2011 1443 2099 1469 aus¬

335 1495 455 1544 pices,
486 1499 562 1531 ont
595 1493 752 1531 échoué
783 1493 804 1530 à
839 1493 876 1529 la
908 1492 1012 1530 suite
1045 1488 1392 1531 d’indiscrétions,
1431 1487 1651 1526 commises
1683 1486 1820 1527 même
1852 1484 2100 1524 involontai¬

334 1553 494 1586 rement
517 1547 524 1585 !
574 1547 690 1586 Seule
727 1559 808 1585 une
842 1544 1120 1584 intervention
1160 1544 1263 1589 sûre,
1316 1542 1608 1581 bienveillante
1647 1546 1685 1580 et
1723 1541 1949 1584 raisonnée,
2004 1543 2103 1588 peut

336 1608 483 1640 mettre
510 1615 559 1640 en
589 1606 761 1649 rapport
785 1602 823 1638 la
852 1600 964 1638 foule
992 1597 1152 1637 d’isolés
1181 1597 1253 1647 qui
1277 1597 1467 1645 végètent
1494 1597 1595 1634 dans
1624 1596 1663 1634 la
1689 1594 1878 1641 solitude,
1911 1594 2024 1631 faute
2053 1592 2102 1631 de

334 1670 374 1694 se
397 1656 623 1702 connaître,
655 1659 695 1692 et
718 1659 811 1693 sont
839 1654 942 1692 ainsi
967 1652 1104 1703 privés
1132 1653 1199 1691 des
1226 1652 1332 1700 joies
1357 1650 1406 1688 de
1430 1651 1466 1688 la
1500 1650 1672 1688 famille.

442 1709 546 1748 C’est
568 1721 675 1759 pour
697 1708 900 1747 remédier
919 1710 940 1745 à
963 1712 1026 1745 cet
1045 1708 1128 1744 état
1152 1706 1202 1744 de
1220 1705 1361 1743 choses
1383 1703 1490 1743 aussi
1516 1703 1818 1752 préjudiciable
1841 1703 1862 1740 à
1882 1698 2102 1741 l’individu

336 1764 429 1814 qu’à
459 1765 497 1802 la
525 1763 782 1809 collectivité,
820 1762 923 1800 dont
947 1760 1086 1799 l’essor
1108 1765 1171 1798 est
1200 1756 1524 1808 complètement
1554 1757 1720 1795 entravé
1750 1769 1825 1805 par
1849 1755 1886 1793 la
1921 1755 2101 1793 diminu¬

348 1819 434 1856 tion
482 1817 531 1855 de
575 1818 668 1866 plus
713 1828 764 1853 en
815 1816 908 1863 plus
950 1813 1110 1864 grande
1150 1814 1220 1851 des
1269 1811 1471 1861 mariages
1514 1823 1595 1859 que
1642 1822 1746 1847 nous
1789 1822 1917 1848 avons
1967 1807 2092 1846 fondé

343 1893 362 1915 «
384 1874 836 1916 L’INTERMEDIAIRE
858 1888 892 1912 ».

441 1934 612 1985 Jusqu’à
640 1947 685 1972 ce
710 1938 810 1984 jour
836 1933 1022 1982 quantité
1046 1933 1261 1983 d’agences
1289 1937 1365 1970 ont
1392 1933 1452 1970 été
1482 1931 1627 1970 créées.
1658 1928 1860 1969 Combien
1890 1930 1936 1966 de
1969 1928 2103 1966 réelle¬

341 1994 454 2030 ment
483 1990 602 2029 utiles
629 1992 665 2026 et
698 1990 880 2038 efficaces
901 1990 971 2026 ?...
1003 1988 1052 2026 Et
1082 1989 1169 2026 cela
1200 1999 1242 2024 se
1264 1985 1517 2033 .comprend,
1548 1985 1687 2034 quand
1721 1996 1775 2022 on
1809 1981 1996 2021 réfléchit
2026 1992 2105 2030 que

338 2048 425 2085 seul
459 2044 634 2083 l'intérêt
662 2044 822 2093 guidait
855 2053 919 2082 ces
952 2043 1122 2092 gens-là,
1160 2045 1199 2080 et
1230 2054 1322 2090 que,
1360 2040 1460 2078 dans
1489 2052 1547 2078 un
1580 2037 1767 2085 mariage
1800 2037 1876 2074 fait
1910 2048 1985 2085 par
2010 2047 2102 2080 eux,

340 2101 386 2138 ils
412 2098 760 2147 n’envisageaient
783 2095 937 2146 qu’une
957 2096 1080 2134 chose
1104 2092 1111 2133 :
1125 2092 1170 2133 la
1184 2100 1256 2133 SOI
1256 2099 1359 2133 Time
1373 2089 1402 2132 Ù
1416 2089 1652 2132 tOUCtlBFà
1669 2088 1782 2130 titre
1797 2088 1850 2130 de
1866 2087 2108 2135 CUirtdgB.

444 2151 672 2190 Combien
697 2148 962 2189 différente
981 2156 1054 2186 est
1078 2149 1217 2186 notre
1239 2145 1407 2185 œuvre
1425 2145 1436 2183 !
1464 2148 1572 2186 Nous
1598 2159 1650 2184 ne
1675 2145 1931 2183 demandons
1950 2144 2107 2180 aucitn

338 2206 589 2254 courtage,
625 2213 811 2243 aucune
839 2200 1150 2241 commission
1180 2200 1192 2238 !
1225 2203 1277 2240 Le
1304 2203 1388 2240 seul
1417 2202 1596 2239 débours
1627 2200 1802 2239 consiste
1834 2200 1855 2237 à
1884 2210 2009 2247 payer
2039 2209 2098 2234 un

346 2261 846 2310 modiqueabonnement,
877 2259 1033 2297 destiné
1054 2260 1075 2296 à
1100 2256 1266 2296 couvrir
1289 2257 1345 2294 les
1372 2254 1471 2293 frais
1497 2252 1786 2302 d’impression
1812 2257 1852 2291 et
1872 2253 1921 2291 de
1947 2262 2111 2292 corres¬

340 2315 567 2362 pondance.

447 2369 574 2407 Grâce
600 2370 621 2405 à
645 2371 762 2404 notre
784 2377 951 2413 organe,
980 2367 1239 2414 moyennant
1264 2363 1302 2400 la
1328 2361 1512 2399 modeste
1538 2371 1698 2398 somme
1721 2359 1772 2396 de
1827 2361 1909 2398 SIX
1948 2352 2114 2396 frURCS

337 2428 456 2468 pour
486 2426 547 2461 un
576 2418 708 2465 mois,
748 2416 870 2459 neuf
887 2416 1049 2460 francs
1076 2422 1197 2464 pour
1228 2414 1351 2455 deux
1385 2414 1504 2453 mois
1534 2412 1583 2451 et
1620 2410 1768 2452 douze
1807 2409 1970 2451 francs
1998 2414 2119 2458 pour

340 2473 457 2516 trois
486 2473 605 2515 mois
610 2504 620 2520 ,
652 2471 721 2512 les
755 2470 1054 2512 célibataires
1088 2468 1173 2508 des
1204 2467 1329 2508 deux
1362 2475 1506 2506 sexes
1536 2465 1618 2504 ont
1646 2465 1672 2502 à
1695 2463 1797 2502 leur
1824 2461 2114 2507 disposition

340 2539 405 2568 un
441 2527 579 2568 choix
615 2525 672 2566 de
703 2525 872 2576 partis,
910 2525 1162 2576 permettant
1189 2525 1240 2564 de
1261 2525 1422 2563 donner
1449 2520 1706 2560 satisfaction
1733 2522 1756 2560 à
1782 2525 1914 2560 toutes
1937 2519 1994 2561 les
2019 2519 2113 2556 exi¬

343 2591 537 2631 gences.

466 2637 574 2675 Nous
595 2642 739 2675 tenons
762 2637 783 2673 à
806 2634 843 2672 le
863 2635 1038 2684 répéter:
1064 2647 1082 2669 «
1105 2627 1559 2669 L’INTERMEDIAIRE
1581 2641 1599 2664 »
1626 2624 1692 2665 n’a
1717 2626 1806 2664 rien
1838 2625 1885 2663 de
1911 2636 2110 2662 commun

344 2711 439 2737 avec
470 2698 526 2737 les
555 2707 732 2746 agences
759 2693 1090 2733 matrimoniales
1113 2703 1121 2737 ;
1156 2688 1252 2729 c'est
1280 2701 1360 2728 une
1387 2699 1526 2727 œuvre
1560 2689 1661 2726 dont
1689 2688 1723 2723 le
1761 2688 1831 2724 but
1865 2685 2019 2733 unique
2053 2686 2110 2721 est

347 2753 393 2791 de
432 2751 560 2791 servir
594 2752 641 2789 de
676 2747 963 2787 trait-d'union
1001 2752 1120 2784 entre
1158 2750 1291 2783 toutes
1330 2754 1554 2792 personnes
1593 2741 1817 2779 désireuses
1852 2738 1900 2776 de
1939 2736 2114 2786 remplir

348 2809 434 2845 leur
454 2805 596 2845 devoir
618 2804 741 2842 social
769 2815 817 2840 en
843 2804 1105 2839 contractant
1131 2798 1329 2847 mariage,
1351 2794 1514 2842 quelle
1530 2802 1624 2840 que
1645 2791 1742 2830 soit
1756 2791 1868 2829 leur
1881 2789 2115 2829 situation

342 2859 398 2897 de
419 2858 633 2903 fortune,
655 2855 712 2893 de
732 2855 780 2892 la
798 2853 913 2900 plus
931 2851 1152 2890 modeste
1175 2849 1200 2888 h
1224 2851 1272 2889 la
1291 2849 1303 2888 r
1321 2848 1400 2888 lus
1421 2846 1599 2888 élevée,
1631 2853 1672 2886 et
1705 2860 1809 2885 nous
1847 2847 2114 2895 remplissons

354 2914 635 2953 cettemission
667 2924 763 2949 avec
789 2908 1072 2948 L’EXTREME
1099 2902 1406 2953 DISCRETION
1433 2915 1511 2953 que
1542 2902 1627 2939 doit
1659 2902 1893 2949 comporter
1923 2908 1985 2936 un
2014 2898 2120 2936 acte

344 2966 478 3005 aussi
497 2964 784 3009 important,
807 2960 943 3000 aussi
962 2959 1105 2998 sacré
1126 2969 1220 3008 que
1241 2959 1287 2997 le
1308 2956 1547 3006 mariage.

1615 3057 1681 3096 LA
1711 3054 2004 3094 DIRECTION.
