2472 3696
451 533 1103 612 OBSERVATIONS
1155 526 1859 607 RECOMMANDEES

318 851 340 886 Il
362 852 413 886 est
437 850 642 885 absolument
669 848 910 889 indispensable
933 854 993 887 que
1014 846 1139 886 chaque
1166 844 1293 879 abonné
1319 843 1378 878 lise
1404 843 1652 879 attentivement
1683 841 1724 875 —
1754 841 1775 875 il
1799 850 1818 876 a
1845 842 1886 876 du
1914 841 2002 875 reste

451 917 521 951 tout
540 913 660 950 intérêt
685 914 705 949 à
724 916 754 948 le
774 913 862 948 faire
887 913 934 946 —
960 913 1007 946 les
1034 912 1126 946 notes
1147 911 1332 946 ci-dessovs
1354 917 1438 950 pour
1456 911 1594 950 pouvoir
1612 909 1665 949 s’y
1685 907 1874 942 conformer

315 1069 346 1105 I.
378 1090 424 1094 —
452 1068 557 1104 Tout
586 1067 739 1103 lecteur
767 1067 816 1102 de
841 1064 1126 1102 l’INTERME-

267 1117 449 1154 DIAIRE
481 1115 664 1152 désirant
696 1113 993 1157 correspondre
1024 1121 1125 1147 avec

267 1177 322 1202 un
353 1175 404 1201 ou
434 1163 639 1210 plusieurs
670 1163 856 1198 abonnés
886 1161 956 1196 NE
984 1160 1125 1195 PEUT

266 1214 332 1250 LE
357 1213 515 1249 FAIRE
543 1211 674 1248 SANS
700 1210 836 1246 ETRE
862 1208 1124 1245 LUI-MEME

270 1261 501 1303 ABONNE,
535 1267 572 1299 et
604 1267 705 1296 sans
731 1255 847 1294 avoir
876 1255 951 1292 fait
979 1264 1126 1301 parve¬

269 1311 345 1352 nir,
374 1319 425 1344 au
451 1307 673 1353 préalable,
700 1307 735 1342 le
760 1307 950 1340 montant
974 1303 1024 1340 de
1049 1311 1125 1338 son

269 1358 549 1393 abonnement
587 1365 640 1391 au
677 1354 854 1400 journal.

319 1472 369 1507 II.
395 1493 442 1498 —
471 1470 575 1507 Tout
606 1469 808 1505 adhérent
838 1469 864 1505 à
893 1471 1012 1504 notre
1043 1477 1128 1503 œu¬

273 1530 345 1557 vre
380 1520 463 1555 doit
496 1518 601 1554 faire
635 1517 831 1563 parvenir
866 1517 890 1553 à
925 1516 1130 1554 l’INTER-

272 1567 546 1607 MEDIAIRE,
597 1575 648 1602 en
699 1566 833 1601 même
884 1567 1019 1607 temps
1051 1573 1129 1608 que

273 1626 350 1652 son
393 1615 684 1658 abonnement,
729 1614 767 1649 le
800 1612 1021 1648 LIBELLE
1061 1612 1129 1647 DE

272 1664 375 1700 SON
408 1662 675 1706 ANNONCE,
709 1660 882 1705 laquelle
929 1659 1012 1695 doit
1044 1659 1129 1694 être

273 1710 525 1747 convenable
553 1715 591 1747 et
618 1709 666 1745 de
694 1711 804 1745 toute
830 1707 1032 1744 moralité.

323 1758 380 1794 La
403 1758 610 1794 Direction
633 1767 678 1792 se
699 1758 869 1792 réserve
890 1754 927 1789 le
950 1753 1057 1789 drdit
1078 1753 1128 1789 de

278 1807 465 1843 modifier
491 1808 601 1842 toute
627 1813 814 1842 annonce
839 1801 1080 1848 équivoque.

321 1921 390 1958 III.
412 1943 458 1947 —
483 1921 560 1956 Les
585 1927 809 1961 annonces,
836 1926 940 1962 pour
963 1917 1050 1952 être
1072 1916 1132 1951 in¬

273 1971 414 2010 sérées
452 1969 486 2004 le
524 1969 544 2004 1
548 1973 576 1991 er
611 1967 659 2003 de
697 1967 855 2011 chaque
890 1965 1010 2009 mois,
1049 1964 1132 1999 doi¬

273 2023 369 2056 vent
394 2027 500 2052 nous
527 2015 722 2061 parvenir
751 2025 804 2050 au
829 2013 962 2049 PLUS
988 2012 1130 2048 TARD

275 2067 339 2102 LE
367 2067 411 2102 28
439 2066 492 2101 du
515 2064 621 2100 mois
648 2062 880 2108 précédent.
905 2061 1034 2097 Toute
1061 2070 1131 2096 an¬

275 2124 419 2156 nonce,
462 2122 582 2157 reçue
623 2111 745 2156 après
787 2113 889 2146 cette
930 2108 1038 2153 date,
1079 2117 1131 2144 ne

275 2171 427 2207 pourra
454 2162 634 2206 paraître
660 2169 737 2203 que
760 2159 796 2195 le
821 2157 926 2193 mois
948 2156 1129 2192 suivant.

276 2212 391 2246 Dans
424 2220 470 2246 ce
501 2218 586 2253 cas,
619 2208 648 2243 il
679 2208 785 2242 n’est
817 2214 893 2249 pas
926 2203 1133 2247 indispen¬

275 2258 389 2294 sable
412 2266 488 2302 que
510 2256 724 2292 l’annonce
746 2252 825 2290 soit
846 2252 1007 2289 insérée
1029 2260 1132 2296 pour

275 2316 354 2351 que
381 2303 612 2341 l’intéressé
646 2302 787 2348 puisse
834 2298 1132 2343 correspondre

275 2364 376 2391 avec
398 2354 457 2389 les
480 2351 664 2387 abonnés
688 2351 741 2385 du
763 2350 939 2394 journal.
963 2347 995 2381 Il
1018 2346 1133 2382 suffit
1163 2334 1167 2395 |

275 2401 370 2447 qu’il
396 2401 452 2436 ait
477 2409 574 2444 reçu
598 2397 851 2435 l’indication
878 2396 931 2431 du
956 2393 1131 2430 numéro

275 2449 534 2493 remplaçant
569 2456 646 2482 son
680 2454 778 2481 nom
811 2452 913 2488 pour
951 2440 1045 2487 qu’il
1075 2441 1132 2476 ait

276 2500 386 2533 toute
420 2494 569 2531 facilité
602 2493 651 2529 de
685 2490 997 2535 communiquer
1031 2499 1132 2525 avec

276 2545 334 2581 les
368 2543 590 2581 adhérents
623 2542 672 2577 de
703 2542 887 2578 l’œuvre.

325 2660 393 2696 IV.
429 2680 476 2686 —
510 2658 587 2694 Les
618 2664 846 2700 personnes
885 2653 952 2699 qui
983 2651 1135 2687 désire¬

278 2708 411 2745 raient
446 2703 744 2749 correspondre
780 2712 880 2738 avec
913 2701 973 2736 1rs
1009 2699 1135 2735 abon¬

277 2757 352 2793 nés
373 2756 425 2791 du
446 2752 610 2800 journal
630 2760 730 2787 sans
750 2750 836 2785 être
855 2753 1001 2787 termes
1022 2746 1136 2785 elles-

279 2805 435 2840 mêmes
463 2803 511 2839 de
534 2800 637 2836 faire
662 2797 821 2835 insérer
842 2805 922 2831 une
950 2805 1027 2831 anr>
1035 2803 1135 2830 once

278 2849 552 2896 personnelle,
586 2847 760 2883 devront
793 2853 920 2889 payer
953 2853 1009 2878 un
1042 2851 1135 2887 sup¬

281 2899 461 2944 plément
511 2898 561 2932 de
613 2895 759 2931 DEUX
806 2890 1013 2929 FRANCS
1059 2899 1135 2934 par

281 2945 400 2991 mois,
428 2944 507 2981 soit
533 2945 553 2980 8
575 2944 624 2980 fr.
653 2951 755 2987 pour
782 2950 837 2976 un
863 2939 981 2980 mois,
1012 2938 1055 2973 13
1081 2938 1132 2972 fr.

280 3003 384 3039 pour
409 2994 515 3029 deux
541 2991 645 3027 mois
672 2994 711 3026 et
742 2990 785 3025 18
815 2989 865 3026 fr.
898 2996 1001 3032 pour
1033 2985 1133 3021 trois

279 3041 399 3077 mois.

327 3141 375 3177 V.
397 3162 442 3166 —
464 3139 545 3175 Dès
563 3138 691 3184 qu’un
712 3136 875 3172 abonné
892 3138 956 3171 est
975 3146 1026 3172 en
1048 3133 1137 3171 voie

282 3191 331 3226 de
364 3188 563 3232 mariage,
598 3186 625 3221 il
658 3185 741 3221 doit
772 3194 823 3220 en
856 3183 1056 3219 informer
1088 3182 1139 3217 de

283 3237 388 3274 suite
424 3237 462 3271 la
512 3234 719 3270 Direction
753 3232 802 3268 de
852 3229 1140 3267 l’INTERME-

282 3284 477 3327 DIAIRE,
513 3283 597 3317 afin
625 3291 703 3326 que
737 3281 952 3316 l’annonce
981 3276 1051 3322 qui
1083 3276 1139 3311 lui

283 3336 346 3370 est
373 3329 643 3377 personnelle,
672 3329 843 3373 n’ayant
869 3325 961 3371 plus
988 3336 1037 3362 sa
1063 3323 1142 3359 rai¬

1195 1073 1271 1099 son
1303 1062 1446 1108 d’être,
1479 1061 1558 1097 soit
1589 1061 1766 1097 aussitôt
1796 1059 2045 1106 supprimée,

1195 1113 1234 1146 et
1256 1110 1342 1146 cela
1364 1110 1468 1145 dans
1491 1109 1528 1145 le
1547 1110 1619 1145 but
1641 1110 1690 1145 de
1708 1108 1765 1145 lui
1786 1108 1914 1145 éviter
1937 1112 2048 1145 toute

1195 1158 1525 1202 corespondance
1556 1157 1739 1194 devenue
1769 1155 1924 1193 inutile.

1242 1271 1311 1307 VI.
1332 1291 1379 1296 —
1397 1271 1429 1306 Il
1449 1274 1511 1307 est
1531 1269 1837 1314 indispensable
1858 1278 1935 1314 que
1956 1269 2049 1305 cha¬

1196 1330 1273 1364 que
1309 1319 1632 1362 correspondant
1661 1327 1813 1363 appose
1849 1326 1899 1353 en
1932 1317 2048 1362 guise

1198 1369 1244 1405 de
1277 1367 1489 1412 signature
1519 1375 1595 1403 son
1625 1365 1798 1401 numéro
1829 1364 2049 1410 personnel

1198 1426 1279 1451 aux
1310 1417 1449 1452 lettres
1481 1414 1575 1459 qu’il
1605 1414 1705 1449 écrit
1734 1423 1817 1449 aux
1848 1412 2047 1448 abonnés.

1246 1526 1334 1562 VII.
1368 1544 1412 1548 —
1444 1526 1475 1562 Il
1506 1535 1558 1561 va
1587 1525 1636 1559 de
1667 1524 1729 1561 soi
1755 1534 1833 1569 que
1862 1522 2050 1560 l’abonné

1201 1575 1268 1619 qui
1293 1585 1316 1611 a
1340 1573 1545 1620 plusieurs
1568 1574 1708 1610 lettres
1734 1573 1758 1608 à
1781 1572 1885 1609 faire
1909 1581 2053 1617 parve¬

1200 1623 1265 1660 nir
1296 1633 1379 1659 aux
1410 1621 1632 1658 adhérents
1665 1622 1714 1657 de
1744 1621 1929 1665 l’œuvre,
1956 1622 2053 1665 peut

1200 1671 1259 1708 les
1292 1671 1498 1707 enfermer
1527 1672 1660 1706 toutes
1692 1670 1797 1704 dans
1828 1677 1909 1704 une
1940 1668 2051 1703 seule

1200 1723 1238 1755 et
1264 1718 1414 1763 unique
1440 1720 1662 1762 enveloppe
1688 1714 1881 1752 adressée
1906 1715 1931 1750 à
1954 1715 2053 1751 l’IN-

1200 1765 1576 1808 TERMEDIAIRE,
1612 1765 1637 1800 à
1664 1765 1704 1800 la
1737 1763 1942 1799 condition
1974 1772 2053 1808 que

1202 1812 1617 1850 l’affranchissement
1675 1811 1728 1847 du
1770 1814 1857 1847 tout
1897 1819 2053 1846 corres¬

1201 1862 1331 1907 ponde
1358 1872 1410 1898 au
1437 1859 1552 1906 poids
1576 1859 1722 1904 postal.

1246 1912 1307 1946 Ne
1346 1920 1420 1954 pas
1474 1911 1647 1944 omettre
1700 1906 1927 1952 d’indiquer
1980 1905 2052 1941 AU

1203 1958 1415 1994 CRAYON
1450 1966 1522 1992 sur
1555 1955 1712 2000 chaque
1756 1953 1872 1992 lettre
1905 1974 1952 1979 —
1985 1951 2053 1998 qui

1201 2007 1283 2041 doit
1308 2007 1393 2042 être
1419 2004 1648 2050 également
1673 2001 1901 2039 affranchie
1925 2022 1972 2027 —
1993 2001 2051 2036 les

1201 2055 1396 2090 numéros
1429 2053 1478 2088 de
1509 2050 1777 2095 l’expéditeur
1809 2054 1848 2086 et
1879 2049 1935 2083 du
1964 2048 2054 2084 des¬

1202 2101 1406 2138 tinataire.

1249 2218 1357 2254 VIII.
1398 2237 1445 2241 —
1487 2215 1702 2261 Répondez
1743 2215 1927 2260 toujours
1970 2221 2052 2248 aux

1203 2269 1345 2307 lettres
1365 2267 1434 2312 qui
1453 2276 1556 2301 vous
1575 2269 1668 2302 sont
1689 2263 1919 2300 adressées.
1938 2262 2052 2303 Vous

1203 2317 1332 2353 seriez
1385 2315 1684 2350 certainement
1730 2312 1964 2347 mécontent
2017 2308 2053 2345 si

1204 2365 1471 2405 vous-même,
1495 2361 1680 2397 écrivant
1697 2369 1777 2396 une
1795 2360 1928 2404 lettre,
1949 2367 2052 2394 vous

1202 2411 1428 2448 n’obteniez
1461 2419 1537 2455 pas
1569 2408 1618 2445 de
1656 2408 1844 2452 réponse.
1879 2407 1911 2441 Il
1948 2413 2051 2442 vous

1204 2466 1267 2498 est
1306 2460 1439 2504 facile,
1482 2459 1519 2493 si
1551 2461 1668 2493 votre
1707 2456 1908 2491 intention
1948 2456 2053 2489 n’est

1205 2519 1280 2553 pas
1323 2508 1373 2543 de
1417 2506 1629 2542 continuer
1673 2505 1698 2540 à
1740 2502 2049 2547 correspondre,

1204 2555 1448 2600 d’exprimer
1476 2562 1550 2590 vos
1585 2555 1745 2597 regrets
1777 2560 1828 2588 en
1857 2550 2051 2596 quelques

1203 2608 1325 2641 mots.

1252 2725 1321 2760 IX.
1357 2744 1403 2749 —
1438 2720 1531 2757 Afin
1565 2718 1737 2754 d’éviter
1772 2719 1881 2751 toute
1917 2714 2054 2750 confu¬

1207 2774 1297 2808 sion
1332 2769 1552 2816 (plusieurs
1590 2765 1811 2802 adhérents
1856 2766 1984 2807 ayant
2018 2763 2054 2797 le

1206 2823 1340 2857 même
1370 2817 1482 2859 nom)
1507 2818 1593 2853 tout
1623 2814 1785 2849 abonné
1815 2811 2001 2848 écrivant
2029 2810 2054 2845 à

1205 2871 1230 2905 F
1236 2864 1657 2905 INTERMEDIAIRE
1696 2861 1792 2897 EST
1828 2860 1948 2896 PRIE
1987 2859 2054 2894 DE

1206 2916 1364 2953 FAIRE
1408 2912 1601 2950 SUIVRE
1644 2911 1706 2946 SA
1755 2905 2054 2945 SIGNATURE

1207 2967 1272 3001 DE
1302 2963 1402 3001 SON
1427 2960 1654 2998 NUMERO
1687 2956 1931 2995 D’ORDRE.

1254 3013 1381 3048 Toute
1424 3010 1542 3045 lettre
1578 3005 1831 3044 demandant
1873 3014 1953 3039 une
1996 3002 2056 3038 ré¬

1208 3069 1334 3104 ponse
1368 3058 1450 3094 doit
1482 3058 1567 3093 être
1600 3051 1902 3097 accompagnée
1930 3050 2055 3086 D’UN

1206 3105 1593 3144 TIMBRE-POSTE
1618 3104 1641 3139 à
1665 3102 1760 3145 0,15.

1256 3227 1305 3262 X.
1334 3246 1381 3251 —
1411 3225 1444 3259 Il
1474 3223 1579 3257 n’est
1605 3224 1703 3256 tenu
1736 3227 1872 3254 aucun
1898 3218 2056 3260 compte

1211 3275 1283 3312 des
1310 3274 1450 3311 lettres
1484 3271 1668 3306 donnant
1701 3277 1860 3304 comme
1889 3266 2057 3300 adresse

1210 3321 1459 3358 l’indication
1481 3319 1530 3354 de
1552 3319 1591 3354 la
1614 3320 1729 3362 poste
1749 3316 1945 3351 restante.
