2472 3696
1278 285 1329 321 —
1357 285 1382 321 1
1414 309 1464 317 —

866 411 1856 454 ABOTVKTEMIEIVTS

487 497 763 542 TROIS
810 501 1024 543 MOIS
1054 533 1090 542 ..
1156 504 1250 545 -18
1307 517 1327 543 »
1357 504 1363 546 I
1400 505 1530 548 SIX

484 551 850 598 QUATRE
883 556 1097 598 MOIS
1148 557 1246 599 22
1308 543 1512 602 »IUN

1569 507 2013 550 MOIS.
2077 504 2171 549 30
2230 518 2250 546 »

1579 563 2012 603 AN....
2077 561 2172 603 55
2231 573 2249 598 »

528 649 876 685 L'abonnement
895 652 1042 686 donne
1066 652 1185 687 droit
1208 663 1216 686 :

534 707 571 742 D°
602 709 629 741 A
652 709 895 744 l’insertion
918 710 1047 745 d’une
1080 720 1284 747 annonce
1309 715 1361 749 de
1384 714 1443 750 30
1468 717 1594 750 mots.
1617 716 1643 750 Il
1668 716 1736 750 est
1767 724 1904 758 perçu
1932 716 2035 751 0.30
2058 724 2141 757 par
2165 718 2252 751 mot

479 754 865 797 supplémentaire
892 759 934 792 et
955 758 979 791 2
1007 759 1051 792 fr
1103 768 1217 800 pour
1239 762 1536 804 changement
1558 764 1582 797 d
1602 771 1806 798 annonce
1829 766 1943 799 dans
1972 766 2009 799 le
2038 772 2175 798 cours
2198 766 2250 798 de

480 800 827 839 l’abonnement.
859 806 937 839 Les
958 806 1164 842 abonnés
1187 807 1398 844 désireux
1421 812 1475 845 de
1500 819 1554 845 ne
1578 819 1661 852 pas
1685 813 1845 846 mettre
1869 813 2119 847 d’annonce
2151 820 2252 853 per¬

479 852 682 885 sonnelle
704 856 864 893 payent
887 862 942 886 un
965 853 1250 895 supplément
1271 858 1325 892 de
1347 858 1371 890 3
1393 857 1454 893 fr.
1484 866 1568 899 par
1590 860 1700 893 mois
1718 867 1728 902 ;

527 909 572 944 2°
592 915 618 944 A
650 909 804 946 l’envoi
835 913 1001 953 gratuit
1024 919 1078 947 du
1100 913 1278 955 journal
1296 923 1305 958 ;

525 968 572 1003 3°
593 972 653 1004 Au
677 971 857 1006 service
876 972 930 1005 de
961 973 1000 1006 la
1023 978 1441 1016 correspondance.

530 1029 646 1063 Pour
685 1030 931 1065 s’abonner
951 1040 1161 1074 envoyer,
1185 1043 1237 1069 en
1277 1038 1460 1070 mandat
1490 1046 1543 1070 ou
1585 1038 1668 1072 bon
1711 1040 1852 1083 poste,
1893 1040 1929 1072 le
1967 1040 2166 1073 montant
2198 1039 2253 1072 de

475 1075 487 1118 j
510 1077 814 1112 abonnement
864 1077 1016 1113 désiré
1057 1090 1109 1114 en
1145 1083 1347 1118 donnant
1371 1085 1407 1118 le
1428 1086 1542 1120 texte
1571 1087 1624 1119 de
1658 1085 1887 1121 l'annonce
1918 1084 1940 1120 à
1968 1085 2151 1120 insérer
2179 1086 2252 1127 qui

479 1124 570 1158 doit
589 1125 688 1158 être
713 1124 811 1159 très
832 1129 1049 1162 correcte.

531 1183 587 1217 En
611 1185 770 1219 retour
793 1185 995 1220 l’abonné
1030 1189 1170 1231 reçoit
1193 1191 1245 1223 de
1265 1192 1383 1226 suite
1408 1200 1463 1225 un
1490 1191 1678 1228 numéro
1700 1193 1883 1228 d’ordre
1907 1194 1979 1235 qui
2005 1193 2059 1227 lui
2081 1193 2255 1236 permet

481 1230 537 1264 de
565 1234 907 1274 correspondre
935 1242 1042 1269 avec
1071 1237 1134 1270 les
1159 1241 1316 1273 autres
1349 1239 1565 1275 abonnés.

518 1373 1074 1431 MANIERE
1115 1379 1219 1433 de

529 1509 696 1547 Insérez
727 1511 766 1547 la
803 1511 927 1549 lettre
955 1513 1145 1551 destinée
1175 1516 1197 1551 à
1227 1516 1390 1564 chaque
1418 1519 1584 1555 abonné
1613 1519 1715 1556 dont
1742 1530 1850 1557 vous
1888 1530 1988 1556 avez
2024 1518 2252 1567 remarqué

482 1556 702 1595 l’annonce
726 1558 830 1595 dans
847 1570 930 1597 une
951 1562 1186 1609 enveloppe
1204 1574 1279 1600 sur
1297 1565 1479 1610 laquelle
1500 1577 1607 1604 vous
1634 1568 1845 1605 inscrivez
1867 1569 1955 1605 très
1979 1568 2252 1608 lisiblement,

481 1603 507 1641 à
544 1606 744 1643 l’endroit
770 1606 826 1643 où
859 1608 947 1644 doit
987 1608 1077 1646 être
1116 1612 1225 1648 collé
1264 1612 1299 1648 le
1334 1613 1498 1659 timbre,
1537 1616 1573 1651 le
1609 1617 1787 1654 numéro
1826 1617 1876 1652 de
1908 1617 1946 1653 la
1984 1625 2194 1663 personne
2231 1615 2255 1650 à

484 1653 668 1700 laquelle
690 1654 767 1691 elle
787 1656 853 1691 est
873 1656 1079 1694 destinée.

528 1702 699 1748 Joignez
720 1702 887 1738 ensuite
905 1705 1016 1741 cette
1036 1715 1091 1741 ou
1115 1715 1185 1742 ces
1215 1709 1475 1755 enveloppes
1496 1711 1519 1747 à
1540 1720 1596 1745 un
1620 1710 1737 1747 billet
1759 1712 1931 1758 portant
1957 1712 2076 1747 votre
2099 1719 2252 1756 propre

480 1750 661 1785 numéro
689 1759 789 1786 avec
808 1760 885 1787 vos
922 1761 1020 1787 nom
1058 1754 1100 1788 et
1131 1755 1304 1791 adresse
1334 1766 1379 1793 —
1418 1758 1521 1795 ceci
1547 1756 1651 1795 afin
1677 1761 1734 1796 de
1756 1769 1878 1796 nous
1903 1759 2177 1803 permettre
2193 1759 2252 1794 de

480 1805 604 1834 nous
626 1805 837 1834 assurer
870 1800 927 1834 de
958 1798 1317 1840 l’authenticité
1349 1807 1435 1841 des
1475 1803 1793 1849 expéditeurs
1816 1828 1859 1832 —
1882 1811 1922 1841 et
1957 1808 2187 1842 contenant
2216 1806 2254 1841 la

481 1853 647 1880 somme
683 1844 924 1882 nécessaire
954 1847 978 1881 à
1004 1848 1446 1888 l'affranchissement.
1483 1854 1644 1890 Glissez
1672 1856 1707 1890 le
1739 1857 1832 1891 tout
1860 1855 1964 1890 dans
2003 1863 2085 1890 une
2131 1854 2252 1890 autre

480 1892 716 1937 enveloppe
729 1902 813 1937 que
826 1902 932 1930 vous
949 1904 1149 1942 envoyez,
1166 1897 1412 1941 affranchie,
1433 1900 1457 1935 à
1478 1901 1875 1940 \'Intermédiaire
1891 1902 1954 1938 du
1977 1903 2139 1946 Foyer,
2163 1899 2250 1946 qui,

481 1939 667 1975 aussitôt
688 1949 802 1983 reçu,
830 1942 1037 1979 transmet
1059 1943 1093 1978 le
1112 1947 1296 1981 contenu
1326 1956 1406 1983 aux
1429 1947 1675 1985 intéressés.

530 1986 583 2022 La
610 1986 843 2023 discrétion
878 1988 916 2024 la
955 1990 1051 2034 plus
1080 1990 1253 2028 absolue
1283 2002 1329 2030 se
1370 1996 1521 2031 trouve
1558 1996 1663 2032 ainsi
1707 1996 1893 2038 assurée,
1934 1996 1994 2033 les
2023 1992 2252 2034 intéressés

483 2036 611 2078 ayant
646 2035 738 2071 seul
774 2036 812 2070 la
846 2035 999 2072 faculté
1042 2038 1092 2073 de
1126 2038 1228 2075 faire
1271 2042 1487 2078 connaître
1526 2043 1549 2078 à
1583 2044 1696 2079 leurs
1730 2045 2092 2089 correspondants
2139 2044 2252 2078 leurs

482 2091 606 2117 noms
634 2084 674 2117 et
701 2083 898 2118 adresses
917 2095 925 2126 ;
954 2083 1004 2120 de
1028 2089 1141 2122 sorte
1173 2097 1266 2131 que,
1290 2089 1326 2123 si
1355 2089 1480 2134 après
1504 2100 1558 2126 un
1587 2089 1775 2137 échange
1804 2103 1857 2129 ou
1888 2091 1998 2128 deux
2019 2091 2070 2127 de
2088 2090 2250 2132 lettres,

482 2128 543 2164 les
570 2129 682 2165 deux
701 2129 835 2175 partis
856 2134 1097 2168 constatent
1117 2135 1238 2178 qu’ils
1261 2145 1312 2171 ne
1331 2141 1514 2181 peuvent
1539 2148 1583 2173 se
1606 2138 1811 2174 convenir
1832 2140 1858 2174 il
1882 2138 1975 2174 leur
1996 2140 2061 2175 est
2088 2136 2252 2173 loisible

483 2175 532 2210 de
573 2186 716 2212 cesser
754 2177 847 2213 leur
880 2181 1260 2226 correspondance,
1297 2185 1405 2221 tout
1442 2194 1501 2221 en
1539 2187 1739 2222 restant
1783 2187 2021 2223 inconnus
2061 2185 2156 2222 l’un
2194 2185 2251 2219 de

482 2222 674 2267 l’autre.
696 2225 752 2260 De
779 2223 933 2264 même,
953 2226 1058 2263 dans
1082 2229 1117 2263 le
1139 2239 1209 2266 cas
1231 2233 1455 2274 contraire,
1485 2233 1537 2269 ils
1568 2235 1753 2278 peuvent
1772 2243 1816 2270 se
1837 2234 2001 2270 donner
2024 2232 2252 2270 mutuelle¬

483 2275 599 2306 ment
629 2271 723 2307 leur
761 2271 933 2309 adresse
972 2275 1113 2319 quand
1152 2277 1201 2313 ils
1243 2279 1279 2314 le
1316 2281 1458 2325 jugent
1499 2281 1519 2316 à
1552 2291 1709 2327 propos
1732 2282 1773 2317 et
1807 2276 2249 2327 correspondre‘ainsi

484 2317 764 2354 directement
784 2320 990 2364 entr’eux,
1015 2333 1113 2359 sans
1136 2334 1288 2371 passer
1310 2337 1385 2373 par
1407 2327 1754 2365 l’intermédiaire
1775 2329 1829 2365 du
1848 2329 2032 2375 journal.

733 2470 1359 2534 OBSERVATIONS
1433 2480 2009 2537 IMPORTANTES

531 2607 555 2642 I.
577 2607 651 2642 Nul
672 2615 722 2643 ne
739 2611 843 2647 peut
858 2610 1029 2646 utiliser
1046 2614 1111 2647 les
1127 2616 1334 2650 services
1350 2618 1406 2651 du
1427 2616 1603 2658 journal
1623 2626 1733 2653 sans
1752 2618 1850 2654 être
1864 2616 2051 2653 abonné;
2074 2617 2250 2651 Aucune

483 2657 882 2697 correspondance
915 2667 1049 2701 reçue
1079 2663 1179 2697 d’un
1218 2664 1389 2698 lecteur
1421 2665 1702 2701 occasionnel
1741 2674 1794 2701 ne
1818 2674 1924 2701 sera
1957 2668 2072 2701 donc
2098 2666 2252 2698 trans¬

486 2705 598 2738 mise
621 2702 645 2738 à
677 2712 731 2738 un
763 2705 950 2740 abonné.

534 2763 581 2798 II.
617 2763 670 2798 La
695 2765 907 2805 politesse
935 2767 1076 2810 oblige
1106 2771 1198 2805 tout
1222 2768 1397 2805 abonné
1423 2774 1635 2808 recevant
1657 2781 1743 2807 une
1768 2774 1900 2808 lettre
1922 2771 1944 2807 à
1970 2782 1994 2815 y
2012 2772 2238 2808 répondre

485 2812 564 2846 Les
588 2819 846 2852 personnes
873 2814 1041 2854 gênées
1074 2826 1188 2857 pour
1217 2820 1253 2852 le
1279 2819 1396 2853 faire
1425 2821 1618 2860 peuvent
1648 2818 1914 2856 s’adresser
1939 2821 1964 2855 à
1997 2827 2110 2854 nous
2141 2822 2253 2859 pour

484 2859 578 2892 cela
601 2867 653 2892 en
689 2863 852 2902 payant
874 2862 976 2896 0.50
999 2871 1083 2904 par
1104 2865 1231 2900 leitre
1254 2863 1278 2899 à
1300 2874 1509 2909 envoyer.

530 2917 589 2951 III.
623 2919 756 2954 Toute
777 2921 998 2956 demande
1022 2924 1075 2957 de
1111 2925 1505 2967 renseignements
1527 2924 1618 2960 doit
1655 2926 1752 2961 être
1793 2923 2124 2969 accompagnée
2149 2927 2171 2958 d
2192 2929 2245 2956 un

485 2963 646 2998 timbre
670 2973 783 3007 pour
811 2969 849 3002 la
879 2968 1086 3011 réponse.

529 3023 582 3057 IV.
613 3022 694 3059 Dès
722 3024 854 3066 qu’un
893 3029 1069 3065 abonné
1108 3033 1179 3067 est
1211 3039 1263 3065 en
1306 3032 1402 3066 voie
1430 3032 1483 3067 de
1525 3032 1726 3075 mariage
1758 3032 1782 3066 il
1819 3043 1842 3068 a
1884 3034 2045 3069 intérêt
2074 3031 2097 3068 à
2133 3030 2249 3065 faire

483 3071 746 3111 supprimer
776 3082 857 3108 son
893 3084 1096 3112 annonce
1130 3079 1221 3113 afin
1253 3080 1306 3113 de
1331 3078 1510 3115 s’éviter
1543 3080 1595 3114 de
1621 3081 1831 3115 recevoir
1864 3082 1944 3116 des
1980 3083 2251 3120 correspon¬

484 3118 654 3152 dances
679 3119 878 3158 inutiles.

530 3177 575 3213 V.
611 3176 705 3212 Afin
742 3177 928 3215 d’éviter
954 3183 1035 3218 des
1075 3194 1269 3220 erreurs
1301 3189 1345 3221 et
1382 3189 1433 3219 de
1466 3185 1662 3221 faciliter
1698 3187 1762 3222 les
1800 3189 2090 3226 recherches,
2129 3185 2153 3218 il
2183 3181 2252 3217 est

484 3226 801 3261 recommandé
824 3237 906 3263 aux
939 3232 1143 3267 abonnés
1178 3232 1381 3268 écrivant
1416 3231 1439 3267 à
1476 3235 1513 3268 la
1546 3234 1764 3268 Direction
1805 3239 1857 3269 de
1888 3234 2095 3276 toujours
2135 3229 2250 3265 faire

484 3272 639 3307 suivre
662 3273 785 3308 leurs
811 3283 908 3311 nom
932 3279 974 3311 et
994 3281 1188 3315 adresse
1211 3282 1265 3315 de
1294 3281 1392 3315 leur
1413 3279 1602 3316 numéro
1625 3281 1822 3318 d’ordre.
