2472 3696
1854 488 1864 497 .
1928 457 2022 500 30
2081 469 2101 496 »

1854 543 1862 550 .
1927 512 2023 554 £5
2082 525 2101 549 »

1129 241 1179 280 —
1208 241 1232 280 2
1264 264 1315 270 —

716 364 1707 405 ABoivrisrEiviiEivxs

337 453 613 495 TROIS
661 454 941 496 MOIS...
1006 455 1100 497 -18
1157 469 1176 494 »
1209 456 1214 497 I
1251 457 1382 500 SIX
1420 457 1635 500 MOIS
1668 488 1703 497 ..

334 506 701 552 QUATRE
734 508 949 551 MOIS
998 510 1098 551 22
1158 495 1178 551 »
1210 495 1214 553 I
1255 511 1363 553 UN
1430 513 1701 553 AN..

379 603 726 638 L'abonnement
746 606 892 638 donne
917 605 1035 639 droit
1058 615 1065 638 :

387 662 423 696 1°
454 663 481 695 A
504 662 746 697 l’insertion
769 664 898 698 d’une
932 672 1136 698 annonce
1160 666 1214 699 de
1236 665 1295 702 30
1320 669 1446 701 mots.
1468 667 1493 700 Il
1518 667 1586 700 est
1617 674 1752 707 perçu
1782 666 1884 701 0.30
1907 675 1988 708 par
2014 670 2102 701 mot

331 708 717 751 supplémentaire
743 713 787 745 et
808 711 831 744 2
859 711 903 744 fr
956 721 1069 752 pour
1092 714 1388 754 changement
1409 714 1656 748 d’annonce
1679 718 1793 749 dans
1819 717 1857 750 le
1885 724 2023 749 cours
2046 719 2098 749 de

331 755 679 792 l’abonnement.
709 759 789 792 Les
810 760 1016 793 abonnes
1038 758 1250 795 désireux
1272 765 1326 795 de
1350 770 1405 796 ne
1429 770 1511 803 pas
1535 764 1693 795 mettre
1717 763 1966 797 d’annonce
1998 771 2100 804 per¬

330 806 535 840 sonnelle
556 810 717 847 payent
739 815 795 840 un
817 805 1102 848 supplément
1123 810 1176 842 de
1198 808 1223 842 3
1245 809 1307 845 fr.
1335 817 1420 850 par
1443 810 1551 843 mois
1569 817 1579 851 ;

378 864 422 898 2°
444 868 470 898 A
501 863 655 899 l’envoi
684 866 852 907 gratuit
874 872 928 900 eu
950 865 1154 909 journal;

377 923 423 957 3°
446 927 505 958 Au
530 924 708 959 service
729 925 782 958 de
812 926 850 959 la
874 930 1291 968 correspondance.

381 984 497 1017 Pour
536 983 783 1018 s’abonner
804 993 1014 1025 envoyer,
1039 995 1091 1020 en
1130 989 1314 1022 mandat
1343 997 1397 1021 ou
1439 989 1520 1022 bon
1563 989 1704 1033 poste,
1742 990 1779 1024 le
1816 992 2016 1024 montant
2048 991 2103 1024 de

326 1031 337 1073 j
361 1032 665 1065 abonnement
716 1031 869 1067 désiré
908 1042 962 1066 en
997 1035 1198 1068 donnant
1221 1035 1258 1069 le
1279 1037 1393 1070 texte
1422 1038 1475 1070 de
1509 1037 1516 1069 I
1534 1044 1735 1070 annonce
1767 1034 1790 1071 à
1817 1036 2001 1071 insérer
2029 1040 2102 1078 qui

331 1079 421 1113 doit
441 1080 539 1113 être
564 1077 661 1113 très
682 1082 901 1115 correcte.

381 1138 436 1172 En
462 1139 619 1172 retour
641 1137 843 1173 l’abonné
878 1140 1018 1182 reçoit
1041 1141 1093 1174 de
1113 1142 1230 1175 suite
1256 1152 1312 1176 un
1338 1141 1527 1177 numéro
1550 1143 1730 1177 c’ordre
1754 1144 1826 1186 qui
1852 1144 1907 1177 lui
1929 1145 2104 1185 permet

331 1187 386 1220 de
414 1188 756 1227 correspondre
784 1195 892 1221 avec
919 1189 984 1222 les
1007 1193 1164 1223 autres
1197 1190 1415 1225 abonnés.

370 1313 924 1386 &8A&JXÈRE
964 1330 1068 1386 de
1106 1330 2068 1393 CORHESPOBISRE!

379 1464 546 1501 Insérez
577 1464 616 1500 la
654 1464 777 1502 leUre
806 1465 826 1500 cl
834 1475 878 1501 es
886 1466 910 1500 li
922 1466 996 1503 née
1025 1466 1048 1501 à
1077 1467 1241 1513 chaque
1270 1469 1436 1505 abonné
1466 1469 1566 1505 dont
1594 1479 1701 1505 vous
1738 1479 1838 1505 avez
1874 1470 2102 1517 remarqué

333 1513 552 1548 l’annonce
575 1513 679 1548 dans
697 1523 780 1549 une
802 1514 1037 1560 enveloppe
1055 1524 1130 1550 sur
1148 1515 1330 1561 laquelle
1350 1526 1459 1554 vous
1485 1517 1695 1553 inscrivez
1717 1517 1804 1554 très
1828 1517 2102 1559 lisiblement,

331 1561 354 1596 à
394 1560 592 1596 l'endroit
622 1559 674 1596 où
709 1561 798 1597 doit
837 1560 927 1597 être
968 1562 1074 1598 collé
1115 1562 1150 1599 le
1184 1563 1349 1608 timbre,
1388 1565 1424 1600 le
1461 1565 1638 1601 numéro
1677 1565 1726 1601 de
1759 1565 1796 1602 la
1832 1576 2044 1612 personne
2081 1566 2104 1601 à

334 1608 518 1653 laquelle
542 1607 618 1644 elle
638 1609 703 1645 est
724 1608 930 1645 destinée.

377 1656 549 1701 Joignez
570 1656 737 1691 ensuite
755 1658 865 1692 cette
887 1667 941 1693 ou
968 1667 1036 1692 ces
1065 1658 1326 1705 enveloppes
1347 1660 1370 1695 à
1392 1669 1448 1694 un
1472 1659 1587 1696 billet
1610 1660 1781 1705 portant
1805 1661 1925 1696 votre
1949 1670 2102 1706 propre

330 1703 510 1739 numéro
539 1713 639 1739 avec
660 1713 734 1740 vos
772 1713 870 1739 nom
908 1705 950 1740 et
983 1705 1154 1741 adresse
1183 1715 1229 1743 —
1269 1707 1371 1743 ceci
1398 1705 1500 1743 afin
1528 1710 1584 1744 de
1606 1717 1727 1744 nous
1752 1710 2021 1753 permettre
2043 1710 2101 1745 de

330 1760 454 1787 nous
476 1760 685 1787 assurer
719 1752 777 1787 de
808 1751 1166 1789 l’authenticité
1199 1755 1286 1790 des
1325 1752 1643 1797 expéditeurs
1664 1776 1708 1780 —
1731 1755 1772 1790 et
1804 1758 2036 1792 contenant
2064 1756 2103 1792 la

332 1808 498 1834 somme
532 1798 774 1835 nécessaire
805 1799 827 1834 à
854 1800 1297 1838 l’allranchissement.
1333 1803 1493 1838 Glissez
1522 1805 1556 1838 le
1588 1805 1682 1839 tout
1709 1803 1814 1839 dans
1851 1813 1935 1839 une
1979 1806 2101 1840 autre

330 1845 565 1891 enveloppe
579 1855 662 1891 que
677 1856 780 1883 vous
800 1856 998 1893 envoyez,
1015 1849 1262 1891 atlranchie,
1283 1849 1306 1885 à
1329 1850 1337 1884 1
1341 1850 1347 1862 '
1353 1851 1723 1889 Intermédiaire
1739 1851 1801 1887 du
1825 1852 1975 1897 Foyer
1980 1879 1987 1895 ,
2013 1851 2099 1897 qui,

331 1893 518 1930 aussitôt
538 1903 653 1937 reçu,
679 1895 889 1931 transmet
910 1886 945 1930 ie
965 1898 1147 1932 contenu
1176 1906 1257 1933 aux
1280 1897 1526 1935 intéressés.

380 1942 432 1976 La
460 1941 692 1977 discrétion
727 1942 765 1977 la
805 1943 900 1987 plus
930 1943 1104 1979 absolue
1134 1953 1179 1980 se
1220 1946 1371 1981 trouve
1408 1945 1513 1981 ainsi
1556 1945 1741 1986 assurée,
1784 1946 1842 1981 les
1872 1945 2101 1982 intéressés

330 1992 460 2034 ayant
495 1989 585 2024 seul
623 1990 659 2024 la
695 1990 847 2025 (acuité
891 1991 941 2025 de
976 1990 1078 2027 faire
1121 1993 1336 2029 connaître
1376 1994 1399 2028 à
1432 1993 1545 2029 leurs
1578 1994 1940 2039 correspondants
1986 1994 2101 2029 leurs

331 2046 456 2073 noms
483 2039 524 2071 et
551 2036 773 2080 adresses;
804 2037 854 2073 de
878 2040 991 2074 s^rte
1021 2048 1115 2082 que,
1140 2039 1173 2074 si
1205 2040 1330 2086 après
1354 2050 1409 2076 un
1439 2040 1625 2086 échange
1653 2051 1706 2077 ou
1737 2040 1846 2077 deux
1869 2041 1919 2077 de
1941 2041 2100 2085 lettres,

331 2083 392 2119 les
420 2085 531 2120 deux
551 2083 683 2128 partis
704 2086 946 2121 constatent
967 2086 1087 2130 qu’ils
1110 2096 1160 2121 ne
1179 2091 1364 2130 peuvent
1389 2098 1434 2124 se
1456 2088 1659 2124 convenir
1680 2088 1707 2124 il
1730 2087 1823 2124 leur
1844 2090 1909 2125 est
1937 2088 2101 2124 loisible

331 2131 381 2166 de
421 2141 564 2167 cesser
604 2131 696 2168 leur
729 2134 1109 2178 correspondance,
1145 2134 1255 2171 tout
1292 2145 1350 2172 en
1388 2137 1588 2174 restant
1632 2136 1870 2173 inconnus
1910 2135 2005 2172 l’un
2043 2137 2101 2173 de

330 2179 523 2215 l’autre.
547 2180 600 2215 De
629 2178 781 2221 même,
803 2181 907 2216 dans
932 2181 967 2215 le
988 2191 1058 2217 cas
1080 2182 1305 2224 contraire,
1335 2183 1387 2219 ils
1418 2184 1601 2228 peuvent
1622 2193 1664 2219 se
1686 2184 1851 2220 donner
1874 2184 2102 2220 mutuelle¬

332 2232 448 2262 ment
480 2226 571 2262 leur
609 2226 781 2264 adresse
821 2228 967 2273 quand
1000 2229 1051 2264 ils
1092 2229 1129 2264 le
1165 2231 1308 2275 jugent
1348 2231 1368 2265 K
1400 2240 1558 2276 propos
1580 2232 1622 2266 et
1655 2232 1969 2276 correspondre
1992 2232 2099 2268 ainsi

331 2275 612 2310 directement
633 2274 838 2319 entr’eux,
864 2285 964 2312 sans
986 2285 1138 2322 passer
1160 2287 1235 2323 par
1256 2279 1264 2314 (
1285 2278 1604 2314 intermédiaire
1626 2278 1679 2314 du
1698 2278 1882 2324 journal.

580 2425 1206 2482 OBSERVATIONS
1282 2429 1856 2485 IMPORTANTES

378 2564 401 2597 I.
423 2564 497 2597 Nul
518 2572 568 2597 ne
584 2565 687 2602 peut
703 2564 876 2599 utiliser
893 2566 959 2598 les
975 2565 1179 2599 services
1197 2567 1253 2600 du
1274 2566 1452 2608 journal
1471 2575 1580 2601 sans
1601 2567 1698 2601 être
1712 2566 1898 2602 abonné.
1922 2569 2101 2602 Aucune

329 2612 728 2652 correspondance
761 2620 896 2654 reçue
926 2613 1026 2647 d’un
1063 2614 1235 2648 lecteur
1269 2614 1549 2649 occasionnel
1590 2623 1641 2649 ne
1666 2623 1773 2649 sera
1805 2617 1920 2650 donc
1947 2617 2102 2649 trans¬

332 2661 445 2692 mise
468 2657 490 2692 à
522 2667 576 2691 un
609 2658 798 2694 abonné.

377 2718 423 2752 II.
461 2718 511 2751 La
537 2718 749 2759 politesse
778 2720 919 2760 oblige
950 2721 1042 2753 tout
1066 2717 1241 2755 abonné
1267 2723 1480 2756 recevant
1503 2730 1589 2757 une
1615 2722 1745 2755 lettre
1768 2719 1791 2756 è
1816 2731 1840 2764 y
1860 2722 2100 2758 rècondre.

331 2769 408 2799 Les
434 2773 691 2806 personnes
719 2765 887 2808 gênées
920 2776 1035 2807 pour
1063 2767 1100 2801 le
1127 2768 1242 2802 faire
1273 2771 1466 2810 peuvent
1496 2767 1762 2803 s’adresser
1787 2770 1810 2804 à
1843 2779 1958 2805 nous
1988 2779 2103 2812 pour

329 2814 422 2846 cela
447 2822 498 2846 en
537 2817 700 2855 payant
722 2815 824 2849 0.50
849 2823 932 2855 par
955 2816 1079 2849 lettre
1104 2813 1127 2849 à
1149 2823 1358 2859 envoyer.

376 2873 432 2906 IH.
469 2875 599 2905 Toute
621 2873 842 2908 demande
867 2875 919 2908 de
956 2875 1348 2917 renseignements
1372 2875 1462 2909 doit
1499 2876 1596 2910 être
1639 2876 1970 2920 accompagnée
1996 2876 2097 2911 d’un

326 2920 489 2953 timbre
514 2929 628 2960 pour
656 2921 694 2954 la
725 2920 933 2963 réponse.

373 2979 425 3013 IV.
459 2977 539 3019 Dès
567 2978 699 3019 qu’un
739 2979 916 3015 abonné
957 2982 1027 3015 est
1059 2989 1111 3013 en
1154 2981 1251 3015 voie
1280 2984 1331 3016 de
1375 2982 1574 3023 mariage
1607 2983 1631 3016 h
1667 2992 1691 3017 a
1732 2983 1891 3019 intérêt
1923 2982 1946 3018 à
1981 2984 2099 3018 faire

328 3027 589 3067 supprimer
621 3035 702 3062 son
738 3036 943 3062 annonce
978 3028 1067 3062 afin
1101 3031 1153 3063 de
1177 3027 1359 3064 s'éviter
1392 3032 1446 3064 de
1470 3030 1679 3065 recevoir
1711 3031 1792 3066 des
1827 3040 2100 3073 correspon¬

328 3076 498 3108 dances
523 3075 724 3111 inutiles.

374 3134 417 3168 V.
456 3132 550 3167 Afin
585 3132 772 3169 d’éviter
800 3136 882 3169 des
922 3144 1117 3170 erreurs
1147 3138 1192 3170 et
1229 3139 1281 3170 de
1314 3137 1510 3170 faciliter
1548 3138 1611 3171 les
1648 3139 1939 3177 recherches,
1975 3138 1999 3170 ii
2030 3141 2100 3173 est

326 3180 644 3215 recommandé
665 3191 749 3216 aux
783 3182 986 3217 abonnés
1023 3182 1226 3217 écrivant
1262 3182 1286 3218 à
1322 3185 1360 3218 la
1394 3184 1612 3218 Direction
1651 3189 1705 3219 de
1736 3186 1943 3228 toujours
1980 3185 2097 3222 faire

327 3228 483 3264 suivre
506 3229 629 3263 leurs
655 3238 752 3264 nom
778 3233 820 3264 et
840 3232 1035 3266 adresse
1059 3231 1113 3265 de
1142 3232 1240 3265 leur
1263 3230 1454 3266 numéro
1475 3230 1670 3267 d’ordre.
