2472 3696
2164 229 2188 250 I'

2166 255 2176 278 V

1186 340 1286 381 —'2
1315 359 1366 371 —

722 494 942 598 LE
1014 490 1434 598 MARI
1438 486 1822 598 AG®

925 664 1206 718 FACILITÉ
1235 676 1270 717 A
1301 676 1458 718 TOUS
1492 674 1608 718 PAR

389 813 411 837 «
451 775 1425 842 U»IIVTEIUVl£bDIAIRB
1495 796 1638 837 DU
1706 795 2081 841 FOYER
2135 812 2155 836 »

502 1011 522 1035 «
544 992 995 1035 L’INTERMEDIAIRE
1031 994 1094 1033 DU
1124 993 1282 1035 FOYER
1315 1007 1332 1034 »
1364 996 1488 1035 n’est
1512 1005 1603 1045 pas
1632 1006 1725 1037 une
1753 1007 1936 1048 agence
1984 1001 2157 1039 matri¬

388 1060 602 1100 moniale
614 1071 629 1107 ;
652 1058 770 1097 c’est
797 1067 890 1096 une
910 1066 1079 1095 œuvre
1101 1055 1240 1095 créée
1264 1065 1395 1105 pour
1418 1056 1667 1095 favoriser
1687 1059 1734 1095 et
1753 1058 1972 1097 faciliter
1992 1060 2038 1098 le
2060 1070 2160 1099 ma¬

391 1121 534 1171 riage
552 1126 668 1160 entre
688 1130 911 1169 personnes
938 1118 1197 1164 honorables,
1231 1119 1254 1155 à
1280 1119 1350 1167 qui
1381 1118 1417 1156 le
1441 1130 1623 1167 manque
1650 1120 1702 1157 de
1732 1118 1926 1158 relations
1951 1118 2141 1167 impose

388 1179 508 1220 neuf
525 1177 621 1218 fois
638 1186 729 1215 sur
747 1175 850 1225 dix,
881 1175 928 1214 le
949 1174 1144 1214 célibat.

498 1254 558 1291 En
593 1251 700 1298 effet,
739 1262 817 1296 que
853 1250 930 1288 fait
962 1250 1001 1287 la
1034 1260 1239 1298 personne
1266 1250 1339 1299 qui
1374 1249 1504 1288 désire
1539 1250 1583 1287 sè
1611 1251 1761 1288 marier
1785 1251 1801 1289 ?
1834 1251 1934 1289 Sauf
1964 1252 2012 1290 de
2047 1266 2156 1292 rares

395 1312 643 1361 exceptions,
677 1311 753 1348 elle
778 1308 999 1347 recherche
1027 1309 1128 1346 dans
1153 1320 1226 1346 son
1255 1312 1481 1356 entourage
1505 1308 1608 1345 celui
1635 1321 1688 1347 ou
1714 1311 1814 1347 celle
1840 1313 1912 1360 qui
1941 1310 2029 1350 doit
2054 1311 2156 1349 faire

391 1384 464 1408 son
492 1369 695 1418 bonheur,
724 1373 767 1407 et
790 1373 966 1408 souvent
992 1368 1067 1405 elle
1093 1366 1309 1416 s’aperçoit
1338 1365 1544 1416 qu’aucun
1572 1368 1679 1416 parti
1705 1380 1757 1405 ne
1784 1369 1942 1418 répond
1967 1371 1988 1407 à
2017 1370 2154 1409 l’Idéal

391 1426 539 1477 qu’elle
572 1427 665 1466 s’est
698 1428 844 1475 formé,
889 1431 928 1464 et
958 1438 1051 1475 que,
1098 1427 1200 1464 dans
1235 1438 1294 1463 ses
1336 1426 1541 1473 relations,
1581 1427 1656 1464 elle
1691 1424 1756 1465 n’a
1800 1440 1961 1466 aucune
2001 1428 2158 1467 chance

391 1486 611 1525 d’aboutir.

497 1563 719 1602 Comment
746 1564 870 1602 sortir
899 1563 950 1601 de
978 1568 1080 1601 cette
1113 1563 1290 1612 impasse
1314 1562 1331 1601 ?
1360 1562 1393 1613 A
1426 1565 1497 1613 qui
1522 1568 1713 1602 raconter
1742 1576 1801 1602 ses
1832 1564 1971 1613 peines
1997 1564 2012 1603 ?
2047 1564 2157 1614 Trop

392 1627 576 1671 souvent,
606 1623 717 1660 hélas
742 1622 750 1660 I
775 1623 813 1660 la
835 1634 1055 1671 personne,
1083 1633 1136 1659 ne
1158 1622 1331 1662 sachant
1354 1623 1377 1660 à
1400 1622 1471 1672 qui
1495 1634 1533 1660 se
1554 1623 1720 1670 confier,
1752 1627 1883 1661 remet
1902 1624 1923 1661 à
1949 1623 2042 1672 plus
2065 1624 2154 1661 tard

390 1682 711 1720 lanécessitéde
726 1684 912 1730 prendre
925 1692 1009 1719 une
1021 1682 1632 1730 décision,espéranttoujours
1648 1683 1777 1729 qu’un
1796 1683 1990 1720 heureux
2006 1683 2158 1719 hasard

394 1741 431 1779 la
450 1741 671 1779 favorisera
701 1746 740 1779 et
770 1741 828 1778 lui
863 1746 1087 1788 permettra
1117 1741 1166 1778 de
1197 1745 1437 1778 rencontrer
1467 1741 1504 1778 le
1534 1742 1641 1789 parti
1672 1740 1896 1788 rêvé.Mais,
1911 1740 2094 1790 pendant
2113 1753 2157 1778 ce

394 1805 539 1849 temps,
579 1800 637 1837 les
665 1801 795 1849 jours,
831 1800 888 1837 les
924 1800 1137 1847 semaines,
1173 1800 1230 1837 les
1262 1800 1368 1837 mois
1398 1805 1563 1848 passent
1598 1804 1637 1837 et
1668 1799 1696 1836 il
1728 1800 1860 1837 arrive
1897 1799 2156 1848 quelquefois

391 1871 473 1908 que
518 1858 722 1908 plusieurs
769 1859 920 1896 années
966 1856 1190 1896 s’écoulent
1236 1862 1361 1896 avant
1406 1869 1488 1907 que
1526 1855 1746 1896 l’occasion
1790 1862 1878 1897 tant
1921 1858 2075 1898 désirée
2116 1869 2158 1894 se

392 1918 592 1967 présente.

496 1995 769 2033 Nombreuses
795 1996 890 2032 sont
915 1996 970 2032 les
992 1994 1176 2043 familles
1205 1995 1276 2044 qui
1301 1998 1373 2033 ont
1403 1996 1461 2034 été
1491 1995 1650 2044 privées
1678 1995 1726 2033 de
1757 1995 1795 2032 la
1822 1995 1907 2044 joie
1933 1995 1980 2032 de
2008 1995 2158 2033 marier

393 2055 500 2092 leurs
530 2054 694 2103 enfants
698 2055 707 2103 ,
735 2055 843 2092 leurs
874 2055 1065 2092 relations
1090 2065 1129 2091 se
1157 2055 1335 2091 bornant
1363 2055 1386 2092 à
1415 2067 1471 2092 un
1497 2054 1708 2103 voisinage
1740 2052 1942 2091 restreint.

497 2132 546 2169 Et
575 2131 769 2170 combien
793 2132 841 2169 de
869 2141 1018 2169 veuves
1021 2131 1029 2178 ,
1059 2131 1206 2178 jeunes
1231 2140 1375 2168 encore
1380 2143 1388 2178 ,
1423 2142 1461 2168 se
1493 2132 1686 2169 trouvant
1716 2131 1816 2168 dans
1849 2131 1881 2168 le
1914 2130 2046 2168 même
2074 2142 2139 2168 cas
2144 2160 2151 2176 ,

392 2188 508 2228 n'ont
528 2202 585 2239 pu
608 2201 648 2228 se
670 2189 867 2227 remarier
885 2190 897 2227 !
921 2190 1162 2239 Cependant
1182 2190 1277 2229 elles
1301 2190 1488 2227 auraient
1512 2202 1567 2238 pu
1592 2190 1704 2227 créer
1726 2201 1785 2227 un
1811 2201 2001 2227 nouveau
2023 2188 2153 2239 foyer,

393 2247 496 2286 faire
521 2249 558 2287 le
588 2248 781 2287 bonheur
805 2247 906 2287 d’un
939 2248 1091 2287 nouvel
1117 2250 1264 2297 époux,
1300 2253 1341 2286 et
1372 2248 1455 2286 être
1485 2248 1703 2286 heureuses
1737 2248 2022 2296 elles-mêmes,
2059 2249 2090 2286 si
2120 2251 2157 2287 le

392 2308 525 2346 destin
562 2308 652 2346 leur
680 2308 789 2345 avait
827 2308 981 2356 permis
1012 2308 1063 2345 de
1095 2312 1336 2345 rencontrer
1373 2307 1476 2345 celui
1515 2307 1600 2355 qui,
1641 2318 1683 2344 se
1720 2311 1919 2345 trouvant
1955 2306 2157 2355 peut-être

392 2370 482 2404 tout
517 2367 609 2416 près
640 2364 788 2414 d’elles,
829 2365 1043 2404 cherchait
1073 2365 1302 2412 lui-même,
1338 2366 1386 2403 de
1421 2378 1496 2403 son
1534 2365 1636 2412 côté,
1676 2363 1796 2403 l’âme
1834 2377 1958 2403 sœur.
1999 2365 2048 2403 Et
2078 2377 2157 2414 que

394 2425 577 2464 fallait-il
606 2437 715 2475 pour
749 2437 828 2475 que
858 2425 896 2463 la
932 2425 1053 2463 chose
1084 2425 1238 2463 arrivât
1261 2425 1276 2462 ?
1315 2425 1379 2462 Un
1417 2425 1503 2462 rien
1507 2437 1515 2471 ,
1556 2436 1633 2462 une
1674 2424 1794 2463 tierce
1831 2435 2035 2473 personne
2069 2425 2139 2473 qui
2143 2455 2151 2470 ,

393 2484 717 2533 correspondant
740 2495 837 2522 avec
859 2487 949 2522 tous
975 2485 1029 2522 les
1050 2485 1157 2522 deux
1159 2496 1168 2531 ,
1195 2484 1326 2521 aurait
1350 2495 1408 2532 pu
1433 2484 1486 2521 les
1512 2485 1656 2521 mettre
1683 2494 1735 2521 en
1759 2485 1943 2532 rapport.

497 2560 547 2599 Et
568 2560 627 2599 les
648 2561 794 2609 jeunes
824 2559 927 2599 filles
952 2560 968 2599 ?
994 2560 1035 2599 Si
1064 2559 1149 2599 l’on
1174 2560 1369 2609 envisage
1397 2560 1435 2598 la
1465 2560 1660 2599 situation
1691 2558 1815 2599 d’une
1844 2559 2081 2598 demoiselle
2104 2571 2154 2599 en

390 2619 465 2669 âge
491 2620 541 2658 de
570 2631 612 2657 se
636 2621 800 2666 marier,
810 2621 887 2657 elle
912 2624 970 2658 est
996 2632 1080 2657 non
1102 2620 1239 2657 moins
1251 2617 1437 2665 délicate;
1451 2617 1499 2656 la
1512 2619 1716 2656 retenue
1730 2617 1947 2666 imposée
1958 2626 2058 2666 par
2067 2626 2154 2655 son

386 2686 505 2716 sexe
523 2677 597 2716 lui
616 2676 826 2716 interdit
845 2678 978 2716 toute
1003 2676 1265 2716 démarche
1281 2676 1611 2725 personnelle,
1643 2683 1681 2717 et
1716 2679 1790 2717 elle
1824 2684 1883 2717 est
1914 2679 2153 2717 fatalement

397 2739 658 2777 condamnée
681 2752 734 2776 au
768 2739 928 2784 célibat,
946 2739 977 2776 si
1006 2738 1082 2776 elle
1108 2736 1173 2775 n’a
1192 2751 1263 2787 pas
1290 2738 1327 2775 la
1348 2738 1497 2785 grande
1514 2738 1669 2784 chance
1689 2738 1738 2776 de
1752 2742 1918 2775 trouver
1949 2736 2050 2774 dans
2082 2748 2156 2773 son

390 2803 620 2847 entourage
649 2797 865 2836 immédiat
899 2809 957 2836 un
990 2797 1096 2846 parti
1132 2797 1350 2835 conforme
1383 2798 1405 2835 à
1440 2808 1513 2835 son
1547 2797 1633 2845 âge,
1673 2797 1694 2834 à
1730 2808 1802 2834 son
1840 2808 1945 2844 rang
1972 2799 2012 2833 et
2046 2796 2067 2833 à
2097 2806 2157 2832 ses

390 2856 652 2906 aspirations.

507 2934 547 2972 Si
572 2938 676 2973 cette
698 2934 836 2972 bonne
862 2933 1029 2972 fortune
1054 2934 1113 2971 lui
1137 2938 1197 2972 est
1220 2933 1390 2982 refusée,
1422 2933 1498 2973 elle
1523 2938 1620 2983 peut
1647 2933 1750 2971 faire
1773 2932 1910 2982 appel,
1938 2933 2073 2981 parmi
2097 2943 2157 2970 ses

391 2992 720 3040 connaissances,
749 2993 772 3030 à
802 3005 885 3030 une
914 3003 1120 3042 personne
1147 2993 1196 3030 de
1223 2993 1362 3030 bonne
1389 2992 1553 3031 volonté
1590 3012 1638 3017 —
1675 2993 1706 3032 si
1740 2991 1815 3030 elle
1847 3003 1899 3029 en
1930 2995 2075 3030 trouve
2103 3006 2158 3014 —

393 3056 516 3100 ayant
552 3051 619 3089 des
657 3051 851 3089 relations
890 3063 995 3089 assez
1025 3051 1221 3089 étendues
1260 3063 1366 3101 pour
1402 3052 1460 3089 lui
1500 3050 1600 3089 faire
1637 3055 1871 3089 contracter
1906 3062 1989 3090 une
2023 3048 2156 3090 union

391 3109 645 3148 convenable
666 3122 676 3156 ;
710 3110 816 3148 mais
849 3115 952 3149 cette
985 3111 1266 3149 intervention
1300 3110 1401 3148 d’un
1441 3110 1536 3148 tiers
1570 3108 1766 3147 bénévole
1807 3108 1911 3147 n’est
1950 3119 2022 3157 pas
2062 3119 2158 3146 sans

391 3169 601 3216 présenter
628 3168 677 3207 de
707 3181 850 3218 graves
882 3168 1211 3216 inconvénients,
1239 3170 1345 3208 dont
1373 3169 1410 3206 le
1441 3169 1630 3207 moindre
1659 3169 1844 3206 consiste
1870 3169 1892 3205 à
1922 3166 2158 3215 apprendre

391 3227 550 3265 bientôt
588 3238 669 3277 que
700 3226 964 3276 l’obligeante
1005 3239 1208 3277 personne
1242 3228 1379 3277 répète
1413 3241 1432 3265 «
1452 3227 1546 3265 urbi
1581 3233 1619 3266 et
1652 3227 1744 3266 orbi
1765 3240 1784 3264 »
1814 3237 1912 3274 que,
1966 3238 2059 3263 sans
2097 3231 2158 3259 ses

389 3280 631 3318 démarches
657 3281 856 3328 réitérées,
887 3282 925 3320 la
947 3282 1075 3330 jeune
1101 3281 1196 3329 fille,
1228 3282 1330 3320 dont
1354 3281 1428 3321 elle
1453 3294 1475 3319 a
1501 3281 1595 3318 b'en
1620 3281 1748 3319 voulu
1771 3275 2002 3322 s’occuper,
2024 3276 2160 3316 aurait

392 3338 512 3377 coiffé
540 3338 933 3380 Sainte-Catherine.
