2472 3696
1102 336 1152 341 —
1188 313 1225 353 il
1262 336 1312 341 —

368 421 460 453 1082.
482 440 525 445 —
542 421 646 459 Veuf,
666 421 707 454 47
729 420 802 461 ans,
827 420 845 453 1
865 420 1003 461 enfant,
1024 420 1178 464 proprié¬

323 462 642 496 taire-cultivateur
705 462 796 496 belle
846 462 1029 503 situation,
1080 465 1179 495 avoir

322 504 442 539 40.000
469 505 601 545 francs,
634 504 746 538 désire
778 504 934 546 mariage
960 515 1045 537 avec
1076 504 1178 537 dame

323 547 387 589 âge
415 558 457 579 en
485 549 645 590 rapport,
674 545 898 580 connaissant
927 546 960 578 la
983 547 1120 580 culture
1142 551 1178 580 et

322 588 533 629 l’intérieur,
560 588 633 622 très
662 588 824 621 sérieuse.

370 638 462 670 1084.
489 655 532 660 —
555 635 661 675 Veuf,
690 636 729 669 45
758 646 833 676 ans,
856 634 1061 676 honorable,
1083 634 1178 667 hom¬

324 689 379 712 me
406 677 626 720 d’intérieur,
660 678 742 711 bien
775 688 854 711 sous
886 679 966 712 tous
1000 679 1178 719 rapports,

324 720 393 753 bon
439 719 566 763 emploi
611 724 646 753 et
692 720 784 761 petit
830 718 940 761 avoir,
980 720 1179 762 épouserait

324 762 425 796 dame
451 774 495 796 ou
524 761 723 795 demoiselle
752 760 925 795 situation
947 772 990 794 en
1020 763 1179 802 rapport,

324 804 389 847 âge
419 803 633 837 indifférent.
670 803 860 846 Répondra
889 802 973 845 qu’à
1005 801 1110 835 lettre
1135 802 1179 835 si¬

325 846 424 888 gnée,
447 846 605 880 donnant
635 845 774 879 adresse
801 847 839 877 et
867 844 1176 887 renseignements.

369 901 461 933 1086.
496 920 537 924 —
572 899 743 938 Alsacien,
774 898 816 932 40
851 909 925 939 ans,
960 896 1179 935 célibataire,

325 941 538 975 mécanicien
562 940 741 974 d’articles
764 939 843 980 fins,
872 942 1039 978 montres,
1067 938 1179 971 horlo¬

326 994 397 1025 ges,
429 982 647 1025 bijouteries,
679 981 859 1016 machines
889 981 909 1014 à
940 980 1065 1021 écrire,
1096 984 1178 1020 etc.,

324 1020 397 1060 très
426 1024 618 1068 distingué,
652 1023 846 1066 possédant
879 1023 1004 1056 atelier
1032 1022 1054 1054 à
1088 1021 1179 1055 Mul¬

325 1068 446 1109 house,
502 1066 601 1101 avoir
653 1064 774 1100 35.000
829 1065 958 1106 francs,
1011 1064 1182 1097 situation

326 1110 446 1144 12.000
471 1120 536 1152 pZp
568 1119 623 1150 an,
658 1108 772 1141 désire
804 1107 950 1146 épouser
982 1106 1181 1139 demoiselle

325 1163 370 1185 ou
400 1162 512 1184 veuve
541 1161 622 1184 sans
645 1150 785 1189 enfant,
817 1146 1002 1191 française,
1031 1158 1122 1190 pour
1144 1158 1180 1181 se

324 1193 582 1237 perfectionner
624 1192 711 1225 dans
752 1192 785 1225 la
827 1190 954 1235 langue
994 1188 1180 1232 française,

324 1235 495 1269 situation
531 1245 574 1268 en
611 1235 767 1276 rapport.
806 1232 938 1265 Entrée
973 1233 1060 1265 dans
1092 1242 1180 1264 com¬

327 1287 440 1310 merce
462 1287 525 1320 pas
554 1276 685 1309 exclue.

372 1331 464 1364 1088.
496 1349 539 1354 —
587 1326 807 1368 Célibataire,
851 1326 892 1360 45
935 1338 1009 1368 ans,
1059 1325 1182 1358 ancien

326 1372 553 1415 agriculteur,
579 1370 728 1412 sérieux,
756 1371 872 1404 bonne
896 1368 1097 1410 éducation,
1121 1368 1181 1400 ha¬

329 1415 453 1449 bitude
494 1414 553 1448 des
594 1413 748 1453 affaires,
783 1411 863 1454 jolis
906 1421 1067 1449 revenus,
1109 1410 1181 1443 très

326 1457 472 1500 capable
495 1456 585 1489 faire
612 1454 726 1488 valoir
750 1452 941 1497 propriété,
968 1451 1182 1494 catholique,

326 1498 525 1541 épouserait
551 1496 751 1531 demoiselle
777 1506 822 1530 ou
847 1505 961 1528 veuve
986 1495 1052 1535 âge
1079 1496 1114 1527 et
1140 1494 1183 1527 si¬

326 1540 466 1574 tuation
497 1551 541 1573 en
573 1540 728 1582 rapport.

373 1596 466 1627 1090.
488 1612 531 1618 —
555 1592 746 1632 Monsieur,
767 1591 808 1625 38
833 1602 907 1632 ans,
935 1591 1183 1631 commerçant,

327 1635 547 1675 travailleur,
585 1634 654 1667 bon
690 1633 881 1672 caractère,
920 1632 1033 1665 bonne
1070 1633 1183 1668 santé,

328 1678 441 1712 désire
462 1677 619 1719 mariage
646 1686 730 1708 avec
757 1675 863 1718 jeune
884 1674 956 1707 fille
984 1685 1028 1708 ou
1055 1683 1181 1712 veuve,

325 1731 408 1754 sans
457 1719 595 1759 enfant,
644 1718 913 1758 commerçante,
958 1725 1044 1748 avec
1092 1714 1185 1756 petit

328 1762 427 1796 avoir
449 1761 490 1795 10
513 1761 533 1794 à
558 1760 690 1800 15.000,
716 1759 781 1801 âge
805 1768 849 1790 en
873 1759 1029 1800 rapport.

374 1816 466 1848 1092.
492 1834 535 1839 —
583 1813 803 1853 Célibataire,
852 1812 894 1846 30
935 1822 1011 1851 ans,
1059 1809 1184 1852 grand,

328 1858 431 1900 brun,
459 1857 608 1896 sérieux,
631 1855 746 1888 bonne
772 1852 884 1892 santé,
912 1852 1089 1894 dirigeant
1113 1854 1181 1881 tra¬

326 1911 421 1933 vaux
446 1897 607 1932 viticoles
633 1897 721 1930 dans
748 1895 910 1929 domaine
936 1893 1100 1926 environs
1123 1892 1182 1924 Al¬

328 1952 402 1985 ger,
434 1942 579 1984 parents
603 1936 855 1982 propriétaires
886 1947 931 1969 en
960 1936 1185 1977 Bourgogne,

330 1982 528 2027 épouserait
548 1981 653 2024 jeune
677 1980 747 2013 fille
773 1991 817 2012 ou
841 1989 968 2013 veuve,
988 1977 1101 2009 même
1125 1976 1184 2007 Al¬

334 2025 508 2065 sacienne,
542 2024 586 2056 de
625 2022 696 2055 très
736 2021 852 2054 bonne
891 2019 1038 2059 famille,
1081 2018 1183 2058 aisée,

330 2067 395 2109 âge
420 2069 455 2100 et
482 2064 632 2108 qualités
654 2074 698 2096 en
723 2064 880 2106 rapport.

374 2120 467 2153 1094.
496 2138 539 2143 —
568 2117 767 2157 Dauphiné,
793 2114 1010 2148 célibataire.
1038 2112 1081 2145 38
1109 2123 1184 2146 ans.

334 2163 443 2202 doux,
482 2161 586 2195 sobre
622 2163 661 2193 et
699 2157 920 2198 travailleur,
957 2155 1056 2189 avoir
1087 2154 1186 2187 6.000

331 2204 461 2245 francs,
493 2201 710 2246 espérances,
743 2196 1007 2233 automobiliste
1032 2208 1103 2230 aux
1135 2208 1185 2228 ar¬

331 2246 436 2286 mées,
459 2245 554 2279 croix
579 2244 627 2278 de
643 2253 780 2284 guerre,
800 2240 912 2280 petite
933 2239 1092 2282 pension,
1117 2248 1185 2271 em¬

331 2287 435 2330 ployé
461 2287 548 2320 dans
577 2284 696 2327 jardin
728 2282 860 2327 public,
895 2280 1099 2325 épouserait
1131 2280 1186 2311 de¬

1248 420 1403 457 moiselle
1451 433 1497 455 ou
1540 433 1664 457 veuve.
1718 423 1762 456 Se
1811 424 2023 467 déplacerait
2075 426 2102 458 si

1248 462 1375 505 épouse
1410 463 1523 496 tenait
1553 475 1745 498 commerce
1779 477 1825 499 ou
1857 466 2099 509 propriétaire.

1247 502 1435 548 Répondra
1462 516 1530 538 aux
1557 506 1690 540 lettres.

1294 561 1387 592 1098.
1423 578 1465 584 —
1502 561 1693 601 Monsieur,
1729 563 1771 595 29
1802 574 1879 603 ans,
1915 574 2106 597 commerce

1249 602 1436 643 artistique
1469 602 1583 644 Lyon,
1617 604 1715 638 taille
1750 606 1769 638 1
1796 615 1841 637 m.
1879 605 1930 646 56,
1962 606 2104 639 catholi¬

1249 654 1329 687 que,
1361 642 1538 677 directeur
1568 644 1702 679 cinéma
1729 646 1851 679 valeur
1882 648 1899 680 1
1924 648 2022 680 ü.OjO
2048 650 2060 679 f
2076 661 2080 666 •
2100 674 2105 679 .

1249 686 1422 721 excellent
1454 686 1639 728 musicien,
1677 694 1825 731 rapport
1860 690 1949 723 total
1988 690 2106 724 40.000

1251 727 1384 769 francs,
1419 728 1620 771 épouserait
1659 729 1764 771 jeune
1796 730 1870 765 fille
1911 742 1955 764 ou
1994 743 2107 764 veuve

1248 770 1421 804 situation
1446 780 1491 805 en
1518 774 1678 813 rapport,
1703 772 1747 805 de
1773 772 1977 814 préférence
2002 785 2106 807 musi¬

1249 811 1381 845 cienne.

1296 874 1388 907 1098.
1413 892 1457 898 —
1483 871 1665 913 Orphelin,
1686 875 1728 908 33
1752 885 1827 915 ans,
1848 874 1980 907 famille
2005 874 2108 908 hono¬

1254 914 1364 955 rable,
1406 915 1522 948 bonne
1556 916 1660 949 santé
1718 915 1860 950 fortune
1898 927 1921 960 y
1956 922 2108 960 compris

1250 967 1441 990 commerce
1466 956 1614 990 environ
1641 957 1783 990 300.000
1808 958 1939 998 francs,
1968 958 2107 991 établis¬

1250 1003 1384 1033 sement
1434 1002 1601 1041 prosière
1658 1005 1765 1042 ffyo-,.
1793 1000 1906 1033 désire
1953 1011 2108 1043 mariage

1250 1053 1335 1075 avec
1360 1041 1465 1084 jeune
1493 1041 1568 1076 fille
1590 1043 1632 1076 25
1656 1042 1677 1075 à
1701 1042 1745 1075 28
1768 1054 1843 1083 ans,
1868 1043 2040 1077 situation
2065 1055 2108 1076 en

1250 1086 1406 1126 rapport.

1297 1146 1405 1180 1.100.
1430 1163 1474 1170 —
1496 1144 1604 1179 Texte
1631 1153 1698 1177 non
1725 1151 1896 1185 parvenu.

1297 1207 1405 1242 1.102.
1430 1224 1473 1231 —
1499 1206 1607 1238 Texte
1631 1214 1699 1238 non
1725 1212 1896 1246 parvenu.

1297 1267 1392 1299 1.104
1419 1284 1462 1290 —
1488 1266 1602 1298 Jeune
1628 1265 1777 1303 homme,
1807 1265 1850 1298 40
1877 1275 1950 1305 ans,
1980 1264 2108 1307 profes¬

1253 1308 1328 1342 sion
1355 1307 1481 1342 avoué,
1512 1312 1549 1339 ré
1582 1313 1659 1340 6a*->
1681 1318 1695 1338 r
1721 1333 1728 1340 .
1757 1307 1872 1344 bord,
1896 1306 2108 1349 catholique,

1252 1351 1395 1385 licencié
1420 1364 1463 1387 en
1491 1349 1598 1390 droit,
1619 1349 1836 1391 affectueux,
1859 1349 1931 1383 très
1957 1348 2094 1381 sérieux

1254 1393 1384 1436 capital
1414 1391 1555 1428 100.000
1590 1391 1722 1432 francs,
1756 1390 1954 1433 épouserait
1984 1389 2110 1423 demoi¬

1254 1437 1337 1471 selle
1359 1436 1424 1478 âge
1442 1440 1478 1469 et
1500 1441 1670 1467 situation
1695 1445 1737 1466 en
1762 1439 1919 1475 rapport.

1298 1497 1407 1529 1.106.
1434 1494 1477 1528 —
1505 1494 1620 1530 Jeune
1649 1494 1799 1532 homme,
1822 1494 1864 1527 28
1893 1504 1967 1532 ans,
1995 1492 2111 1536 physi¬

1254 1550 1321 1582 que
1351 1536 1526 1580 agréable,
1564 1535 1715 1577 sérieux,
1756 1535 1969 1579 catholique,
1998 1539 2111 1577 possé¬

1255 1586 1340 1614 dant
1389 1588 1420 1612 et
1457 1591 1475 1613 e
1526 1588 1676 1616 rop.i-ts
1717 1578 1830 1611 désire
1851 1584 2006 1619 mariage
2027 1586 2111 1611 avec

1253 1622 1453 1657 demoiselle
1483 1621 1548 1664 âge
1577 1632 1621 1655 en
1644 1623 1803 1664 rapport,
1831 1632 1880 1654 un
1907 1630 1976 1663 peu
2004 1619 2112 1652 fortu¬

1254 1665 1332 1706 née,
1357 1664 1430 1698 très
1461 1663 1626 1705 sérieuse,
1657 1665 1692 1697 et
1720 1661 1923 1705 préférence
1952 1660 2110 1702 ménagè¬

1253 1718 1291 1742 re
1315 1717 1361 1740 ou
1379 1715 1574 1749 paysanne.

1299 1762 1407 1793 1.108.
1437 1758 1481 1790 —
1511 1757 1711 1800 Adjudant,
1747 1756 1934 1790 infanterie
1965 1756 2112 1790 colonia¬

1254 1804 1298 1843 le,
1331 1803 1373 1836 34
1402 1812 1478 1841 ans.
1515 1800 1536 1833 7
1571 1811 1633 1834 ans
1662 1800 1705 1834 de
1739 1798 1894 1848 Maroc,,
1908 1797 2113 1831 retraitable

1255 1844 1342 1879 dans
1364 1844 1385 1878 2
1409 1842 1509 1881 mois,
1531 1841 1652 1875 50.000
1675 1841 1794 1874 francs
1816 1839 2019 1883 espérances
2042 1849 2112 1871 cer-

1254 1889 1290 1918 ta
1307 1897 1382 1926 nés,
1412 1883 1560 1917 cherche
1596 1883 1751 1924 mariage
1786 1892 1870 1915 avec
1906 1882 2010 1923 jeune
2038 1880 2113 1912 fille

1255 1939 1300 1961 ou
1324 1937 1438 1960 veuve
1461 1925 1505 1959 de
1528 1935 1667 1966 guerre,
1694 1935 1774 1957 sans
1801 1924 1935 1963 enfant,
1961 1922 2003 1955 24
2029 1922 2049 1955 à
2072 1923 2112 1955 2ô

1256 1980 1330 2008 ans.
1370 1967 1562 2011 possédant
1598 1967 1639 2000 18
1667 1966 1687 1999 à
1723 1964 1842 1999 20.000
1876 1966 1993 1998 francs
2025 1976 2114 2007 pour

1258 2040 1266 2044 .
1277 2011 1381 2044 .faire
1406 2009 1558 2044 sérieuse
1588 2020 1633 2041 au
1664 2006 1798 2042 Marov.

1301 2065 1408 2096 1.110.
1438 2064 1482 2096 —
1511 2064 1624 2096 Jeune
1657 2064 1804 2101 homme,
1837 2060 1879 2094 23
1910 2071 1984 2095 ans,
2016 2059 2112 2092 infir¬

1255 2106 1341 2140 mité
1377 2117 1447 2149 peu
1481 2105 1673 2154 apparente
1713 2105 1823 2145 ayant
1860 2100 1988 2144 emploi
2026 2100 2113 2133 dans

1255 2160 1323 2182 une
1354 2148 1468 2188 usine,
1503 2145 1679 2188 physique
1708 2143 1883 2186 agréable,
1912 2142 2023 2182 avoir,
2057 2143 2112 2175 dé¬

1256 2191 1326 2226 sire
1353 2190 1604 2231 correspondre
1632 2197 1722 2230 pour
1748 2186 1904 2228 mariage
1928 2195 2012 2216 avec
2039 2184 2112 2225 jeu¬

1256 2245 1299 2267 ne
1327 2233 1401 2266 fille
1430 2231 1470 2266 18
1499 2230 1519 2263 à
1542 2231 1584 2263 22
1613 2241 1685 2263 ans.
1716 2227 1905 2261 Prendrait
1927 2226 2038 2258 même
2064 2237 2112 2257 or¬

1257 2274 1411 2318 pheline,
1436 2272 1508 2306 très
1534 2271 1683 2304 sérieux.

1438 2855 1450 2884 I
