2472 3696
1164 345 1214 349 —
1243 320 1267 359 5
1298 343 1345 348 —

541 484 1191 565 OBSERVATIONS
1243 457 1947 557 RECOMMANDÉES

406 738 427 772 Il
448 738 499 771 est
524 735 728 771 absolument
755 731 997 773 indispensable
1019 737 1080 771 que
1099 729 1223 769 chaque
1251 723 1377 761 abonné
1404 724 1462 759 lise
1489 723 1736 759 attentivement
1767 720 1809 753 —
1837 720 1858 754 il
1883 727 1902 754 a
1928 720 1969 753 du
1997 719 2085 753 reste

538 803 607 837 tout
627 798 746 835 intérêt
772 798 790 833 à
812 800 840 833 le
861 797 946 832 faire
974 796 1017 828 —
1045 796 1092 829 les
1119 795 1210 828 notes
1233 793 1417 827 ci-dessous
1439 797 1521 831 pour
1540 789 1677 830 pouvoir
1696 788 1747 829 s’y
1768 786 1956 820 conformer

404 940 434 975 I.
465 959 511 963 —
541 937 644 972 Tout
675 935 826 971 lecteur
854 934 903 969 de
929 929 1211 968 l’INTERME-

365 986 546 1024 DIAIRE
564 986 637 1021 DU
658 983 835 1020 FOYER
854 982 1038 1016 désirant
1056 988 1212 1016 corres¬

368 1035 522 1081 pondre
550 1043 651 1070 avec
679 1041 734 1066 un
768 1042 820 1067 ou
847 1030 1052 1074 plusieurs
1088 1027 1209 1063 abon¬

370 1084 445 1120 nés
481 1082 550 1117 NE
595 1080 732 1116 PEUT
766 1080 831 1115 LE
871 1077 1027 1112 FAIRE
1075 1075 1205 1111 SANS

364 1132 500 1168 ETRE
519 1124 780 1166 LUI-MEME
800 1125 1034 1162 ABONNE,
1056 1128 1094 1159 et
1110 1132 1210 1161 sans

366 1179 480 1216 avoir
510 1178 583 1213 fait
611 1176 819 1219 parvenir,
845 1184 897 1209 au
927 1171 1147 1217 préalable,
1177 1172 1209 1206 le

365 1230 553 1263 montant
570 1225 618 1261 de
639 1233 715 1261 son
734 1223 1012 1258 abonnement
1029 1230 1080 1256 au
1102 1219 1207 1264 jour¬

365 1277 446 1312 nal.

401 1387 451 1422 II.
479 1407 526 1412 —
552 1384 657 1420 Tout
690 1382 888 1419 adhérent
919 1381 944 1416 à
974 1382 1092 1415 notre
1123 1387 1209 1414 œu¬

357 1446 427 1471 vre
462 1434 544 1469 doit
578 1431 682 1468 faire
716 1429 911 1475 parvenir
946 1429 971 1464 à
1005 1427 1209 1465 l’INTER-

365 1482 623 1518 MEDIAIRE
657 1480 728 1516 DU
761 1478 950 1521 FOYER,
992 1486 1043 1512 en
1075 1477 1209 1511 même

366 1535 499 1575 temps
535 1538 613 1574 que
647 1536 723 1562 son
751 1527 1042 1570 abonnement,
1079 1524 1114 1560 le
1146 1524 1210 1559 LI¬

371 1579 535 1615 BELLE
580 1577 647 1612 DE
686 1576 787 1612 SON
834 1572 1100 1615 ANNONCE,
1149 1571 1201 1606 la¬

364 1626 496 1672 quelle
510 1625 593 1660 doit
607 1625 693 1660 être
707 1621 960 1660 convenable
979 1624 1018 1656 et
1033 1621 1082 1656 de
1100 1622 1211 1655 toute

365 1673 564 1710 moralité.

405 1722 461 1756 La
485 1719 691 1756 Direction
713 1728 758 1754 se
780 1719 947 1753 réserve
970 1715 1006 1751 le
1030 1713 1135 1750 droit
1157 1713 1205 1749 de

359 1769 545 1805 modifier
570 1770 681 1804 toute
705 1775 893 1804 annonce
917 1760 1158 1809 équivoque*.

401 1862 470 1899 III.
491 1883 537 1888 —
561 1861 638 1898 Les
663 1867 886 1902 annonces,
914 1867 1016 1903 pour
1040 1858 1125 1893 être
1150 1856 1207 1891 in¬

356 1913 494 1951 sérées
530 1910 566 1946 le
603 1910 621 1945 1
625 1914 655 1931 er
690 1907 739 1944 de
775 1908 933 1952 chaque
968 1905 1087 1950 mois,
1126 1904 1208 1939 doi¬

355 1965 449 1997 vent
473 1968 579 1994 nous
607 1956 800 2002 parvenir
830 1965 881 1993 au
908 1954 1039 1990 PLUS
1066 1952 1206 1989 TARD

363 2009 426 2045 LE
449 2007 493 2043 26
517 2008 570 2042 du
596 2006 701 2041 mois
727 2003 959 2049 précédent.
989 2002 1115 2037 Toute
1138 2010 1207 2036 an¬

356 2064 498 2097 nonce,
541 2063 661 2098 reçue
702 2051 823 2096 après
865 2053 967 2086 cette
1008 2049 1114 2093 date,
1157 2057 1208 2083 ne

357 2112 507 2148 pourra
533 2103 713 2146 paraître
739 2109 816 2144 que
839 2099 874 2135 le
900 2097 1004 2133 mois
1026 2096 1207 2132 suivant.

357 2153 471 2187 Dans
504 2161 549 2186 ce
580 2159 666 2193 cas,
698 2148 727 2184 il
758 2148 863 2182 n’est
895 2154 971 2189 pas
1004 2144 1210 2188 indispen¬

357 2200 470 2235 sable
492 2207 569 2243 que
591 2197 803 2233 l’annonce
826 2193 904 2231 soit
926 2192 1085 2229 insérée
1106 2200 1209 2238 pour

357 2258 433 2292 que
461 2245 692 2282 l’intéressé
726 2243 866 2289 puisse
913 2238 1209 2284 correspondre

356 2305 456 2332 avec
477 2294 536 2330 les
559 2292 744 2329 abonnés
766 2292 821 2326 du
842 2291 1017 2337 journal.
1040 2288 1074 2322 Il
1094 2287 1209 2324 suffit

357 2343 450 2387 qu’il
475 2342 531 2377 ait
556 2350 653 2385 reçu
679 2337 931 2376 l’indication
956 2336 1009 2372 du
1034 2334 1209 2371 numéro

356 2390 611 2435 remplaçant
648 2397 723 2423 son
758 2395 855 2422 nom
889 2393 991 2430 pour
1028 2381 1121 2428 qu’il
1152 2382 1208 2418 ait

357 2442 465 2474 toute
498 2436 647 2472 facilité
681 2436 729 2471 de
763 2432 1075 2478 communiquer
1107 2440 1208 2467 avec

356 2486 413 2523 les
447 2484 669 2523 adhérents
700 2483 749 2519 de
779 2483 962 2520 l’œuvre.

402 2585 470 2621 IV.
506 2605 552 2610 —
587 2583 664 2619 Les
694 2589 922 2627 personnes
959 2579 1026 2625 qui
1059 2578 1208 2614 désire¬

355 2633 486 2669 raient
522 2629 818 2675 correspondre
854 2638 954 2665 avec
989 2627 1047 2663 1rs
1084 2625 1208 2662 abon¬

353 2682 428 2717 nés
448 2681 501 2716 du
521 2679 685 2725 journal
703 2686 804 2714 sans
825 2678 910 2713 être
930 2679 1075 2715 tenues
1094 2673 1208 2713 elles-

356 2731 511 2765 mêmes
538 2728 587 2763 de
609 2726 711 2762 faire
737 2725 895 2761 insérer
917 2733 996 2760 une
1023 2731 1208 2758 annonce

356 2775 626 2821 personnelle,
663 2774 835 2810 devront
867 2779 995 2817 payer
1026 2781 1083 2805 un
1115 2779 1208 2814 sup¬

358 2825 536 2868 plément
587 2824 635 2858 de
688 2822 833 2858 DEUX
880 2818 1086 2856 FRANCS
1132 2827 1208 2862 par

364 2873 484 2909 mois.

401 2967 449 3003 V.
470 2986 516 2991 —
537 2964 763 3010 Dès'qu’un
784 2963 946 2998 abonné
964 2965 1027 2998 est
1047 2973 1098 2998 en
1119 2960 1208 2997 voie

355 3015 403 3050 de
436 3014 632 3059 mariage,
669 3012 695 3047 il
728 3010 811 3047 doit
843 3020 893 3047 en
927 3009 1125 3045 informer
1159 3009 1208 3043 de

354 3062 459 3099 suite
493 3063 532 3097 la
583 3059 787 3096 Direction
823 3058 870 3093 de
921 3056 1207 3093 l’INTERME-

363 3110 542 3146 DIAIRE
573 3109 645 3145 DU
676 3106 863 3148 FOYER,
892 3107 976 3141 afin
1005 3114 1083 3150 que
1112 3104 1208 3139 l’an¬

362 3166 491 3192 nonce
509 3157 576 3201 qui
597 3156 652 3192 lui
669 3157 731 3192 est
746 3153 1019 3199 personnelle,
1037 3154 1208 3198 n’ayant

363 3206 454 3249 plus
491 3214 540 3241 sa
573 3202 715 3239 raison
745 3203 883 3247 d’être,
923 3200 1001 3237 soit
1031 3200 1209 3236 aussitôt

363 3250 610 3296 supprimée,
637 3254 676 3287 et
698 3250 784 3287 cela
804 3250 909 3288 dans
934 3249 970 3285 le
994 3247 1065 3283 but
1086 3249 1134 3284 de
1153 3247 1208 3282 lui

362 3299 490 3336 éviter
512 3302 620 3335 toute
647 3297 1002 3342 correspondance
1024 3296 1207 3331 devenue

362 3346 514 3383 inutile.

1333 927 1440 962 Pour
1468 927 1507 961 la
1530 926 1665 960 même
1691 923 1844 965 raison,
1872 922 1899 958 il
1925 925 1988 958 est
2009 920 2132 956 indis¬

1284 974 1482 1021 pensable
1509 983 1588 1018 que
1614 972 1803 1008 l’abonné
1829 970 1995 1014 indique
2016 968 2134 1005 aussi

1286 1027 1322 1060 le
1362 1023 1535 1058 numéro
1577 1021 1630 1056 du
1665 1017 1992 1063 correspondant
2033 1026 2133 1053 avec

1286 1072 1355 1117 qui
1384 1071 1419 1106 le
1447 1069 1632 1115 mariage
1661 1067 1742 1103 doit
1771 1077 1815 1102 se
1842 1065 1958 1102 faire.

1328 1177 1396 1212 VI.
1417 1197 1463 1202 —
1482 1176 1513 1211 Il
1534 1179 1595 1213 est
1615 1172 1920 1218 indispensable
1941 1181 2018 1217 que
2040 1172 2133 1207 cha¬

1280 1236 1357 1271 que
1393 1223 1715 1268 correspondant
1744 1230 1897 1266 appose
1931 1229 1983 1255 en
2015 1219 2131 1265 guise

1280 1276 1327 1312 do
1360 1274 1571 1318 signature
1602 1280 1677 1308 son
1707 1269 1880 1305 numéro
1912 1267 2133 1313 personnel

1280 1333 1360 1358 aux
1392 1323 1531 1358 lettres
1563 1319 1657 1365 qu’il
1687 1318 1786 1354 écrit
1818 1326 1899 1353 aux
1929 1316 2129 1352 abonnés.

1326 1433 1415 1469 VII.
1447 1450 1493 1454 —
1523 1432 1555 1466 Il
1586 1441 1638 1466 va
1667 1429 1716 1464 de
1747 1428 1808 1466 soi
1834 1438 1912 1474 que
1941 1426 2130 1463 l’abonné

1278 1482 1346 1526 qui
1371 1491 1394 1517 a
1418 1479 1622 1526 plusieurs
1646 1479 1785 1514 lettres
1811 1478 1835 1513 à
1858 1476 1962 1513 faire
1986 1485 2130 1522 parve¬

1278 1530 1343 1567 nir
1376 1539 1456 1564 aux
1490 1527 1709 1563 adhérents
1743 1526 1791 1561 de
1823 1525 2006 1569 l’œuvre,
2034 1526 2131 1568 peut

1279 1578 1338 1615 les
1370 1577 1576 1613 enfermer
1605 1577 1738 1612 toutes
1770 1573 1874 1609 dans
1906 1582 1987 1607 une
2017 1571 2130 1607 seule

1278 1630 1317 1662 et
1343 1625 1494 1669 unique
1519 1625 1741 1667 enveloppe
1765 1619 1959 1657 adressée
1984 1620 2009 1655 à
2032 1619 2131 1654 IN¬

1290 1672 1653 1710 TERMEDIAIRE
1688 1671 1760 1707 DU
1803 1669 1993 1712 FOYER,
2035 1668 2059 1703 à
2094 1669 2133 1703 la

1289 1721 1494 1758 condition
1524 1729 1601 1764 que
1627 1718 2048 1756 l’affranchissement
2078 1715 2133 1751 du

1290 1773 1378 1806 tout
1403 1767 1676 1813 corresponde
1701 1777 1755 1802 au
1787 1766 1904 1810 poids
1935 1763 2083 1809 postal.

1336 1818 1396 1853 Ne
1422 1827 1497 1861 pas
1521 1817 1693 1851 omettre
1715 1812 1940 1858 d’indiquer
1968 1811 2053 1847 très
2080 1810 2132 1846 lé¬

1288 1865 1499 1910 gèrement
1529 1862 1600 1900 AU
1628 1861 1840 1899 CRAYON
1871 1870 1942 1896 sur
1974 1859 2132 1903 chaque

1289 1913 1408 1949 lettre
1429 1914 1543 1948 —les
1570 1910 1765 1946 numéros
1792 1909 1841 1944 de
1862 1907 2128 1952 l’expéd’teur

1283 1966 1322 1998 et
1349 1960 1402 1996 du
1425 1958 1703 1997 destinataire,
1747 1956 1795 1993 et
1840 1956 1898 1991 de
1935 1953 2131 1998 joindre

1283 2009 1335 2044 la
1355 2014 1534 2044 somme
1555 2003 1839 2042 nécessaire
1861 2003 1893 2039 à
1911 1999 2132 2038 l’affran¬

1284 2055 1596 2093 chissement.

1328 2156 1436 2191 VIII.
1477 2173 1523 2178 —
1565 2152 1780 2198 Répondez
1821 2151 2006 2196 toujours
2048 2159 2131 2185 aux

1282 2207 1424 2244 lettres
1445 2203 1513 2250 qui
1533 2213 1635 2239 vous
1655 2206 1747 2239 sont
1767 2201 1998 2236 adressées.
2017 2199 2131 2240 Vous

1282 2254 1411 2291 seriez
1465 2252 1761 2288 certainement
1810 2250 2043 2284 mécontent
2095 2247 2132 2283 si

1283 2302 1551 2342 vous-même,
1567 2297 1758 2335 écrivant
1776 2306 1855 2333 une
1874 2297 2007 2341 lettre,
2028 2306 2132 2331 vous

1281 2349 1506 2385 n’obteniez
1541 2356 1615 2392 pas
1649 2346 1696 2382 de
1736 2345 1922 2389 réponse.
1958 2344 1990 2380 Il
2026 2352 2131 2379 vous

1282 2403 1345 2435 est
1386 2397 1517 2441 facile,
1561 2396 1595 2431 si
1630 2398 1745 2431 votre
1786 2392 1986 2428 intention
2026 2393 2131 2427 n’est

1284 2456 1359 2490 pas
1404 2445 1452 2481 de
1497 2443 1707 2480 continuer
1752 2441 1775 2478 à
1819 2439 2129 2485 correspondre,

1281 2493 1525 2537 d’exprimer
1554 2500 1628 2527 vos
1664 2491 1823 2535 regrets
1853 2497 1905 2525 en
1933 2488 2129 2533 quelques

1280 2544 1403 2578 mots.

1329 2643 1398 2678 IX.
1433 2664 1480 2668 —
1514 2640 1606 2676 Afin
1642 2639 1813 2674 d’éviter
1847 2640 1957 2673 toute
1993 2637 2131 2673 confu¬

1282 2692 1372 2727 sion
1408 2689 1628 2736 (plusieurs
1667 2686 1888 2724 adhérents
1930 2688 2059 2729 ayant
2093 2685 2131 2720 le

1281 2741 1416 2776 même
1444 2738 1558 2777 nom)
1583 2740 1669 2774 tout
1699 2736 1860 2771 abonné
1895 2734 2076 2770 Privant
2106 2733 2131 2768 à

1286 2784 1737 2824 l’INTERMEDIAIRE
1754 2784 1826 2819 DU
1845 2783 2019 2818 FOYER
2039 2781 2136 2816 EST

1289 2836 1411 2871 PRIE
1443 2834 1509 2870 DE
1542 2832 1698 2868 FAIRE
1733 2830 1926 2868 SUIVRE
1968 2829 2028 2866 SA
2071 2830 2133 2865 SI¬

1294 2881 1544 2918 GNATURE
1604 2880 1672 2915 DE
1741 2878 1842 2914 SON
1904 2877 2131 2912 NUMERO

1288 2929 1526 2966 D’ORDRE.

1331 2989 1456 3026 Toute
1502 2986 1618 3022 lettre
1655 2983 1907 3020 demandant
1949 2992 2028 3018 une
2072 2981 2133 3016 ré¬

1292 3046 1421 3078 ponse
1479 3035 1503 3071 à
1561 3029 2009 3069 1TNTERMEDIAIRE
2064 3030 2135 3065 DU

1290 3084 1466 3120 FOYER
1495 3082 1578 3117 doit
1599 3083 1685 3117 être
1707 3079 1986 3123 accompagné
2008 3077 2135 3113 D’UN

1292 3129 1677 3167 TIMBRE-POSTE
1708 3130 1733 3165 à
1768 3127 1851 3163 0.15

1328 3247 1376 3281 X.
1406 3267 1451 3271 —
1484 3245 1514 3280 Il
1546 3245 1651 3280 n’est
1677 3246 1773 3278 tenu
1807 3251 1941 3277 aucun
1970 3242 2129 3284 compte

1280 3294 1352 3332 des
1381 3294 1520 3332 lettres
1555 3293 1738 3327 donnant
1769 3299 1928 3326 comme
1959 3290 2127 3324 adresse

1278 3341 1527 3377 l’indication
1550 3341 1598 3375 de
1621 3341 1660 3375 la
1682 3341 1798 3384 poste
1817 3340 2012 3374 restante.
