2472 3696
291 438 566 481 ■affectueuse,
589 427 710 476 goûts
732 420 908 467 simples
929 416 969 452 et
994 408 1155 449 aimant

304 490 369 527 vie
389 481 639 523 d’intérieur,
669 470 866 513 situation
892 474 946 503 en
969 457 1152 506 rapport.

354 582 434 620 322.
459 599 506 605 —
525 576 654 612 Jeune
676 561 854 607 homme,
879 560 925 597 29
945 568 1034 601 ans,
1061 555 1158 591 bon¬

308 643 361 672 ne
396 623 652 665 instruction,
670 641 675 649 -
690 614 866 656 sérieux,
900 616 1000 645 sans
1035 602 1160 640 fortu¬

312 690 374 723 ne,
411 675 517 712 mais
551 667 705 708 famille
734 657 970 701 honorable,
1007 647 1162 688 menui¬

314 727 409 769 sier,
446 723 547 761 chez
591 726 660 755 ses
703 709 886 759 parents,
927 696 1163 750 épouserait

313 778 434 822 jeune
460 771 540 807 fille
566 776 618 804 ou
639 770 771 800 veuve
796 750 1058 800 intelligente,
1087 746 1165 791 âge

314 833 368 861 en
399 816 580 866 rapport,
613 809 742 859 ayant
775 803 898 853 petite
930 796 1000 836 dot
1030 806 1081 833 ou
1116 793 1167 830 si¬

318 870 487 912 tuation,
524 862 623 912 qu’il
648 854 832 907 pourrait
863 845 1063 888 seconder
1092 849 1168 889 par

318 929 387 957 ses
419 912 741 954 connaissances
780 904 819 940 et
855 907 929 937 son
967 889 1142 932 activité.

369 1010 450 1048 323.
486 1006 533 1043 —
574 994 830 1043 Célibataire,
869 993 913 1031 Zi
950 993 1041 1034 ané,
1084 996 1173 1033 pro¬

326 1056 586 1098 chainement
627 1048 766 1094 libéré,
813 1040 1074 1090 agriculteur,
1114 1044 1176 1072 es¬

326 1109 538 1158 pérances,
579 1094 813 1147 épouserait
848 1092 970 1138 jeune
1007 1086 1087 1122 fille
1126 1091 1176 1120 ou

327 1165 459 1194 veuve
475 1154 527 1189 de
550 1149 596 1187 20
614 1148 639 1184 à
659 1145 707 1183 35
729 1153 820 1185 ans,
844 1137 973 1186 ayant
992 1135 1072 1171 bon
1098 1138 1179 1168 em¬

330 1204 409 1251 ploi
441 1211 493 1238 ou
525 1202 767 1237 commerce,
803 1183 1011 1237 quitterait
1044 1179 1181 1217 volon¬

331 1254 431 1291 tiers
458 1250 500 1286 la
527 1245 685 1284 culture
708 1248 812 1288 pour
836 1246 881 1274 se
910 1237 1132 1271 consacrer
1157 1226 1182 1262 à

334 1311 389 1343 un
425 1303 656 1336 commerce
698 1297 776 1336 que
811 1286 851 1322 la
892 1283 1043 1319 femme
1084 1275 1184 1313 tien¬

334 1346 456 1387 drait.

384 1429 465 1466 326.
489 1426 536 1461 —
561 1417 782 1460 Chauffeur
803 1411 1000 1453 P.-L.-M.,
1028 1407 1072 1444 25
1096 1414 1185 1448 ans,

340 1477 517 1518 sérieux,
550 1466 786 1517 épouserait
815 1464 936 1510 jeune
967 1457 1048 1494 fille
1073 1453 1123 1491 de
1147 1451 1193 1488 20

342 1528 366 1564 à
392 1525 436 1562 25
458 1532 547 1564 ans,
575 1521 626 1558 de
652 1517 788 1553 bonne
810 1509 979 1548 famille.

396 1625 600 1668 Quelques
629 1615 815 1654 abonnés
843 1609 1053 1656 négligent
1080 1606 1130 1642 de
1154 1612 1198 1638 se

349 1675 583 1712 conformer
604 1668 630 1704 à
652 1667 690 1702 la
716 1659 959 1701 MANIERE
985 1656 1053 1692 DE
1080 1651 1200 1690 COR¬

352 1716 667 1760 RESPONDRE
717 1715 756 1748 et
802 1717 885 1744 aux
939 1699 1202 1741 OBSERVA¬

353 1768 510 1807 TIONS
546 1753 983 1802 RECOMMANDEES
1012 1752 1068 1787 du
1094 1749 1203 1793 jour¬

355 1819 437 1853 nal.
478 1814 573 1851 Cela
603 1811 739 1846 donne
774 1805 855 1840 lieu
892 1802 918 1838 à
954 1799 1028 1834 des
1067 1795 1205 1832 confu¬

357 1866 472 1903 sions
496 1862 595 1897 dont
620 1868 688 1895 ces
711 1852 897 1891 abonnés
918 1849 1012 1882 sont
1037 1846 1098 1880 les
1120 1850 1207 1887 pre¬

359 1911 511 1949 mières
545 1905 733 1944 victimes
765 1912 774 1936 :

406 1960 511 1996 Tout
538 1951 700 1992 abonné
728 1948 798 1994 qui
822 1944 989 1989 indique
1011 1949 1084 1977 sur
1111 1939 1210 1973 l’en¬

362 2010 532 2053 veloppe
561 2003 612 2038 de
649 2009 696 2038 sa
738 1999 856 2033 lettre
902 1992 961 2028 les
1012 1986 1211 2023 numéros

364 2053 645 2100 d’expéditeur
686 2050 726 2083 et
766 2044 816 2080 de
858 2034 1129 2077 destinataire
1162 2040 1214 2067 en

365 2104 486 2143 ordre
534 2100 713 2140 inverse,
753 2089 881 2138 reçoit
922 2083 1132 2124 lui-même
1166 2088 1215 2115 sa

367 2159 515 2199 propre
542 2148 673 2184 lettre.

415 2195 625 2236 L’abonné
648 2191 717 2238 qui
742 2185 954 2229 n’indique
976 2189 1050 2217 sur
1071 2177 1220 2212 l’enve¬

370 2252 488 2294 loppe
512 2253 590 2290 que
616 2242 653 2276 le
677 2237 851 2274 numéro
871 2233 925 2268 du
950 2222 1220 2266 destinataire

372 2296 504 2341 oblige
535 2293 575 2328 la
603 2285 810 2325 Direction
838 2282 862 2317 à
897 2275 1139 2314 décacheter
1174 2278 1223 2304 sa

373 2347 491 2382 lettre
516 2348 619 2385 pour
646 2332 786 2372 savoir
810 2328 845 2366 si
865 2321 1134 2369 l’expéditeur
1161 2318 1224 2352 est

375 2390 613 2429 réellement
633 2377 810 2420 abonné.

422 2433 630 2474 L’abonné
661 2428 730 2475 qui
758 2425 861 2462 écrit
890 2422 915 2457 à
944 2412 1228 2455 l’INTERME-

379 2483 573 2525 DIAIRE,
602 2486 703 2517 sans
745 2470 1005 2509 mentionner
1050 2470 1125 2498 son
1156 2467 1229 2494 nu¬

380 2535 495 2572 méro
515 2532 541 2566 à
564 2527 651 2565 côté
676 2525 726 2560 de
752 2531 801 2557 sa
825 2517 1053 2563 signature,
1075 2510 1139 2545 est
1164 2515 1230 2542 su¬

381 2584 438 2630 jet
463 2581 489 2617 à
518 2576 608 2614 Voir
640 2582 687 2610 sa
718 2572 837 2606 lettre
868 2558 1098 2601 confondue
1130 2562 1232 2590 avec

384 2630 483 2667 celle
519 2625 614 2660 d’un
648 2621 765 2657 autre
798 2612 961 2651 abonné
999 2604 1166 2653 portant
1197 2601 1236 2636 le

386 2679 521 2716 même
545 2680 643 2707 nom
669 2676 747 2711 que
772 2662 841 2699 lui.

433 2774 515 2813 331.
540 2769 587 2805 —
606 2762 727 2807 Veuf,
753 2760 800 2797 47
823 2767 914 2801 ans,
943 2754 1050 2791 deux
1073 2745 1239 2787 enfants

391 2820 560 2873 grands,
602 2813 722 2853 avoir
757 2806 892 2847 20.000
923 2804 991 2845 fr.,
1040 2798 1132 2845 plus
1176 2802 1232 2830 un

391 2874 620 2910 commerce
653 2861 737 2898 très
768 2852 976 2904 prospère,
1006 2847 1092 2883 très
1121 2842 1243 2879 affec¬

392 2922 530 2962 tueux,
568 2910 742 2951 sérieux,
777 2895 1010 2949 épouserait
1041 2893 1163 2929 dame
1194 2897 1243 2926 ou

395 2975 540 3009 veuve,
584 2969 635 2998 en
675 2953 847 3002 rapport
887 2947 1003 2992 d’âge
1038 2941 1078 2979 et
1119 2935 1246 2984 ayant

397 3014 525 3052 avoir.

446 3112 527 3150 333.
554 3109 601 3144 —
627 3108 756 3142 Jeune
780 3090 961 3138 homme,
988 3089 1035 3127 30
1066 3095 1156 3131 ans,
1192 3083 1252 3121 sé¬

401 3162 528 3202 rieux,
560 3151 777 3194 bachelier,
806 3137 1011 3189 dirigeant
1035 3135 1139 3173 belle
1165 3140 1254 3178 pro-

403 3207 531 3245 u-riété
552 3206 605 3242 de
630 3211 697 3238 ses
723 3193 904 3244 parents,
933 3183 1077 3226 avenir
1101 3177 1258 3218 200.000

406 3259 470 3302 fr.,
493 3251 628 3292 désire
645 3250 824 3295 épouser
844 3233 1077 3277 demoiselle
1099 3225 1258 3267 aimant

406 3306 448 3343 la
488 3304 728 3347 campagne,
772 3293 850 3338 âge
890 3287 929 3325 et
970 3277 1166 3323 situation
1205 3281 1257 3311 en

408 3349 587 3399 rapport.
672 3343 682 3358 '

1274 397 1355 435 338.
1386 392 1431 426 —
1466 380 1652 425 Divorcé,
1689 378 1733 416 36
1769 383 1858 417 ans,
1898 366 2073 407 sérieux,

1229 447 1325 484 bien
1359 444 1459 481 soins
1492 438 1583 473 tous
1611 431 1671 466 les
1698 421 1903 470 rapports,
1937 414 2079 462 région

1232 495 1316 539 Est,
1342 484 1538 529 situation
1558 477 1685 518 avant
1707 478 1855 521 guerre
1874 463 2008 503 30.000
2027 461 2076 497 fr.

1232 543 1314 580 l'an
1336 538 1441 575 dans
1461 535 1693 570 commerce
1713 521 1820 559 auto.
1844 512 1946 552 Peut
1963 512 2004 548 la
2022 518 2082 544 re¬

1235 586 1409 637 prendre
1434 591 1489 620 en
1516 588 1545 625 y
1572 566 1824 611 intéressant
1851 562 1985 600 toutes
2012 566 2084 594 au¬

1236 639 1320 675 tres
1344 631 1511 671 affaires
1531 619 1810 664 mécaniques,
1834 607 1960 651 avoir,
1978 602 2085 642 dési¬

1240 695 1282 722 re
1302 679 1487 724 mariage
1508 681 1608 712 avec
1630 670 1752 716 jeune
1775 662 1856 698 fille
1878 666 1932 695 ou
1956 660 2087 689 veuve

1239 743 1293 771 ou
1327 723 1527 767 divorcée,
1559 720 1643 756 très
1674 712 1925 751 affectueuse
1961 702 2000 739 et
2034 698 2090 736 ai¬

1242 778 1393 821 mante,
1422 771 1524 821 gaie,
1553 760 1790 814 spirituelle,
1816 750 2015 795 situation
2039 755 2094 784 en

1238 823 1418 873 rapport.

1293 909 1374 947 339.
1393 904 1439 939 —
1457 890 1711 938 Célibataire,
1732 888 1779 926 53
1800 895 1890 928 ans,
1915 879 2014 928 petit
2035 886 2095 913 re¬

1248 956 1369 995 traité
1393 949 1563 990 marine,
1588 939 1787 981 situation
1809 934 1916 970 dans
1932 934 2097 971 compa¬

1249 1004 1343 1054 gnie
1361 1002 1410 1038 de
1431 992 1669 1040 navigation
1690 989 1716 1025 à
1736 979 1955 1022 Marseille,
1976 976 2099 1019 épou¬

1251 1050 1379 1091 serait
1409 1040 1644 1083 célibataire
1674 1045 1725 1073 ou
1748 1038 1882 1068 veuve
1903 1031 2007 1061 sans
2030 1027 2101 1057 en¬

1255 1099 1366 1138 fants
1381 1097 1434 1134 de
1453 1092 1500 1129 4-0
1518 1091 1544 1127 à
1562 1087 1608 1123 45
1625 1093 1718 1127 ans,
1737 1080 1882 1119 douce,
1901 1067 2098 1110 aimante,

1255 1146 1458 1195 physique
1484 1135 1590 1183 bien,
1621 1128 1814 1171 situation
1839 1132 1893 1160 en
1919 1114 2100 1165 rapport,

1305 1228 1385 1266 340.
1415 1244 1461 1250 —
1460 1245 1464 1254 >
1493 1210 1716 1257 Monsieur,
1749 1209 1796 1246 45
1826 1216 1916 1250 ans,
1952 1195 2107 1249 parais¬

1261 1278 1357 1317 sant
1392 1275 1484 1321 plus
1520 1270 1652 1315 jeune,
1691 1255 1858 1296 divorcé
1892 1259 1943 1289 en
1971 1260 2023 1292 sa
2051 1244 2109 1281 fa¬

1263 1334 1376 1368 veur,
1411 1329 1467 1357 un
1498 1318 1563 1353 fils
1601 1311 1648 1348 18
1683 1316 1774 1350 ans,
1815 1292 2109 1340 commerçant,

1263 1372 1381 1413 avoir
1404 1365 1537 1406 20.000
1560 1363 1625 1404 fr.,
1646 1349 1884 1403 épouserait
1902 1352 2035 1383 veuve
2060 1348 2112 1376 ou

1264 1418 1455 1458 divorcée
1479 1412 1528 1450 30
1550 1411 1578 1447 à
1603 1407 1649 1444 35
1673 1414 1766 1446 ans,
1796 1400 1927 1435 brune
1952 1391 2003 1428 de
2025 1387 2115 1436 pré¬

1267 1471 1431 1507 férence
1453 1463 1491 1501 et
1510 1459 1596 1497 très
1614 1455 1720 1496 bien,
1743 1456 1847 1487 avec
1867 1441 1966 1491 petit
1984 1435 2115 1478 avoir,

1317 1549 1398 1588 341.
1416 1567 1464 1573 —
1485 1535 1653 1580 Avocat,
1676 1533 1723 1571 54
1743 1539 1833 1572 ans,
1856 1524 1967 1568 veuf,
1988 1518 2120 1558 excel¬

1270 1599 1379 1638 lente
1415 1591 1580 1631 famille,
1618 1582 1752 1621 vieille
1785 1576 1991 1615 noblesse,
2023 1568 2122 1603 bon¬

1273 1657 1326 1684 ne
1357 1641 1489 1688 santé,
1531 1633 1639 1673 4.000
1669 1632 1719 1666 fr.
1759 1624 1913 1664 rentes,
1958 1612 2123 1655 catholi¬

1275 1703 1365 1742 que,
1394 1688 1528 1727 désire
1554 1679 1739 1725 mariage
1766 1680 1867 1711 avec
1889 1661 2124 1705 demoiselle

1277 1753 1327 1780 ou
1348 1747 1483 1776 veuve
1505 1733 1557 1770 de
1580 1729 1627 1767 35
1652 1728 1677 1764 à
1702 1724 1747 1762 50
1774 1730 1864 1763 ans,
1888 1712 2126 1763 préférence

1280 1790 1430 1838 pieuse,
1459 1771 1704 1825 distinguée,
1733 1762 1984 1812 intelligente
2013 1758 2051 1796 et
2078 1755 2128 1791 de

1282 1841 1322 1875 fa
1327 1835 1397 1872 mil
1401 1834 1437 1871 l/e
1481 1829 1567 1867 très
1609 1816 1851 1860 honorable.
1892 1802 2124 1847 Habiterait

1284 1887 1524 1929 campagne,
1547 1867 1762 1920 proximité
1783 1864 1876 1900 ville
1896 1858 1948 1896 où
1966 1855 1994 1892 il
2014 1860 2132 1902 pour¬

1283 1932 1363 1969 rait
1388 1915 1735 1966 éventuellement
1770 1915 1939 1950 exercer
1964 1913 2017 1941 sa
2044 1908 2133 1947 pro¬

1286 1977 1453 2018 fession.

1335 2060 1415 2099 343.
1439 2056 1486 2091 —
1508 2040 1809 2091 Commerçant,
1832 2038 1877 2075 47
1899 2042 1988 2077 ans,
2015 2027 2138 2068 retiré

1287 2113 1396 2148 dans
1445 2114 1494 2143 sa
1540 2094 1745 2147 propriété
1802 2083 1995 2133 agréable
2044 2077 2139 2125 près

1292 2150 1563 2207 grande'ville
1586 2140 1769 2193 (rapport
1789 2136 1864 2175 fait
1884 2127 2028 2173 vivre),
2050 2131 2140 2161 ren¬

1293 2208 1356 2247 tes
1380 2200 1569 2239 derniers
1590 2186 1807 2237 emprunts
1828 2179 1940 2219 3.000
1965 2177 2030 2218 fr.,
2053 2172 2142 2208 éco¬

1294 2252 1455 2291 nomies
1510 2242 1637 2282 10.000
1685 2238 1748 2277 fr.,
1803 2226 1948 2279 grand,
1996 2221 2142 2259 mince,

1297 2303 1416 2344 brun,
1454 2286 1691 2337 intelligent,
1729 2273 1964 2329 épouserait
1996 2265 2147 2306 demoi¬

1297 2350 1396 2387 selle
1431 2355 1483 2382 ou
1509 2348 1643 2377 veuve
1674 2323 1978 2370 sentimentale.

1347 2429 1428 2467 344.
1456 2446 1501 2453 —
1533 2406 1947 2460 Célibataire,-noble,
1980 2400 2027 2438 42
2056 2405 2147 2438 ans,

1304 2469 1588 2529 physionomie
1629 2466 1762 2512 jeune,
1805 2451 1981 2497 fortuné,
2025 2445 2153 2484 belles

1305 2527 1565 2574 espérances,
1603 2509 1758 2560 sportif,
1791 2497 2033 2552 protestant,
2069 2492 2153 2528 très

1308 2563 1647 2614 honorablement
1664 2564 1811 2598 connu,
1833 2540 2070 2596 épouserait
2092 2537 2157 2574 de¬

1311 2619 1493 2660 moiselle
1526 2608 1727 2652 situation
1756 2612 1804 2641 en
1842 2590 2024 2643 rapport,
2054 2585 2158 2625 -réfé¬

1310 2679 1454 2708 rences
1473 2660 1652 2707 exigées.

1360 2755 1442 2795 345.
1468 2749 1514 2785 —
1543 2749 1671 2783 Jeune
1702 2731 1880 2778 homme,
1912 2729 1959 2767 26
1983 2735 2072 2768 ans,
2103 2731 2163 2763 so¬

1315 2807 1400 2847 bre,
1430 2796 1611 2838 sérieux,
1639 2791 1759 2831 doux,
1791 2776 1971 2820 réformé
2002 2779 2161 2819 guerre,

1319 2853 1404 2889 très
1438 2844 1550 2890 -actif,
1595 2835 1754 2876 aimant
1797 2830 1863 2867 vie
1904 2820 2159 2863 d’intérieur,

1319 2895 1521 2947 physique
1546 2884 1749 2935 agréable,
1781 2870 2025 2924 épouserait'
2047 2869 2169 2915 jeune

1322 2949 1402 2985 fille
1430 2953 1484 2981 ou
1504 2946 1637 2976 veuve
1664 2933 1715 2970 de
1740 2928 1788 2966 22
1807 2927 1836 2963 à
1861 2923 1907 2961 25
1930 2929 2020 2962 ans,
2051 2914 2170 2952 affec¬

1323 2997 1467 3032 tueuse
1506 2988 1544 3023 et
1578 2978 1767 3023 -discrète,
1809 2970 1938 3020 ayant
1975 2963 2171 3013 quelques

1323 3035 1564 3080 économies.

1333 3125 1356 3150 f
1374 3123 1455 3161 346.
1472 3119 1518 3154 —
1535 3118 1662 3153 Jeune
1681 3103 1858 3147 homme,
1881 3102 1999 3138 brun,
2019 3094 2064 3133 28
2084 3101 2174 3137 ans,

1329 3172 1438 3210 taille
1475 3169 1689 3211 moyenne,
1729 3149 1961 3203 profession
1994 3140 2175 3182 libérale,

1334 3212 1568 3263 épouserait
1592 3201 1827 3247 demoiselle
1849 3208 1898 3234 ou
1924 3200 2056 3230 veuve
2079 3194 2179 3223 sans

1334 3265 1508 3307 enfants,
1543 3259 1668 3307 ayant
1705 3256 1934 3293 commerce
1963 3252 2013 3280 ou
2047 3240 2181 3278 bonne

1332 3312 1538 3355 situation.
