2472 3696
521 217 1047 276 ABONNEMENTS

413 411 537 448 Toute
569 420 770 458 personne
802 406 1003 444 désireuse
1032 405 1079 442 de
1109 414 1204 440 con¬

352 467 511 504 tracter
544 476 599 501 un
637 464 821 509 mariage
850 472 872 497 a
902 459 1048 496 intérêt
1077 458 1101 494 à
1132 454 1203 494 s'a¬

360 521 521 557 bonner
557 519 579 556 à
606 527 620 549 «
662 511 1115 553 l’TNTERMEDIAIRE.

413 573 666 620 Moyennant
693 572 731 607 la
761 569 940 607 modeste
971 576 1130 604 somme
1159 565 1206 602 de

358 631 504 676 quatre
538 626 677 663 francs
710 636 783 673 par
815 623 933 670 mois,
968 618 1159 658 l'abonné
1185 629 1204 653 a

360 681 470 720 droit
489 681 511 718 à
533 677 762 717 l'insertion
784 678 907 715 d’une
925 685 1114 712 annonce
1138 672 1208 720 qui

362 735 497 783 paraît
523 734 705 782 pendant
729 734 837 771 toute
863 731 901 767 la
922 729 1045 768 durée
1066 728 1112 765 de
1132 738 1207 765 son

357 791 644 828 abonnement
684 783 799 827 (trois
848 780 952 816 mois
999 788 1053 814 au
1094 775 1211 812 mini¬

353 839 501 883 mum).
556 844 588 879 Il
615 855 638 879 a
673 853 726 877 en
759 842 876 876 outre
908 839 945 875 la
977 835 1129 879 facilité
1159 835 1207 872 de

358 896 655 944 correspondre
682 905 777 932 avec
806 897 896 931 tous
922 893 976 929 les
1003 889 1201 928 abonnés.

410 954 444 990 Il
470 951 581 999 suffit
608 960 716 997 pour
741 946 962 985 s'abonner
985 942 1207 991 d'envoyer

354 1020 409 1046 au
453 1005 624 1053 journal
671 1014 728 1039 un
775 1001 950 1039 mandat'
990 1000 1101 1045 poste
1152 996 1200 1034 de

364 1060 378 1100 !
399 1060 433 1099 2
487 1060 539 1097 fr.
572 1056 853 1106 représentant
880 1055 919 1091 la
937 1054 1082 1091 valeur
1105 1049 1207 1088 d'un

354 1116 639 1152 abonnement
671 1109 908 1148 trimestriel
934 1120 985 1145 en
1016 1107 1203 1144 donnant

356 1171 437 1206 1res
461 1167 712 1205 lisiblement
739 1177 748 1201 :

414 1245 453 1284 i°
484 1245 570 1282 Son
602 1254 716 1281 nom.

417 1325 436 1348 a
443 1313 458 1331 0
490 1310 573 1348 Son
595 1309 765 1353 adresse,
794 1305 967 1354 laquelle
987 1303 1103 1342 notée
1126 1302 1204 1340 dis¬

355 1366 584 1403 crètement
608 1365 665 1400 est
695 1359 922 1409 remplacée
948 1358 1203 1397 immédiate¬

357 1422 473 1457 ment
506 1430 581 1465 par
611 1429 663 1455 un
696 1415 871 1453 numéro
904 1413 1064 1451 d’ordre
1092 1422 1202 1449 com-

354 1473 562 1520 munîqué
584 1470 753 1508 aussitôt
770 1470 793 1506 à
817 1467 1021 1507 l'abonné.

411 1538 453 1576 3°
486 1538 536 1573 Le
569 1535 704 1573 libellé
729 1535 775 1571 de.
807 1531 1024 1571 l'annonce
1050 1530 1072 1568 à
1101 1529 1204 1566 insé¬

358 1603 423 1629 rer
456 1603 535 1640 que
568 1589 729 1627 chacun
772 1591 870 1636 peut
904 1585 1066 1634 rédiger
1103 1585 1122 1621 à
1164 1595 1204 1622 sa

356 1645 474 1692 guise
501 1645 521 1680 à
547 1645 584 1682 la
609 1643 825 1680 condition
852 1639 998 1688 qu'elle
1028 1651 1078 1676 ne
1107 1648 1203 1675 con¬

358 1702 496 1738 tienne
524 1699 606 1735 rien
629 1698 676 1735 de
702 1697 905 1735 contraire
928 1695 949 1731 à
974 1695 1007 1731 la
1032 1693 1200 1731 morale.

357 1755 591 1791 L’annonce
620 1752 704 1789 doit,
740 1750 934 1797 indiquer
968 1745 1068 1795 l'âge
1099 1750 1135 1784 et
1169 1748 1205 1783 la

357 1807 590 1855 profession
629 1806 676 1843 de
717 1802 909 1841 l'abonné
941 1806 978 1840 et
1016 1800 1206 1848 spécifier

358 1865 448 1899 fous
480 1861 534 1897 les
563 1861 783 1906 avantages
810 1854 911 1905 qu'il
937 1859 994 1894 est
1016 1857 1040 1893 à
1071 1855 1203 1892 même

351 1918 406 1953 <le
434 1915 531 1955 faire
553 1913 695 1950 valoir,
728 1912 800 1949 tels
826 1922 902 1954 que
926 1922 936 1947 :
963 1911 1044 1952 dot,
1071 1909 1198 1953 avoir,

355 1970 607 2016 espérances,
637 1966 852 2010 situation,
880 1968 971 2010 etc.,
1000 1967 1076 2001 etc.
1100 1963 1202 2000 Cha¬

354 2035 437 2072 que
461 2032 650 2060 annonce,
676 2032 727 2058 ne
755 2020 842 2058 doit
870 2031 943 2066 pas
967 2017 1084 2056 avoir
1111 2018 1204 2063 plus

351 2080 402 2115 de
459 2078 523 2114 six
580 2078 723 2122 lignes,
784 2073 1036 2113 c'est-à-dire
1078 2075 1212 2109 trente

351 2127 476 2161 mots.
529 2127 655 2160 Tonte
702 2125 810 2165 ligne
852 2119 1203 2166 supplémentaire

350 2179 457 2224 (ring
489 2180 598 2213 mois,
624 2185 698 2222 par
730 2174 852 2221 ligne)
883 2182 977 2210 sera
1018 2172 1204 2218 comptée

349 2232 471 2267 0.50
513 2232 726 2266 centimes.

416 2290 519 2326 Tout
549 2288 832 2323 abonnement
866 2295 949 2321 non
989 2281 1206 2320 renouvelé

356 2344 426 2380 dix
454 2343 572 2390 jours
606 2343 730 2378 avant
763 2351 835 2377 son
868 2338 1100 2386 expiration
1134 2348 1202 2374 en¬

355 2398 487 2434 traîne
531 2397 579 2432 de
621 2395 730 2432 droit
766 2395 801 2431 la
844 2392 1113 2438 suppression
1154 2391 1201 2428 de

345 2448 573 2496 ;l'annoncç
598 2450 643 2486 de.
674 2447 910 2487 l’intéressé.

378 2618 611 2681 MANIÈRE
650 2626 710 2679 DE
746 2623 1157 2677 CORRESPONDRE

400 2816 581 2862 Lorsque
609 2823 712 2850 vous
736 2823 831 2849 avez
858 2809 1076 2857 remarqué
1100 2810 1202 2846 dans

344 2871 383 2907 Te
428 2868 599 2916 journal
650 2879 728 2904 une
777 2875 966 2902 annonce
1017 2866 1202 2911 pouvant

346 2936 449 2961 vous
480 2922 705 2965 intéresser,
739 2930 840 2956 vous
865 2918 1061 2966 procédez
1089 2918 1136 2954 de
1167 2918 1202 2954 la

352 2979 469 3021 façon
496 2976 682 3013 suivante
707 2986 717 3010 :

402 3032 643 3073 Supposons
671 3039 747 3068 que
777 3028 809 3064 le
834 3021 865 3061 N
868 3030 884 3048 0
914 3036 936 3059 «
964 3022 982 3061 /
993 3021 1022 3063 8
1045 3034 1067 3062 »
1101 3036 1203 3062 vous

349 3087 405 3122 ait
433 3085 494 3122 été
520 3083 708 3122 attribué,
742 3084 779 3119 et
806 3092 882 3128 (pie
906 3092 1006 3115 vous
1036 3079 1203 3116 désiriez

347 3137 645 3183 correspondre
666 3147 762 3174 avec
786 3136 820 3173 le
846 3130 879 3169 N
880 3139 895 3157 0
914 3132 936 3168 «
964 3130 1017 3172 15
1036 3134 1075 3177 »,
1100 3134 1200 3169 dont

340 3194 568 3230 •l’annonce
597 3194 654 3227 est
681 3191 728 3226 de
756 3192 900 3226 nature
931 3189 952 3223 à
980 3199 1080 3224 vous
1105 3199 1200 3225 con¬

380 3246 498 3282 venir
519 3259 528 3282 :
555 3246 660 3280 Vous
684 3243 837 3280 écrivez
854 3245 975 3280 votre
999 3242 1128 3287 lettre,
1155 3254 1232 3290 que

1293 227 1393 252 vous
1415 214 1552 261 signez
1572 213 1618 249 de
1641 213 1753 248 votre
1779 211 1953 248 numéro
1975 207 2141 247 d'ordre

1284 265 1343 307 al
1353 265 1384 306 8
1400 269 1473 304 via
1504 269 1649 304 mettez
1673 267 1775 302 dans
1801 276 1880 302 une
1908 264 2137 311 enveloppe

1293 335 1342 360 en
1371 324 1504 368 blanc,
1539 333 1614 369 que
1646 332 1746 358 vous
1776 319 2066 368 affranchisse:
2098 319 2135 353 et

1291 386 1362 414 sur
1418 376 1589 424 laquelle
1649 384 1750 411 vous
1813 371 2022 417 inscrivez,
2083 384 2134 409 au

1291 430 1456 478 crayon,
1486 430 1540 466 les
1565 429 1758 466 numéros
1807 424 1830 465 «
1860 423 1919 466 18
1949 422 1976 465 à
2016 422 2035 464 1
2047 422 2072 463 5
2097 435 2137 461 ».

1344 485 1454 530 (Ceci
1488 486 1544 521 est
1578 482 1656 520 très
1687 483 1914 529 important
1933 492 1948 525 ;
1984 492 2034 518 ne
2063 490 2136 526 pas

1289 539 1394 586 faire
1414 549 1554 574 erreur
1572 548 1622 574 en
1645 539 1818 575 mettant
1840 533 2041 582 l'inverse,
2067 545 2138 571 car

1293 591 1561 640 l'expéditeur
1601 592 1795 628 recevrait
1837 589 2050 627 lui-même
2092 600 2136 626 sa

1292 657 1442 694 propre,
1465 645 1615 692 lettre.)

1344 711 1439 748 Cela
1471 710 1540 748 fait
1545 722 1553 756 ,
1588 720 1690 747 vous
1722 708 1863 756 glissez
1893 709 1916 745 à
1947 719 2135 745 nouveau

1293 766 1330 802 la
1373 764 1574 812 première
1619 763 1857 810 enveloppe,
1910 765 2136 800 contenant

1285 821 1395 856 votre
1415 818 1541 864 lettre,
1567 817 1668 856 dans
1687 829 1764 855 une
1782 815 1994 854 deuxième
2017 826 2134 853 enve¬

1286 880 1525 926 loppeque
1544 889 1644 914 vous
1668 877 1853 914 cachetez
1856 888 1864 923 ,
1892 874 2134 924 affranchis¬

1283 950 1344 976 sez
1369 941 1405 976 et
1433 938 1613 975 adressez
1637 937 1657 973 à
1689 951 1707 973 «
1730 934 2134 974 T.'INTERMEDIAI¬

1284 998 1346 1034 RE
1369 1009 1401 1046 »,
1433 997 1515 1045 qui,
1545 999 1579 1034 la
1608 999 1794 1033 recevant
1800 995 1807 1042 ,
1841 995 1876 1032 la
1900 993 2075 1032 décoché
2081 997 2128 1039 te,

1292 1061 1329 1095 et
1367 1062 1507 1096 trouve
1550 1057 1573 1093 à
1611 1053 1841 1093 l'intérieur
1877 1052 2134 1102 l'enveloppe

1293 1112 1551 1159 renfermant
1591 1113 1704 1146 votre
1747 1110 1875 1154 lettre,
1922 1106 2023 1157 qu'il
2056 1108 2136 1155 fait

1293 1167 1484 1210 parvenir
1511 1164 1679 1201 aussitôt
1712 1164 1733 1199 à
1764 1163 1956 1200 l’abonné
1991 1163 2137 1200 inscrit

1284 1225 1382 1249 sous
1407 1215 1441 1249 le
1485 1214 1534 1256 /V«
1569 1214 1591 1256 «
1630 1213 1686 1255 15
1719 1227 1757 1253 ».

1342 1285 1402 1324 En
1443 1284 1666 1331 procédant
1700 1283 1804 1320 ainsi
1835 1294 1942 1329 pour
1975 1281 2133 1329 chaque

1292 1339 1417 1383 lettre.,
1475 1349 1577 1374 vous
1630 1347 1785 1384 pouvez
1837 1337 2134 1384 correspondre

1290 1403 1386 1428 avec
1432 1391 1636 1434 plusieurs
1679 1390 1874 1432 abonnés,
1922 1402 1975 1427 en
2010 1392 2134 1437 ayant

1290 1447 1380 1484 soin
1400 1443 1645 1493 d'acquitter
1651 1456 1657 1491 ,
1684 1445 1841 1493 chaque
1861 1444 1945 1492 fois
1949 1446 1957 1490 ,
1985 1446 2024 1481 la
2047 1447 2135 1481 taxe

1288 1500 1456 1548 postale.

1347 1554 1399 1592 La
1432 1553 1653 1591 discrétion
1691 1553 1728 1590 la
1762 1553 1854 1602 plus
1891 1552 2057 1590 absolue
2094 1563 2135 1588 se

1289 1613 1432 1646 trouve
1465 1608 1566 1646 ainsi
1602 1608 1776 1651 assurée,
1814 1604 2133 1644 L’INTERESSE

1292 1661 1461 1699 AYANT
1505 1661 1632 1699 SEUL
1680 1661 1744 1699 LA
1789 1659 2021 1699 FACULTE
2065 1660 2134 1696 DE

1292 1716 1442 1753 FAIRE
1480 1714 1771 1753 CONNAITRE
1813 1713 1844 1752 A
1883 1714 1967 1752 SES
2014 1713 2131 1752 COR¬

1289 1768 1654 1807 RESPONDANTS
1687 1768 1782 1805 SON
1808 1768 1916 1806 NOM
1949 1768 2011 1806 ET
2038 1768 2135 1806 SON

1291 1821 1530 1869 ADRESSE,
1574 1828 1608 1860 et
1649 1821 1901 1866 vice-versa;
1941 1823 1988 1861 de
2026 1823 2134 1859 sorte

1292 1888 1367 1923 que
1398 1877 1442 1921 si,
1483 1877 1600 1924 après
1638 1888 1692 1912 un
1728 1877 1912 1923 échange,
1943 1888 1992 1912 ou
2027 1877 2137 1912 deux

1289 1932 1337 1968 de
1364 1932 1509 1974 lettres,
1544 1931 1597 1968 les
1629 1930 1734 1966 deux
1761 1930 1888 1977 partis
1917 1927 2133 1978 s'aperçoi¬

1288 1988 1383 2022 vent.
1414 1982 1534 2032 qu'ils
1565 1996 1612 2022 ne
1644 1987 1821 2031 peuvent,
1850 1996 1889 2021 se
1916 1983 2127 2027 convenir,

1291 2040 1320 2076 il
1352 2040 1440 2076 leur
1480 2042 1536 2076 est
1578 2038 1735 2075 loisible
1775 2040 1822 2075 de
1857 2049 1987 2075 cesser
2026 2038 2135 2075 leurs

1290 2093 1674 2139 correspondances,
1705 2097 1794 2130 tout
1822 2103 1868 2129 en
1896 2096 2051 2129 restant
2071 2092 2137 2128 in¬

1290 2158 1449 2184 connus
1481 2143 1567 2183 l’un
1604 2147 1652 2183 de
1688 2144 1846 2186 l’autre.
1889 2147 1943 2181 De
1980 2145 2127 2188 même,

1289 2201 1390 2237 dans
1420 2201 1455 2238 le
1480 2212 1545 2238 cas
1574 2200 1792 2244 contraire,
1822 2197 1907 2236 s'ils
1936 2199 2128 2244 désirent,

1288 2255 1406 2301 après
1426 2257 1587 2292 entente
1609 2254 1863 2302 réciproque,
1888 2265 1927 2290 se
1953 2253 2139 2291 dévoiler

1291 2308 1605 2346 mutuellement
1636 2308 1723 2344 leur
1754 2319 1853 2345 nom
1887 2310 1923 2345 et
1956 2309 2131 2351 adresse,

1290 2362 1337 2399 ils
1382 2364 1558 2409 peuvent
1596 2360 1920 2410 communiquer
1963 2361 2133 2398 directe¬

1289 2421 1405 2454 ment
1424 2421 1538 2453 entre
1555 2428 1647 2462 eux,
1670 2427 1766 2453 sans
1787 2427 1926 2464 passer
1945 2427 2024 2463 par
2042 2414 2134 2451 l’in¬

1289 2469 1546 2509 termédiaire
1572 2470 1629 2508 du
1651 2470 1834 2517 journal.

1330 2529 1440 2566 Cette
1476 2530 1765 2567 combinaison
1810 2529 1910 2567 offre
1943 2529 2047 2565 ainsi
2094 2529 2136 2565 le-

1280 2583 1510 2618 maximum
1530 2583 1577 2618 de
1595 2582 1784 2627 sécurité,
1806 2581 1846 2617 et
1866 2596 1883 2614 «
1905 2581 2140 2617 L'INTER¬

1284 2635 1539 2670 MEDIAIRE
1572 2645 1601 2678 »,
1635 2636 1858 2671 observant
1890 2632 2134 2680 l'impartia¬

1281 2688 1348 2724 lité
1369 2692 1407 2725 et
1428 2688 1464 2724 la
1489 2688 1709 2723 discrétion
1728 2688 1785 2723 tes
1805 2687 1896 2732 plus
1919 2686 2126 2728 absolues,

1280 2742 1435 2786 aégage
1458 2750 1503 2776 sa
1529 2739 1858 2785 responsabilité,
1883 2748 1932 2775 en
1954 2739 2132 2774 laissant

1281 2796 1304 2829 à
1333 2795 1491 2838 chaque
1518 2793 1678 2829 abonné
1706 2792 1741 2827 le
1767 2790 1859 2828 soin
1883 2791 1930 2826 de
1954 2790 2142 2826 dévoiler*

1278 2846 1486 2884 lui-même
1525 2855 1595 2882 sou
1634 2844 1816 2882 adresse.

1339 2970 1464 3007 Nota.
1492 2969 1548 3004 —
1579 2967 1795 3014 Répondez
1829 2967 2018 3014 toujours
2051 2977 2135 3003 aux

1289 3024 1424 3061 lettres
1463 3023 1533 3066 qui
1568 3033 1668 3059 vous
1704 3023 1797 3058 sont
1832 3020 2045 3069 envoyées,
2080 3030 2142 3056 lier

1287 3078 1471 3115 serait-ce
1509 3088 1584 3124 que
1619 3087 1693 3124 par
1723 3075 1923 3123 politesse.
1960 3075 1992 3112 Il
2028 3085 2132 3110 vous

1288 3134 1343 3168 est
1378 3130 1511 3178 facile,
1555 3131 1588 3167 si
1624 3139 1726 3167 vous
1766 3125 1890 3166 n'êtes
1923 3141 1993 3172 pas
2027 3128 2131 3164 dans

1288 3183 1524 3223 l'intention
1548 3185 1594 3220 de
1620 3183 1854 3222 continuer,
1881 3182 2139 3229 d’exprimer

1286 3250 1355 3275 vos
1391 3240 1542 3286 regrets
1573 3249 1623 3274 en
1652 3237 1847 3284 quelques
1875 3238 1981 3273 mots
