2472 3696
1025 229 1075 265 —
1107 228 1129 265 8

231 340 369 377 désire
402 338 585 384 mariage
617 346 717 374 avec
749 345 890 378 veuve,
920 343 1001 371 non
1033 332 1088 369 di-

234 387 382 431 vircée,
413 386 625 433 disposant
653 385 702 423 de
729 383 859 422 10.000
885 384 931 419 fr.
957 382 1005 420 de
1028 391 1088 418 re¬

236 445 380 472 venus.

285 512 366 548 357.
429 532 475 537 —
538 510 665 545 Jeune
705 504 883 544 homme.
919 504 963 542 23
997 514 1086 548 ans,

236 562 303 600 fils
337 559 497 606 unique,
533 558 776 595 sentiments
809 555 956 600 élevés,
994 553 1091 600 phy¬

240 609 355 655 sique
382 606 586 653 agréable,
622 605 739 641 santé
766 601 950 649 parfaite,
983 610 1092 637 com¬

241 657 429 701 merçant
461 654 569 699 actif,
609 652 805 690 situation
847 650 1000 687 100.000
1039 650 1090 685 fr.

241 709 280 742 et
312 704 570 757 espérances,
602 699 835 748 épouserait
867 699 986 745 jeune
1014 697 1093 733 fille

241 749 491 795 intelligente
533 760 581 786 ou
625 757 758 785 veuve
801 756 900 784 sans
934 745 1089 789 enfant,

238 799 439 836 situation
477 797 712 842 honorable,
753 797 880 841 ayant
910 793 958 831 de
989 792 1036 829 20
1067 794 1094 829 à

243 846 373 884 4.1.000
404 847 468 883 fr..

290 925 371 961 358.
398 924 441 959 —
473 920 727 963 Célibataire,
761 919 804 956 59
833 928 922 962 ans,
949 916 1095 954 ancien

246 971 554 1014 fonctionnaire,
588 969 695 1006 4.000
730 970 776 1004 fr.
815 967 965 1011 rentes,
1007 966 1096 1010 plus

245 1018 524 1067 propriétaire,
543 1016 757 1058 musicien,
780 1014 1015 1061 épouserait
1033 1012 1098 1049 de¬

246 1068 429 1104 moiselle
474 1076 523 1105 ou
562 1075 694 1102 veuve
739 1063 930 1107 dévouée,
978 1062 1098 1098 affec¬

245 1117 401 1160 tueuse,
432 1115 581 1151 femme
600 1113 854 1155 d’intérieur,
882 1108 1098 1146 musicien¬

245 1173 298 1200 ne
337 1162 371 1199 si
408 1161 598 1208 possible,
633 1162 709 1207 âge
748 1161 784 1198 et
822 1158 1017 1196 situation
1048 1167 1096 1193 en

246 1211 427 1257 rapport.

295 1299 376 1336 365.
402 1320 448 1326 —
468 1296 673 1341 Militaire,
701 1294 898 1342 orphelin,
926 1293 1102 1330 démobi¬

248 1347 392 1384 lisable
431 1346 529 1392 juin,
570 1344 614 1381 23
646 1353 736 1388 ans,
775 1342 1102 1389 agriculteur-vi¬

250 1403 420 1441 gneron,
452 1392 683 1439 épouserait
711 1392 832 1437 jeune
856 1391 936 1427 fille
962 1389 1103 1436 gentil¬

250 1444 298 1488 le,
341 1442 521 1480 sérieuse
551 1441 600 1477 de
638 1440 681 1477 18
709 1442 735 1476 à
771 1437 816 1476 23
849 1447 941 1482 ans,
975 1436 1105 1482 ayant

250 1491 369 1526 avoir
405 1500 456 1526 ou
491 1489 617 1536 petite
653 1486 862 1531 situation,
895 1484 1105 1531 quitterait

255 1539 504 1584 agriculture
551 1546 654 1583 pour
699 1546 744 1572 se
782 1543 1002 1571 consacrer
1046 1541 1098 1568 au

253 1594 493 1623 commerce.

300 1669 381 1705 369.
417 1691 463 1696 —
506 1665 761 1710 Célibataire,
806 1665 891 1702 très
929 1662 1102 1707 sérieux,

253 1716 296 1753 41
333 1726 422 1760 ans,
454 1715 710 1757 cultivateur,
747 1712 878 1758 ayant
908 1710 1107 1758 quelques

254 1763 500 1809 économies,
530 1761 665 1800 désire
696 1761 882 1806 mariage
911 1768 1014 1796 avec
1045 1760 1108 1794 de¬

257 1811 440 1849 moiselle
477 1822 526 1847 ou
558 1819 690 1848 veuve
724 1818 828 1846 avec
865 1817 923 1844 un
951 1807 1106 1850 enfant,

256 1865 385 1907 ayant
414 1857 609 1897 situation
633 1857 685 1895 de
704 1856 898 1895 fermière
926 1866 976 1892 ou
1004 1864 1110 1891 com¬

259 1908 482 1952 merçante,
556 1906 746 1949 honnête,
820 1903 1097 1941 raisonnable,

260 1955 463 2002 physique
497 1954 695 2001 agréable
731 1954 770 1990 et
814 1953 928 1989 forte'
963 1959 1106 1997 corpu¬

260 2004 384 2048 lence,
416 2004 516 2049 âgée
550 2003 596 2039 de
628 2002 674 2039 30
701 2005 726 2040 à
755 1999 800 2038 40
831 2010 920 2038 ans.

306 2084 388 2120 370.
421 2104 466 2109 —
499 2084 626 2119 Jeune
659 2081 806 2125 patron
838 2079 1018 2116 boucher
1048 2077 1113 2114 dé¬

261 2132 433 2175 taillant,
474 2129 748 2173 Côte-d’Azur,
795 2127 860 2174 30.
881 2137 972 2172 ans,
1020 2125 1112 2163 bien

263 2189 362 2217 sous
403 2181 495 2217 tous
536 2178 596 2215 les
632 2176 836 2223 rapports,
881 2173 1114 2221 épouserait

261 2228 382 2273 jeune
408 2227 487 2262 fille
511 2236 562 2264 ou
592 2235 722 2262 veuve
752 2224 844 2270 jolie
871 2222 1116 2270 présentant

264 2275 369 2320 bien,
402 2275 547 2312 blonde
575 2274 623 2311 de
653 2273 901 2318 préférence,
930 2271 1116 2307 connais¬

264 2324 360 2359 sant
386 2331 614 2360 commerce
634 2319 931 2359 alimentation.

312 2406 393 2442 372.
417 2425 461 2431 —
483 2401 785 2448 Commerçant,
809 2401 855 2437 37
872 2410 960 2445 ans,
982 2399 1117 2437 désire

265 2452 452 2499 mariage
471 2461 571 2489 avec
591 2451 712 2498 jeune
735 2451 814 2486 fille
838 2460 886 2486 ou
912 2458 1041 2486 veuve
1064 2448 1118 2484 ai¬

266 2502 382 2537 mant
407 2508 647 2544 commerce,
679 2498 804 2544 ayant
828 2497 908 2535 dot.

315 2583 396 2619 373.
416 2602 463 2614 —>
482 2583 610 2619 Jeune
630 2580 808 2622 homme,
832 2579 876 2616 28
898 2589 986 2624 ans,
1012 2577 1119 2615 bien¬

268 2631 326 2667 tôt
359 2629 609 2672 démobilisé,
641 2629 758 2669 brun,
796 2629 877 2664 très
907 2627 1011 2668 bien,
1042 2625 1118 2661 dis¬

273 2677 426 2722 tingué,
464 2675 677 2719 musicien,
715 2675 910 2712 situation
951 2673 1123 2711 assurée

275 2725 383 2764 7.000
415 2726 461 2762 fr.
505 2725 609 2762 dans
642 2724 805 2767 négoce,
861 2721 1120 2765 espérances,

274 2773 508 2820 épouserait
566 2772 801 2810 demoiselle
859 2769 1121 2812 affectueuse,

276 2822 542 2868 musicienne,
596 2820 793 2867 élégante,
837 2818 964 2865 ayant
1018 2827 1124 2853 com¬

276 2880 415 2908 merce
451 2880 501 2906 ou
538 2870 608 2906 dot
639 2878 742 2916 pour
780 2866 978 2904 situation
1006 2866 1124 2902 éven¬

277 2920 408 2957 tuelle.

323 3004 405 3039 375.
452 3023 498 3028 —
534 3001 721 3038 Mobilisé
768 3009 821 3036 au
869 2998 1028 3036 service
1072 2996 1124 3033 du

278 3051 475 3095 P.-L.-M.,
500 3049 544 3087 23
571 3059 659 3096 ans,
693 3048 880 3092 aimable,
907 3045 1126 3083 sentimen¬

278 3102 346 3139 tal.
370 3098 546 3143 sérieux,
569 3097 632 3135 fils
657 3097 705 3133 de
731 3095 997 3142 propriétaire
1023 3095 1124 3139 agri¬

280 3150 447 3190 culteur,
500 3147 653 3184 famille
708 3143 942 3189 honorable,
995 3142 1128 3179 désire

281 3199 491 3234 connaître
529 3205 631 3242 pour
665 3194 853 3241 mariage
882 3190 1127 3228 institutrice

279 3247 457 3284 aimable
484 3256 534 3283 ou
560 3244 797 3282 demoiselle
824 3240 1125 3288 d’agriculture,

1169 333 1320 369 famille
1343 332 1578 376 honorable,
1605 331 1681 378 âge
1704 331 1742 367 et
1768 330 1942 376 qualités
1966 339 2016 365 en

1170 382 1347 428 rapport.

1216 465 1296 502 378.
1320 484 1367 490 —
1387 465 1515 500 Jeune
1542 461 1722 507 homme,
1746 461 1791 498 27
1819 471 1908 508 ans,
1934 469 2018 498 mo¬

1170 513 1297 559 bilisé,
1329 512 1558 550 affectueux
1588 512 1731 555 ,avoir,
1763 512 1897 548 bonne
1923 520 2019 546 san¬

1172 563 1220 606 té,
1268 561 1453 598 sérieuse
1502 560 1728 605 éducation,
1786 559 2022 606 épouserait

1171 612 1291 658 jeune
1324 611 1404 647 fille
1445 620 1497 647 ou
1529 618 1662 646 veuve
1696 617 1796 646 sans
1836 608 2015 647 enfants,

1171 661 1216 697 20
1240 661 1265 696 à
1285 659 1334 696 30
1358 668 1447 703 ans,
1477 658 1604 705 ayant
1626 658 1822 695 situation
1842 666 1896 692 ou
1922 655 2020 703 petit

1171 717 1411 746 commerce.

1221 798 1301 836 379.
1335 820 1380 825 —
1408 795 1663 842 Célibataire,
1694 794 1740 833 54
1770 806 1860 841 ans,
1896 794 2025 832 15.000

1174 848 1219 884 fr.
1257 845 1503 889 économies,
1539 844 1737 882 situation
1769 843 2019 890 pharmacie,

1174 894 1282 932 5.000
1299 895 1349 932 fr.
1377 904 1451 940 par
1474 903 1539 936 an,
1564 894 1649 930 très
1669 893 1913 934 affectueux,
1937 891 2023 930 très

1176 943 1294 986 doux,
1341 941 1475 979 désire
1516 940 1699 987 mariage
1741 948 1843 976 avec
1875 937 2024 975 demoi¬

1177 991 1274 1027 selle
1304 1000 1355 1027 ou
1384 999 1517 1026 veuve
1543 997 1643 1025 sans
1671 987 1849 1031 enfants,
1879 987 1955 1032 âge
1987 986 2025 1022 et

1178 1038 1373 1080 situation
1401 1048 1448 1075 en
1484 1036 1664 1083 rapport.

1224 1126 1305 1162 380.
1337 1148 1384 1154 —
1415 1123 1670 1167 Célibataire,
1695 1123 1743 1160 37
1768 1132 1858 1165 ans,
1892 1123 2027 1168 repré¬

1179 1175 1343 1212 sentant
1365 1173 1416 1210 de
1441 1181 1670 1209 commerce
1694 1182 1747 1209 au
1765 1171 1921 1213 Maroc,
1942 1178 2027 1206 mo¬

1178 1221 1294 1259 bilisé
1324 1221 1466 1267 depuis
1501 1221 1536 1257 le
1572 1220 1694 1257 début
1723 1219 1796 1256 des
1825 1217 2026 1255 hostilités

1182 1279 1340 1308 comme
1375 1268 1601 1306 lieutenant
1639 1267 1690 1304 de
1723 1268 1901 1310 réserve,
1945 1266 2028 1300 très

1182 1316 1519 1365 prochainement
1546 1315 1683 1358 libéré,
1715 1314 1904 1350 habitant
1936 1312 2028 1348 ville

1180 1367 1234 1403 du
1260 1367 1402 1402 Maroc
1421 1364 1520 1402 d’un
1542 1363 1682 1400 climat
1707 1362 1824 1405 idéal,
1854 1370 1955 1397 avec
1981 1369 2031 1396 sa

1182 1414 1335 1451 famille
1360 1412 1458 1449 dont
1485 1412 1511 1447 il
1541 1411 1602 1448 est
1632 1412 1668 1447 le
1695 1410 1855 1447 soutien
1886 1407 2028 1453 depuis

1183 1463 1274 1507 plus
1296 1463 1345 1498 de
1366 1459 1495 1496 douze
1518 1468 1607 1495 ans.
1637 1456 1839 1494 Situation
1859 1455 2029 1496 actuelle

1183 1510 1204 1545 8
1232 1511 1256 1547 à
1291 1508 1422 1546 10.000
1455 1508 1501 1544 fr.
1541 1508 1637 1547 l’an,
1672 1504 1867 1542 situation
1896 1503 2030 1540 future

1184 1558 1227 1594 15
1264 1558 1288 1593 à
1325 1555 1455 1594 20.000
1484 1554 1581 1598 l’an,
1621 1553 1707 1590 très
1745 1551 1919 1592 sérieux,
1956 1560 2029 1597 pas

1186 1604 1394 1647 religieux,
1424 1604 1509 1639 très
1536 1603 1669 1645 sobre,
1704 1599 1939 1646 épouserait
1969 1597 2034 1634 de¬

1187 1652 1368 1690 moiselle
1397 1661 1446 1688 ou
1471 1659 1603 1686 veuve
1627 1658 1727 1686 sans
1753 1647 1905 1691 enfant,
1937 1645 1982 1682 25
2010 1646 2033 1681 à

1184 1701 1231 1737 35
1265 1710 1355 1741 ans,
1387 1707 1487 1734 sans
1533 1698 1635 1739 tare,
1673 1694 1766 1732 bien
1817 1693 2034 1741 physique¬

1188 1749 1311 1792 ment,
1341 1745 1540 1790 instruite,
1577 1745 1838 1788 affectueuse,
1874 1741 2030 1785 simple,

1187 1797 1346 1834 aimant
1368 1795 1427 1832 les
1453 1794 1601 1839 sports,
1626 1801 1727 1829 avec
1748 1802 1798 1828 ou
1823 1800 1926 1827 sans
1952 1787 2030 1824 dot.

1235 1884 1315 1921 381.
1342 1905 1387 1910 —
1411 1884 1538 1919 Jeune
1564 1879 1739 1924 homme,
1775 1878 1822 1916 27
1850 1889 1938 1923 ans,
1974 1878 2036 1914 dé¬

1189 1934 1378 1969 corateur
1404 1930 1633 1973 céramiste,
1663 1926 1906 1970 affectueux,
1939 1926 2037 1971 phy¬

1191 1981 1306 2028 sique
1335 1979 1537 2025 agréable,
1572 1986 1717 2014 encore
1738 1973 1939 2018 mobilisé,
1971 1982 2038 2018 pa¬

1190 2029 1303 2066 rents
1331 2025 1633 2074 propriétaires,
1651 2024 1715 2065 fils
1736 2021 1887 2069 unique
1912 2020 2039 2068 ayant

1192 2074 1436 2117 économies,
1468 2072 1702 2120 épouserait
1726 2072 1847 2117 jeune
1877 2069 1958 2106 fille
1988 2078 2038 2104 ou

1192 2134 1323 2162 veuve
1351 2132 1449 2165 sans
1473 2121 1625 2165 enfant,
1651 2120 1777 2166 ayant
1800 2117 1920 2163 goûts
1946 2115 2041 2153 sim¬

1193 2175 1279 2220 ples
1302 2174 1339 2209 et
1361 2170 1578 2208 modestes.

1240 2261 1321 2298 386.
1356 2282 1403 2286 —
1438 2256 1693 2300 Célibataire,
1730 2255 1774 2291 54
1803 2264 1892 2298 ans,
1930 2253 2042 2298 espé¬

1195 2318 1354 2351 rances,
1396 2305 1528 2344 désire
1578 2304 1761 2347 mariage
1809 2311 1909 2339 avec
1955 2309 2044 2345 per¬

1195 2365 1323 2395 sonne
1348 2365 1478 2391 veuve
1504 2354 1630 2391 avant
1650 2349 1899 2392 restaurant,
1925 2347 2043 2385 avoir

1196 2415 1248 2442 ou
1273 2404 1394 2451 petite
1414 2402 1491 2438 dot.

1242 2492 1323 2528 387.
1345 2513 1391 2518 —
1415 2490 1542 2526 Jeune
1568 2485 1746 2528 homme,
1774 2485 1815 2521 31
1843 2494 1931 2529 ans,
1958 2494 2045 2528 pro¬

1198 2541 1352 2577 fession
1376 2535 1642 2583 typographe,
1673 2536 1807 2570 bonne
1835 2532 2042 2572 situation,

1198 2588 1374 2626 sérieux,
1400 2584 1641 2632 présentant
1670 2581 1773 2622 bien,
1808 2579 2047 2628 paraissant

1197 2635 1243 2673 27
1278 2636 1303 2672 à
1335 2633 1379 2670 28
1413 2644 1501 2676 ans,
1544 2629 1777 2675 épouserait
1811 2627 2045 2665 demoiselle

1199 2683 1303 2726 bien,
1339 2681 1465 2728 ayant
1490 2680 1589 2725 petit
1613 2677 1773 2724 capital.

1246 2771 1327 2806 393.
1362 2791 1408 2801 —.
1440 2765 1576 2812 Belge,
1603 2765 1651 2802 30
1699 2776 1788 2808 ans,
1836 2764 2049 2801 caractère

1201 2819 1388 2860 aimable,
1417 2814 1632 2857 bachelier,
1656 2813 1888 2860 polyglotte,
1912 2812 1976 2848 fils
2001 2811 2050 2849 de

1202 2864 1511 2903 fonctionnaire.
1555 2862 1666 2899 5.MO
1706 2863 1754 2898 fr.
1800 2858 2047 2899 économies,

1203 2915 1448 2959 espérances
1482 2912 1601 2948 sûres
1635 2909 1775 2952 15.000,
1815 2908 1947 2946 sobre,
1992 2906 2051 2944 sé¬

1204 2963 1330 3005 rieux,
1364 2961 1527 2999 homme
1581 2957 1831 3000 d’intérieur,
1889 2954 2053 2991 catholi¬

1205 3019 1293 3056 que,
1330 3006 1476 3054 emploi
1513 3005 1619 3042 dans
1657 3013 1887 3041 commerce
1917 3001 2054 3038 d’ave¬

1205 3056 1280 3095 nir.
1327 3054 1558 3102 épouserait
1595 3052 1716 3097 jeune
1752 3051 1832 3088 fille
1875 3048 2050 3096 gentille,

1206 3105 1403 3144 situation
1432 3099 1698 3148 équivalente.

1253 3193 1333 3229 394.
1362 3191 1406 3226 —
1430 3191 1558 3226 Jeune
1584 3186 1762 3230 homme,
1791 3186 1836 3223 25
1862 3196 1950 3229 ans,
1976 3184 2055 3220 dis¬

1207 3241 1357 3287 tingué,
1397 3236 1598 3284 physique
1642 3236 1848 3280 agréable,
1895 3231 2056 3269 mutila-
