2315 3488
468 231 991 291 ABONNEMENTS

306 320 539 361 DEUX
607 319 817 362 MOIS
847 350 934 358 ....
977 318 1072 360 ^12
1130 331 1152 355 »

308 391 585 434 TROIS
622 391 859 433 MOIS.
907 423 940 429 ..
980 392 1073 436 15
1131 403 1153 427 »

305 463 683 507 QUATRE
732 463 947 504 MOIS
979 464 1009 503 A
1030 464 1071 504 8
1131 476 1153 499 »

303 535 440 577 SIX
506 534 939 576 MOIS........
977 535 1074 576 25
1131 548 1153 571 »

348 617 513 663 Chaque
541 617 817 654 abonnement
843 616 977 653 donne
1000 616 1108 653 droit
1144 626 1150 652 :

349 675 388 709 1°
418 677 450 711 A
478 675 701 712 l'insertion
727 675 848 711 d’une
875 684 1061 711 annonce
1082 675 1151 720 qui

304 724 436 767 parait
478 723 660 768 pendant
703 724 811 759 toute
851 724 894 758 la
933 723 1059 760 durée
1102 722 1149 759 de

301 772 607 809 l'abonnement
642 780 650 813 ;

349 818 387 853 2°
416 821 455 855 A.
473 817 622 854 l’envoi
650 817 802 863 gratuit
825 819 917 855 tous
941 819 999 854 les
1030 817 1145 861 mois,

299 867 350 903 du
379 867 554 912 journal,
585 868 700 904 aussi
727 868 957 913 longtemps
980 876 1058 912 que
1080 867 1149 902 du¬

308 926 349 952 re
388 915 702 951 l’abonnement.

343 961 386 998 3°
423 963 456 997 A
491 962 530 998 la
561 962 893 1007 corespondance
928 972 1029 999 avec
1058 962 1147 999 tous

302 1009 357 1047 les
385 1009 569 1046 abonnés
592 1010 771 1055 pendant
799 1011 835 1047 la
859 1011 985 1047 durée
1009 1010 1057 1047 de
1082 1011 1149 1047 l’a¬

300 1057 559 1093 bonnement.

344 1105 376 1139 Il
406 1105 519 1139 suffit
548 1114 650 1149 pour
681 1105 899 1140 s’abonner
928 1105 1147 1150 d’envoyer

299 1162 350 1187 au
378 1152 552 1196 journal,
583 1163 633 1189 en
659 1154 768 1188 BON
795 1154 860 1188 DE
883 1154 1049 1191 POSTE
1077 1155 1148 1190 OU

299 1199 719 1244 MANDAT-POSTE,
746 1205 784 1239 la
811 1210 969 1237 somme
993 1211 1148 1237 corres¬

299 1247 503 1290 pondante
533 1247 558 1281 à
587 1248 896 1283 l’abonnement
924 1248 1066 1294 choisi,
1098 1259 1148 1284 en

299 1295 483 1328 donnant
518 1295 602 1331 très
633 1294 880 1330 lisiblement
918 1309 926 1334 :

344 1342 382 1382 a)
421 1341 502 1377 Son
536 1349 644 1377 nom.

301 1389 335 1432 b)
376 1388 457 1424 Son
495 1388 677 1433 adresse,
712 1391 884 1436 laquelle
922 1390 1040 1428 notée
1070 1391 1148 1428 dis¬

299 1437 522 1472 crètement
552 1438 613 1473 est
640 1439 870 1482 remplacée
895 1439 1148 1477 immédiate¬

301 1484 410 1520 ment
448 1493 521 1529 par
554 1494 606 1519 un
638 1487 810 1522 numéro
846 1485 1004 1526 d’ordre
1029 1496 1147 1523 'com¬

300 1530 492 1575 muniqué
523 1531 698 1568 aussitôt
728 1535 750 1568 à
779 1534 978 1570 l’abonné.

346 1579 379 1619 c)
419 1579 471 1615 Le
515 1579 646 1616 libellé
691 1580 738 1616 de
776 1583 987 1622 l’annonce
1030 1585 1056 1619 à
1093 1582 1148 1619 in¬

299 1625 412 1662 sérer
438 1635 515 1671 que
543 1627 702 1663 chacun
732 1622 869 1674 rédige
899 1630 923 1664 à
955 1638 1001 1667 sa
1034 1636 1147 1675 guise

299 1675 322 1709 à
358 1675 397 1708 la
428 1673 637 1710 condition
671 1675 814 1720 qu’elle
848 1685 898 1713 ne
934 1678 1148 1714 contienne

299 1719 386 1755 rien
409 1719 457 1756 de
480 1721 683 1758 contraire
711 1726 735 1760 à
760 1726 800 1759 la
824 1725 992 1761 morale.
1012 1724 1150 1764 L’INTER¬

297 1767 437 1806 MEDIAIRE
448 1768 485 1807 DU
496 1768 592 1808 FOYER
606 1779 655 1804 ne
667 1774 797 1814 prend
815 1780 889 1815 pas
902 1773 923 1805 à
937 1781 982 1806 sa
994 1771 1148 1814 chargé

299 1817 336 1853 la
359 1815 572 1851 rédaction
592 1817 663 1853 des
687 1819 923 1863 annonces).
950 1820 1148 1856 L’annon¬

299 1873 342 1902 ce
376 1863 462 1899 doit
491 1863 679 1909 indiquer
707 1864 812 1911 l’âge
849 1865 887 1902 et
920 1867 960 1912 la
994 1868 1148 1912 profes¬

296 1909 388 1945 sion
414 1909 462 1947 de
484 1911 674 1946 l’abonné
698 1914 735 1948 et
759 1912 947 1963 spécifier
971 1914 1063 1951 tous
1088 1915 1147 1951 les

299 1958 526 2003 avantages
557 1958 649 2003 qu’il
676 1957 739 1995 est
765 1957 789 1995 h
816 1962 951 1998 même
974 1960 1021 1998 de
1045 1962 1147 1999 faire

300 2005 439 2048 valoir,
482 2006 558 2042 tels
596 2015 672 2051 que
715 2017 722 2042 :
759 2007 837 2051 dot,
874 2008 1000 2051 avoir,
1034 2011 1147 2055 espé¬

300 2061 457 2096 rances,
497 2052 704 2099 situation,
743 2055 830 2100 etc.,
867 2056 942 2092 etc.
983 2056 1147 2101 Chaque

299 2108 484 2135 annonce
502 2111 555 2136 ne
575 2101 656 2136 doit
677 2112 753 2147 pas
777 2103 960 2138 contenir
982 2103 1074 2148 plus
1098 2106 1147 2140 de

299 2150 430 2182 trente
455 2151 570 2185 mots,
589 2159 687 2184 sans
719 2150 1011 2187 abréviations.
1045 2152 1147 2187 Tout

297 2197 381 2229 mot
410 2196 757 2239 supplémentaire
787 2201 848 2233 est
878 2199 971 2233 taxé
1000 2200 1084 2235 0.15
1111 2202 1146 2236 le

299 2247 394 2279 mot.
424 2244 523 2279 MM.
553 2247 610 2285 les
634 2245 818 2280 abonnés
841 2248 935 2282 sont
961 2247 1070 2290 priés
1098 2247 1147 2282 de

298 2291 455 2336 joindre
477 2303 530 2327 au
552 2292 682 2328 libellé
709 2293 757 2328 de
785 2294 871 2328 leur
899 2302 1084 2330 annonce
1111 2295 1146 2330 le

297 2343 486 2375 montant
522 2339 593 2375 dés
631 2342 738 2375 mots
776 2340 1146 2385 supplémentaires

298 2385 414 2429 qu’ils
446 2389 515 2421 ont
549 2387 770 2436 employés.

344 2432 446 2467 Tout
487 2433 763 2471 abonnement
806 2444 887 2471 non
926 2436 1147 2472 renouvelé

298 2480 441 2524 quinze
484 2480 599 2524 jours
636 2483 762 2518 avant
799 2492 872 2519 son
918 2483 1146 2528 expiration

298 2528 483 2564 entraîne
512 2528 565 2563 de
595 2529 701 2565 droit
732 2531 770 2566 la
798 2530 1070 2576 suppression
1099 2531 1146 2568 de

300 2574 508 2611 l’annonce
537 2575 584 2612 de
619 2576 855 2614 l’intéressé.

339 2729 563 2793 MANIÈRE
599 2739 659 2793 DE
695 2741 1103 2797 CORRESPONDRE

345 2847 527 2893 Lorsque
557 2859 657 2885 vous
681 2861 774 2886 avez
804 2851 1018 2898 remarqué
1044 2853 1143 2889 dans

295 2901 327 2938 le
373 2901 544 2948 journal
595 2914 671 2939 une
721 2914 908 2940 annonce
960 2909 1143 2950 pouvant

292 2967 394 2994 vous
423 2955 638 2993 intéresser
642 2967 648 3002 ,
682 2967 782 2994 vous
807 2958 1002 3004 procédez
1030 2960 1076 2996 de
1106 2959 1142 2996 la

290 3010 415 3056 façon
439 3009 626 3046 suivante
649 3021 660 3046 :

344 3063 584 3110 Supposons
613 3074 689 3109 que
719 3059 750 3100 le
774 3059 823 3099 N"
853 3060 877 3102 «
902 3060 962 3103 18
993 3074 1016 3102 »
1043 3077 1142 3104 vous

294 3118 346 3154 lit
375 3117 436 3154 été
462 3116 638 3154 attribué
643 3129 650 3162 ,
683 3120 720 3153 et
747 3129 823 3165 que
845 3129 947 3154 vous
975 3119 1142 3157 désiriez

291 3171 587 3217 correspondre
608 3181 703 3207 avec
727 3167 759 3208 le
786 3167 820 3208 N
821 3177 834 3193 n
854 3168 877 3209 «
902 3168 959 3211 15
975 3181 1014 3218 »,
1041 3173 1139 3210 dont

294 3225 510 3262 l’annonce
540 3227 595 3262 est
623 3224 668 3262 de
697 3227 840 3264 nature
872 3226 895 3264 à
918 3238 1019 3263 vous
1046 3238 1139 3264 con¬

1229 235 1346 272 venir
1366 247 1376 271 :
1402 235 1507 271 Vous
1532 233 1684 271 écrivez
1709 236 1820 274 votre
1846 233 1974 274 lettre,
2000 244 2077 280 que

1236 301 1336 326 vous
1358 289 1496 336 signez
1516 289 1563 325 de
1586 289 1698 325 votre
1723 283 1897 325 numéro
1918 283 2078 323 d'ordre

1231 339 1329 381 a/8
1347 344 1423 380 »la
1453 344 1598 379 mettez
1623 343 1723 379 dans
1750 352 1828 379 une
1858 341 2082 392 enveloppe

1236 409 1286 437 en
1314 399 1448 442 blanc,
1477 405 1549 433 sur
1605 396 1775 443 laquelle
1836 404 1936 432 vous
2000 395 2068 430 ins¬

1234 450 1376 497 crivez,
1406 445 1506 483 Très
1528 443 1812 492 légèrement
1834 454 1884 479 au
1909 453 2081 489 crayon,

1235 505 1288 543 les
1312 500 1507 542 numéros
1580 499 1639 542 18
1643 513 1665 535 »
1695 497 1723 540 à
1761 499 1818 541 là
1841 512 1881 538 ».

1288 576 1398 622 (Ceci
1433 578 1488 613 est
1522 575 1600 612 très
1632 575 1859 621 important
1878 584 1892 617 ;
1928 584 1977 610 ne
2008 582 2078 619 pas

1233 631 1337 678 faire
1358 641 1496 667 erreur
1516 641 1566 666 en
1589 631 1762 666 mettant
1785 625 1970 665 l'inverse
1976 638 1984 674 ,
2011 638 2080 663 car

1237 683 1259 722 T
1265 684 1504 731 expéditeur
1546 684 1738 720 recevrait
1782 682 1995 720 lui-même
2037 693 2078 718 sa

1236 749 1386 791 propre
1409 737 1558 784 lettre.)

1273 811 1311 847 Si
1334 821 1441 847 vous
1461 810 1625 847 désirez
1646 809 1956 856 correspondre
1978 818 2082 844 avec

1228 864 1442 910 plusieurs
1476 864 1664 900 abonnés
1697 874 1806 901 vous
1840 863 2010 909 répétez
2044 863 2081 898 la

1228 919 1365 955 même
1388 918 1614 964 opération
1633 928 1741 964 pour
1762 919 1928 955 chacun
1943 917 2078 954 d’eux.

1273 985 1367 1022 Cela
1405 978 1492 1027 fait,
1524 995 1632 1021 vous
1664 985 1834 1031 joignez
1867 986 1985 1020 votre
2026 994 2078 1020 ou

1225 1048 1301 1075 vos
1323 1039 1582 1084 enveloppes
1606 1040 1836 1075 contenant
1858 1039 1894 1073 la
1915 1047 2081 1074 corres¬

1226 1092 1446 1138 pondance
1486 1092 1673 1128 destinée
1713 1102 1796 1128 aux
1844 1101 2079 1137 personnes

1226 1156 1325 1183 avec
1349 1147 1578 1191 lesquelles
1607 1156 1715 1183 vous
1744 1145 2081 1182 désirez'entrer

1227 1210 1278 1236 en
1296 1199 1490 1240 relation,
1508 1201 1527 1236 à
1547 1210 1600 1236 un
1621 1200 1798 1236 bulletin
1815 1200 1988 1244 portant
2004 1208 2079 1235 vos

1227 1264 1325 1289 nom
1351 1255 1392 1289 et
1413 1254 1586 1289 adresse
1600 1262 1645 1291 —
1656 1255 1752 1291 ceci
1773 1252 1870 1298 afin
1891 1254 2082 1298 de,nous

1226 1306 1489 1351 permettre
1530 1307 1581 1343 de
1621 1306 1811 1351 vérifier
1851 1305 2080 1343 l'authen¬

1229 1360 1363 1398 ticité
1381 1361 1457 1398 des
1478 1359 1782 1402 expéditeurs
1801 1380 1848 1384 —
1876 1360 1917 1395 et
1938 1361 2082 1395 conte¬

1227 1415 1328 1450 nant
1349 1415 1383 1449 la
1407 1423 1575 1450 somme
1597 1414 1837 1453 nécessaire
1860 1413 1883 1448 à
1905 1412 2081 1448 l'affran¬

1226 1468 1486 1504 chissement
1525 1468 1575 1503 de
1615 1468 1652 1503 la
1708 1468 2078 1513 correspondance

1227 1532 1310 1567 que
1350 1531 1458 1558 vous
1491 1531 1600 1557 nous
1629 1531 1814 1568 envoyez
1845 1531 1954 1566 pour
1990 1520 2079 1557 être

1228 1576 1471 1617 transmise,
1520 1585 1629 1612 vous
1672 1575 1836 1622 [glissez
1888 1575 1925 1611 le
1988 1575 2081 1610 tout

1228 1626 1331 1664 dans
1353 1639 1434 1665 une
1456 1631 1576 1665 autre
1599 1630 1836 1675 enveloppe
1865 1638 1946 1675 que
1973 1638 2080 1664 vous

1226 1684 1435 1726 cachetez,
1459 1682 1761 1719 affranchissez
1782 1684 1822 1719 et
1844 1683 2042 1719 adressez
2058 1682 2079 1718 à

1228 1736 1605 1772 l’Untermédiaire
1638 1736 1693 1771 du
1727 1738 1889 1782 Foyer»
1919 1736 2006 1783 qui,
2041 1737 2080 1772 la

1226 1793 1441 1832 recevant,
1483 1792 1633 1826 trouve
1673 1790 1696 1825 à
1738 1790 1973 1827 l’intérieur
2017 1791 2079 1827 les

1225 1844 1484 1890 enveloppes
1515 1843 1614 1889 qu’il
1652 1843 1725 1879 fait
1751 1846 1952 1890 parvenir
1979 1854 2078 1880 aus¬

1226 1897 1329 1932 sitôt
1351 1907 1434 1933 aux
1456 1896 1702 1933 intéressés.

1292 1967 1343 2005 La
1376 1967 1598 2005 discrétion
1636 1968 1673 2005 la
1707 1968 1799 2016 plus
1836 1968 2001 2005 absolue
2039 1980 2078 2005 se

1233 2026 1377 2059 trouve
1410 2022 1512 2060 ainsi
1548 2023 1720 2069 assurée,
1758 2020 2077 2060 L’INTERESSE

1235 2075 1403 2112 AYANT
1449 2075 1575 2113 SEUL
1625 2077 1688 2113 LA
1733 2075 1963 2113 FACULTE
2010 2076 2077 2113 DE

1235 2129 1386 2166 FAIRE
1424 2129 1715 2167 CONNAITRE
1756 2130 1788 2166 A
1825 2129 1910 2167 SES
1957 2130 2073 2169 COR¬

1233 2183 1598 2221 RESPONDANTS
1631 2183 1725 2220 SON
1752 2184 1860 2222 NOM
1894 2183 1954 2220 ET
1981 2183 2075 2221 SON

1234 2236 1473 2282 ADRESSE,
1518 2242 1552 2274 et
1594 2236 1813 2274 vice-versa
1836 2236 1845 2281 ;
1886 2236 1932 2275 de
1969 2239 2075 2275 sorte

1235 2301 1309 2338 que
1340 2291 1386 2335 si,
1427 2290 1544 2336 après
1581 2302 1637 2327 un
1672 2291 1855 2338 échange
1886 2303 1938 2328 ou
1970 2292 2077 2328 deux

1232 2344 1280 2381 de
1308 2344 1442 2380 lettres
1446 2344 1453 2389 ,
1487 2344 1542 2380 les
1557 2383 1560 2386 ,
1573 2344 1678 2380 deux
1704 2344 1831 2391 partis
1861 2342 2074 2393 s'aperçoi¬

1232 2400 1327 2433 vent
1358 2394 1478 2445 qu'ils
1508 2409 1556 2433 ne
1586 2401 1766 2445 peuvent
1795 2410 1833 2435 se
1861 2399 2070 2444 convenir,

1235 2452 1261 2488 il
1296 2451 1383 2487 leur
1423 2454 1479 2488 est
1521 2451 1678 2488 loisible
1719 2453 1765 2489 de
1800 2463 1930 2489 cesser
1969 2454 2075 2490 leurs

1233 2505 1619 2551 correspondances,
1648 2510 1737 2544 tout
1765 2518 1813 2543 en
1839 2511 1994 2544 restant
2016 2507 2056 2543 in

1233 2570 1392 2595 connus
1424 2555 1510 2595 l’un
1548 2559 1596 2596 de
1633 2558 1790 2603 l’autre.
1830 2560 1886 2596 De
1923 2560 2066 2605 même,

1233 2613 1332 2649 dans
1364 2613 1397 2648 le
1422 2623 1487 2649 cas
1518 2613 1735 2657 contraire,
1767 2611 1850 2650 s'ils
1879 2613 2056 2651 désirent
2061 2643 2069 2659 ,

1231 2665 1348 2713 après
1369 2668 1531 2703 entente
1549 2666 1805 2713 réciproque,
1831 2678 1871 2703 se
1896 2668 2073 2710 dévoiler

1233 2720 1549 2756 mutuellement
1578 2720 1665 2756 leur
1698 2731 1796 2756 nom
1829 2723 1865 2758 et
1898 2721 2071 2765 adresse,

1233 2773 1281 2810 ils
1300 2784 1309 2820 •
1322 2775 1500 2820 peuvent
1540 2772 1864 2822 communiquer
1905 2774 2073 2812 directe¬

1232 2831 1347 2864 ment
1368 2831 1481 2864 entre
1499 2839 1590 2875 eux,
1615 2838 1709 2864 sans
1729 2840 1869 2876 passer
1890 2839 1966 2876 par
1985 2829 2053 2865 l’in

1233 2880 1489 2918 termédiaire
1516 2881 1571 2918 du
1594 2881 1778 2929 journal.

1275 2946 1386 2983 Cette
1420 2947 1709 2989 combinaison
1754 2948 1857 2985 offre
1887 2947 1993 2984 ainsi
2039 2948 2075 2984 le

1226 2994 1455 3029 maximum
1474 2994 1522 3030 de
1541 2995 1727 3040 sécurité,
1764 2997 1803 3030 et
1846 3008 1860 3025 «
1883 2989 2045 3034 L1NTERMÉ
2059 3015 2074 3019 -

1219 3041 1320 3083 DIAIRF.
1339 3041 1377 3079 DU
1397 3041 1490 3080 FOYER
1518 3053 1547 3084 »,
1580 3044 1803 3079 observant
1836 3041 2077 3087 l'impartia¬

1224 3082 1292 3125 lité
1312 3092 1355 3125 et
1371 3089 1410 3123 la
1432 3089 1651 3125 discrétion
1671 3091 1729 3126 les
1748 3090 1839 3134 plus
1863 3089 2067 3131 absolues,

1223 3137 1379 3181 dégage
1401 3145 1447 3172 sa
1472 3136 1801 3182 responsabilité,
1826 3147 1876 3172 en
1897 3137 2071 3175 laissant

1225 3185 1247 3219 à
1276 3184 1433 3228 chaque
1461 3185 1622 3221 abonné
1649 3183 1687 3220 le
1711 3182 1802 3220 soin
1826 3183 1874 3219 de
1897 3182 2081 3219 dévoiler

1220 3229 1428 3269 lui-même
1467 3241 1542 3267 son
1575 3231 1759 3268 adresse.
