2472 3696
791 1153 1024 1262 DU
1101 1150 1660 1259 FOYER

654 1447 1103 1542 RECUEIL
1162 1444 1825 1540 P’^NNONCES

751 1617 1021 1672 Paraissant
1049 1623 1147 1669 tous
1173 1612 1231 1668 les
1255 1622 1313 1668 1"
1337 1613 1391 1666 de
1415 1613 1581 1683 chaque
1607 1614 1723 1667 mois

458 1871 616 1933 LYON
672 1900 756 1912 —
816 1867 900 1943 16,
948 1865 1112 1927 Cours
1164 1864 1564 1941 Charlemagne,
1608 1862 1668 1923 16
1728 1894 1810 1906 —
1864 1863 2020 1925 LYON

908 2181 1042 2217 Très
1076 2177 1283 2230 grande
1323 2174 1575 2215 diffusion

670 2252 929 2301 Rayonne
959 2253 1100 2289 dans
1130 2255 1257 2287 tous
1282 2251 1364 2287 les
1397 2250 1809 2298 départements

748 2325 1005 2363 Abonnés
1039 2325 1181 2360 dans
1211 2322 1263 2358 la
1292 2323 1500 2364 France
1532 2322 1735 2359 entière

695 2545 762 2589 Ce
783 2543 1018 2603 journal
1052 2545 1133 2586 est
1171 2542 1368 2598 envoyé
1411 2542 1798 2599 gratuitement

548 2633 676 2664 sous
705 2618 789 2676 pli
819 2614 1038 2661 cacheté
1068 2614 1105 2658 à
1136 2618 1279 2656 toute
1303 2622 1577 2672 personne
1608 2614 1701 2672 qui
1736 2627 1798 2658 en
1832 2615 1934 2672 fait

491 2693 545 2736 la
574 2689 837 2736 demande
864 2686 1264 2744 accompagnée
1292 2686 1353 2728 de
1380 2684 1506 2729 0.45
1534 2699 1594 2728 en
1626 2685 1999 2744 timbre-poste
