2472 3696
985 248 1005 275 /

1185 214 1235 253 —
1264 214 1289 253 3
1319 235 1369 243 —

493 326 563 366 Les
600 328 753 366 mêmes
792 327 1012 375 difficultés
1016 328 1024 373 ,
1071 327 1163 364 bien
1204 326 1298 375 quà
1337 336 1393 361 un
1434 323 1624 362 moindre
1664 324 1785 372 degré
1791 334 1798 372 ,
1917 323 2152 371 présentent

390 393 494 430 pour
526 384 558 420 le
584 394 673 420 sexe
703 383 804 431 fort.
833 382 884 419 Le
914 383 1049 429 jeune,
1068 381 1251 428 homme,
1285 379 1471 418 désireux
1502 378 1551 416 de
1578 393 1618 418 se
1649 378 1869 416 soustraire
1901 389 1979 414 aux
2010 377 2152 414 incon¬

391 437 575 475 vénients
609 436 662 474 du
697 436 858 486 célibat,
897 437 968 484 qui
998 440 1057 473 est
1089 436 1146 472 las
1181 435 1230 472 de
1262 436 1376 472 vivre
1406 447 1456 473 au
1489 437 1722 470 restaurant
1750 433 1803 470 où
1834 431 1916 468 l’on
1953 430 2043 480 paie
2073 431 2157 469 fort

388 486 488 523 cher
529 497 610 522 une
658 486 878 522 mauvaise
930 485 1192 529 nourriture,
1233 484 1283 520 de
1340 493 1488 529 passer
1535 492 1602 518 ses
1649 480 1808 519 soirées
1855 490 1907 517 au
1952 481 2053 524 café,
2110 490 2161 515 en

388 541 544 577 faisant
591 541 630 577 la
680 538 1000 579 traditionnelle
1051 537 1225 575 manille
1276 546 1379 573 avec
1424 537 1497 572 des
1551 535 1813 579 camarades,
1873 544 1922 570 au
1974 534 2057 570 lieu
2110 532 2161 569 de

390 598 537 647 goûter
561 598 600 635 la
631 598 761 635 douce
793 595 1033 634 familiarité
1064 596 1120 633 du
1152 595 1282 643 foyer,
1316 591 1399 644 qui,
1437 606 1487 631 en
1515 605 1582 630 cas
1613 591 1961 641 d’indisposition,
1995 590 2158 640 préfère

394 654 448 690 les
479 653 588 690 soins
625 651 854 689 affectueux
882 648 1006 689 d’une
1043 649 1198 686 femme
1224 649 1408 687 dévouée
1443 650 1464 686 à
1495 659 1597 685 ceux
1632 647 1756 685 d’une
1784 647 2011 694 étrangère,
2052 644 2157 684 celui

393 706 463 755 qui
499 705 712 745 considère
744 715 909 742 comme
945 716 1026 742 une
1061 704 1293 752 obligation
1330 703 1464 740 sacrée
1495 702 1533 740 la
1570 701 1788 739 fondation
1822 699 1945 738 d’une
1982 699 2154 746 famille,

394 761 469 798 but
497 760 689 809 suprême
725 760 774 797 de
802 758 1046 804 l’existence,
1085 770 1137 795 en
1167 770 1225 795 un
1260 762 1351 796 mot
1379 756 1580 794 l’homme
1615 756 1664 793 de
1692 767 1810 793 cœur
1843 755 1916 804 qui
1946 757 2043 791 veut
2076 753 2162 791 être

394 814 495 854 utile
526 816 548 852 à
580 814 618 852 la
651 813 811 860 société,
848 818 957 862 peut,
995 824 1087 850 sans
1122 818 1216 861 trop
1248 812 1297 849 de
1326 810 1562 860 difficultés,
1601 809 1801 848 chercher
1830 808 2047 846 lui-même
2080 819 2162 847 une

395 879 642 917 compagne,
672 873 711 906 et
742 868 769 905 il
797 868 856 905 lui
888 873 948 906 est
974 867 1134 904 loisible
1167 866 1216 904 de
1244 866 1469 903 demander
1500 866 1522 903 à
1551 877 1609 902 ses
1644 863 1746 902 amis
1776 868 1814 901 et
1846 863 2160 901 connaissances

394 924 446 962 de
472 923 530 960 lui
559 928 726 961 trouver
753 934 813 960 un
843 921 949 969 parti
980 920 1244 968 convenable,
1276 920 1382 958 mais
1410 924 1535 957 est-ce
1560 918 1755 957 suffisant
1778 918 1793 955 ?
1825 918 1877 956 La
1905 917 2075 966 plupart
2102 916 2161 953 du

397 982 543 1026 temps,
570 977 607 1015 le
635 976 787 1025 champ
812 976 878 1014 des
907 974 1147 1014 recherches
1173 979 1231 1012 est
1262 975 1346 1012 fort
1376 972 1576 1020 restreint,
1612 974 1668 1010 les
1694 974 1796 1010 amis
1826 972 1918 1021 plus
1942 984 1997 1009 ou
2026 969 2163 1008 moins

398 1031 656 1069 indifférents
681 1030 872 1069 oublient
901 1030 950 1068 de
981 1027 1192 1078 s’occuper
1220 1028 1271 1066 de
1302 1029 1338 1066 la
1369 1028 1541 1066 mission
1573 1027 1747 1066 délicate
1773 1027 1875 1064 dont
1904 1025 1953 1064 ils
1981 1023 2165 1063 s'étalent

399 1085 570 1135 chargés
606 1090 779 1123 souvent
808 1085 829 1121 à
865 1089 1155 1129 contre-cœur,
1188 1088 1227 1121 et
1261 1083 1289 1120 il
1317 1095 1369 1122 en
1400 1082 1551 1121 résulté
1584 1094 1664 1130 que
1695 1079 1927 1127 l’intéressé,
1968 1092 2020 1117 ne
2053 1084 2163 1117 trou¬

400 1145 498 1179 vant
530 1152 600 1189 pas
635 1151 678 1177 ce
712 1138 813 1188 qu’il
846 1138 987 1185 désire,
1025 1138 1186 1187 préfère
1218 1135 1446 1184 s’abstenir,
1482 1139 1535 1183 et,
1571 1137 1687 1185 après
1722 1135 1917 1185 quelques
1948 1133 2177 1172 tentatives*

401 1195 551 1241 vaines,
578 1204 620 1232 se
642 1194 808 1242 résigne
828 1197 918 1230 tout
944 1192 1193 1231 doucement
1215 1193 1236 1229 à
1264 1195 1389 1230 rester
1411 1191 1532 1229 vieux
1558 1201 1726 1239 garçon.

509 1249 572 1285 Ah
592 1248 605 1285 !
630 1259 705 1297 que
732 1248 779 1285 de
808 1247 1009 1295 mariages
1035 1246 1237 1296 manqués
1261 1246 1376 1294 faute
1402 1243 1502 1283 d'un
1531 1244 1836 1283 intermédiaire
1860 1243 2020 1281 sérieux
2022 1243 2030 1290 ,
2063 1243 2164 1280 hon¬

402 1303 490 1341 nête
516 1304 553 1340 et
580 1300 743 1348 discret,
771 1307 950 1351 prenant
975 1302 996 1338 à
1020 1313 1137 1338 cœur
1162 1301 1201 1338 la
1223 1298 1393 1338 réussite
1417 1301 1488 1338 des
1513 1299 1718 1348 mariages
1745 1298 1945 1348 auxquels
1971 1297 2001 1334 il
2030 1295 2163 1335 s’inté¬

405 1368 509 1396 resse
532 1356 540 1394 I
572 1356 773 1394 Combien
803 1355 850 1393 de
884 1355 1042 1404 projets
1069 1355 1408 1401 matrimoniaux,
1448 1353 1708 1392 commencés
1738 1364 1830 1391 sous
1864 1352 1912 1390 de
1942 1352 2044 1389 bons
2078 1363 2165 1388 aus¬

403 1410 522 1463 pices,
554 1414 630 1448 ont
663 1410 818 1448 échoué
851 1411 871 1447 à
906 1410 944 1447 la
976 1410 1079 1447 suite
1113 1406 1458 1450 d’indiscrétions,
1498 1407 1718 1446 commises
1749 1407 1886 1446 même
1919 1405 2166 1444 involontai¬

402 1469 562 1503 rement
584 1464 592 1502 !
641 1464 757 1502 Seule
794 1476 877 1501 une
907 1463 1188 1502 intervention
1226 1463 1331 1511 sûre,
1382 1462 1676 1500 bienveillante
1713 1466 1752 1499 et
1789 1461 2017 1505 raisonnée,
2069 1463 2169 1508 peut

404 1524 551 1558 mettre
577 1531 627 1557 en
657 1522 829 1568 rapport
852 1518 890 1555 la
919 1518 1033 1556 foule
1060 1516 1219 1556 d’isolés
1249 1516 1320 1567 qui
1345 1517 1535 1566 végètent
1561 1517 1662 1554 dans
1692 1516 1729 1553 la
1759 1514 1946 1562 solitude,
1977 1514 2092 1552 faute
2121 1513 2168 1552 de

401 1586 441 1612 se
465 1572 690 1619 connaître,
723 1577 761 1610 et
785 1577 878 1611 sont
905 1572 1009 1610 ainsi
1035 1571 1169 1621 privés
1199 1572 1266 1610 des
1293 1571 1398 1622 joies
1425 1571 1472 1608 de
1496 1571 1533 1608 la
1566 1570 1737 1610 famille.

508 1627 613 1666 C’est
635 1639 742 1675 pour
763 1626 967 1664 remédier
985 1627 1006 1663 à
1029 1630 1093 1664 cet
1112 1628 1194 1664 état
1218 1626 1268 1664 de
1286 1625 1428 1664 choses
1450 1623 1556 1664 aussi
1582 1624 1883 1675 préjudiciable
1906 1625 1928 1661 à
1948 1624 1960 1660 1
1978 1621 2167 1662 individu

404 1681 496 1732 qu’à
528 1682 564 1720 la
593 1680 851 1727 collectivité,
888 1680 990 1718 dont
1015 1678 1154 1718 l’essor
1175 1685 1238 1718 est
1268 1680 1592 1728 complètement
1622 1679 1788 1718 entravé
1817 1690 1891 1727 par
1916 1677 1953 1715 la
1988 1676 2168 1715 diminu¬

410 1737 494 1775 tion
544 1735 592 1773 de
637 1735 728 1784 plus
774 1745 824 1772 en
877 1734 969 1783 plus
1012 1734 1169 1784 grande
1211 1735 1281 1773 des
1330 1733 1532 1783 mariages
1597 1745 1676 1782 que
1724 1744 1827 1770 nous
1874 1744 1999 1770 avons
2048 1730 2173 1768 fondé

407 1811 425 1835 «
447 1793 898 1833 L’INTERMEDIAIRE
919 1789 997 1831 DU
1028 1790 1193 1831 FOYER
1223 1803 1260 1831 ».

507 1851 677 1904 Jusqu’à
706 1866 751 1892 ce
777 1856 877 1904 jour
899 1850 1088 1902 quantité
1112 1848 1327 1899 d’agences
1355 1853 1431 1886 ont
1456 1848 1519 1886 été
1548 1846 1693 1885 créées.
1721 1844 1925 1883 Combien
1954 1846 2002 1883 de
2034 1844 2168 1881 réelle¬

408 1913 521 1951 ment
550 1908 667 1947 utiles
696 1910 733 1945 et
752 1908 948 1960 efficaces
968 1907 1038 1944 ?...
1069 1905 1119 1943 Et
1151 1904 1235 1942 cela
1267 1915 1308 1940 se
1340 1900 1582 1951 comprend,
1615 1901 1754 1951 quand
1788 1913 1841 1938 on
1875 1897 2061 1936 réfléchit
2093 1909 2172 1948 que

405 1966 491 2004 seul
526 1963 701 2003 l'intérêt
729 1962 888 2011 guidait
921 1971 985 1999 ces
1019 1959 1178 2009 gens-là
1181 1989 1188 2003 ,
1226 1962 1266 1997 et
1297 1969 1388 2007 que,
1427 1956 1527 1994 dans
1556 1968 1613 1994 un
1646 1954 1833 2002 mariage
1867 1953 1943 1991 fait
1975 1964 2050 2002 par
2077 1963 2168 1997 eux,

406 2020 455 2057 ils
481 2003 828 2065 n’envisageâient
852 2014 1005 2064 qu’une
1026 2014 1148 2052 chose
1171 2008 1179 2050 :
1193 2008 1237 2050 la
1249 2015 1426 2051 somme
1440 2005 1469 2050 à
1482 2006 1680 2048 toucher
1691 2004 1718 2047 à
1735 2006 1850 2047 titre
1864 2004 1918 2046 de
1935 2002 2179 2052 courtage.

509 2069 737 2109 Combien
762 2065 1030 2106 différente
1049 2073 1123 2104 est
1146 2065 1285 2103 notre
1306 2062 1474 2103 œuvre
1492 2062 1503 2100 !
1528 2067 1639 2102 Nous
1661 2074 1713 2102 ne
1735 2063 1999 2100 demandons
2021 2067 2178 2098 aucun

402 2126 653 2174 courtage,
690 2131 877 2163 aucune
904 2118 1216 2160 commission
1245 2118 1257 2156 !
1293 2123 1345 2158 Le
1373 2121 1463 2157 seul
1492 2119 1675 2156 débours
1702 2118 1888 2155 consiste
1916 2117 1940 2153 à
1966 2125 2099 2162 payer
2124 2126 2181 2152 un

403 2182 604 2228 modique
621 2180 908 2218 abonnement
929 2177 1096 2215 destiné
1117 2178 1141 2213 à
1162 2176 1337 2213 couvrir
1359 2175 1419 2210 les
1441 2175 1545 2211 frais
1565 2173 1867 2219 d’impression
1888 2172 1926 2207 et
1951 2171 2000 2207 de
2021 2179 2183 2207 corres¬

406 2238 642 2284 pondance,
682 2237 723 2272 et
762 2233 890 2282 grâce
929 2232 1082 2278 auquel
1121 2232 1179 2267 les
1211 2228 1483 2267 célibataires
1522 2228 1597 2263 des
1629 2228 1735 2263 deux
1772 2235 1893 2262 sexes
1927 2227 1999 2261 ont
2031 2225 2054 2260 à
2091 2225 2185 2260 leur

406 2291 663 2336 disposition
687 2299 744 2326 un
771 2288 896 2325 choix
914 2288 965 2324 de
989 2286 1137 2332 partis,
1160 2283 1424 2331 permettant
1444 2283 1494 2319 de
1516 2281 1679 2318 donner
1700 2279 1963 2317 satisfaction
1986 2279 2009 2315 à
2037 2278 2178 2314 toutes

405 2346 465 2383 les
487 2344 723 2391 exigences.

513 2399 625 2436 Nous
648 2399 801 2434 tenons
824 2396 847 2432 à
868 2396 903 2432 le
931 2393 1103 2441 répéter
1135 2408 1142 2430 :
1171 2383 1648 2430 «L’INTERMÉDIAIRE
1681 2389 1742 2426 DU
1778 2388 1968 2426 FOYER»
2000 2386 2063 2423 n’a
2093 2385 2185 2423 rien

406 2454 457 2490 de
485 2463 687 2493 commun
714 2460 816 2488 avec
844 2450 903 2486 les
932 2458 1118 2496 agences
1148 2445 1489 2484 matrimoniales
1525 2452 1533 2488 ;
1563 2443 1669 2482 c'est
1699 2451 1789 2480 une
1815 2450 1976 2480 œuvre
2003 2440 2114 2479 dont
2143 2441 2184 2478 le

407 2506 486 2547 but
513 2509 691 2554 unique
719 2504 786 2544 est
815 2505 867 2543 de
892 2505 1053 2543 servir
1079 2503 1132 2541 de
1161 2500 1494 2540 trait-d'union
1523 2499 1642 2535 entre
1678 2497 1818 2534 toutes
1849 2496 1912 2532 les
1942 2504 2183 2542 personnes

407 2561 651 2598 désireuses
677 2560 729 2596 de
758 2558 936 2598 remplir
958 2558 1051 2593 leur
1076 2556 1226 2592 devoir
1253 2553 1385 2592 social
1413 2563 1465 2589 en
1494 2552 1767 2589 contractant
1786 2549 1991 2596 'mariage,
2023 2544 2187 2593 quelle

409 2627 502 2668 que
539 2618 636 2658 soit
661 2617 774 2655 leur
806 2613 1041 2653 situation
1076 2613 1134 2652 de
1154 2612 1369 2658 fortune,
1392 2610 1450 2648 de
1470 2610 1518 2648 la
1536 2608 1651 2657 plus
1686 2607 1908 2646 modeste
1941 2604 1966 2644 à
1997 2606 2045 2644 la
2078 2604 2093 2642 r
2109 2604 2188 2643 lus

408 2672 586 2717 élevée,
621 2676 662 2712 et
690 2683 800 2711 nous
822 2671 1105 2718 remplissons
1129 2672 1238 2708 cette
1267 2667 1448 2706 mission
1478 2674 1581 2704 avec
1615 2667 1625 2702 1
1645 2665 1871 2703 EXTREME
1903 2662 2188 2705 DISCRETION

409 2741 496 2791 que
528 2729 635 2772 doit
671 2729 948 2781 comporter
984 2738 1047 2768 un
1082 2728 1190 2767 acte
1228 2724 1364 2765 aussi
1397 2723 1673 2768 important
1681 2731 1689 2768 ,
1729 2720 1869 2762 aussi
1905 2718 2048 2758 sacré
2094 2728 2190 2767 que

410 2795 460 2834 le
497 2791 735 2842 mariage.

1684 2868 1747 2906 LA
1779 2864 2070 2906 DIRECTION.
