2472 3696
1121 371 1172 411 —
1203 371 1253 411 10
1283 392 1334 398 —

335 496 409 534 ble,
435 493 584 531 sérieux,
610 490 745 523 aimant
768 487 871 527 goûts
893 483 1047 524 simples,
1074 481 1189 514 bonne

337 535 523 574 situation,
556 530 757 571 épouserait
788 525 990 560 demoiselle
1019 524 1064 556 de
1095 523 1136 555 18
1169 520 1189 554 à

339 578 380 612 24
434 587 508 616 ans,
559 574 633 606 très
679 572 906 607 affectueuse,
955 565 1108 600 sérieuse
1153 567 1192 597 et

339 617 517 658 agréable,
550 614 671 655 région
700 611 777 645 Est.

386 672 481 703 1286.
517 686 562 692 —
598 668 711 699 Jeune
752 660 901 699 homme,
940 660 1045 698 beau,
1083 656 1188 695 brun,

339 723 434 753 yeux
460 710 574 747 bleus,
602 707 645 740 de
669 703 802 746 grande
829 701 964 735 famille
985 697 1188 732 honorable,

340 753 384 787 23
417 763 494 790 ans,
528 749 642 788 sobre,
674 747 774 784 actif,
803 742 991 777 éducation
1023 739 1190 781 parfaite,

340 794 589 830 commerçant,
622 791 705 829 apte
734 789 814 820 tout
845 791 1037 816 commerce
1067 791 1111 813 ou
1141 790 1190 812 se¬

340 835 470 869 conder
492 830 668 865 industrie
699 845 707 866 :
732 826 831 860 avoir
859 824 979 858 15.000
1006 823 1068 862 fr.,
1095 820 1190 860 espé¬

342 886 464 909 rances
509 873 648 905 futures
693 868 825 907 25.000,
875 865 990 898 désire
1038 862 1194 901 mariage

343 916 548 952 d’affection
573 925 658 947 avec
683 910 882 947 demoiselle
906 908 980 941 très
1004 906 1191 938 affectueu¬

343 973 380 995 se
411 960 455 992 de
483 959 526 991 20
555 955 577 989 à
606 955 649 988 26
676 965 752 991 ans,
783 950 1038 987 commerçante
1064 945 1193 980 établie

344 1012 390 1035 ou
425 1001 534 1038 ayant
569 997 684 1030 bonne
715 993 885 1028 situation
916 1001 1006 1029 pour
1041 987 1138 1021 aider
1174 984 1194 1018 à

342 1040 516 1076 s’établir.

389 1094 483 1126 1288.
508 1110 552 1115 —
581 1091 694 1122 Jeune
723 1084 873 1122 homme,
904 1084 1019 1116 bonne
1048 1080 1194 1115 famille,

344 1135 387 1169 25
423 1144 497 1170 ans,
534 1131 630 1168 bien,
661 1129 810 1165 sérieux,
842 1123 990 1158 habitué
1025 1135 1069 1156 au
1104 1132 1194 1154 com¬

345 1185 473 1212 merce,
499 1172 613 1206 désire
633 1170 790 1207 mariage
813 1177 899 1200 avec
924 1165 1029 1204 jeune
1054 1162 1126 1195 fille
1150 1172 1196 1195 ou

344 1226 471 1252 veuve,
517 1215 598 1248 bien
643 1211 868 1246 affectueuse,
912 1207 986 1240 très
1030 1202 1193 1239 sérieuse,

345 1258 604 1293 commerçante
633 1265 678 1287 ou
705 1261 790 1285 avec
817 1257 1022 1282 ressources.

393 1311 486 1342 1290.
513 1326 557 1331 —
585 1306 691 1342 Veuf,
718 1303 861 1340 rentier,
889 1298 1085 1338 profession
1113 1296 1195 1329 libé¬

345 1351 436 1387 rale.
456 1349 551 1386 bien,
571 1348 674 1386 goûts
697 1345 850 1382 simples,
875 1340 1077 1380 épouserait
1096 1338 1197 1372 dame

347 1393 392 1427 dé
415 1392 457 1424 50
480 1390 501 1423 à
524 1390 566 1423 60
589 1400 652 1422 ans
672 1386 830 1422 environ,
856 1394 937 1417 sans
962 1380 1098 1417 enfant,
1122 1390 1196 1411 ren¬

345 1433 448 1470 tière,
475 1430 671 1464 nullement
695 1426 895 1461 mondaine,
919 1424 1084 1458 aimante,
1113 1430 1197 1453 avec

347 1477 443 1508 cette
473 1471 647 1505 véritable
677 1468 843 1502 affection
867 1466 929 1504 qui
959 1462 1132 1502 complète
1162 1462 1199 1494 et

346 1513 507 1550 embellit
531 1512 747 1546 l’existence.

395 1573 490 1605 1292.
519 1589 564 1595 —
597 1567 780 1607 Orphelin,
813 1566 855 1599 25
888 1576 963 1603 ans,
993 1561 1197 1597 honorable,

349 1613 458 1651 doux,
484 1611 557 1645 très
584 1610 732 1647 sérieux,
760 1608 898 1646 aiman^
918 1604 1100 1638 intérieur,
1120 1613 1198 1640 par¬

349 1655 438 1689 faite
472 1651 585 1690 santé,
621 1649 781 1688 employé
811 1648 909 1681 Etat,
947 1645 1060 1696 avoir^
1079 1642 1199 1677 35.000

348 1696 508 1733 environ,
535 1691 736 1732 épouserait
763 1690 868 1729 jeune
895 1687 979 1726 fille,
1008 1686 1121 1719 même
1146 1695 1198 1717 ca¬

349 1737 497 1773 ractère,
503 1734 674 1768 situation
703 1731 939 1769 équivalente,
971 1725 1200 1761 recherchant

348 1778 450 1812 vraie
476 1776 652 1809 affection.
677 1771 823 1806 Entière
849 1768 1054 1807 discrétion,
1081 1767 1202 1804 région

351 1819 473 1853 Ouest.

397 1872 492 1904 1294.
517 1889 560 1893 —
587 1864 798 1901 Célibataire
823 1862 1080 1897 fonctionnaire
1100 1860 1199 1896 Etat.

350 1910 510 1945 Tunisie.
536 1910 578 1944 36
603 1920 678 1944 ans.
703 1906 911 1941 traitement
934 1903 1034 1937 9.000
1053 1912 1118 1942 par
1144 1911 1200 1937 an.

352 1953 434 1991 plus
458 1951 662 1985 différentes
692 1946 915 1981 indemnités,
947 1948 1056 1985 ayant
1083 1945 1201 1976 écono¬

352 1995 441 2027 mies
464 1999 501 2028 et
522 1990 719 2030 propriétés
739 1990 857 2026 Corse,
880 1987 1002 2020 30.000
1024 1984 1069 2017 fr.
1097 1997 1106 2022 ;
1128 1984 1203 2016 très

354 2033 506 2070 sérieux,
535 2033 694 2068 instruit,
728 2031 809 2063 bien
844 2027 954 2066 élevé,
991 2026 1201 2061 affectueux,

353 2076 424 2109 bon
451 2085 557 2109 cœur,
585 2071 769 2105 désirerait
791 2067 1041 2107 correspondre
1068 2077 1111 2100 en
1135 2077 1205 2099 vue

354 2118 512 2153 mariage
536 2115 697 2152 d’amour
722 2123 807 2145 avec
833 2109 1032 2144 demoiselle
1053 2120 1097 2141 ou
1121 2117 1204 2139 veu¬

353 2169 400 2191 ve
423 2158 466 2190 de
485 2157 527 2190 20
549 2155 570 2189 à
592 2156 633 2188 35
655 2166 732 2191 ans,
756 2153 867 2186 même
891 2161 976 2184 avec
996 2161 1046 2182 un
1068 2148 1203 2184 enfant,

352 2199 430 2233 très
474 2197 639 2235 sérieuse,
665 2193 857 2229 honorable
898 2195 935 2225 et
979 2191 1206 2225 affectueuse,

355 2244 466 2278 ayant
490 2237 660 2272 situation
683 2248 726 2269 en
750 2237 897 2272 rapport
916 2245 961 2266 ou
985 2231 1112 2271 emploi
1138 2230 1205 2262 ins¬

358 2280 521 2315 titutrice
561 2279 781 2318 permettant
824 2284 962 2308 exercer
999 2270 1206 2311 provisoire¬

356 2326 456 2356 ment
482 2332 550 2354 aux
578 2318 740 2352 colonies.
767 2317 930 2355 Réponse
957 2313 1108 2350 assurée,
1138 2311 1206 2346 dis¬

356 2363 491 2397 crétion
515 2361 670 2400 absolue,
699 2356 927 2396 échangerait
954 2356 1075 2395 photo.

404 2423 497 2454 1296.
523 2438 568 2444 —
594 2417 829 2457 Propriétaire
856 2417 890 2449 et
914 2413 1093 2448 tenancier
1120 2413 1209 2446 d’un

356 2463 454 2497 hôtel
487 2461 677 2497 florissant,
711 2459 754 2491 45
787 2469 862 2494 ans.
896 2456 994 2489 taille
1023 2463 1207 2492 moyenne,

355 2503 551 2539 excellente
576 2500 688 2537 santé,
719 2500 860 2533 fortune
889 2496 1031 2530 150.000
1059 2496 1121 2531 fr.,
1151 2492 1208 2526 dé¬

359 2544 429 2579 sire
460 2543 615 2581 mariage
655 2551 739 2574 avec
774 2537 974 2572 demoiselle
1011 2548 1057 2570 ou
1094 2546 1209 2568 veuve

359 2588 469 2624 ayant
498 2584 668 2618 situation
692 2587 728 2616 et
758 2581 822 2619 âge
848 2591 892 2613 en
920 2581 1078 2618 rapport.

404 2645 544 2676 1298.—
568 2639 761 2677 Monsieur,
785 2639 828 2671 32
852 2649 926 2672 ans.
953 2634 1209 2670 fonctionnaire

359 2685 458 2722 Etat,
486 2683 585 2716 9.000
613 2682 657 2714 fr.
688 2692 753 2715 par
782 2691 838 2717 an,
866 2678 1025 2711 instance
1056 2675 1209 2712 divorce,

358 2737 443 2761 sans
463 2725 600 2760 enfant,
625 2721 740 2755 désire
766 2720 948 2754 connaître
973 2729 1063 2757 pour
1085 2715 1209 2749 maria¬

361 2778 404 2804 ge
436 2766 540 2804 jeune
572 2764 654 2802 fille,
687 2773 801 2796 veuve
834 2773 878 2794 ou
911 2759 1088 2797 divorcée,
1120 2758 1163 2791 20
1189 2756 1210 2788 à

360 2808 405 2842 30
427 2818 502 2844 ans,
526 2806 620 2843 bien,
645 2803 816 2838 situation
836 2813 879 2834 en
900 2803 1060 2839 rapport.

406 2867 500 2898 1300.
525 2882 568 2888 —
590 2861 769 2895 Monsieur
794 2859 935 2893 divorcé
958 2858 979 2891 à
1002 2869 1066 2890 son
1091 2857 1209 2892 profit.

360 2907 404 2940 43
433 2917 509 2941 ans.
536 2904 658 2942 région
686 2901 824 2938 Savoie,
852 2903 962 2938 ayant
990 2898 1089 2931 avoir
1113 2897 1212 2930 8.000

362 2948 492 2984 francs,
524 2945 596 2981 très
630 2943 781 2981 sérieux,
814 2954 878 2980 pas
912 2941 1064 2978 buveur,
1101 2949 1212 2976 gagne

361 3000 428 3026 par
454 2988 532 3025 jour
554 2987 597 3019 20
620 2985 679 3023 fr.,
703 2982 817 3017 désire
841 2982 988 3020 épouser
1010 2979 1117 3020 jeune
1140 2977 1213 3013 fille

362 3030 408 3063 de
428 3029 470 3062 20
492 3028 514 3061 à
534 3028 576 3061 38
599 3038 663 3059 ans
684 3037 730 3058 ou
752 3034 877 3062 veuve,
901 3023 1014 3055 même
1036 3019 1211 3056 divorcée,

363 3081 449 3102 avec
479 3080 524 3102 ou
561 3079 641 3101 sans
672 3066 809 3102 enfant,
845 3074 930 3097 avec
959 3064 1020 3096 dot
1056 3073 1101 3095 ou
1132 3071 1213 3094 sans

361 3111 438 3148 dot,
462 3125 504 3146 r»
528 3108 675 3142 cherche
697 3119 762 3143 pas
785 3105 927 3138 fortune
949 3109 987 3140 et
1008 3102 1085 3136 fera
1107 3101 1212 3134 dona¬

363 3152 450 3185 tion.
483 3150 642 3184 Enverra
669 3148 780 3187 photo
805 3158 849 3180 en
874 3145 1042 3183 échange.

408 3210 502 3241 1302.
530 3225 575 3232 —
609 3204 831 3241 Célibataire,
862 3202 905 3235 40
939 3212 1016 3238 ans,
1047 3208 1213 3233 commer¬

364 3254 448 3287 çant
482 3259 527 3281 en
562 3244 917 3280 tissus-confections,
952 3242 1070 3275 bonne
1106 3240 1214 3273 situa¬

362 3292 452 3328 tion,
490 3289 603 3322 désire
635 3287 791 3324 mariage
826 3295 911 3317 avec
942 3292 1116 3322 personne
1146 3280 1214 3313 dis¬

362 3330 521 3369 tinguée,
560 3329 788 3364 affectueuse,
825 3324 985 3359 désirant
1022 3321 1216 3356 collaborer

364 3384 410 3406 au
434 3381 636 3406 commerce.

1313 481 1406 512 1304.
1434 479 1478 510 —
1507 477 1612 514 Veuf,
1643 477 1685 510 39
1713 487 1789 512 ans,
1813 475 1833 507 2
1861 472 2004 507 enfants
2031 473 2053 504 9
2079 474 2118 505 et

1265 522 1286 554 3
1319 532 1396 557 ans,
1432 517 1743 557 coupeur-tailleur
1771 526 1861 551 pour
1895 514 2051 546 hommes
2079 515 2118 544 et

1267 562 1401 598 dames,
1429 560 1532 594 sobre
1558 562 1594 592 et
1619 556 1839 594 travailleur,
1866 554 1980 588 désire
2007 553 2116 588 union

1268 614 1351 636 avec
1380 612 1552 640 personne
1579 600 1802 633 affectueuse.

1312 651 1451 681 1306.—
1477 645 1700 682 Célibataire,
1720 645 1762 676 44
1787 654 1862 681 ans,
1885 642 1986 676 taille
2010 641 2028 673 l
2031 647 2058 663 m
2059 640 2115 678 60,

1271 689 1342 723 bon
1384 688 1537 726 ouvrier,
1583 686 1798 722 catholique,
1842 683 1957 721 sobre,
2002 681 2110 719 doux,

1267 732 1383 764 bonne
1411 729 1524 766 santé,
1557 727 1724 763 aimable,
1755 724 1960 763 tranquille,
1993 722 2116 756 écono¬

1268 775 1338 807 mie
1365 772 1466 805 4.000
1491 769 1534 802 fr.
1567 773 1603 804 et
1633 768 1726 806 petit
1750 766 1884 804 avenir,
1917 764 2117 804 épouserait

1269 812 1468 850 demoiselle
1488 822 1533 844 ou
1559 820 1671 843 veuve
1697 819 1779 842 sans
1805 807 1942 843 enfant,
1970 806 2057 839 dans
2082 804 2119 837 la

1271 854 1515 893 quarantaine,
1555 855 1665 890 ayant
1703 850 1820 883 bonne
1856 848 1960 881 santé
1995 859 2005 885 ;
2042 845 2123 879 très

1269 896 1417 929 sérieux.

1315 943 1409 973 1308.
1442 959 1486 964 —
1522 939 1707 974 Adjudant
1742 936 1875 971 Infant,
1935 932 2117 969 coloniale,

1270 981 1432 1015 médaillé
1460 980 1640 1015 militaire.
1668 978 1710 1011 35
1734 989 1808 1012 ans.
1838 974 2046 1009 retraitable
2069 974 2119 1006 fin

1271 1024 1393 1062 année,
1426 1022 1525 1056 2.000
1556 1021 1577 1053 à
1609 1020 1707 1053 2.500
1735 1018 1779 1050 fr.
1812 1016 1974 1055 pension,
2005 1015 2124 1051 petite

1270 1065 1344 1103 dot,
1373 1063 1504 1101 emploi
1531 1060 1628 1099 civil,
1656 1061 1698 1092 45
1726 1059 1748 1092 à
1775 1058 1898 1091 50.000
1923 1056 2042 1088 francs
2068 1066 2121 1087 es¬

1270 1107 1449 1145 pérances,
1470 1103 1616 1138 cherche
1638 1101 1794 1135 mariage
1815 1110 1900 1131 avec
1923 1098 2027 1137 jeune
2048 1096 2125 1132 fille

1271 1160 1317 1182 ou
1345 1158 1461 1180 veuve
1491 1145 1535 1179 de
1561 1154 1699 1183 guerre,
1730 1153 1811 1175 sans
1841 1140 1978 1177 enfant,
2010 1137 2118 1171 situa¬

1271 1190 1346 1223 tion
1373 1200 1418 1222 en
1445 1189 1601 1225 rapport,
1632 1186 1674 1218 29
1702 1195 1766 1216 ans
1789 1181 1996 1217 maximum,
2024 1189 2126 1211 assez

1273 1230 1404 1268 grande
1429 1229 1473 1261 de
1493 1226 1710 1265 préférence,
1737 1221 2006 1260 sténo-dactylo,
2026 1219 2120 1252 fonc¬

1271 1271 1461 1307 tionnaire.
1494 1267 1673 1306 emplovée
1709 1277 1756 1299 ou
1796 1266 1911 1303 autre,
1954 1271 2120 1295 commer¬

1273 1315 1374 1351 çante
1407 1310 1500 1348 (sauf
1526 1307 1773 1342 institutrice!.

1319 1361 1413 1391 1310.
1466 1376 1507 1382 —
1561 1351 1784 1388 Célibataire.
1818 1351 1860 1383 33
1913 1361 1989 1387 ans,
2022 1348 2128 1381 taille

1273 1410 1455 1435 movenne,
1480 1397 1595 1430 bonne
1617 1394 1731 1429 santé,
1750 1392 1926 1429 phvsique
1944 1389 2120 1429 agréable,

1271 1441 1345 1474 très
1381 1439 1532 1473 sérieuse
1562 1435 1707 1474 famille,
1743 1432 1952 1467 honorable,
1988 1428 2129 1463 facilité

1273 1483 1317 1515 de
1344 1481 1652 1518 renseignements,
1682 1475 1845 1514 antitudç
1869 1471 2124 1507 commerciale,

1274 1524 1336 1557 dot
1365 1522 1495 1560 14.000,
1527 1519 1730 1558 espérances
1760 1516 1893 1551 30.000.
1922 1512 2124 1552 épouserait

1275 1564 1476 1602 demoiselle
1496 1573 1542 1594 ou
1557 1571 1671 1594 veuve
1688 1559 1731 1592 28
1750 1558 1772 1591 à
1792 1558 1836 1592 30
1855 1567 1931 1594 ans,
1953 1554 2128 1588 situation-

1274 1618 1317 1640 en
1342 1608 1499 1640 rapport.
1527 1603 1714 1641 Mayenne.

1321 1652 1414 1684 1312.
1438 1671 1481 1675 —
1504 1649 1591 1682 Sans
1616 1657 1783 1680 annonce.

1322 1699 1414 1729 1314.
1443 1715 1488 1721 —
1516 1694 1699 1732 Capitaine
1727 1702 1769 1724 en
1795 1689 1952 1726 activité,
1977 1688 2018 1722 41
2049 1698 2125 1721 ans,

1276 1738 1418 1773 divorcé
1442 1737 1463 1770 à
1490 1747 1553 1770 son
1577 1735 1696 1773 profit,
1722 1732 1836 1766 désire
1860 1729 2016 1768 mariage
2041 1738 2132 1760 avec

1275 1792 1390 1814 veuve
1420 1790 1465 1812 ou
1494 1775 1668 1811 divorcée,
1700 1777 1810 1808 avant
1839 1771 1944 1810 goûts
1968 1768 2125 1807 simples,

1277 1820 1447 1856 situation
1471 1822 1505 1853 et
1531 1818 1595 1856 âge
1622 1829 1665 1850 en
1690 1816 1848 1849 rapport.

1324 1869 1416 1900 1316.
1442 1885 1486 1889 —
1508 1863 1711 1898 Industriel,
1739 1862 1781 1895 28
1809 1872 1883 1894 ans.
1912 1857 2124 1894 catholique,

1279 1909 1405 1946 grand,
1442 1907 1533 1939 beau
1580 1904 1766 1943 phvsinue.
1812 1900 1925 1935 désire
1972 1897 2134 1935 mariage-

1279 1960 1362 1983 avec
1385 1958 1558 1987 personne
1583 1949 1693 1980 avant
1719 1954 1814 1976 assez
1841 1952 1961 1980 grosse
1986 1939 2129 1974 fortune

1279 2002 1368 2028 pour
1394 1990 1528 2022 donner
1556 1986 1738 2021 extension
1769 1984 1791 2017 à
1821 1995 1885 2017 son
1910 1980 2086 2014 industrie
2118 1991 2130 2016 ;

1280 2032 1392 2065 même
1414 2031 1494 2068 plus
1522 2028 1616 2067 âgée.
1649 2026 1734 2059 Très
1759 2023 1908 2058 sérieux.

1325 2080 1419 2111 1318.
1444 2095 1487 2100 —
1514 2072 1738 2110 Célibataire,
1764 2072 1807 2105 49
1829 2082 1905 2106 ans.
1928 2068 2129 2109 paraissant

1280 2120 1404 2156 moins,
1433 2115 1644 2151 catholique,
1678 2113 1812 2146 famille
1842 2109 2047 2145 honorable,
2079 2108 2129 2142 sé¬

1280 2160 1395 2195 rieux.
1423 2159 1496 2191 très
1530 2157 1643 2193 sobre,
1671 2153 1848 2188 économie
1882 2152 2015 2187 30.000.
2049 2151 2131 2183 plus

1281 2210 1474 2235 commerce
1511 2197 1661 2237 (Loire),
1698 2193 1900 2233 épouserait
1929 2190 2136 2225 demoiselle

1281 2244 1322 2277 36
1345 2242 1365 2274 à
1390 2241 1431 2274 38
1456 2251 1529 2277 ans,
1554 2238 1718 2271 honnête,
1744 2236 1816 2269 très
1841 2234 2002 2268 sérieuse.
2031 2234 2131 2269 —fits

1281 2283 1438 2321 simples,
1477 2282 1610 2314 aimant
1655 2278 1836 2314 intérieur,
1873 2276 2045 2309 situation
2087 2283 2134 2307 en

1282 2326 1438 2359 rapport.

1325 2371 1418 2404 1320.
1445 2388 1491 2393 —
1538 2367 1642 2405 Veuf,
1669 2365 1712 2399 37
1737 2378 1811 2402 ans,
1834 2362 1916 2396 bien
1941 2360 2130 2401 physique¬

1284 2416 1391 2449 ment,
1425 2407 1617 2447 distingué,
1646 2407 1749 2443 brun,
1781 2404 1982 2444 paraissant
2013 2401 2131 2440 jeune,

1285 2453 1353 2492 gai,
1386 2451 1596 2487 affectueux,
1661 2447 1813 2484 sérieux,
1838 2445 1908 2478 bon
1942 2441 2131 2479 caractère,

1284 2494 1533 2529 commerçant,
1583 2490 1724 2522 homme
1745 2488 1792 2522 du
1819 2485 1960 2524 monde,
2012 2483 2135 2517 20.000

1286 2536 1402 2568 francs
1435 2531 1622 2569 économie,
1660 2529 1778 2563 12.000
1807 2525 2068 2560 marchandises
2097 2526 2136 2556 et

1285 2574 1476 2613 matériel,.
1485 2584 1570 2606 avec
1597 2571 1803 2606 espérances
1831 2565 2068 2608 personnelles
2098 2567 2134 2597 et

1285 2615 1447 2651 d’avenir
1473 2616 1516 2648 de
1538 2612 1684 2651 famille,
1715 2610 1862 2644 cherche
1888 2618 2061 2646 personne
2089 2604 2133 2640 si¬

1285 2657 1425 2691 tuation
1450 2668 1493 2690 en
1520 2656 1677 2694 rapport,
1709 2653 1751 2685 de
1775 2651 1817 2684 23
1840 2651 1860 2684 à
1889 2651 1930 2683 40
1959 2659 2033 2683 ans,
2063 2647 2133 2681 ins¬

1285 2699 1397 2733 truite
1419 2703 1458 2732 et
1479 2698 1521 2731 de
1542 2696 1610 2728 bon
1638 2694 1722 2731 goût
1749 2706 1758 2730 ;
1781 2703 1929 2725 enverra
1948 2691 2073 2730 photo,
2098 2701 2138 2722 se

1287 2740 1469 2777 déplacera
1509 2737 1537 2771 si
1577 2736 1673 2770 utile.
1716 2735 1784 2767 Pas
1817 2732 1955 2766 sérieux
1988 2730 2134 2764 s’abste¬

1286 2782 1350 2816 nir.

1328 2822 1423 2855 1322.
1451 2840 1495 2845 —
1541 2821 1731 2857 Voyageur
1756 2823 1962 2852 commerce,
1988 2813 2031 2846 24
2058 2823 2134 2849 ans,

1286 2864 1460 2902 physique
1482 2859 1658 2899 agréable,
1684 2857 1845 2895 désireux
1873 2855 2017 2889 étendre
2045 2863 2139 2887 com¬

1286 2914 1414 2941 merce,
1438 2900 1641 2941 épouserait
1681 2899 1788 2938 jeune
1811 2897 1886 2929 fille
1909 2896 2137 2931 affectueuse,

1288 2945 1431 2982 sincère,
1466 2944 1598 2976 aimant
1630 2943 1663 2974 le
1692 2950 1897 2977 commerce,
1953 2936 2138 2971 disposant

1287 2986 1380 3026 petit
1399 2985 1529 3022 capital
1553 2998 1561 3018 :
1582 2982 1705 3016 affaire
1722 2992 1765 3014 en
1786 2990 1899 3018 cours,
1917 2976 2067 3011 réussite
2084 2986 2137 3008 as¬

1289 3027 1390 3062 surée
1412 3025 1440 3059 si
1459 3026 1587 3058 femme
1608 3022 1766 3060 capable.
1792 3020 1877 3054 Très
1899 3019 2049 3053 sérieux.

1332 3072 1474 3106 1324.—
1492 3068 1694 3107 Industriel,
1718 3068 1759 3101 65
1780 3078 1853 3105 ans,
1874 3064 2010 3104 décoré,
2029 3066 2139 3103 ayant

1289 3115 1359 3148 bon
1388 3112 1532 3151 capital,
1566 3108 1804 3144 honorabilité
1833 3106 2002 3147 parfaite,
2039 3104 2138 3137 réali¬

1288 3159 1370 3190 sant
1393 3164 1472 3193 gros
1494 3150 1679 3189 bénéfices,
1702 3149 1776 3183 très
1798 3149 1914 3182 bonne
1936 3145 2048 3184 santé,
2068 3144 2138 3178 bon

1290 3195 1501 3234 catholique,
1542 3192 1719 3226 caractère
1751 3189 1872 3229 jovial,
1911 3187 2021 3222 désire
2060 3197 2138 3219 con¬

1290 3238 1407 3271 naître
1432 3246 1546 3269 veuve
1574 3245 1616 3267 ou
1646 3231 1821 3266 divorcée,
1849 3231 1962 3264 même
1988 3229 2055 3267 âge
2081 3226 2140 3260 dé¬

1291 3277 1370 3316 siré,
1399 3277 1515 3310 bonne
1539 3273 1654 3309 santé,
1684 3270 1860 3308 fortunée,
1892 3265 2051 3309 désirât
2078 3267 2139 3299 ha¬

1291 3319 1385 3352 biter
1405 3317 1538 3356 grande
1557 3316 1652 3349 ville.
1674 3315 1772 3350 Nice,
1791 3312 1914 3346 climat
1932 3310 2038 3346 idéal,
2061 3318 2139 3346 par¬

1292 3360 1385 3393 fums
1415 3360 1474 3393 des
1503 3358 1623 3395 fleurs,
1655 3355 1814 3388 bonheur
1842 3350 1978 3393 parfait
2006 3347 2137 3384 assuré.
