2472 3696
1126 266 1177 272 —
1207 242 1257 283 49
1286 268 1336 275 —

683 159 698 184 *

392 349 500 385 1.089.
527 368 571 374 —
602 350 822 390 Demoiselle,
851 350 894 383 41
947 362 1022 391 ans,
1052 363 1096 385 ne
1152 351 1202 385 les

345 392 545 440 paraissant
576 403 655 436 pas,
680 392 890 435 présentant
948 393 1046 435 bien,
1076 393 1202 437 petite,

346 434 545 477 épouserait
599 434 782 469 Monsieur
811 435 853 469 42
878 435 899 468 à
929 435 971 468 48
1031 447 1108 477 ans,
1132 447 1200 469 em¬

344 478 448 521 ployé
476 478 519 511 de
546 478 691 519 bureau,
727 478 770 511 de
795 489 987 512 commerce
1038 490 1083 512 ou
1109 480 1194 521 petb

346 524 592 563 commerçant,
643 520 810 554 habitant
848 520 948 564 Lyon
997 521 1040 554 de
1088 521 1199 565 préfé¬

346 574 455 597 rence.

1315 350 1422 383 1.071.
1448 369 1492 375 —
1518 350 1737 391 Demoiselle,
1769 350 1811 383 48
1872 361 1947 390 ans,
1977 347 2123 393 portant

1268 393 1394 434 moins,
1424 393 1571 435 grande,
1600 393 1705 434 belle,
1740 392 1951 434 distinguée,
1988 403 2123 435 sympa¬

1268 435 1391 478 thique
1444 435 1609 477 cultivée,
1648 435 1777 469 femme
1845 434 2056 468 d’intérieur
2088 438 2125 468 et

1270 478 1467 521 mondaine,
1506 478 1685 520 instruite,
1727 489 1810 511 avec
1879 478 1972 521 petit
2009 477 2120 517 avoir,

1268 521 1453 560 situation,
1480 520 1701 561 immeubles,
1732 520 1948 562 espérances,
1977 519 2124 553 cherche

1269 564 1357 597 mari
1387 564 1536 604 sérieux,
1570 563 1714 606 cultivé,
1754 563 1944 605 distingué,
1982 562 2123 596 fortuné

1267 614 1300 642 et
1326 609 1467 640 surtout
1492 606 1570 640 bon.

455 894 873 950 AVIS
967 894 2005 950 IMPORTANT

1112 1029 1210 1033 -
1210 1021 1253 1042 5*6
1253 1029 1350 1034 -

399 1125 520 1169 Nous
548 1128 712 1178 prions
741 1135 826 1170 nos
851 1128 1061 1170 aPonnês
1090 1129 1201 1170 dont
1226 1128 1568 1170 l’abonnement
1599 1126 1757 1177 expire
1788 1127 1900 1169 dans
1935 1126 1977 1168 le
2006 1134 2118 1168 cou¬

344 1205 454 1247 rant
499 1205 558 1247 du
589 1205 722 1255 mois,
752 1206 801 1247 et
837 1206 921 1257 qui
963 1205 1179 1249 désirent
1228 1206 1473 1249 continuer
1513 1203 1541 1248 à
1576 1205 1764 1247 utiliser
1796 1204 1864 1246 les
1911 1204 2119 1246 seroices

344 1283 397 1325 de
435 1274 896 1326 L’INTERMÉDIAIRE
931 1283 1005 1327 DU
1040 1282 1212 1326 FOYER
1256 1285 1310 1326 de
1355 1282 1537 1325 oouloir
1575 1283 1683 1326 bien
1717 1289 1837 1325 nous
1864 1282 1984 1324 faire
2008 1282 2121 1331 part

344 1359 398 1401 de
449 1365 555 1403 leur
604 1360 811 1404 décision
868 1362 1012 1404 aoant
1061 1363 1101 1404 le
1149 1360 1214 1404 25
1269 1360 1391 1404 aorll
1425 1368 1547 1412 pour
1594 1368 1712 1403 nous
1757 1361 2014 1409 permettre
2065 1360 2118 1401 de

344 1438 593 1481 maintenir
618 1438 720 1481 leur
745 1446 950 1482 annonce
981 1440 1097 1482 dans
1126 1439 1259 1481 notre
1289 1439 1480 1482 numéro
1509 1438 1563 1480 de
1589 1438 1687 1480 mai
1737 1436 1876 1479 1920.

1445 1654 1570 1698 V.-J.
1610 1652 1937 1696 PELISSIER

535 1784 973 1822 Conseils
1031 1785 1343 1825 TLJtiless

1042 1897 1291 1934 pour
1350 1888 1371 1923 1
1385 1896 1433 1923 e
1488 1887 1920 1930 IVtariage

609 2021 638 2053 a
668 2012 852 2062 l’usage
884 2015 964 2056 des
988 2014 1161 2066 jeunes
1192 2015 1329 2057 Filles
1356 2015 1404 2056 et
1436 2018 1516 2056 des
1536 2013 1712 2064 jeunes
1738 2013 1855 2056 Gens

1172 2357 1218 2384 30
1225 2357 1280 2385 TT

358 2458 1066 2594 BONHEUR
1198 2462 1370 2590 EN
1510 2434 2114 2594 MÉNAGE

730 2738 1164 2804 FORMALITÉS
1212 2751 1294 2802 ET
1336 2751 1708 2804 CONTRATS

424 2971 490 3013 En
522 2978 654 3013 vente
685 2973 708 3014 à
744 2973 770 3014 Y
773 2974 1122 3015 Intermédiaire
1153 2975 1210 3014 du
1242 2974 1413 3027 Foyer.
1456 2974 1506 3011 —
1555 2974 1724 3013 PRIX
1763 2984 1773 3009 :
1807 2973 1850 3014 2
1886 2973 2027 3014 francs

608 3050 848 3093 FRANCO
886 3058 1009 3106 poste
1048 3051 1512 3093 recommandé..
1554 3051 1598 3092 2
1622 3051 1673 3093 fr.
1697 3051 1793 3093 50

346 3247 476 3276 \nciens
495 3246 755 3275 Etablissements
776 3246 1015 3276 LEGENDRE.
1042 3257 1087 3282 14,
1110 3256 1164 3275 rue
1184 3246 1425 3279 Bellecordière,
1448 3246 1547 3281 Lyon.
1611 3249 1643 3274 Le
1658 3247 1939 3274 Direeteur-üérant
1956 3257 1960 3261 ■
1976 3247 2088 3274 LALOY
2103 3270 2110 3277 .
