2472 3696
714 454 931 558 LE
1002 449 1775 557 MARIAGE

359 552 470 624 [>/
643 550 706 593 M
733 550 789 600 -*7
811 549 970 589 âdrtüA
1017 554 1040 598 ''
2087 554 2123 593 U

912 623 1191 676 FACILITÉ
1221 634 1256 674 A
1288 633 1446 675 TOUS
1481 633 1595 674 PAR

369 686 381 715 }
393 678 404 712 i

367 757 391 796 «
438 751 1025 796 LiNTURAIB
1041 749 1411 792 DIAIRB
1483 751 1549 790 D
1566 751 1627 791 LJ
1697 748 2071 790 FOYEU
2126 763 2146 786 »

489 992 508 1015 «
531 974 983 1016 L’INTERMEDIAIRE
1019 975 1082 1014 DU
1113 974 1269 1014 FOYER
1304 991 1320 1010 »
1351 975 1478 1014 n'est
1501 984 1593 1024 pas
1622 984 1715 1014 une
1743 984 1925 1024 agence
1973 975 2151 1014 matri¬

368 1041 613 1087 moniale;
638 1040 755 1078 c’est
784 1048 876 1076 une
897 1046 1066 1077 œuvre
1087 1035 1227 1075 créée
1250 1045 1382 1084 pour
1406 1034 1656 1073 favoriser
1676 1036 1723 1073 et
1742 1033 1962 1073 faciliter
1981 1033 2028 1072 le
2050 1044 2150 1073 ma¬

372 1102 519 1151 riage
539 1107 655 1140 entre
675 1111 899 1149 personnes
924 1097 1185 1143 honorables,
1219 1099 1241 1134 à
1266 1098 1338 1145 qui
1369 1097 1404 1134 le
1429 1108 1612 1146 manque
1640 1097 1690 1134 de
1720 1093 1914 1134 relations
1938 1093 2129 1142 impose

368 1161 493 1201 neuf
511 1159 606 1198 fois
624 1167 715 1196 sur
734 1156 822 1195 dix
827 1157 837 1205 ,
868 1157 915 1195 le
937 1155 1132 1194 célibat.

486 1234 544 1272 En
579 1233 685 1279 effet,
726 1243 805 1273 nue
840 1231 917 1269 fait
949 1230 987 1268 la
1021 1240 1225 1278 personne
1255 1229 1326 1277 qui
1362 1227 1493 1265 désire
1528 1238 1570 1264 se
1599 1227 1749 1264 marier
1773 1226 1789 1264 ?
1822 1226 1922 1265 Sauf
1952 1226 2000 1265 de
2036 1240 2144 1266 rares

376 1293 628 1342 exceptions,
661 1291 737 1329 elle
764 1289 985 1328 recherche
1012 1289 1113 1326 dans
1136 1299 1210 1325 son
1241 1292 1468 1335 entourage
1491 1285 1595 1323 celui
1622 1298 1674 1323 ou
1701 1286 1801 1323 celle
1828 1288 1900 1334 qui
1927 1285 2018 1324 doit
2044 1286 2146 1324 faire

375 1364 450 1389 son
480 1350 682 1398 bonheur,
711 1354 754 1387 et
778 1353 953 1388 souvent
980 1348 1055 1385 elle
1081 1345 1298 1395 s’aperçoit
1326 1343 1533 1395 qu’aucun
1562 1345 1667 1393 parti
1694 1356 1746 1381 ne
1774 1344 1931 1392 répond
1958 1344 1978 1381 à
2007 1342 2144 1383 l’Idéal

368 1408 524 1458 'qu’elle
559 1408 650 1446 s’est
684 1409 831 1455 formé,
877 1412 915 1445 et
944 1418 1038 1456 que,
1085 1407 1186 1444 dans
1223 1417 1281 1442 ses
1324 1405 1530 1450 relations,
1570 1403 1644 1441 elle
1680 1400 1745 1441 n’a
1790 1414 1951 1440 aucune
1991 1401 2147 1438 chance

372 1467 595 1506 d’aboutir.

484 1544 705 1582 Comment
730 1543 855 1581 Sortir
886 1543 936 1580 de
965 1547 1067 1580 cette
1099 1542 1277 1589 impasse
1302 1541 1318 1578 ?
1348 1541 1379 1577 A
1413 1542 1485 1589 qui
1511 1543 1702 1577 raconter
1730 1549 1790 1576 ses
1821 1537 1960 1587 peines
1986 1536 2001 1574 ?
2036 1536 2146 1585 Trop

375 1608 561 1643 souvent,
592 1603 703 1640 hélas
728 1601 736 1639 I
761 1602 798 1640 la
824 1613 1042 1650 personne,
1070 1612 1122 1638 ne
1146 1601 1318 1639 sachant
1341 1600 1363 1637 à
1387 1598 1458 1648 qui
1483 1611 1521 1636 se
1542 1597 1708 1645 confier,
1740 1601 1871 1635 remet
1890 1598 1912 1634 à
1938 1595 2031 1645 plus
2054 1595 2145 1632 tard

334 1662 342 1675 *
370 1663 693 1701 lanécessitéde
710 1663 895 1710 prendre
907 1671 992 1699 une
1004 1660 1617 1707 décision,espérainttoujours
1633 1658 1762 1704 qu’un
1783 1658 1976 1693 heureux
1994 1655 2146 1691 hasard

376 1722 415 1761 la
435 1722 657 1760 favorisera
686 1726 725 1759 et
756 1721 816 1758 lui
849 1724 1074 1768 permettra
1102 1719 1152 1757 de
1183 1722 1425 1756 rencontrer
1454 1718 1492 1754 le
1522 1717 1628 1766 parti
1659 1715 1884 1761 rêvé.Mais,
1898 1712 2083 1763 pendant
2101 1725 2146 1751 ce

376 1786 522 1830 temps,
564 1780 619 1817 les
651 1781 780 1829 jours,
817 1780 873 1816 les
909 1778 1123 1825 semaines,
1158 1778 1214 1814 les
1247 1779 1353 1815 mois
1385 1780 1550 1825 passent
1585 1779 1625 1812 et
1654 1775 1682 1812 il
1715 1774 1847 1812 arrive
1872 1770 2144 1822 quelquefois

374 1852 456 1890 que
504 1839 707 1889 plusieurs
757 1839 906 1876 années
952 1835 1175 1875 s’écoulent
1223 1839 1346 1873 avant
1392 1846 1476 1883 que
1514 1832 1733 1871 l’occasion
1777 1836 1866 1870 tant
1908 1831 2063 1871 désirée
2105 1841 2146 1867 se

376 1900 578 1948 présente.

481 1975 753 2013 Nombreuses
780 1975 874 2011 sont
900 1975 955 2011 les
978 1972 1160 2020 familles
1190 1972 1260 2020 qui
1286 1973 1358 2010 ont
1388 1971 1449 2009 été
1478 1969 1636 2019 privées
1665 1970 1712 2007 de
1744 1969 1782 2006 la
1809 1967 1894 2017 joie
1920 1968 1968 2005 de
1995 1966 2146 2004 marier

374 2035 484 2073 leurs
513 2034 678 2082 enfants
683 2034 690 2082 ,
720 2034 828 2071 leurs
858 2032 1050 2070 relations
1075 2043 1113 2068 se
1143 2032 1320 2068 bornant
1348 2030 1371 2067 à
1400 2042 1457 2067 un
1483 2028 1694 2076 voisinage
1727 2025 1930 2065 restreint.

482 2112 529 2149 Et
560 2111 753 2149 combien
779 2111 826 2148 de
854 2120 1014 2154 veuves,
1045 2109 1191 2155 jeunes
1216 2116 1361 2144 encore
1365 2118 1374 2152 ,
1409 2117 1447 2144 se
1481 2107 1673 2144 trouvant
1703 2105 1805 2142 dans
1835 2104 1869 2140 le
1900 2103 2034 2141 même
2063 2113 2127 2139 cas
2131 2131 2139 2146 ,

377 2168 494 2208 n’ont
515 2181 570 2217 pu
593 2181 633 2206 se
656 2168 853 2206 remarier
871 2168 884 2205 !
907 2167 1149 2215 Cependant
1168 2165 1263 2204 elles
1288 2165 1477 2203 auraient
1500 2176 1555 2213 pu
1580 2164 1692 2200 créer
1715 2174 1773 2200 un
1800 2173 1990 2199 nouveau
2013 2160 2144 2209 foyer,

377 2228 482 2267 faire
508 2229 543 2265 le
575 2228 766 2265 bonheur
794 2225 893 2264 d’un
925 2226 1078 2264 nouvel
1103 2227 1251 2274 époux,
1289 2229 1329 2262 et
1360 2224 1443 2261 être
1474 2223 1692 2260 heureuses
1723 2220 2012 2267 elles-mêmes,
2049 2220 2079 2257 si
2110 2221 2148 2259 le

375 2289 510 2326 destin
548 2287 638 2324 leur
669 2286 775 2324 avait
814 2285 967 2334 permis
997 2285 1049 2325 de
1082 2288 1323 2322 rencontrer
1360 2278 1464 2319 celui
1504 2281 1588 2329 qui,
1630 2291 1669 2317 se
1708 2283 1907 2318 trouvant
1945 2277 2146 2327 peut-être

374 2351 466 2385 tout
503 2346 593 2395 près
624 2344 773 2391 d’elles,
815 2343 1030 2382 cherchait
1059 2342 1289 2387 lui-même,
1323 2341 1373 2379 de
1409 2352 1485 2378 son
1520 2339 1625 2385 côté,
1663 2336 1785 2376 l’âme
1822 2336 1948 2375 soeur.
1987 2336 2037 2385 Et
2068 2348 2147 2385 que

378 2405 561 2444 fallait-il
594 2417 699 2454 pour
735 2416 814 2453 que
843 2404 882 2441 la
917 2402 1040 2441 chose
1070 2401 1224 2439 arrivât
1247 2400 1263 2439 ?
1302 2401 1366 2439 Un
1404 2400 1490 2437 rien
1494 2412 1503 2445 ,
1544 2410 1622 2437 une
1662 2398 1782 2436 tierce
1819 2407 2024 2445 personne
2059 2396 2129 2444 qui
2132 2426 2140 2442 ,

374 2464 701 2511 correspondant
725 2473 823 2500 avec
845 2465 934 2500 tous
960 2462 1015 2499 les
1036 2459 1142 2498 deux
1145 2472 1153 2507 ,
1180 2459 1313 2497 aurait
1335 2469 1394 2508 pu
1419 2459 1474 2496 les
1499 2459 1643 2496 mettre
1670 2467 1722 2494 en
1746 2458 1931 2504 rapport.

484 2541 532 2579 Et
555 2541 610 2578 les
635 2541 780 2589 jeunes
810 2537 913 2576 filles
937 2537 954 2575 ?
982 2537 1022 2576 Si
1050 2536 1134 2575 l’on
1161 2536 1356 2585 envisage
1385 2535 1422 2573 la
1453 2534 1649 2572 situation
1679 2532 1805 2572 d’une
1833 2530 2069 2570 demoiselle
2094 2542 2144 2569 en

374 2600 450 2649 âge
477 2601 526 2638 de
557 2611 598 2636 se
622 2599 787 2643 marier,
797 2599 874 2635 elle
899 2601 957 2635 est
983 2609 1067 2634 non
1089 2596 1225 2634 moins
1238 2591 1425 2640 délicate;
1438 2591 1487 2631 la
1499 2592 1705 2630 retenue
1719 2589 1936 2638 imposée
1951 2598 2050 2638 par
2061 2598 2146 2626 son

366 2667 488 2697 sexe
508 2657 581 2695 lui
601 2655 812 2695 interdit
832 2656 963 2693 toute
989 2652 1251 2692 démarche
1267 2650 1600 2700 personnelle,
1634 2657 1672 2691 et
1705 2652 1781 2690 elle
1815 2656 1873 2690 est
1904 2650 2147 2689 fatalement

376 2719 643 2757 condamnée
670 2731 719 2755 au
754 2717 913 2762 célibat,
931 2717 963 2753 si
993 2715 1069 2753 elle
1094 2712 1159 2752 n’a
1177 2726 1248 2762 pas
1275 2714 1315 2751 la
1334 2712 1484 2760 grande
1501 2712 1657 2751 chance
1675 2711 1725 2749 de
1739 2715 1905 2749 trouver
1937 2708 2039 2746 dans
2071 2719 2143 2744 son

373 2785 604 2826 entourage
633 2776 852 2815 immédiat
885 2786 944 2813 un
976 2774 1084 2823 parti
1118 2773 1336 2811 conforme
1369 2772 1392 2809 à
1427 2782 1502 2808 son
1535 2771 1622 2818 âge,
1661 2771 1682 2807 à
1717 2781 1792 2807 son
1828 2780 1934 2819 rang
1962 2771 2000 2806 et
2035 2768 2055 2804 à
2086 2777 2146 2804 ses

373 2836 638 2886 aspirations.

493 2913 531 2952 Si
559 2917 661 2951 cetfe
683 2913 822 2950 bonne
848 2910 1016 2949 fortune
1040 2909 1098 2947 lui
1124 2912 1183 2947 est
1207 2908 1378 2955 refusée,
1409 2907 1487 2946 elle
1512 2911 1610 2956 peut
1635 2905 1744 2943 faire
1762 2904 1899 2953 appel,
1928 2904 2064 2953 parmi
2087 2913 2146 2941 ses

372 2971 707 3017 connaissances,
736 2971 759 3007 à
789 2982 872 3008 une
901 2979 1107 3018 personne
1135 2967 1183 3005 de
1209 2967 1349 3004 bonne
1377 2965 1544 3004 volonté
1578 2984 1628 2990 —
1664 2965 1696 3004 si
1729 2963 1806 3002 elle
1836 2974 1890 3000 en
1919 2968 2066 3001 trouve
2093 2979 2147 2985 —

332 3033 337 3039 '
374 3036 502 3081 ayant
537 3031 604 3068 des
644 3029 838 3067 relations
876 3038 982 3066 assez
1012 3026 1208 3065 étendues
1246 3038 1353 3075 pour
1389 3025 1448 3062 lui
1488 3023 1588 3062 faire
1625 3026 1860 3061 contracter
1894 3034 1978 3061 une
2014 3019 2145 3060 union

373 3088 631 3127 convenable
653 3100 662 3134 ;
699 3087 803 3126 mais
836 3092 939 3125 cette
973 3086 1252 3123 intervention
1287 3084 1388 3123 d'un
1428 3083 1525 3121 tiers
1559 3081 1755 3119 bénévole
1797 3080 1900 3118 n’est
1940 3090 2011 3128 pas
2054 3090 2147 3118 sans

374 3150 586 3197 présenter
613 3147 662 3185 de
692 3159 836 3196 graves
868 3145 1197 3189 inconvénients,
1230 3144 1332 3181 dont
1360 3142 1398 3179 le
1429 3141 1619 3179 moindre
1647 3141 1833 3178 consiste
1859 3141 1881 3176 à
1913 3136 2148 3186 apprendre

372 3207 534 3245 bientôt
574 3218 654 3256 que
684 3203 950 3253 l’obligeante
991 3215 1194 3252 personne
1230 3203 1366 3251 répète
1400 3215 1422 3239 «
1439 3201 1535 3239 urbi
1569 3205 1608 3238 et
1640 3200 1732 3238 orbi
1753 3212 1772 3236 »
1802 3210 1899 3245 que,
1956 3209 2048 3235 sans
2086 3207 2148 3233 ses

371 3260 615 3299 démarches
643 3259 842 3306 réitérées,
872 3259 910 3296 la
933 3258 1063 3306 jeune
1086 3256 1181 3301 fille,
1214 3256 1317 3294 dont
1340 3255 1416 3294 elle
1441 3267 1463 3293 a
1488 3254 1583 3292 b’en
1609 3254 1736 3291 voulu
1759 3246 1991 3294 s’occuper,
2014 3253 2150 3292 aurait

372 3320 496 3358 coiffé
524 3317 917 3356 Sainte-Catherine.
