5204 7176
308 394 362 438 8®
397 392 767 439 année.—N°
975 395 1069 452 fO
1106 403 1246 444 cent.

1488 398 1840 516 ŒUVRE
1912 404 2036 517 DE
2108 397 2948 524 PHILANTHROPIE
3020 413 3444 530 SOCIALE

3988 431 4054 474 Du
4076 434 4136 474 1”
4159 446 4223 478 au
4246 438 4298 478 15
4319 439 4438 480 Mars
4459 440 4570 482 1912

544 623 748 682 Finissait
770 624 802 682 le
834 625 884 683 I"
908 627 942 683 et
968 627 998 683 le
1030 625 1040 683 l
1050 627 1070 683 s

2286 651 2326 747 1

2404 649 2500 750 L

3875 655 4078 711 Paraissant
4102 656 4132 711 le
4164 658 4176 712 1
4184 666 4215 682 er
4240 660 4275 714 et
4296 658 4328 714 le
4360 661 4399 716 1S

322 775 1829 1482 Trait
2082 795 4604 1509 dttnian

1412 1526 1671 1601 DES
1760 1511 2451 1605 INTÉRÊTS
2534 1516 3509 1635 RÉCIPROQUES

620 1654 1066 1708 Combinaison
1103 1656 1372 1720 Mariage
1411 1655 1594 1706 créée
1634 1670 1711 1706 en
1750 1652 1918 1708 1905
1988 1671 2023 1707 •
2059 1671 2094 1707 •
2130 1671 2164 1707 •
2236 1659 2526 1713 Bureaux
2563 1663 2626 1712 et
2659 1662 3172 1719 Administration
3210 1684 3224 1720 :
3263 1668 3370 1730 26,
3408 1686 3522 1723 rue
3559 1673 3847 1742 d’Astorg
3884 1706 3949 1712 —
3987 1679 4303 1734 Toulouse

391 1790 457 1826 LA
482 1789 616 1826 PLUS
639 1790 893 1826 HONNETE

391 1838 455 1872 LA
483 1837 617 1872 PLUS
646 1836 906 1872 DISCRETE

392 1884 456 1919 LA
483 1883 616 1919 PLUS
642 1884 841 1919 RAPIDE

392 1930 458 1966 LA
488 1930 622 1966 PLUS
652 1930 915 1967 SERIEUSE

391 1977 456 2012 LA
482 1976 615 2012 PLUS
639 1976 776 2012 SURE

391 2023 456 2058 LA
484 2023 652 2059 MOINS
679 2023 855 2059 CHERE

392 2070 490 2104 PAS
522 2070 1006 2104 D'INTERMEDIAIRE

392 2116 490 2152 PAS
519 2116 584 2151 DE
614 2115 946 2152 COMMISSION

1699 1788 2632 1853 Directeur-Propriétaire
2730 1799 2904 1858 Jean
2953 1800 3194 1859 BACH

1498 1896 1708 1932 Annonces
1760 1895 1814 1933 de
1867 1896 2038 1943 Mariage
2084 1898 2172 1940 (six
2214 1898 2343 1946 lignes
2400 1903 2446 1935 et
2492 1902 2760 1941 abonnement
2808 1916 2863 1943 au
2910 1904 3094 1953 journal)

1567 1943 1676 1979 Trois
1714 1944 3094 1994 mois........
3152 1955 3219 1992 1V
3250 1957 3398 1995 francs.

1496 1994 1641 2040 Lignes
1662 1995 2526 2041 supplémentaires.
2562 2027 3095 2047 .
3200 2013 3220 2044 i
3290 2031 3335 2038 —

1497 2050 1737 2084 Annnonces
1757 2053 1795 2085 et
1817 2050 2022 2088 Locations
2043 2052 2159 2094 (trois
2180 2052 3093 2100 mois)...
3192 2062 3226 2098 6
3288 2084 3332 2091 —

1498 2100 1595 2137 Avis
1612 2099 1760 2144 divers,
1782 2103 1907 2139 Offres
1928 2107 1966 2139 et
1987 2104 2206 2142 Demandes
2227 2106 2435 2153 d’emplois
2455 2106 2582 2150 (deux
2600 2110 3096 2153 mois)...
3196 2115 3230 2152 3
3290 2135 3335 2143 —

3630 1810 3680 1846 Le
3707 1823 3726 1842 «
3751 1811 3870 1847 Trait
3894 1812 4074 1852 d’Union
4100 1827 4119 1847 »
4146 1819 4207 1852 est
4257 1818 4414 1859 envoyé
4464 1822 4606 1855 contre

3579 1856 3599 1890 0
3623 1858 3674 1890 fr.
3700 1859 3743 1892 10
3764 1858 3791 1892 à
3814 1862 3927 1896 toute
3951 1868 4158 1903 personne
4182 1866 4251 1906 qui
4276 1872 4327 1899 en
4351 1867 4429 1902 fait
4454 1867 4495 1902 la
4542 1867 4604 1902 de¬

3580 1904 3747 1939 mande.

3630 1950 3692 1984 Un
3719 1956 3763 1986 n°
3786 1951 3996 1991 spécimen
4022 1958 4084 1990 est
4108 1955 4230 1992 offert
4255 1958 4606 2000 gracieusement,

3579 1994 3605 2030 à
3630 1998 3720 2032 tout
3746 1998 3935 2041 visiteur,
3960 2001 4068 2035 dans
4093 2008 4168 2036 nos
4194 2003 4396 2039 bureaux.

3627 2042 3679 2078 Le
3727 2043 3906 2079 Journal
3955 2050 4018 2082 est
4043 2047 4215 2083 adressé
4239 2048 4267 2083 à
4316 2056 4391 2085 nos
4418 2051 4604 2086 abonnée

3579 2095 3678 2123 sous
3705 2092 3932 2131 enveloppe
3959 2094 4128 2135 fermée,
4156 2102 4259 2134 sans
4284 2103 4448 2131 aucune
4500 2098 4603 2131 indi¬

3582 2142 3722 2176 cation
3755 2147 4002 2184 apparente.

351 2256 665 2349 Dépositaire
671 2276 697 2336 s
739 2260 804 2336 à
841 2259 905 2335 Tr
909 2263 986 2337 ait
1023 2260 1234 2338 d’IMon

287 2399 398 2433 Paris
427 2400 435 2432 :
463 2400 627 2440 kiosque
654 2400 726 2439 136,
756 2410 824 2435 rue
851 2402 1014 2443 Royale;
1040 2400 1204 2442 kiosque
1231 2400 1302 2439 224,

365 2441 583 2475 boulevard
616 2444 879 2483 Saint-Denis;
912 2443 1075 2483 kiosque
1109 2444 1179 2482 189,
1213 2443 1305 2475 bou¬

366 2483 503 2518 levard
535 2485 823 2524 Saint-Miciiel;
853 2487 1019 2526 kiosque
1050 2486 1120 2523 196,
1174 2485 1306 2518 boule¬

367 2526 464 2559 vard
486 2526 730 2567 Sébastopol.

286 2579 391 2618 Lyon
422 2580 431 2612 :
459 2579 636 2620 kiosque,
664 2580 696 2618 8,
727 2580 838 2620 place
866 2574 935 2622 dqs
962 2580 1175 2620 Terreaux;
1203 2580 1304 2614 kios¬

366 2629 452 2661 que,
473 2622 583 2660 place
600 2623 640 2655 la
656 2624 776 2661 Viste;
796 2622 960 2662 kiosque
979 2622 995 2654 1
1013 2622 1086 2660 bis,
1107 2623 1218 2664 place
1235 2623 1303 2655 des

366 2663 599 2703 Cordeliers;
623 2664 787 2704 kiosque
811 2665 839 2702 1,
864 2664 957 2703 quai
980 2664 1028 2696 de
1052 2665 1144 2696 Retz

282 2717 480 2749 Marseille
502 2715 510 2748 :
527 2715 694 2757 kiosque
712 2718 763 2755 12,
783 2717 906 2754 allées
924 2718 972 2750 de
991 2716 1182 2756 Meilhan;
1202 2718 1303 2751 kios¬

363 2764 438 2798 que
455 2758 508 2796 25,
530 2766 599 2791 rue
621 2759 805 2798 Noailles;
827 2759 991 2799 kiosque
1012 2759 1041 2797 1,
1063 2768 1133 2795 rue
1155 2760 1301 2794 Canne-

362 2800 482 2835 bière.

282 2854 486 2887 Bordeaux
512 2854 522 2886 :
546 2853 710 2895 kiosque
735 2853 876 2894 Turbé,
902 2855 1012 2895 place
1036 2855 1083 2888 de
1107 2856 1147 2889 la
1168 2855 1300 2890 Comé¬

362 2896 436 2928 die.

282 2951 504 2990 Perpignan
531 2950 539 2982 :
563 2950 727 2991 kiosque
749 2946 884 2991 Vergé.

279 3006 475 3036 Toulouse
502 3011 510 3044 :
533 3003 772 3044 principaux
792 3003 979 3044 kiosques

329 3162 704 3265 Abonnés
753 3170 830 3263 et
879 3163 1248 3264 Lecteurs

331 3338 390 3380 Ce
420 3339 610 3391 journal
644 3338 756 3378 n’est
816 3348 897 3390 pas
962 3348 1047 3377 une
1082 3336 1296 3378 création.

271 3399 386 3439 Sous
412 3399 451 3439 le
479 3409 591 3438 nom
616 3396 669 3438 de
696 3395 1086 3450 Rapide-Agence,
1119 3397 1148 3438 il
1173 3399 1300 3450 porte

271 3456 432 3511 depuis
455 3458 560 3510 plus
586 3456 639 3497 de
667 3456 768 3497 huit
791 3469 891 3504 ans,
919 3458 1033 3496 dans
1061 3459 1206 3498 toutes
1233 3458 1293 3498 les

271 3529 455 3573 régions
482 3517 539 3559 du
567 3516 679 3560 Midi
704 3519 746 3559 et
771 3516 824 3559 de
851 3517 894 3559 la
917 3518 1084 3559 France
1111 3515 1296 3566 entière,

270 3576 522 3619 l’heureuse
558 3578 880 3617 combinaison
943 3576 1066 3617 créée
1099 3590 1183 3628 par
1215 3590 1300 3617 son

271 3635 508 3678 Directeur
539 3639 580 3676 et
611 3635 876 3689 poursuivie
910 3646 1016 3676 avec
1051 3648 1112 3676 un
1144 3635 1299 3677 succès

268 3695 351 3750 qui
375 3708 430 3738 ne
454 3696 557 3736 s’est
579 3695 747 3748 jamais
775 3694 992 3736 démenti.

328 3755 621 3810 Transformé
651 3758 692 3795 et
726 3754 931 3807 modifié,
964 3767 1069 3797 sous
1103 3768 1190 3797 une
1220 3755 1298 3798 Di¬

268 3815 444 3857 rection
474 3815 700 3864 nouvelle,
735 3815 774 3855 le
832 3813 955 3856 Trait
983 3814 1183 3858 d’Union
1243 3827 1300 3858 va

272 3875 523 3917 désormais
553 3874 787 3927 s'occuper
818 3875 1142 3928 spécialement
1174 3876 1297 3918 d'an¬

274 3946 443 3978 nonces
475 3935 527 3976 de
560 3934 778 3987 mariage,
812 3935 910 3989 afin
940 3936 993 3977 de
1026 3935 1203 3977 donner
1235 3948 1298 3976 un

270 3995 437 4036 nouvel
464 4006 586 4035 essor
610 3994 635 4035 à
660 3998 774 4036 cette
792 4008 955 4039 .œuvre
983 3995 1294 4044 intéressante,

271 4054 596 4104 humanitaire,
643 4054 1056 4108 philanthropique
1123 4058 1163 4096 et
1228 4067 1297 4097 so¬

267 4115 396 4163 ciale,

330 4174 387 4216 Ce
412 4174 525 4228 petit
547 4174 738 4228 journal
765 4187 834 4216 na
855 4187 935 4229 pas
962 4174 1002 4215 la
1027 4174 1290 4229 prétention

271 4235 409 4276 d’être
466 4235 695 4278 littéraire.
723 4236 802 4278 Ses
830 4236 1031 4283 bureaqx
1058 4247 1111 4275 ne
1136 4237 1289 4275 seront

268 4294 437 4346 jamais
463 4295 731 4337 encombrés
758 4294 811 4334 de
836 4289 1036 4335 curieux'
1052 4294 1289 4335 indiscrets

273 4354 322 4395 ni
343 4354 396 4395 de
420 4367 531 4407 gens
556 4355 783 4408 d’affaires
803 4354 908 4407 plus
930 4366 990 4395 ou
1028 4354 1180 4396 moins
1216 4352 1290 4395 vé¬

271 4426 396 4455 reux.

331 4472 426 4515 Une
462 4471 776 4528 organisation
808 4472 999 4526 parfaite
1035 4477 1075 4515 et
1112 4487 1199 4515 une
1236 4477 1295 4515 te¬

270 4546 359 4575 nue
390 4532 724 4586 irréprochable
756 4546 768 4571 :
795 4532 916 4574 voilà
940 4546 989 4574 sa
1015 4534 1179 4575 devise.

324 4591 543 4635 Abonnés
574 4595 615 4633 et
648 4592 838 4634 lecteurs
899 4595 1002 4634 sont
1034 4594 1208 4635 assurés
1242 4594 1294 4636 de

271 4655 454 4694 trouver
477 4664 534 4692 en
559 4652 623 4692 lui
651 4664 712 4692 un
737 4652 971 4694 auxiliaire
997 4655 1290 4706 scrupuleux,

270 4711 408 4754 d’une
446 4711 691 4753 discrétion
728 4711 931 4762 absolue,
971 4715 1011 4754 et
1050 4713 1185 4754 d'une
1225 4714 1291 4754 in¬

268 4771 520 4815 discutable
551 4771 747 4826 loyauté.

323 4829 419 4883 Que
451 4843 564 4872 ceux
594 4832 675 4886 qui
737 4844 792 4873 ne
855 4845 970 4874 nous
1002 4834 1292 4876 connaissent

262 4903 342 4946 pas
371 4892 591 4934 viennent
622 4892 646 4934 ù
675 4906 791 4934 nous
819 4906 923 4935 sans
951 4894 1137 4935 crainte.
1171 4894 1291 4938 Nous

262 4962 419 4992 serons
451 4951 656 4992 heureux
687 4954 739 4993 de
802 4953 863 4993 les
922 4952 1047 4993 aider
1078 4954 1131 4994 de
1164 4955 1291 4995 notre

263 5021 487 5052 concours
550 5011 742 5054 indirect
771 5024 853 5064 par
883 5012 920 5052 le
947 5012 1136 5066 journal
1168 5016 1207 5054 et
1239 5014 1291 5055 de

263 5081 347 5112 nos
410 5071 603 5114 conseils
634 5076 904 5126 personnels
966 5071 1142 5127 chaque
1202 5072 1292 5127 fois

260 5127 396 5182 qu’ils
430 5130 660 5174 voudront
727 5130 831 5172 bien
896 5142 1010 5173 nous
1074 5131 1287 5172 accorder

264 5191 363 5231 leur
399 5191 639 5243 confiance
676 5195 718 5232 et
756 5204 871 5233 nous
908 5192 1160 5234 demander
1196 5206 1278 5234 nos

259 5248 371 5291 avis.

319 5307 415 5361 Que
478 5322 559 5351 nos
621 5312 811 5352 lecteurs
873 5312 1148 5356 deviennent
1211 5314 1286 5355 des

260 5370 391 5411 amis.
424 5370 519 5422 Que
547 5374 731 5424 partout
761 5374 802 5412 et
830 5372 855 5412 à
886 5375 1000 5421 tous,
1034 5374 1087 5415 ils
1113 5374 1285 5427 fassent

263 5431 518 5479 connaître,
556 5443 660 5473 sans
696 5431 867 5473 crainte
906 5435 947 5474 et
983 5445 1087 5475 sans
1124 5434 1279 5482 honte,

260 5487 299 5529 le
327 5489 419 5530 bon
440 5490 844 5543 fonctionnement
871 5494 923 5532 de
950 5495 1078 5535 notre
1103 5494 1285 5546 organi¬

261 5547 411 5591 sation
448 5563 462 5596 ;
498 5550 634 5603 qu'ils
672 5563 787 5592 nous
819 5555 1070 5606 procurent
1107 5554 1144 5594 le
1178 5554 1284 5606 plus

260 5603 546 5651 d’adhésions
572 5607 794 5665 possibles,
828 5605 951 5652 voilà
982 5614 1110 5653 notre
1150 5608 1282 5654 désir.

318 5669 350 5709 A
388 5671 487 5710 tous
519 5672 560 5710 et
594 5670 618 5712 à
651 5672 811 5718 toutes,
848 5683 963 5712 nous
995 5671 1279 5722 souhaitons,

259 5740 316 5769 en
343 5731 510 5776 retour,
542 5730 692 5771 bonne
748 5730 919 5772 chance
975 5734 1015 5772 et
1071 5735 1282 5786 prompte

259 5787 519 5830 réalisation
544 5789 597 5831 de
623 5791 742 5831 leurs
763 5790 869 5842 plus
895 5791 1050 5832 chères
1075 5791 1282 5844 espéran-

804 5907 875 5951 LA
900 5910 1222 5954 DIRECTION.
1242 5938 1251 5944 -

303 6068 391 6167 La
429 6067 761 6168 Puissance
807 6068 877 6169 de
919 6071 1231 6172 l'Annonce

311 6265 373 6306 En
398 6267 639 6316 acceptant,
664 6278 715 6306 en
744 6267 923 6308 octobre
947 6268 1062 6315 1910,
1088 6268 1128 6310 la
1144 6270 1283 6311 direc¬

256 6327 346 6368 tion
366 6329 424 6370 du
444 6326 772 6368 Trait-d’Union
798 6341 899 6371 mon
932 6331 1144 6372 intention
1178 6334 1283 6374 était

255 6388 311 6430 de
359 6391 466 6431 faire
502 6390 558 6431 de
604 6390 927 6434 l’intéressante
974 6395 1280 6437 combinaison

256 6453 454 6504 mariage
486 6463 569 6492 une
608 6463 758 6492 œuvre
798 6456 995 6496 sérieuse
1039 6460 1079 6497 et
1116 6459 1220 6499 utile
1258 6462 1280 6499 à

251 6518 367 6555 tous.

311 6576 374 6616 En
387 6579 599 6630 quelques
614 6579 742 6627 mois,
762 6578 815 6619 de
836 6580 1130 6623 nombreuses
1147 6584 1282 6624 modi-

255 6639 455 6679 ficaiions
474 6645 547 6680 ont
568 6642 635 6682 été
672 6642 882 6683 réalisées
920 6644 1034 6684 dans
1056 6647 1094 6686 le
1131 6646 1207 6686 but
1228 6648 1282 6687 de

258 6702 420 6742 rendre
446 6700 550 6752 plus
574 6703 805 6755 profitable
829 6705 1072 6758 l'originale
1108 6707 1203 6750 idée
1223 6710 1280 6751 du

252 6775 450 6814 mariage
471 6775 554 6814 par
574 6766 799 6815 publicité.

1445 2260 1584 2300 Notre
1605 2262 1740 2302 siècle
1767 2263 1805 2302 si
1834 2263 1989 2303 fécond
2018 2276 2069 2304 en
2095 2266 2347 2308 inventions
2379 2271 2423 2308 et

1395 2322 1685 2364 découvertes
1707 2324 1761 2363 de
1803 2328 1946 2364 toutes
1990 2331 2148 2376 sortes,
2199 2340 2224 2369 a
2270 2343 2326 2370 vu
2374 2342 2422 2371 se

1392 2386 1532 2434 créer,
1572 2396 1619 2425 se
1662 2387 1928 2438 développer
1966 2391 2007 2427 et
2044 2401 2093 2430 se
2134 2392 2422 2432 transformer

1392 2458 1478 2487 une
1497 2447 1597 2489 bien
1622 2448 1818 2489 modeste
1840 2452 2087 2492 nouveauté
2120 2466 2128 2492 :
2163 2452 2411 2495 l’annonce.

1442 2510 1475 2548 Il
1510 2522 1535 2560 y
1575 2523 1599 2550 a
1636 2511 1871 2561 cinquante
1909 2524 2002 2562 ans,
2047 2514 2274 2556 l’annonce
2314 2518 2418 2556 était

1390 2583 1502 2620 rare,
1538 2572 1743 2618 discrète,
1783 2574 1960 2615 limitée.
2002 2576 2295 2627 Aujourd’hui
2334 2579 2418 2620 elle

1390 2635 1582 2686 remplit,
1605 2637 1630 2675 à
1651 2635 1734 2675 elle
1754 2636 1891 2686 seule,
1915 2638 2028 2677 deux
2056 2650 2112 2679 ou
2143 2640 2251 2680 trois
2280 2652 2416 2691 pages

1388 2696 1467 2736 des
1481 2698 1647 2746 grands
1662 2698 1929 2748 quotidiens,
1948 2699 2031 2740 elle
2052 2700 2204 2752 frappe
2227 2703 2251 2743 à
2272 2707 2416 2744 toutes

1390 2758 1454 2798 les
1472 2763 1635 2810 portes,
1658 2760 1739 2800 elle
1762 2771 1810 2801 se
1827 2762 1966 2811 glisse
1983 2763 2095 2804 dans
2116 2767 2215 2804 tous
2242 2764 2306 2806 les
2331 2766 2411 2806 mi¬

1387 2820 1520 2870 lieux,
1554 2822 1638 2862 elle
1664 2822 1839 2863 devient
1869 2826 2196 2876 envahissante,
2227 2830 2414 2879 gênante

1391 2883 1570 2935 parfois;
1595 2884 1679 2924 elle
1696 2887 1836 2936 trône,
1855 2887 1939 2928 elle
1960 2888 2202 2940 triomphe;
2223 2902 2273 2931 sa
2294 2889 2414 2943 puis¬

1384 2957 1519 2986 sance
1540 2951 1607 2987 est
1622 2947 1839 2990 illimitée.

1436 3007 1659 3057 Pourquoi
1695 3007 1809 3048 donc
1842 3009 2062 3051 s’étonner
2094 3011 2223 3063 qu’on
2265 3012 2411 3052 utilise

1382 3070 1494 3107 cette
1518 3071 1663 3108 même
1685 3070 1895 3119 publicité
1915 3082 2027 3125 pour
2048 3074 2218 3115 arriver
2247 3086 2303 3115 au
2336 3076 2408 3115 ré¬

1382 3138 1518 3178 sultat
1538 3140 1686 3185 désiré
1706 3152 1786 3191 par
1806 3146 1906 3183 tous
1921 3155 2032 3185 ceux
2064 3146 2139 3196 qui
2183 3148 2336 3188 rêvent
2356 3147 2410 3187 de

1382 3200 1533 3242 fonder
1553 3215 1611 3242 un
1630 3203 1754 3254 foyer
1773 3205 1791 3244 ?

1435 3266 1619 3305 Peut-on
1651 3266 1879 3319 employer
1915 3279 2074 3321 moyen
2114 3271 2215 3320 plus
2254 3275 2331 3312 sûr
2367 3276 2410 3312 et

1382 3327 1526 3367 moins
1547 3328 1800 3378 dangereux
1820 3342 1932 3382 pour
1954 3342 2135 3384 essayer
2156 3332 2210 3372 de
2232 3344 2410 3384 rappro¬

1379 3390 1484 3430 cher
1516 3389 1629 3431 deux
1660 3391 1884 3434 destinées
1904 3395 1924 3434 ?
1951 3395 2274 3436 Certainement
2303 3407 2404 3436 non.

1379 3451 1432 3490 Et
1451 3451 1558 3492 c’est,
1578 3464 1691 3503 pour
1712 3457 1825 3494 cette
1846 3455 1991 3495 raison
2014 3470 2101 3509 que
2128 3458 2335 3499 s’affirme
2353 3459 2407 3498 de

1376 3514 1474 3564 jour
1496 3525 1547 3554 en
1570 3515 1667 3566 jour
1689 3515 1728 3555 le
1747 3519 1903 3558 succès
1921 3518 1975 3559 de
2003 3518 2181 3560 l’œuvre
2216 3531 2302 3571 que
2334 3520 2406 3572 j’ai

1378 3587 1623 3636 entreprise
1646 3590 1687 3627 et
1707 3599 1792 3638 que
1812 3591 1852 3639 je
1875 3600 1930 3628 ne
1950 3591 2098 3631 crains
2123 3603 2202 3642 pas
2222 3591 2276 3631 de
2298 3603 2404 3632 con¬

1378 3646 1548 3687 sidérer
1569 3659 1743 3690 comme
1764 3650 2061 3692 humanitaire
2082 3655 2124 3692 et
2144 3652 2323 3694 sociale.

1432 3708 1567 3751 Reste
1590 3711 1864 3754 maintenant
1883 3715 1906 3752 à
1928 3714 2123 3755 détruire
2162 3716 2202 3755 le
2222 3716 2404 3768 préjugé

1378 3772 1451 3822 qui
1474 3772 1606 3814 flétrit
1627 3777 1720 3814 tout
1738 3786 1787 3816 ce
1803 3776 1876 3827 qui
1894 3778 2052 3818 touche
2070 3790 2155 3819 aux
2176 3780 2406 3830 questions

1378 3835 1740 3876 matrimoniales.
1767 3838 1864 3880 Oui.
1890 3839 1918 3878 il
1940 3843 2006 3879 est
2028 3840 2107 3880 des
2140 3852 2331 3890 agences
2364 3844 2406 3882 et

1376 3895 1456 3935 des
1476 3901 1812 3939 entremetteurs
1832 3900 1938 3940 dont
1960 3902 1988 3940 il
2019 3902 2108 3942 faut
2143 3914 2192 3943 se
2232 3904 2402 3954 méfier;

1378 3959 1491 3999 mais
1514 3971 1567 4000 un
1597 3960 1786 4003 honnête
1823 3966 1865 4003 et
1899 3963 2116 4004 inoffensif
2154 3967 2327 4016 journal
2350 3978 2403 4007 ne

1376 4021 1544 4063 saurait
1564 4023 1755 4075 inspirer
1788 4024 1842 4064 de
1878 4026 2076 4067 défiance
2120 4028 2143 4067 à
2184 4038 2404 4079 personne

1377 4083 1556 4136 lorsque
1578 4098 1628 4126 sa
1646 4086 1862 4128 direction
1884 4091 1950 4128 est
1967 4099 2189 4131 reconnue
2204 4090 2403 4132 sérieuse

1376 4147 1419 4183 et
1440 4144 1785 4196 irréprochable.

1430 4204 1564 4248 D’une
1590 4208 1715 4256 façon
1740 4210 1946 4259 générale
1968 4216 2079 4252 Ceux
2099 4211 2174 4263 qui
2207 4212 2403 4264 aspirent

1375 4278 1431 4306 au
1454 4271 1651 4320 mariage
1672 4271 1902 4323 acceptent
1936 4275 1978 4312 et
2011 4274 2250 4315 sollicitent
2276 4274 2403 4315 l’avis

1375 4328 1477 4370 d'un
1516 4334 1620 4384 ami,
1664 4334 1986 4376 l’intervention
2036 4335 2094 4375 du
2136 4337 2320 4384 notaire,
2365 4338 2402 4376 le

1374 4394 1540 4433 conseil
1565 4395 1623 4435 du
1644 4398 1806 4448 prêtre,
1830 4402 1911 4438 etc.
1945 4398 2060 4439 C’est
2086 4411 2172 4450 que
2211 4399 2305 4439 rien
2327 4399 2395 4438 ici-

1372 4456 1454 4495 bas
1473 4466 1526 4495 ne
1546 4460 1651 4507 peut
1670 4467 1717 4496 se
1740 4459 1922 4499 réaliser
1962 4471 2067 4501 sans
2112 4462 2152 4502 le
2187 4472 2402 4502 concours

1372 4510 1476 4550 d'un
1496 4510 1596 4551 aide
1619 4512 1880 4563 compétent.

1427 4572 1472 4612 Si
1495 4584 1604 4615 vous
1636 4586 1742 4615 avez
1781 4575 1820 4615 le
1858 4575 2060 4617 bonheur
2093 4578 2148 4618 de
2190 4579 2403 4628 posséder

1374 4635 1489 4675 amis
1515 4641 1558 4676 et
1594 4638 1819 4688 relations,
1853 4639 1891 4678 si
1923 4642 2047 4680 votre
2075 4639 2227 4680 milieu
2262 4642 2401 4682 social

1375 4708 1486 4736 vous
1506 4703 1676 4748 permet
1696 4700 1751 4739 de
1775 4705 1951 4740 trouver
1971 4706 2130 4743 autour
2151 4701 2206 4741 de
2227 4714 2338 4743 vous
2359 4703 2399 4742 la

1373 4771 1592 4811 personne
1626 4762 1702 4812 qui
1750 4763 1842 4804 doit
1888 4767 2098 4815 partager
2143 4767 2266 4805 votre
2314 4766 2398 4815 vie,

1374 4822 1666 4872 gardez-vous
1687 4824 1891 4876 d’égarer
1912 4825 2094 4867 ailleurs
2114 4838 2194 4867 vos
2220 4828 2399 4868 recher¬

1373 4886 1491 4927 ches.

1427 4948 1538 4989 Mais
1592 4950 1630 4990 si
1670 4962 1782 5002 pour
1820 4951 2040 4993 d’infinies
2076 4954 2251 4994 raisons
2291 4964 2400 4992 vous

1371 5011 1463 5051 êtes
1496 5014 1818 5064 embarrassés,
1852 5014 1987 5055 isolés
2020 5015 2134 5056 dans
2170 5016 2211 5055 la
2247 5015 2331 5064 vie,
2362 5015 2399 5054 si

1372 5076 1495 5114 votre
1534 5079 1776 5126 entourage
1812 5090 1864 5116 ne
1897 5089 2008 5119 vous
2042 5078 2212 5128 inspire
2240 5079 2400 5128 qu’une

1371 5136 1594 5179 médiocre
1614 5139 1854 5186 confiance,
1879 5151 2059 5191 essayez
2078 5140 2131 5180 de
2153 5139 2394 5180 l’annonce.

1371 5192 1466 5238 Elle
1488 5210 1598 5240 vous
1618 5205 1790 5251 promet
1820 5203 1987 5242 entière
2016 5206 2056 5242 et
2090 5202 2275 5243 absolue
2312 5203 2399 5242 dis¬

1371 5260 1551 5312 crétion,
1588 5266 1631 5302 et
1669 5263 1752 5303 elle
1790 5275 1900 5303 vous
1940 5263 2087 5304 donne
2127 5263 2307 5315 l’espoir
2344 5264 2399 5304 de

1371 5327 1550 5364 trouver
1566 5338 1615 5367 ce
1649 5338 1735 5378 que
1774 5335 1888 5368 nsus
1907 5327 2158 5368 cherchons
2189 5331 2290 5368 tous
2327 5328 2400 5368 ici-

1369 5386 1450 5426 bas
1475 5399 1482 5426 :
1513 5386 1551 5428 le
1581 5388 1783 5429 bonheur
1817 5390 1929 5430 dans
1960 5390 2124 5430 l’union
2158 5390 2330 5430 désirée
2358 5394 2399 5430 et

1368 5450 1512 5493 rêvée.
2024 5454 2136 5494 Jean
2160 5452 2324 5492 BACH.

1433 5611 1663 5688 SERVICE
1717 5614 1787 5689 DE
1833 5611 2323 5690 RENSEIGNEMENTS

1426 5732 1567 5775 Toute
1596 5746 1820 5786 personne
1852 5735 1991 5786 ayant
2019 5735 2174 5778 besoin
2207 5735 2391 5776 d’infor¬

1372 5791 1568 5834 mations
1591 5795 1732 5843 sûres,
1759 5806 1816 5835 au
1838 5794 1967 5845 point
1988 5794 2044 5835 de
2063 5808 2151 5836 vue
2172 5794 2391 5836 financier

1366 5852 1656 5894 commercial
1682 5864 1741 5895 ou
1767 5852 1908 5906 privé,
1938 5854 2214 5895 concernant
2266 5854 2391 5895 affai¬

1366 5923 1450 5960 res,
1481 5913 1708 5963 mariages
1734 5926 1791 5955 ou
1822 5914 1986 5962 autres,
2016 5926 2200 5955 recevra
2228 5915 2290 5956 du
2318 5914 2391 5954 Di¬

1367 5972 1542 6012 recteur
1568 5973 1632 6013 les
1659 5972 2047 6025 renseignements
2075 5975 2138 6015 les
2164 5974 2271 6026 plus
2294 5975 2391 6026 pré¬

1366 6032 1444 6082 cis,
1472 6032 1497 6072 à
1522 6033 1600 6075 des
1624 6032 1728 6084 prix
1755 6034 1843 6075 très
1868 6034 2088 6076 modérés.
2120 6035 2203 6076 Ces
2227 6035 2392 6076 rensei¬

1366 6094 1604 6143 gnements
1626 6104 1671 6135 se
1694 6092 1848 6144 paient
1870 6092 2097 6135 d’avance.

1837 6169 1925 6229 â

1442 6259 1919 6408 Conibmüi^on
1978 6279 2323 6411 Mariage^

1572 6480 1868 6543 NOTRE
1960 6481 2192 6542 ROLE

1424 6595 1481 6636 Le
1507 6612 1527 6635 «
1554 6596 1675 6638 Trait
1696 6597 1898 6640 d’Union
1925 6616 1946 6638 »
1974 6604 2154 6650 accepte
2176 6604 2300 6643 toute
2323 6612 2388 6640 es¬

1364 6654 1471 6707 pèce
1499 6654 1552 6696 de
1582 6656 1822 6710 publicité;
1851 6656 1966 6700 mais
1995 6660 2026 6699 il
2055 6658 2262 6715 s’occupe
2291 6659 2387 6712 spé¬

1364 6714 1608 6759 cialement
1636 6716 1915 6763 d’annonces
1946 6719 1999 6760 de
2028 6720 2270 6772 mariages.

1421 6774 1479 6816 Le
1502 6774 1585 6818 but
1610 6776 1782 6830 unique
1807 6778 1860 6820 de
1886 6779 1924 6819 Jn
1954 6777 2186 6821 Direction
2212 6792 2277 6822 est
2330 6779 2383 6819 de

2494 2271 2713 2312 favoriser
2740 2273 2802 2314 les
2832 2274 3001 2316 unions
3027 2274 3195 2330 légales
3222 2280 3266 2318 et
3291 2275 3518 2320 chrétien¬

2494 2344 2572 2372 nes
2603 2344 2684 2384 par
2716 2345 2778 2372 un
2807 2333 3001 2386 procédé
3030 2335 3195 2376 discret
3223 2340 3267 2376 et
3295 2335 3514 2387 honnête,

2492 2390 2852 2433 contrairement
2871 2392 2896 2432 à
2919 2395 3114 2435 certains
3134 2394 3370 2448 journaux
3391 2396 3518 2437 simi¬

2492 2448 2624 2491 laires
2648 2450 2727 2503 qui
2752 2456 2856 2492 sont
2880 2451 2956 2492 des
2980 2466 3172 2506 agences
3197 2454 3516 2496 matrimonia¬

2490 2507 2553 2549 les
2574 2507 2826 2561 déguisées.

2550 2567 2606 2609 Le
2639 2567 2871 2610 Directeur
2899 2571 3039 2622 reçoit
3066 2571 3106 2612 le
3134 2574 3338 2615 courrier
3365 2574 3419 2615 de
3447 2588 3514 2616 ses

2490 2626 2710 2678 abonnés,
2738 2630 2851 2672 seul,
2880 2630 2912 2670 il
2938 2630 2979 2672 le
3004 2636 3243 2682 transmet,
3271 2638 3314 2674 et
3339 2634 3451 2683 seul,
3482 2634 3513 2674 il

2488 2685 2664 2740 répond
2688 2699 2777 2728 aux
2799 2687 2951 2731 lettres
2976 2691 3055 2743 qui
3080 2690 3144 2731 lui
3171 2696 3274 2732 sont
3327 2705 3514 2746 person¬

2491 2746 2739 2788 nellement
2759 2747 3001 2790 adressées.

2547 2804 2631 2847 Par
2657 2819 2747 2848 une
2773 2807 3094 2848 combinaison
3150 2808 3332 2852 d’offres
3359 2815 3402 2851 et
3457 2812 3512 2853 de

2486 2863 2735 2908 demandes
2764 2871 2807 2908 et
2837 2879 2918 2920 par
2947 2866 2988 2908 la
3020 2868 3413 2923 correspondance
3443 2872 3511 2912 di¬

2484 2930 2602 2966 recte
2628 2931 2756 2968 entre
2782 2927 2844 2970 les
2871 2926 3091 2978 abonnés,
3120 2927 3183 2968 les
3210 2930 3436 2983 mariages
3463 2944 3508 2972 se

2483 2982 2586 3025 font
2605 2998 2709 3026 sans
2731 2986 3109 3028 intermédiaires.

2558 3042 2679 3084 Nous
2715 3057 2772 3086 ne
2808 3046 3017 3088 saurions
3054 3059 3172 3088 assez
3208 3048 3382 3103 répéter
3418 3062 3507 3104 que

2484 3114 2599 3144 nous
2624 3102 2815 3146 n’avons
2837 3106 2936 3146 rien
2960 3105 3015 3148 de
3038 3120 3262 3150 commun
3286 3120 3393 3150 avec
3416 3122 3507 3151 une

2484 3174 2654 3216 agence
2688 3164 3047 3207 matrimoniale.
3087 3166 3186 3207 Non
3251 3167 3507 3210 seulement

2487 3236 2602 3263 nous
2634 3235 2689 3263 ne
2720 3223 2891 3264 faisons
2924 3237 3002 3278 pas
3034 3226 3087 3267 de
3118 3227 3359 3282 mariages,
3394 3228 3509 3269 mais

2484 3294 2646 3322 encore
2679 3295 2794 3323 nous
2828 3296 2884 3323 ne
2914 3284 3172 3327 réclamons
3206 3300 3383 3328 aucune
3444 3302 3510 3328 es¬

2484 3343 2591 3395 pèce
2619 3340 2672 3382 de
2700 3343 3002 3384 commission
3031 3348 3075 3384 et
3103 3349 3233 3387 notre
3261 3346 3355 3387 rôle
3384 3346 3508 3388 d’au¬

2482 3400 2658 3441 xiliaire
2687 3400 2852 3443 discret
2880 3414 2999 3444 cesse
3056 3416 3114 3444 au
3172 3410 3383 3447 moment
3411 3412 3508 3461 pré¬

2482 3460 2545 3502 cis
2579 3460 2640 3500 où
2675 3459 2737 3503 les
2771 3462 3010 3504 intéressés
3046 3462 3176 3504 n’ont
3210 3463 3311 3519 plus
3348 3465 3506 3508 besoin

2483 3518 2536 3562 de
2560 3532 2643 3561 nos
2669 3522 2876 3563 services.

2541 3576 2676 3620 Notre
2711 3583 2907 3634 système
2946 3583 3018 3623 n’a
3053 3584 3152 3624 lien
3190 3584 3244 3626 de
3280 3599 3504 3628 commun

2483 3651 2576 3679 non
2605 3638 2708 3692 plus
2739 3652 2846 3682 avec
2874 3640 2936 3681 les
2967 3655 3199 3684 annonces
3228 3643 3304 3684 des
3335 3644 3505 3696 grands

2479 3698 2712 3751 journaux
2739 3699 2976 3752 parisiens.
3011 3700 3125 3742 Leur
3152 3702 3370 3744 méthode
3398 3715 3505 3745 con¬

2480 3759 2584 3799 siste
2610 3758 2634 3799 à
2662 3759 2833 3800 insérer
2860 3758 2936 3800 des
2964 3760 3214 3803 demandes
3271 3767 3314 3804 et
3368 3762 3504 3806 offres

2480 3817 2535 3860 de
2570 3818 2812 3874 mariages,
2852 3819 3195 3874 généralement
3231 3836 3500 3878 anonymes,

2480 3883 2523 3920 et
2550 3883 2734 3934 portant
2763 3880 3048 3923 l’indication
3084 3894 3093 3922 :
3128 3898 3148 3919 «
3179 3887 3306 3936 poste
3334 3887 3505 3926 restan¬

2479 3941 2521 3980 te
2545 3955 2586 3980 ».

2536 3998 2662 4040 Cette
2692 3999 2938 4042 discrétion
2970 4002 3058 4043 très
3090 4001 3296 4055 légitime
3327 4008 3370 4046 et
3400 4018 3503 4047 sans

2479 4055 2674 4113 dangers
2708 4063 2836 4102 entre
2870 4059 3094 4103 honnêtes
3130 4075 3258 4116 gens,
3298 4064 3504 4119 présente

2479 4123 2519 4167 le
2544 4125 2648 4181 plus
2707 4135 2902 4168 souvent
2958 4128 3012 4170 de
3071 4142 3230 4183 graves
3289 4131 3504 4174 inconvé¬

2479 4186 2643 4228 nients.
2694 4184 2767 4228 Un
2794 4188 3156 4243 correspondant
3181 4191 3262 4244 qui
3290 4190 3503 4235 dissimu¬

2479 4245 2518 4287 le
2546 4259 2630 4287 son
2658 4244 2850 4288 identité
2879 4261 2934 4290 ne
2963 4254 3072 4301 peut
3099 4249 3230 4291 offrir
3259 4251 3312 4292 de
3342 4264 3503 4304 garan¬

2479 4307 2559 4348 ties
2587 4305 2819 4348 sérieuses.
2850 4306 2966 4348 Neuf
2992 4306 3078 4350 fois
3106 4320 3183 4348 sur
3211 4309 3302 4359 dix,
3334 4310 3398 4352 les
3424 4312 3504 4354 let¬

2479 4370 2566 4408 tres
2620 4364 2846 4408 adressées
2899 4367 2923 4408 à
2978 4380 3049 4408 ces
3103 4379 3320 4411 coureurs
3347 4370 3402 4411 de
3427 4371 3506 4413 dot

2477 4439 2487 4467 l
2501 4428 2646 4468 estent
2667 4438 2772 4468 sans
2798 4427 3004 4482 réponse.
3034 4426 3091 4470 Le
3115 4428 3214 4468 naïf
3236 4441 3503 4485 correspon¬

2478 4485 2588 4528 dant
2618 4484 2856 4539 s’aperçoit
2886 4486 2996 4542 qu’il
3028 4500 3051 4528 a
3083 4487 3151 4528 été
3180 4487 3504 4532 l’amusement

2478 4545 2587 4588 d’un
2614 4545 2803 4588 fumiste
2828 4562 2889 4590 ou
2915 4546 3027 4590 d’un
3052 4546 3247 4589 farceur.

2536 4604 2726 4648 Pareille
2760 4607 3080 4650 mésaventure
3115 4606 3228 4650 n’est
3263 4621 3342 4663 pas
3376 4610 3401 4651 à
3436 4625 3503 4654 re¬

2476 4665 2651 4714 douter,
2683 4667 2816 4719 grâce
2843 4668 2867 4708 à
2896 4667 3151 4710 l’heureuse
3179 4668 3501 4714 combinaison

2476 4726 2538 4768 du
2564 4724 2684 4767 Trait
2712 4726 2928 4768 d’Union.
2958 4727 3098 4770 Grâce
3123 4728 3147 4769 à
3174 4727 3254 4778 lui,
3284 4728 3434 4772 riches
3460 4736 3503 4772 et

2476 4799 2668 4842 pauvres
2727 4787 2857 4828 n’ont
2884 4787 2987 4842 plus
3016 4787 3174 4830 besoin
3203 4787 3258 4830 de
3285 4788 3501 4833 relations

2475 4846 2786 4901 personnelles
2821 4860 2939 4902 pour
2974 4846 3119 4889 s’unir
3154 4847 3427 4903 dignement
3460 4855 3504 4892 et

2475 4906 2601 4948 selon
2635 4904 2734 4948 leur
2766 4907 2899 4948 désir.
2965 4907 3346 4958 Journellement,
3384 4923 3502 4953 nous

2478 4979 2694 5007 recevons
2731 4967 2807 5008 des
2843 4967 2994 5008 lettres
3032 4967 3087 5008 de
3122 4968 3496 5012 remerciements

2475 5030 2518 5067 et
2552 5026 2607 5068 de
2640 5025 2935 5068 félicitations
2970 5039 3087 5081 pour
3122 5027 3163 5070 la
3198 5027 3402 5071 manière
3428 5028 3501 5072 sé¬

2476 5085 2623 5127 rieuse
2645 5086 2758 5127 dont
2780 5087 2914 5141 opère
2937 5086 2979 5127 la
3002 5087 3252 5130 Direction.

2534 5144 2599 5186 En
2629 5159 2678 5187 ce
2707 5147 2787 5200 qui
2815 5159 3040 5189 concerne
3070 5147 3111 5188 la
3140 5147 3501 5203 correspondan¬

2475 5218 2539 5255 ce,
2572 5218 2689 5246 nous
2718 5219 2835 5247 nous
2864 5206 3036 5248 faisons
3067 5220 3158 5250 une
3187 5207 3247 5250 loi
3278 5208 3334 5250 de
3360 5215 3501 5252 rester

2478 5268 2658 5307 neutres
2694 5270 2736 5308 et
2771 5264 3004 5320 d’ignorer
3038 5280 3087 5308 ce
3123 5264 3403 5322 qu’écrivent
3438 5268 3500 5311 les

2476 5325 2728 5367 intéressés.

2530 5384 2587 5426 Le
2611 5391 2753 5428 secret
2778 5386 2852 5428 des
2879 5386 3030 5430 lettres
3053 5391 3119 5429 est
3142 5387 3278 5431 chose
3303 5388 3451 5431 sacrée
3491 5388 3499 5431 !

3014 5459 3084 5499 LA
3114 5458 3436 5502 DIRECTION.

2557 5626 3403 5713 CONDITIONS

2643 5763 2700 5802 11
2724 5763 2888 5803 francs
2907 5773 3031 5814 pour
3051 5763 3172 5803 trois
3195 5764 3316 5803 mois

2472 5853 2682 5894 Donnant
2698 5852 2814 5894 droit
2832 5851 2859 5894 à
2879 5864 2967 5896 une
2986 5864 3206 5904 annonce,
3228 5864 3285 5895 au
3306 5854 3487 5903 journal

2527 5932 2632 5963 sous
2651 5924 2914 5972 enveloppe,
2935 5927 2978 5964 et
2998 5934 3055 5964 au
3075 5923 3246 5963 service
3264 5924 3318 5966 de
3340 5924 3382 5963 la
3402 5933 3493 5964 cor*

2523 5983 2847 6031 respondance.

2465 6040 2799 6082 Abonnement
2825 6039 2884 6091 au
2910 6039 3107 6091 journal
3132 6040 3246 6088 seul,
3280 6054 3394 6082 sous
3421 6054 3498 6082 en¬

2519 6095 2728 6145 veloppe.

2472 6157 2539 6196 Un
2559 6167 2615 6196 an
2636 6159 2659 6198 6
2676 6158 2843 6207 francs,
2864 6159 2932 6198 six
2954 6156 3070 6198 mois
3087 6159 3111 6198 3
3127 6158 3298 6199 francs.

2527 6343 3439 6451 FONCTIONNEMENT

2526 6604 2666 6648 Toute
2699 6619 2924 6661 personne
2958 6611 3036 6664 qui
3071 6609 3215 6651 désire
3247 6607 3490 6651 s’abonner

2464 6663 2487 6705 à
2513 6665 2552 6707 la
2579 6668 2900 6709 combinaison
2923 6670 3148 6723 mariages
3172 6667 3268 6710 doit
3291 6680 3490 6723 envoyer

2466 6737 2521 6764 nu
2553 6724 2805 6775 Directeur,
2839 6739 2920 6768 son
2953 6739 3180 6776 annonce,
3214 6742 3293 6770 son
3360 6740 3486 6778 nom,

2464 6797 2547 6824 son
2568 6786 2746 6827 adresse
2794 6787 3030 6835 véritable,
3054 6794 3096 6830 et
3117 6787 3157 6828 le
3178 6788 3279 6843 prix
3300 6788 3354 6830 de
3404 6802 3486 6830 son

3594 2279 3923 2334 abonnement,
3951 2286 4037 2327 soit
4059 2298 4170 2328 onze
4192 2288 4347 2340 francs
4368 2302 4488 2344 pour
4511 2291 4619 2332 trois

3596 2340 3712 2381 mois
3738 2354 3795 2382 en
3822 2344 4024 2394 mandat,
4055 2346 4146 2386 bon
4171 2347 4224 2387 de
4247 2351 4375 2400 poste
4400 2352 4459 2392 ou
4518 2350 4619 2392 tim¬

3597 2400 3711 2441 bres.

3655 2458 3711 2501 Le
3735 2458 3987 2512 Directeur,
4016 2463 4112 2504 seul
4136 2466 4309 2520 occupé
4334 2479 4391 2510 au
4416 2467 4621 2523 dépouil¬

3592 2516 3766 2560 lement
3791 2519 3853 2561 du
3879 2522 4082 2563 courrier
4108 2528 4187 2574 est,
4219 2526 4479 2579 également
4503 2530 4616 2579 seul,

3591 2582 3615 2617 à
3648 2579 3886 2621 connaître
3948 2581 4158 2625 l’adresse
4219 2586 4438 2628 véritable
4470 2588 4525 2630 de
4558 2602 4624 2631 ses

3592 2635 3811 2679 abonnés.
3850 2638 3975 2682 Cette
4039 2641 4218 2685 adresse
4250 2650 4315 2686 est
4350 2648 4620 2702 remplacée,

3591 2695 3705 2739 dans
3735 2696 3776 2739 le
3805 2699 4008 2751 journal,
4043 2714 4124 2755 par
4184 2716 4248 2744 un
4280 2707 4477 2748 numéro
4507 2707 4623 2750 d’or¬

3590 2753 3683 2806 dre,
3723 2756 4065 2812 indispensable
4128 2775 4246 2816 pour
4279 2763 4322 2804 la
4355 2778 4622 2822 correspon¬

3588 2812 3747 2856 dance.

3650 2881 3710 2924 Ce
3764 2886 3960 2928 numéro
4014 2892 4079 2929 est
4134 2893 4470 2948 communiqué
4494 2895 4518 2936 à
4544 2908 4621 2938 ra-

3591 2939 3745 2984 bonné
3768 2956 3826 2984 en
3851 2945 4003 2988 même
4027 2952 4175 3003 temps
4201 2951 4343 3004 qu’on
4368 2952 4435 2995 lui
4460 2967 4619 2997 accuse

3587 2999 3822 3056 réception
3847 3004 3909 3046 du
3935 3007 4140 3049 mandat.

3644 3067 3908 3123 Supposons
3966 3074 4139 3128 qu’une
4166 3077 4220 3120 de
4247 3092 4330 3120 nos
4387 3080 4618 3124 abonnées

3587 3128 3755 3171 veuille
3780 3130 3922 3174 écrire
3948 3134 3972 3174 à
4001 3132 4059 3175 M.
4091 3134 4200 3186 X...,
4232 3136 4346 3179 dont
4374 3138 4616 3183 l’annonce

3585 3192 3715 3236 porte
3743 3188 3784 3230 le
3812 3191 3864 3230 n°
3896 3191 3935 3232 6.
3969 3192 4064 3234 Elle
4092 3195 4252 3238 inscrit
4281 3196 4564 3243 lisiblement
4591 3202 4615 3242 à

3585 3244 3627 3285 la
3659 3246 3819 3299 plume
3850 3263 3911 3292 ou
3943 3264 4000 3292 au
4034 3265 4203 3307 crayon
4237 3270 4319 3298 son
4354 3271 4466 3300 nom
4498 3264 4542 3302 et
4574 3259 4614 3302 le

3586 3307 3635 3343 n°
3666 3305 3690 3346 6
3718 3306 3830 3347 dans
3856 3308 4111 3351 l'intérieur
4136 3311 4191 3355 de
4216 3314 4258 3354 la
4285 3318 4511 3368 première
4536 3332 4613 3360 en¬

3583 3362 3790 3419 veloppe,
3827 3366 3938 3408 celle
3971 3370 4050 3423 qui
4083 3376 4211 3424 porte
4243 3372 4284 3415 le
4316 3388 4427 3417 nom
4460 3383 4504 3419 et
4535 3377 4612 3419 l’a¬

3584 3422 3733 3465 dresse
3768 3425 3830 3467 du
3865 3426 4102 3471 Directeur
4136 3430 4199 3473 du
4234 3434 4355 3475 Trait
4391 3436 4607 3478 d’Union.

3582 3482 3706 3527 Dans
3732 3490 3847 3527 cette
3871 3487 4124 3544 enveloppe
4151 3491 4235 3534 elle
4261 3492 4387 3547 place
4414 3495 4455 3536 la
4482 3495 4611 3538 lettre

3583 3543 3792 3588 cachetée
3828 3548 3907 3601 qui
3943 3548 4040 3592 doit
4074 3551 4167 3594 être
4201 3554 4367 3596 remise
4402 3569 4459 3599 au
4495 3559 4547 3598 n°
4586 3558 4610 3598 6

3581 3615 3663 3654 par
3696 3604 3974 3648 l’entremise
4010 3610 4071 3648 du
4107 3610 4358 3652 Directeur.
4399 3615 4467 3655 Au
4502 3627 4608 3666 reçu

3580 3660 3636 3702 de
3670 3667 3783 3703 cette
3817 3663 3962 3714 lettre,
4000 3664 4041 3706 le
4076 3666 4313 3710 Directeur
4348 3670 4531 3715 déchire
4567 3674 4607 3715 la

3579 3722 3804 3774 première
3839 3723 4106 3779 enveloppe,
4146 3727 4170 3767 à
4206 3740 4289 3770 son
4326 3742 4454 3782 nom,
4494 3732 4607 3775 dans

3580 3782 3834 3824 l’intérieur
3860 3782 3915 3824 de
3943 3783 4138 3838 laquelle
4167 3800 4212 3828 se
4239 3792 4400 3832 trouve
4428 3791 4540 3834 écrit
4568 3792 4607 3834 le

3580 3854 3692 3884 nom
3718 3842 3771 3883 de
3796 3842 4036 3887 l’abonnée
4062 3851 4103 3887 et
4128 3846 4168 3888 le
4194 3848 4388 3891 numéro
4415 3863 4522 3892 avec
4548 3852 4607 3893 le¬

3579 3902 3683 3955 quel
3711 3902 3795 3946 elle
3819 3909 3927 3946 veut
3951 3907 4294 3960 correspondre.

3639 3968 3724 4012 Sur
3751 3971 3792 4011 la
3823 3970 3951 4015 lettre
3978 3974 4188 4017 cachetée
4216 3976 4271 4018 de
4299 3975 4606 4032 l’expéditrice

3579 4030 3608 4068 il
3635 4030 3747 4072 écrit
3770 4031 3981 4075 l’adresse
4004 4034 4223 4078 véritable
4247 4036 4308 4079 du
4335 4039 4386 4079 n°
4415 4039 4438 4080 6
4463 4043 4506 4080 et
4530 4052 4606 4082 en¬

3579 4090 3679 4131 voie
3706 4095 3820 4132 cette
3846 4091 3975 4135 lettre
4002 4107 4106 4135 sans
4135 4094 4323 4138 l’ouvrir
4350 4097 4369 4139 5
4400 4112 4482 4140 son
4511 4099 4607 4142 des¬

3578 4148 3804 4199 tinataire,
3833 4150 3893 4191 M.
3923 4151 4015 4194 X...

3632 4214 3698 4258 De
3732 4222 3847 4259 cette
3882 4217 4034 4271 façon,
4072 4220 4112 4262 le
4148 4223 4378 4266 Directeur
4419 4228 4607 4268 connaît

3575 4274 3670 4316 seul
3706 4275 3918 4319 l’adresse
3954 4278 4031 4320 des
4067 4280 4186 4323 deux
4223 4286 4604 4339 correspondants

3575 4334 3654 4390 qui
3679 4340 3879 4389 peuvent
3902 4339 4147 4381 continuer
4170 4342 4191 4382 à
4218 4340 4356 4384 s’écrii
4419 4359 4499 4399 par
4523 4360 4604 4387 son

3576 4395 3835 4437 entremise.
3906 4396 4108 4451 Lorsque
4142 4400 4207 4442 les
4242 4400 4360 4443 deux
4398 4404 4603 4446 abonnés

3575 4459 3787 4497 trouvent
3818 4454 3881 4496 les
3914 4458 4311 4511 renseignements
4345 4464 4547 4506 mutuels
4581 4466 4603 4506 à

3575 4515 3672 4556 leur
3702 4528 4011 4566 convenance,
4046 4517 4102 4558 ils
4134 4525 4334 4572 peuvent
4367 4527 4518 4564 entrer
4547 4538 4604 4566 en

3574 4574 3788 4618 relations
3847 4575 4038 4618 directes
4099 4582 4142 4619 et
4172 4578 4343 4620 arriver
4403 4595 4460 4623 au
4522 4583 4606 4626 but

3574 4635 3811 4690 poursuivi
3837 4635 3892 4678 de
3918 4635 4018 4678 leur
4043 4637 4205 4679 union.

3632 4694 3691 4745 Si,
3731 4707 3790 4736 au
3826 4696 4067 4747 contraire,
4107 4695 4170 4740 les
4206 4699 4603 4755 renseignements

3574 4754 3799 4808 échangés
3828 4768 3886 4798 ne
3912 4756 3976 4799 les
4034 4756 4245 4800 satisfont
4303 4771 4398 4814 pas,
4428 4760 4484 4803 ils
4512 4775 4603 4804 ces¬

3572 4819 3672 4858 sent
3728 4815 3784 4858 de
3814 4816 4143 4871 correspondre
4203 4822 4247 4860 et
4306 4831 4488 4863 comme
4549 4821 4604 4863 ils

3573 4876 3789 4930 ignorent
3842 4875 3941 4919 l’un
3995 4882 4040 4920 et
4093 4875 4268 4928 l’autre,
4299 4878 4399 4922 leur
4424 4894 4536 4923 nom
4562 4890 4604 4923 et

3574 4935 3763 4985 adresse,
3802 4950 3954 4979 aucun
3987 4936 4122 4979 d’eux
4155 4938 4268 4980 n’est
4301 4940 4599 4994 compromis.

3631 4995 3666 5037 Il
3692 5000 3758 5038 est
3783 4995 3891 5038 bien
3918 4996 4122 5039 entendu
4178 5011 4266 5052 que
4324 5011 4439 5041 nous
4467 4999 4603 5041 décli¬

3574 5068 3689 5098 nons
3723 5059 3848 5098 toute
3879 5056 4228 5112 responsabilité
4259 5058 4455 5112 puisque
4487 5072 4603 5100 nous

3572 5129 3688 5158 nous
3711 5114 3885 5159 faisons
3910 5130 3974 5160 un
3998 5115 4155 5158 devoir
4179 5116 4235 5158 de
4256 5121 4397 5158 rester
4421 5126 4604 5160 neutres

3572 5180 3615 5218 et
3647 5175 3880 5230 d’ignorer
3915 5190 3964 5219 ce
3999 5175 4282 5230 qu’écrivent
4316 5190 4399 5219 nos
4434 5190 4603 5220 corres¬

3572 5235 3818 5290 pondants.

3626 5291 3791 5344 Depuis
3831 5292 3928 5333 huit
3967 5303 4047 5332 ans
4084 5303 4170 5343 que
4215 5303 4264 5332 ce
4311 5292 4488 5344 journal
4543 5306 4598 5335 es

3572 5348 3684 5398 créé,
3718 5348 3751 5390 il
3781 5348 3885 5391 s’est
3938 5351 4171 5391 contracté
4228 5350 4285 5392 de
4344 5351 4604 5394 nombreux

3571 5409 3798 5463 mariages
3831 5413 3874 5451 et
3906 5412 4006 5451 tout
4038 5408 4078 5450 le
4110 5410 4282 5452 monde
4315 5411 4401 5453 sait
4432 5411 4473 5452 la
4507 5426 4603 5454 ma¬

3572 5469 3696 5511 nière
3730 5470 3924 5511 sérieuse
3956 5468 4071 5511 dont
4103 5470 4238 5524 opère
4272 5468 4314 5511 la
4348 5470 4599 5513 Direction.

3624 5562 3750 5602 Nota.
3778 5586 3833 5591 —
3861 5563 3921 5603 Ne
3951 5572 4032 5611 pas
4060 5562 4236 5603 oublier
4292 5562 4356 5603 les
4410 5562 4601 5604 timbres

3570 5616 4046 5655 d’affranchissement
4079 5615 4346 5664 obligatoire
4381 5626 4495 5664 pour
4558 5616 4599 5656 la

3568 5668 3791 5718 première
3820 5671 3862 5709 et
3892 5668 3933 5708 la
3962 5667 4201 5708 deuxième
4230 5668 4518 5718 enveloppes.

3604 5834 4204 5917 Recommandations
4250 5841 4566 5920 Générales

3611 6017 3650 6047 1°
3684 6019 3883 6051 Personne
3911 6027 3959 6051 ne
3988 6023 4080 6059 peut
4107 6022 4392 6062 correspondre
4419 6030 4516 6056 avec
4544 6024 4600 6058 les

3569 6070 3747 6104 abonnés
3772 6078 3867 6103 sans
3891 6072 4005 6104 avoir
4030 6074 4144 6108 versé
4171 6076 4227 6107 les
4252 6076 4288 6106 11
4315 6075 4452 6107 francs
4478 6076 4599 6116 régle¬

3571 6124 3783 6156 mentaires
3810 6132 3819 6163 ;

3610 6190 3650 6219 3°
3676 6190 3895 6222 L’annonce
3916 6191 3986 6223 des
4007 6193 4183 6225 abonnés
4203 6192 4286 6224 doit
4308 6192 4494 6232 Indiquer
4516 6196 4599 6227 leur

3570 6240 3655 6280 âge,
3686 6243 3770 6274 leur
3795 6242 4000 6283 situation,
4028 6246 4111 6278 s’ils
4136 6244 4311 6278 désirent
4336 6252 4387 6279 ou
4415 6255 4495 6280 non
4523 6254 4599 6279 une

3570 6295 3649 6327 dot.
3678 6296 3759 6327 Elle
3783 6294 3867 6327 doit
3891 6296 4051 6330 fournir
4078 6298 4250 6330 certains
4275 6298 4420 6332 détails
4446 6300 4495 6332 de
4523 6307 4600 6332 ma¬

3571 6347 3678 6379 nière
3698 6348 3722 6380 à
3743 6346 3866 6379 éviter
3887 6349 3956 6382 des
3978 6350 4340 6387 correspondances
4363 6352 4526 6386 inutiles
4548 6360 4558 6391 ;

3610 6414 3650 6443 4°
3682 6412 3754 6444 Dès
3783 6412 3904 6451 qu’un
3932 6413 4088 6447 abonné
4115 6420 4139 6447 a
4166 6416 4308 6450 trouvé
4336 6417 4374 6451 la
4403 6423 4598 6456 personne

3570 6466 3616 6498 de
3636 6471 3707 6498 son
3727 6466 3858 6504 choix,
3880 6467 3906 6499 il
3928 6468 4011 6500 doit
4031 6466 4214 6506 prévenir
4235 6470 4270 6502 le
4291 6470 4492 6504 Directeur
4512 6471 4596 6503 afin

3570 6526 3643 6556 que
3667 6525 3738 6551 son
3762 6526 3944 6553 annonce
3968 6520 4043 6552 soit
4067 6519 4240 6554 enlevée.
4268 6523 4296 6554 Il
4320 6522 4471 6556 évitera
4492 6521 4596 6555 ainsi

3570 6571 3709 6603 l’envoi
3743 6572 3790 6603 de
3823 6572 3956 6606 lettres
3988 6572 4054 6611 qui
4089 6573 4313 6608 n’auraient
4346 6576 4434 6615 plus
4464 6582 4595 6608 aueun

3570 6626 3636 6656 but
3663 6627 3699 6656 et
3726 6627 3972 6666 auxquelles,
4002 6632 4073 6664 par
4100 6626 4238 6660 devoir
4264 6630 4314 6662 de
4342 6629 4539 6667 politesse,
4570 6626 4595 6659 Il

3570 6676 3722 6710 devrait
3743 6675 3938 6716 répondre
3958 6686 3967 6718 ;

3611 6744 3649 6774 5°
3676 6744 3744 6775 Les
3767 6750 3968 6778 annonces
3991 6747 4080 6778 sont
4102 6746 4150 6779 de
4170 6746 4230 6780 six
4255 6746 4380 6784 lignes
4402 6752 4453 6778 au
4478 6744 4599 6777 maxi¬

3570 6803 3690 6828 mum.
3747 6798 3816 6830 Les
3871 6796 3999 6836 lignes
4051 6798 4408 6836 supplémentaires
4463 6802 4599 6832 seront
