5126 7504
2410 532 2481 570 LE
2514 532 2695 570 TRAIT
2727 531 2973 571 D’UNION

540 655 1141 733 Recommandations
1186 656 1503 735 Générales

552 871 590 900 1°
624 871 824 902 Personne
852 878 900 902 ne
930 872 1022 909 peut
1048 871 1335 910 correspondre
1362 876 1458 902 avec
1486 870 1542 900 les

510 923 687 956 abonnés
714 930 807 955 sans
835 923 947 955 avoir
974 923 1086 955 versé
1114 924 1170 955 les
1195 924 1231 955 11
1259 924 1394 955 francs
1422 920 1542 960 régle¬

513 976 725 1008 mentaires
754 984 762 1013 ;

551 1042 592 1071 2°
620 1042 689 1072 Les
711 1048 914 1074 annonces
937 1042 1006 1072 des
1031 1048 1239 1072 nouveaux
1263 1039 1441 1072 abonnés
1463 1039 1544 1071 doi¬

515 1096 605 1126 vent
632 1094 818 1131 parvenir
843 1094 868 1126 à
896 1095 932 1126 la
960 1094 1154 1126 direction
1184 1095 1219 1124 le
1244 1092 1352 1131 jeudi
1381 1092 1430 1123 de
1456 1092 1544 1123 cha¬

515 1154 591 1185 que
626 1147 803 1179 semaine
840 1154 940 1185 pour
975 1146 1056 1178 être
1095 1145 1268 1178 insérées
1307 1147 1340 1177 le
1375 1144 1540 1175 samedi.

516 1201 620 1230 Dans
648 1200 682 1231 le
704 1206 772 1231 cas
795 1199 1007 1235 contraire,
1031 1199 1127 1230 elles
1154 1206 1202 1230 ne
1227 1198 1446 1235 paraîtront
1470 1203 1546 1234 que

516 1254 552 1284 la
580 1251 758 1283 semaine
786 1252 970 1283 suivante
1000 1259 1008 1290 ;

555 1318 595 1347 3°
622 1318 843 1348 L’annonce
864 1318 932 1348 des
952 1315 1130 1348 abonnés
1151 1316 1234 1348 doit
1258 1315 1440 1351 indiquer
1463 1314 1546 1344 leur

514 1370 600 1409 âge,
631 1370 715 1402 leur
740 1370 946 1407 situation,
974 1369 1055 1400 s’ils
1083 1368 1258 1402 désirent
1284 1374 1334 1400 ou
1363 1373 1441 1398 non
1470 1372 1546 1398 une

515 1424 594 1455 dot.
624 1423 705 1454 Elle
731 1423 814 1455 doit
839 1422 996 1454 fournir
1026 1422 1199 1454 certains
1224 1420 1366 1453 détails
1394 1419 1442 1450 de
1471 1426 1547 1450 ma¬

517 1475 626 1507 nière
644 1475 671 1508 à
690 1475 815 1507 éviter
835 1476 904 1507 des
924 1475 1289 1512 correspondances
1311 1472 1475 1504 inutiles
1496 1479 1507 1510 ;

558 1542 598 1571 4°
630 1539 703 1571 Dès
732 1540 852 1578 qu’un
882 1538 1038 1572 abonné
1066 1546 1090 1570 a
1117 1539 1256 1571 trouvé
1287 1539 1323 1570 la
1352 1543 1548 1574 personne

518 1595 563 1625 de
584 1600 655 1626 son
676 1594 807 1631 choix,
830 1594 854 1624 il
876 1592 959 1624 doit
980 1591 1164 1630 prévenir
1186 1592 1220 1622 le
1240 1591 1442 1623 Directeur
1462 1590 1547 1620 afin

516 1654 592 1684 que
615 1652 687 1678 son
711 1652 894 1678 annonce
916 1645 993 1677 soit
1016 1643 1190 1675 enlevée.
1219 1644 1244 1675 Il
1271 1642 1420 1674 évitera
1443 1642 1547 1672 ainsi

519 1699 659 1731 l’envoi
694 1699 740 1731 de
774 1699 907 1731 lettres
939 1698 1006 1735 qui
1040 1696 1263 1728 n’auraient
1296 1695 1384 1734 plus
1416 1700 1547 1726 aucun

519 1754 586 1785 but
613 1755 650 1784 et
676 1752 922 1790 auxquelles,
952 1758 1024 1788 par
1052 1750 1190 1782 devoir
1216 1750 1263 1783 de
1294 1747 1491 1787 politesse,
1522 1747 1547 1778 il

517 1806 671 1838 devrait
692 1803 886 1842 répondre
907 1811 916 1841 ;

558 1871 598 1901 5°
625 1871 694 1900 Les
715 1875 917 1902 annonces
940 1870 1030 1899 sont
1051 1868 1099 1899 de
1120 1867 1181 1898 six
1206 1866 1331 1904 lignes
1354 1871 1403 1896 au
1430 1863 1550 1895 maxi¬

520 1931 640 1955 mum.
698 1923 767 1955 Les
823 1922 950 1960 lignes
1003 1919 1361 1958 supplémentaires
1416 1919 1551 1948 seront

520 1975 663 2014 payées
687 1974 710 2006 à
732 1974 867 2006 raison
888 1974 936 2006 de
960 1974 975 2003 1
999 1974 1113 2004 franc
1136 1972 1174 2003 la
1196 1972 1303 2010 ligne
1326 1976 1425 2008 pour
1447 1970 1550 2000 deux

520 2028 632 2059 mois.
664 2027 715 2059 Ce
744 2026 847 2059 délai
880 2024 1028 2063 écoulé,
1062 2026 1116 2055 les
1148 2022 1359 2056 intéressés
1388 2022 1551 2053 doivent

519 2082 735 2113 demander
767 2080 800 2111 le
831 2078 1171 2112 renouvellement
1202 2084 1211 2114 ;

559 2147 599 2178 6°
638 2146 686 2176 Le
721 2146 902 2176 montant
934 2143 1002 2174 des
1034 2142 1322 2173 abonnements
1354 2139 1436 2170 doit
1470 2138 1550 2170 être

518 2196 679 2231 adressé
695 2204 746 2230 au
768 2196 971 2228 Directeur
990 2195 1041 2228 du
1060 2192 1355 2228 Trait-d’Union
1375 2198 1423 2223 en
1444 2196 1551 2222 man¬

519 2253 619 2290 dats,
647 2252 745 2283 bons
771 2251 819 2283 de
845 2251 955 2288 poste
981 2255 1030 2279 ou
1056 2248 1220 2279 timbres
1247 2254 1257 2284 ;

559 2318 600 2347 7°
630 2318 682 2347 La
707 2315 906 2347 Direction
933 2314 1131 2351 n’accepte
1154 2319 1231 2350 que
1254 2311 1323 2342 des
1346 2314 1551 2341 annonces

520 2369 598 2402 très
619 2368 830 2406 sérieuses,
850 2367 968 2399 celles
990 2366 1087 2396 dont
1108 2366 1146 2396 la
1167 2364 1369 2396 rédaction
1393 2370 1440 2394 ne
1463 2368 1552 2394 con¬

523 2423 686 2454 viendra
714 2428 784 2459 pas
812 2421 946 2452 seront
975 2416 1150 2450 refusées
1179 2424 1188 2455 ;

560 2488 600 2519 8°
626 2488 728 2519 Nous
750 2484 1094 2520 recommandons,
1115 2488 1211 2514 avec
1232 2483 1270 2513 la
1291 2482 1379 2520 plus
1399 2479 1551 2519 grande

522 2542 751 2576 insistance,
770 2539 794 2571 à
811 2540 899 2570 tous
920 2543 991 2568 nos
1008 2534 1199 2572 abonnés,
1218 2535 1383 2566 anciens
1403 2533 1439 2564 et
1459 2539 1552 2563 nou¬

519 2599 662 2631 veaux,
695 2594 743 2624 de
776 2599 818 2623 se
850 2591 1075 2623 conformer
1108 2595 1187 2619 aux
1223 2585 1464 2618 indications
1498 2587 1550 2616 du

522 2647 667 2678 TRAIT
695 2644 885 2677 D’UNION
911 2650 960 2676 en
984 2650 1028 2674 ce
1053 2640 1119 2679 qui
1144 2646 1339 2672 concerne
1366 2639 1403 2670 la
1427 2640 1552 2670 trans¬

522 2699 686 2731 mission
710 2699 779 2730 des
804 2699 949 2729 lettres.
975 2696 1077 2726 Nous
1101 2692 1284 2732 répétons
1307 2698 1449 2723 encore
1474 2696 1552 2722 une

520 2753 598 2784 fois
632 2752 680 2783 de
715 2758 763 2782 ne
798 2752 935 2783 mettre
968 2754 1124 2780 aucune
1159 2746 1377 2778 indication
1412 2750 1480 2775 sur
1515 2743 1552 2774 la

520 2807 634 2838 lettre
662 2804 714 2836 du
744 2802 1016 2839 destinataire,
1047 2807 1160 2832 noms
1189 2802 1226 2832 et
1256 2796 1443 2830 numéros
1472 2795 1552 2827 doi¬

520 2859 612 2890 vent
632 2856 715 2889 être
739 2855 910 2893 inscrits,
934 2854 958 2886 à
982 2855 1123 2886 l’encre
1146 2853 1222 2884 soit
1246 2859 1314 2883 sur
1338 2856 1390 2881 un
1415 2848 1551 2887 papier

522 2909 806 2948 indépendant,
839 2908 915 2939 soit
947 2907 1048 2938 dans
1083 2904 1299 2938 l’intérieur
1331 2903 1379 2935 de
1414 2902 1552 2934 l’enve¬

520 2964 648 3002 loppe,
676 2960 861 2994 adressée
889 2967 940 2992 au
972 2959 1186 2991 Directeur.

562 3028 602 3059 9°
628 3027 687 3060 On
714 3028 807 3064 peut
829 3024 1116 3062 correspondre
1140 3023 1164 3056 à
1188 3023 1226 3055 la
1248 3022 1326 3052 fois
1350 3026 1446 3051 avec
1470 3019 1551 3056 plu¬

520 3081 648 3112 sieurs
678 3078 856 3111 abonnés
886 3085 894 3115 ;

562 3146 623 3175 10°
663 3144 714 3175 La
751 3143 840 3182 plus
874 3139 1131 3172 élémentaire
1168 3139 1354 3177 politesse
1387 3136 1462 3168 fait
1499 3142 1551 3167 un

521 3198 658 3230 devoir
688 3204 767 3228 aux
797 3194 975 3228 abonnés
1006 3194 1054 3225 de
1084 3192 1279 3231 répondre
1307 3197 1386 3223 aux
1419 3190 1551 3220 lettres

521 3256 670 3290 reçues.
704 3251 780 3282 Pas
812 3249 910 3280 n’est
940 3247 1076 3278 besoin
1110 3246 1156 3278 de
1190 3246 1355 3283 longues
1387 3243 1551 3280 phrases

520 3306 620 3336 dans
643 3303 816 3335 certains
839 3308 919 3335 cas.
946 3301 1052 3331 Deux
1080 3300 1179 3331 mots
1202 3298 1392 3330 suffisent
1418 3302 1427 3334 ;

560 3370 596 3399 11
606 3372 622 3388 °
654 3368 775 3399 Toute
806 3367 918 3399 lettre
946 3364 1011 3402 qui
1044 3369 1144 3395 nous
1171 3364 1230 3394 est
1256 3358 1440 3392 adressée
1470 3366 1551 3398 per¬

520 3422 811 3453 sonnellement
829 3420 866 3451 et
885 3418 951 3456 qui
971 3416 1166 3448 demande
1187 3422 1263 3447 une
1283 3413 1450 3452 réponse
1469 3411 1552 3443 doit

519 3475 600 3506 être
622 3471 914 3511 accompagnée
936 3471 1028 3502 d’un
1051 3470 1193 3502 timbre
1215 3470 1262 3500 de
1284 3468 1322 3499 10
1346 3465 1548 3498 centimes.

562 3540 621 3570 12°
655 3540 706 3570 Ne
735 3544 806 3576 pas
834 3535 987 3568 oublier
1018 3535 1074 3566 les
1101 3534 1265 3567 timbres
1294 3530 1551 3570 obligatoires

522 3600 620 3630 pour
642 3592 678 3623 la
699 3590 892 3630 première
913 3591 950 3621 et
972 3589 1007 3619 la
1028 3587 1236 3619 deuxième
1257 3584 1508 3621 enveloppes.

562 3658 621 3688 13°
655 3656 723 3687 Lès
752 3659 969 3694 personnes
999 3652 1064 3691 qui
1095 3654 1162 3683 ont
1191 3650 1388 3688 plusieurs
1419 3648 1551 3679 lettres

520 3711 544 3743 à
571 3716 671 3742 nous
695 3710 878 3740 adresser
902 3714 950 3739 en
978 3706 1104 3739 même
1126 3707 1267 3742 temps,
1292 3703 1383 3735 sont
1407 3700 1552 3739 parfai¬

519 3764 667 3795 tement
687 3760 908 3792 autorisées
928 3759 953 3790 à
975 3759 1030 3790 les
1052 3758 1188 3790 réunir
1210 3762 1302 3788 sous
1324 3761 1402 3787 une
1426 3754 1551 3784 même

519 3815 737 3854 enveloppe
762 3812 1058 3846 suffisamment
1083 3808 1319 3842 affranchie.

563 3891 623 3919 14°
648 3890 696 3919 Le
719 3887 934 3922 Directeur,
955 3884 1144 3915 soucieux
1167 3884 1214 3914 de
1234 3887 1446 3914 conserver
1466 3879 1490 3910 à
1514 3880 1550 3910 la

521 3936 798 3968 combinaison
828 3935 880 3966 du
911 3932 1021 3964 Trait
1049 3931 1218 3963 d’Union
1248 3936 1319 3962 son
1350 3927 1549 3959 caractère

522 3984 856 4022 d’irréprochable
878 3980 1124 4018 délicatesse,
1148 3979 1232 4016 prie
1256 3979 1311 4010 les
1334 3980 1549 4015 personnes

522 4033 587 4070 qui
628 4031 939 4068 correspondent
979 4029 1027 4059 de
1052 4027 1207 4058 vouloir
1231 4027 1320 4058 bien
1347 4024 1503 4062 joindre
1526 4023 1550 4055 à

523 4082 607 4112 leur
628 4079 792 4111 numéro
813 4077 1022 4118 personnel
1046 4078 1130 4107 leur
1150 4081 1240 4107 nom
1260 4081 1311 4107 ou
1330 4072 1550 4104 seulement

523 4130 627 4159 leurs
655 4128 842 4159 initiales.
870 4126 955 4158 Ceci
983 4125 1068 4155 afin
1095 4123 1256 4155 d’éviter
1283 4123 1320 4154 la
1346 4120 1550 4151 transmis¬

522 4178 608 4207 sion
628 4176 675 4207 de
696 4176 827 4207 lettres
847 4171 1051 4206 adressées
1071 4171 1094 4203 à
1115 4172 1151 4202 la
1171 4171 1368 4202 Direction
1392 4175 1462 4206 par
1480 4168 1548 4198 des

520 4231 618 4263 gens
648 4223 923 4255 malhonnêtes
951 4223 988 4253 et
1017 4227 1094 4251 non
1122 4217 1311 4250 abonnés.

563 4291 686 4322 Toute
717 4291 827 4320 lettre
858 4295 906 4319 ne
935 4287 1093 4323 portant
1123 4292 1192 4323 pas
1223 4292 1299 4315 une
1330 4282 1547 4314 indication

522 4338 671 4376 précise
691 4338 739 4368 de
760 4335 1016 4374 l’expéditeur
1035 4340 1125 4366 sera
1144 4332 1326 4364 détruite.

563 4415 623 4443 15°
662 4414 784 4443 Toute
819 4410 1076 4450 suppression
1112 4410 1346 4443 d’annonce,
1382 4407 1550 4443 change¬

523 4463 629 4494 ment
671 4467 720 4491 ou
766 4458 1040 4491 modification
1083 4455 1315 4487 d’insertion
1358 4459 1404 4484 en
1432 4459 1548 4484 cours

522 4511 839 4546 d’abonnement,
874 4507 1035 4539 nuisant
1066 4506 1089 4536 à
1120 4506 1158 4536 la
1188 4506 1318 4536 bonne
1348 4503 1550 4540 organisa¬

520 4559 603 4590 tion
626 4558 672 4588 de
695 4563 759 4588 ma
779 4555 1055 4588 combinaison
1079 4552 1290 4590 mariages,
1314 4552 1369 4582 les
1392 4556 1550 4587 person¬

522 4612 590 4636 nes
631 4604 696 4642 qui
738 4611 786 4635 en
826 4603 958 4635 feront
983 4602 1020 4632 la
1044 4600 1238 4632 demande
1263 4603 1462 4637 expresse,
1488 4598 1550 4627 de¬

522 4656 635 4686 vront
659 4659 701 4684 se
723 4653 950 4684 conformer
973 4656 1023 4682 au
1048 4648 1143 4680 tarif
1167 4648 1327 4680 suivant
1353 4654 1362 4677 :

562 4727 826 4765 Suppression
861 4719 1367 4758 d'annonce?..
1416 4721 1434 4750 5
1458 4720 1506 4750 fr.

563 4776 836 4814 Changement
870 4774 1367 4811 complet.
1415 4770 1434 4799 3
1457 4769 1507 4799 fr.

564 4823 823 4862 Supplément
851 4823 967 4854 d’une
997 4822 1367 4858 ligne.
1417 4818 1431 4846 1
1458 4818 1507 4847 fr.

562 4891 684 4922 Toute
708 4895 904 4927 personne
926 4884 1104 4919 abonnée
1127 4891 1220 4916 sans
1242 4889 1436 4920 annonce,
1460 4888 1550 4914 con¬

520 4946 631 4970 serve
666 4944 736 4968 son
772 4937 876 4968 droit
910 4935 1142 4967 d’insertion
1175 4933 1338 4971 gratuit,
1374 4931 1548 4967 pendant

519 4987 627 5018 toute
646 4987 682 5016 la
700 4984 820 5018 durée
838 4984 886 5015 de
903 4990 975 5015 son
994 4982 1274 5014 abonnement.

563 5054 611 5083 Le
660 5051 862 5083 Directeur
911 5050 1094 5080 recevant
1140 5046 1432 5084 fréquemment
1479 5044 1547 5074 des

520 5100 690 5138 plaintes
718 5099 766 5130 de
794 5098 967 5130 certains
995 5095 1342 5132 correspondants,
1374 5092 1456 5130 prie
1485 5098 1546 5122 ses

518 5147 707 5186 abonnés,
738 5147 878 5178 Dames
903 5147 939 5177 et
967 5143 1177 5175 Messieurs
1202 5143 1250 5174 de
1276 5140 1430 5173 vouloir
1456 5139 1545 5171 bien

520 5195 713 5233 répondre
750 5194 774 5226 à
811 5195 939 5225 toutes
979 5192 1033 5223 les
1074 5191 1204 5222 lettres
1244 5190 1309 5228 qui
1350 5188 1435 5219 leur
1457 5188 1547 5218 sont

518 5242 735 5275 adressées.

562 5310 610 5340 Le
631 5308 895 5340 dévouement
916 5306 1125 5345 personnel
1148 5305 1195 5336 de
1219 5304 1255 5335 la
1276 5302 1474 5335 Direction
1499 5308 1546 5332 ne

519 5360 610 5395 peut
650 5363 698 5387 en
739 5363 895 5387 aucune
935 5355 1051 5391 façon
1094 5352 1275 5384 atténuer
1300 5352 1399 5383 cette
1426 5349 1546 5387 négli¬

516 5411 651 5444 gence,
676 5411 775 5442 pour
797 5410 844 5435 ne
867 5408 936 5441 pas
959 5401 1043 5433 dire
1063 5403 1163 5432 cette
1186 5399 1440 5437 impolitesse.

1134 5468 1189 5498 LE
1215 5464 1503 5498 DIRECTEUR.

514 5684 882 5793 OFFRES
946 5683 1150 5787 AUX
1214 5682 1546 5787 DAMES

563 5959 699 6006 5,855.
738 5956 791 5997 —
827 5955 1112 6003 Célibataire,
1177 5956 1228 5994 44
1263 5963 1360 6001 ans,
1426 5951 1539 6000 seul,

511 6016 763 6069 propriétés
793 6016 836 6057 et
866 6016 1030 6063 rentes,
1063 6014 1252 6055 environ
1284 6014 1435 6054 80.000
1466 6012 1539 6060 fr.,

508 6076 655 6118 désire
686 6076 888 6127 mariage
920 6086 1027 6115 avec
1056 6073 1319 6115 demoiselle
1350 6073 1404 6114 de
1434 6074 1486 6111 30
1515 6072 1541 6111 à

507 6138 559 6177 35
590 6147 686 6186 ans,
719 6135 934 6176 situation
967 6145 1020 6174 en
1053 6134 1254 6186 rapport.
1287 6134 1351 6175 Ne
1382 6132 1540 6183 répon¬

508 6195 591 6236 dra
618 6195 723 6246 qu’à
750 6194 1031 6246 proposition
1060 6192 1272 6234 sérieuse.

559 6282 696 6330 5,857.
723 6280 780 6322 —
807 6279 1092 6327 Célibataire,
1122 6280 1174 6319 42
1202 6290 1298 6328 ans,
1331 6278 1538 6330 empl'oyë

506 6340 584 6382 des
613 6340 810 6391 grandes
842 6339 1044 6380 maisons
1075 6339 1130 6379 de
1162 6348 1415 6379 commerce
1447 6350 1537 6378 aux

504 6399 792 6450 Amériques,
826 6398 977 6439 rentré
1008 6410 1064 6439 en
1097 6398 1271 6439 France
1301 6408 1418 6449 pour
1450 6398 1536 6438 rai¬

503 6469 608 6499 sons
640 6458 695 6499 de
729 6458 920 6507 famille,
955 6456 1212 6508 épouserait
1272 6455 1535 6498 demoiselle

503 6527 560 6558 ou
586 6527 729 6558 veuve
755 6528 860 6558 sans
886 6515 1082 6564 enfants,
1111 6516 1323 6564 sérieuse,
1352 6515 1407 6556 de
1432 6518 1483 6556 30
1510 6516 1534 6556 à

502 6578 555 6618 40
584 6587 680 6626 ans,
714 6578 863 6618 même
894 6587 1000 6617 sans
1031 6576 1122 6624 dot,
1155 6588 1272 6627 pour
1303 6575 1447 6627 partir
1479 6587 1531 6615 en

503 6635 764 6686 Amérique.

552 6723 671 6762 5863.
703 6723 758 6760 —
789 6723 959 6762 Ancien
991 6722 1312 6769 sous-officier,
1347 6722 1398 6759 34
1431 6731 1526 6770 ans,

497 6782 635 6831 ayant
657 6780 775 6820 droit
797 6782 823 6820 à
845 6793 906 6821 un
930 6779 1098 6830 emploi
1122 6780 1243 6829 civil,
1268 6780 1355 6820 bon
1381 6791 1528 6820 carac¬

496 6840 604 6887 tère,
635 6840 920 6888 instruction,
951 6838 1208 6888 éducation,
1239 6838 1422 6880 retraite
1450 6840 1528 6879 850

495 6900 664 6948 francs,
690 6899 856 6948 capital
882 6900 1030 6939 15.000
1052 6898 1127 6948 fr.,
1154 6898 1300 6940 désire
1323 6898 1526 6950 mariage

1613 636 1865 690 orpheline,
1893 647 2035 676 veuve
2062 647 2119 676 ou
2147 632 2410 675 demoiselle
2438 642 2642 672 receveu¬

1614 708 1660 739 se
1694 697 1772 739 des
1804 696 1954 747 postes
1987 707 2043 735 ou
2079 692 2313 744 employée
2362 691 2476 732 dans
2526 702 2643 732 com¬

1616 767 1764 797 merce
1796 767 1854 796 ou
1888 754 2127 795 industrie.

1668 834 1787 874 5868.
1820 831 1875 871 —
1907 831 2192 878 Célibataire,
2226 840 2332 870 sans
2380 828 2556 868 famille
2603 827 2645 867 et

1616 904 1723 934 sans
1754 891 1984 938 relations,
2019 889 2168 930 rentré
2216 899 2270 928 en
2320 888 2491 928 France
2539 896 2645 927 avec

1615 963 1769 1003 grosse
1799 951 1980 991 fortune
2010 948 2118 991 faite
2146 959 2236 988 aux
2279 946 2492 995 colonies,
2539 956 2645 986 vou¬

1618 1010 1737 1052 drait
1768 1010 1958 1060 épouser
1991 1008 2124 1049 dame
2156 1006 2368 1055 sérieuse,
2402 1003 2647 1056 possédant

1618 1069 1815 1122 qualités
1846 1067 2042 1110 morales
2073 1067 2116 1107 et
2147 1064 2399 1116 physiques
2446 1064 2501 1104 de
2550 1074 2647 1115 pre¬

1619 1130 1734 1170 mier
1759 1127 1891 1168 ordre
1916 1138 2023 1168 avec
2047 1138 2104 1167 ou
2130 1135 2236 1166 sans
2259 1124 2350 1166 dot.

1672 1216 1791 1255 5871.
1823 1214 1879 1252 —
1912 1214 2162 1252 Charmant
2192 1211 2328 1260 jeune
2364 1211 2562 1259 homme,
2597 1211 2648 1248 26

1620 1286 1716 1323 ans,
1750 1272 1934 1324 partant
1963 1283 2079 1323 pour
2110 1281 2302 1320 occuper
2334 1268 2502 1320 emploi
2534 1267 2648 1309 dans

1621 1331 1890 1384 compagnie
1923 1331 2105 1371 chemin
2140 1330 2195 1371 de
2230 1329 2296 1368 fer
2331 1330 2357 1368 à
2391 1328 2645 1379 l’étranger,

1622 1391 1838 1435 situation
1870 1392 2006 1438 5.000,
2040 1388 2340 1440 propriétaire
2372 1399 2426 1428 en
2462 1387 2647 1434 France,

1623 1451 1864 1492 recherche
1898 1448 2099 1499 mariage
2134 1459 2240 1488 avec
2273 1446 2536 1488 demoiselle
2569 1446 2649 1495 âge

1622 1512 1663 1552 et
1687 1508 1903 1551 situation
1930 1519 1984 1548 en
2010 1507 2211 1558 rapport.
2240 1506 2444 1547 Sérieux.

1675 1591 1811 1632 5.874.
1840 1591 1894 1628 —
1922 1590 2052 1636 Veuf,
2083 1590 2134 1628 27
2162 1598 2258 1635 ans,
2289 1587 2407 1627 belle
2435 1586 2649 1628 situation

1624 1651 1739 1692 dans
1776 1648 2019 1699 l’épicerie,
2058 1646 2204 1687 désire
2240 1646 2431 1696 épouser
2468 1644 2644 1687 Demoi¬

1623 1710 1731 1751 selle
1756 1719 1815 1750 ou
1840 1708 1994 1748 Veuve
2020 1708 2074 1748 de
2099 1708 2150 1747 25
2176 1706 2203 1746 à
2227 1707 2278 1746 28
2331 1716 2427 1753 ans,
2456 1704 2652 1746 honnête

1623 1771 1664 1811 et
1694 1767 1906 1816 sérieuse,
1940 1778 2056 1818 pour
2087 1767 2215 1818 gérer
2247 1775 2515 1805 commerce.

1675 1853 1810 1892 5.875.
1834 1851 1890 1891 —
1912 1851 2250 1896 Constructeur,
2302 1847 2576 1894 célibataire,
2602 1847 2653 1886 44

1623 1923 1720 1959 ans,
1749 1910 1887 1960 jeune
1914 1908 2114 1959 d’aspect
2140 1907 2184 1948 et
2210 1906 2266 1947 de
2295 1918 2435 1958 cœur,
2467 1907 2556 1947 bon
2585 1916 2653 1946 ca¬

1624 1969 1808 2018 ractère,
1845 1967 1980 2020 loyal,
2016 1967 2120 2008 bien
2155 1977 2260 2007 sous
2292 1966 2394 2006 tous
2427 1966 2651 2017 rapports,

1624 2027 1927 2070 honorabilité
1963 2027 2004 2067 et
2039 2026 2166 2067 santé
2200 2024 2434 2076 parfaites,
2472 2024 2653 2074 exempt

1624 2090 1678 2130 de
1709 2087 1844 2135 vices,
1880 2086 2168 2133 immeubles,
2204 2083 2435 2132 situation,
2471 2084 2655 2134 épouse¬

1625 2148 1711 2188 rait
1739 2146 1855 2188 belle
1885 2146 1979 2186 fille
2008 2146 2063 2184 de
2092 2145 2136 2184 la
2191 2155 2443 2194 campagne
2471 2144 2522 2182 27
2551 2142 2576 2183 à
2604 2143 2655 2182 38

1624 2219 1720 2255 ans,
1751 2204 1878 2246 avoir
1907 2206 2054 2244 12.000
2082 2203 2235 2244 francs
2262 2214 2319 2243 ou
2347 2202 2484 2252 jeune
2511 2212 2653 2243 veuve

1624 2266 1728 2318 plus
1762 2264 1984 2312 fortunée,
2047 2261 2321 2313 catholique,
2383 2262 2580 2303 sérieuse
2613 2260 2655 2300 et

1626 2324 1839 2366 aimante.

1678 2411 1814 2451 5.880.
1840 2410 1891 2447 —
1920 2410 2157 2459 Voyageur
2211 2408 2263 2447 de
2319 2407 2580 2447 Commerce
2605 2407 2656 2445 29

1624 2480 1722 2518 ans,
1748 2467 1947 2516 chatain,
1975 2468 2124 2508 bonne
2150 2466 2364 2508 situation
2391 2464 2539 2506 désire
2563 2476 2656 2506 ma¬

1626 2528 1750 2579 riage
1779 2538 1887 2567 avec
1915 2526 2052 2578 jeune
2083 2526 2176 2566 fille
2204 2536 2262 2566 ou
2292 2536 2435 2564 veuve
2466 2524 2520 2564 de
2548 2525 2600 2564 20
2631 2522 2656 2562 à

1628 2590 1679 2627 28
1700 2598 1796 2635 ans,
1822 2586 1959 2638 ayant
1979 2586 2070 2635 dot,
2095 2584 2270 2626 aimant
2290 2595 2500 2634 voyager.

1678 2671 1812 2710 5.882.
1838 2671 1893 2708 —
1916 2671 2035 2708 Beau
2059 2671 2242 2719 garçon,
2267 2670 2319 2707 36
2340 2679 2436 2716 ans,
2463 2667 2655 2717 agricul¬

1627 2731 1725 2771 teur
1759 2728 2071 2780 progressiste,
2107 2728 2214 2775 bon,
2250 2726 2443 2775 sérieux,
2481 2726 2655 2767 famille

1630 2788 1893 2836 honorable,
1955 2787 2080 2828 avoir
2136 2787 2260 2827 4.000
2290 2786 2443 2827 francs
2474 2787 2657 2836 épouse¬

1624 2848 1714 2889 rait
1744 2858 1888 2887 veuve
1921 2859 2028 2888 sans
2060 2845 2242 2887 enfants
2275 2856 2332 2885 ou
2394 2843 2656 2886 demoiselle

1627 2907 1888 2948 chrétienne
1915 2907 1970 2947 de
1995 2908 2047 2946 24
2072 2906 2099 2946 à
2124 2907 2176 2945 40
2228 2915 2326 2953 ans,
2383 2904 2520 2955 ayant
2546 2903 2656 2955 petit

1627 2966 1792 3018 capital
1816 2975 1874 3006 ou
1900 2964 2142 3016 propriété.

1678 3054 1815 3102 5,890,
1856 3051 2059 3091 Hérault.
2095 3051 2150 3091 —
2183 3051 2328 3090 Jeune
2366 3051 2564 3101 homme,
2603 3051 2655 3090 29

1625 3123 1722 3161 ans,
1747 3112 1839 3152 très
1861 3110 2056 3160 sérieux,
2081 3109 2291 3151 moralité
2314 3109 2524 3160 parfaite,
2550 3107 2653 3151 bien

1628 3183 1735 3212 sous
1770 3171 1872 3210 tous
1908 3170 1972 3210 les
2008 3170 2235 3220 rapports,
2274 3168 2535 3222 épouserait
2571 3167 2643 3208 de¬

1627 3229 1830 3271 moiselle
1864 3230 2060 3270 sérieuse
2095 3229 2148 3270 de
2180 3230 2232 3268 20
2263 3230 2288 3268 à
2316 3231 2368 3268 30
2403 3240 2486 3268 ans
2519 3227 2655 3279 ayant

1626 3288 1856 3332 situation.
1887 3288 1943 3330 Se
1967 3286 2243 3339 déplacerait
2268 3299 2326 3327 au
2351 3287 2523 3328 besoin.

1678 3377 1815 3424 5,895,
1839 3375 2080 3416 Toulouse.
2102 3371 2155 3414 —
2176 3371 2462 3422 Célibataire,
2483 3375 2535 3413 29
2555 3384 2651 3419 ans,

1625 3435 1727 3476 chef
1744 3434 1970 3486 pâtissier,
1991 3434 2117 3475 avoir
2137 3435 2284 3474 10.000
2303 3432 2456 3474 francs
2475 3432 2518 3473 et
2534 3432 2655 3483 espé¬

1626 3504 1797 3542 rances,
1831 3492 2044 3534 voudrait
2077 3493 2268 3544 épouser
2299 3491 2436 3542 jeune
2470 3491 2567 3532 fille
2599 3491 2653 3531 de

1624 3556 1675 3594 25
1705 3554 1731 3594 à
1760 3555 1812 3593 30
1835 3564 1931 3600 ans,
1959 3552 2096 3604 ayant
2120 3551 2336 3593 situation
2361 3551 2599 3602 analogue.

1680 3640 1818 3688 5,898,
1856 3638 2249 3679 Lot-et-Garonne.
2286 3636 2341 3676 —
2378 3635 2648 3676 Célibataire

1626 3699 1736 3747 seul,
1766 3700 1818 3738 36
1844 3708 1940 3745 ans,
1970 3695 2180 3736 habitant
2207 3695 2251 3736 la
2276 3696 2399 3744 ville,
2428 3695 2654 3747 physique

1624 3756 1850 3808 agréable,
1872 3756 1962 3795 bon
1984 3755 2224 3802 caractère,
2248 3755 2384 3804 ayant
2404 3754 2516 3804 petit
2535 3763 2653 3794 com¬

1624 3826 1787 3864 merce,
1816 3814 2060 3866 possédant
2086 3811 2223 3866 petite
2248 3812 2491 3864 propriété,
2519 3814 2654 3864 épou¬

1624 3876 1760 3916 serait
1794 3874 2055 3915 demoiselle
2091 3874 2146 3915 de
2177 3875 2229 3912 25
2259 3873 2284 3912 à
2314 3875 2365 3912 30
2415 3884 2511 3921 ans,
2547 3882 2653 3911 avec

1623 3935 1714 3975 dot.

1676 4021 1812 4069 5,902,
1848 4017 2270 4070 Basses-Pyrénées.
2303 4018 2356 4055 —
2388 4017 2518 4065 Veuf,
2555 4016 2652 4067 trop

1624 4080 1735 4128 seul,
1766 4080 1816 4119 59
1843 4090 1940 4128 ans,
1970 4078 2079 4128 jolie
2107 4076 2322 4119 situation
2352 4076 2407 4118 de
2434 4074 2653 4118 fonction¬

1624 4139 1764 4186 naire,
1791 4138 1863 4178 bel
1886 4138 2086 4188 homme,
2114 4136 2239 4177 avoir
2262 4135 2519 4186 personnel,
2546 4134 2653 4175 bon-

1623 4210 1679 4250 nç
1699 4197 1842 4246 santé,
1864 4196 2121 4248 épouserait
2141 4195 2414 4236 Demoiselle
2432 4207 2490 4236 ou
2511 4195 2652 4235 Dame

1624 4259 1772 4298 même
1800 4256 2007 4296 divorcée
2035 4267 2090 4295 en
2119 4266 2167 4296 sa
2196 4254 2355 4294 faveur
2384 4254 2439 4295 de
2466 4256 2518 4294 40
2547 4253 2573 4293 à
2602 4255 2652 4292 55

1623 4328 1719 4366 ans,
1744 4315 2009 4364 honorable,
2034 4315 2076 4355 et
2096 4315 2199 4355 bien
2223 4314 2373 4354 élevée
2395 4313 2531 4364 ayant
2555 4323 2651 4352 ren¬

1625 4376 1689 4416 tes
1712 4387 1771 4416 ou
1795 4374 2064 4415 économies.
2093 4374 2203 4414 Très
2228 4372 2420 4414 sérieux.

1676 4454 1812 4502 5.904,
1852 4451 2107 4503 Dordogne.
2144 4450 2198 4491 —
2236 4450 2555 4500 Commerçant
2589 4449 2652 4488 di¬

1624 4511 1768 4560 vorcé,
1803 4514 1855 4551 39
1886 4523 1983 4560 ans,
2016 4510 2178 4562 grand,
2213 4510 2368 4558 blond,
2403 4508 2648 4560 distingué,

1623 4570 1848 4623 physique
1878 4570 2102 4622 agréable.
2138 4568 2314 4620 Capital
2343 4571 2492 4608 35.000
2522 4568 2577 4607 fr.
2611 4568 2651 4607 et

1624 4631 1798 4672 140.000
1826 4630 1882 4670 fr.
1915 4630 2182 4680 espérances
2210 4630 2352 4676 sûres,
2384 4627 2531 4669 désire
2560 4638 2651 4667 ma¬

1623 4690 1746 4740 riage
1775 4700 1883 4730 avec
1911 4688 2048 4739 jeune
2080 4688 2176 4728 fille
2206 4698 2264 4727 ou
2294 4698 2437 4727 veuve
2465 4688 2518 4726 22
2546 4686 2572 4726 à
2600 4687 2652 4726 26

1622 4760 1720 4798 ans,
1754 4748 1942 4800 grande,
1976 4747 2100 4799 jolie,
2134 4746 2296 4795 brune,
2331 4746 2449 4787 belle
2483 4745 2652 4787 femme

1626 4807 1786 4859 (exigé)
1832 4807 2092 4847 Recherche
2137 4806 2331 4858 qualités
2375 4805 2569 4846 morales
2612 4804 2653 4844 et

1623 4866 1886 4920 physiques,
1916 4866 2172 4907 nullement
2197 4864 2242 4906 la
2269 4864 2466 4906 fortune.

1675 4954 1811 5001 5.905,
1842 4952 1935 4992 Lot.
1966 4952 2019 4991 —
2047 4951 2164 4991 Veuf
2190 4951 2240 4988 40
2268 4960 2364 4998 ans,
2396 4948 2492 4990 fille
2519 4949 2573 4990 de
2603 4949 2651 4987 14

1623 5023 1718 5061 ans,
1752 5011 1914 5063 grand,
1948 5010 2082 5059 brun,
2115 5010 2203 5050 bon
2235 5019 2375 5058 cœur,
2408 5006 2651 5059 possédant

1622 5072 1797 5112 maison
1827 5071 1882 5111 de
1908 5071 2098 5120 rapport
2123 5069 2166 5110 et
2192 5068 2348 5109 atelier
2376 5066 2651 5108 menuiserie

1621 5129 1903 5180 mécanique,
1962 5126 2219 5180 épouserait
2274 5127 2536 5168 demoiselle
2592 5136 2650 5166 ou

1621 5200 1779 5241 veuve,
1811 5200 1916 5231 sans
1947 5188 2142 5236 enfants,
2175 5187 2448 5238 catholique,
2483 5187 2651 5227 femme

1620 5247 1905 5296 d’intérieur,
1944 5248 2082 5299 ayant
2116 5245 2316 5288 certaine
2352 5244 2430 5287 dot
2463 5244 2506 5286 et
2540 5254 2649 5295 pou¬

1619 5308 1729 5349 vant
1755 5319 1800 5348 se
1828 5307 2052 5359 déplacer.
2085 5307 2178 5358 Age
2206 5304 2382 5347 assorti.

1672 5395 1791 5442 5911,
1822 5392 2062 5434 Toulouse.
2092 5392 2143 5431 —
2170 5391 2300 5439 Veuf,
2327 5392 2379 5430 40
2406 5400 2500 5438 ans,
2530 5399 2648 5429 com¬

1620 5454 1824 5504 merçant
1846 5452 2059 5493 voudrait
2080 5452 2271 5503 épouser
2294 5448 2566 5491 Demoiselle
2589 5459 2647 5488 ou

1619 5523 1761 5554 veuve
1779 5523 1886 5552 sans
1903 5511 2084 5552 enfants
2103 5510 2240 5561 ayant
2256 5508 2394 5559 petite
2411 5508 2643 5548 situation.

1671 5574 1791 5621 5913,
1839 5571 1977 5612 Tarn.
2024 5570 2078 5610 —
2125 5568 2410 5616 Célibataire,
2454 5570 2507 5608 50
2547 5578 2644 5615 ans,

1618 5634 1767 5674 30.000
1793 5631 1848 5671 fr.
1877 5631 2165 5679 immeubles,
2192 5630 2435 5680 géomètre,
2463 5630 2647 5679 épouse¬

1619 5692 1707 5735 rait
1728 5691 1998 5732 Demoiselle
2020 5691 2075 5731 de
2096 5692 2147 5731 35
2168 5689 2195 5730 à
2215 5690 2266 5728 45
2288 5700 2384 5738 ans,
2409 5688 2511 5739 apte
2534 5688 2559 5728 à
2581 5686 2644 5727 di¬

1618 5754 1738 5804 riger
1760 5751 1992 5799 intérieur,
2019 5762 2126 5791 avec
2147 5749 2238 5790 dot.

1670 5831 1788 5878 5916,
1819 5830 1956 5870 Tarn.
1984 5828 2039 5868 —
2066 5827 2255 5868 Officier
2282 5838 2336 5867 en
2366 5824 2563 5875 retraite,
2593 5825 2643 5864 54

1616 5903 1713 5939 ans,
1743 5888 1931 5941 pension
1960 5890 2083 5928 3.700
2110 5887 2184 5935 fr.,
2214 5886 2380 5937 capital
2407 5887 2558 5926 35.000
2584 5883 2639 5923 fr.

1614 5947 1872 6002 épouserait
1906 5947 2178 5988 Demoiselle
2211 5957 2270 5987 ou
2306 5946 2448 5985 Dame
2482 5954 2639 5991 veuve,

1616 6023 1722 6052 sans
1743 6008 1939 6054 enfants,
1964 6007 2018 6048 de
2039 6008 2090 6047 38
2111 6007 2137 6047 à
2157 6008 2208 6047 48
2230 6018 2326 6050 ans,
2351 6015 2457 6044 avec
2476 6004 2568 6045 dot.

1669 6088 1774 6128 5923
1811 6083 2171 6136 (Deux-Sèvres).
2208 6083 2263 6119 —
2300 6082 2390 6120 Fils
2428 6082 2480 6120 de
2518 6082 2640 6120 riche

1615 6146 1871 6194 industriel,
1907 6147 1959 6186 24
1994 6155 2090 6192 ans,
2128 6144 2155 6184 b
2160 6142 2231 6182 ien
2267 6153 2287 6182 s
2290 6152 2371 6182 ous
2407 6141 2508 6182 tous
2543 6150 2643 6190 rap¬

1612 6207 1751 6258 ports,
1783 6204 1978 6255 prenant
2004 6196 2435 6266 suiteg^BfcBjaires
2460 6223 2512 6227 —
2540 6202 2589 6239 12
2616 6199 2642 6238 à

1615 6266 1760 6306 15.000
1794 6263 1849 6303 fr.
1886 6274 1967 6316 par
2001 6274 2057 6303 an
2090 6242 2431 6322 --^MHpait
2465 6257 2640 6299 Demoi¬

1611 6324 1734 6372 selle,
1768 6323 1910 6364 Dame
1938 6333 2082 6362 veuve
2111 6333 2170 6361 ou
2188 6305 2422 6374 -DM^ée,
2457 6319 2506 6357 17
2534 6320 2559 6358 à
2588 6318 2639 6359 24

1610 6394 1707 6423 ans.
1736 6382 1847 6423 Très
1873 6380 2067 6422 sérieux.

1663 6462 1767 6500 5925
1795 6458 2028 6510 (Corrèze).
2055 6458 2109 6496 —
2135 6456 2380 6506 Négociant
2403 6466 2455 6495 en
2484 6454 2634 6501 tissus,

1610 6520 1660 6559 26
1694 6530 1790 6566 ans,
1825 6516 1934 6568 jolie
1967 6515 2199 6563 situation,
2236 6514 2420 6567 parents
2455 6512 2543 6555 très
2577 6511 2637 6552 ai¬

1610 6579 1692 6627 sés,
1726 6577 1875 6618 bonne
1923 6574 2208 6622 instruction,
2243 6572 2436 6621 sérieux,
2486 6571 2639 6624 physi¬

1608 6649 1695 6688 que
1728 6635 1953 6686 agréable,
1988 6634 2245 6684 épouserait
2279 6631 2550 6672 Demoiselle
2581 6632 2636 6670 de

1608 6694 1783 6737 famille
1804 6692 2068 6741 honorable,
2092 6693 2172 6745 âge
2194 6693 2235 6734 et
2256 6691 2438 6732 fortune
2459 6703 2512 6731 en
2535 6701 2634 6741 rap¬

1607 6756 1721 6806 port.

1660 6842 1766 6880 5933
1803 6836 2347 6889 (Charente-Inférieure).
2384 6837 2439 6875 —
2476 6837 2631 6876 Indus¬

1607 6900 1724 6948 triel,
1755 6898 1971 6939 situation
2002 6898 2055 6940 de
2084 6899 2208 6939 2.500
2236 6896 2291 6936 fr.
2325 6907 2407 6947 par
2435 6907 2515 6936 son
2544 6896 2632 6936 tra¬

2717 634 2824 683 vail,
2855 633 3001 674 désire
3031 632 3231 684 mariage
3261 644 3368 674 avec
3396 632 3658 674 demoiselle
3688 631 3742 671 de

2717 694 2768 732 25
2793 692 2819 732 à
2843 694 2894 732 30
2919 703 3015 739 ans,
3043 691 3097 732 de
3121 694 3252 743 goûts
3278 690 3480 742 simples,
3509 692 3645 742 ayant
3671 700 3742 741 pe¬

2719 751 2796 791 tite
2834 751 2924 791 dot.
2963 751 3244 802 Accepterait
3277 760 3503 801 personne
3539 748 3744 790 connais¬

2720 810 2821 848 sant
2852 811 3045 850 travaux
3079 810 3133 850 de
3168 808 3325 857 ferme,
3361 819 3468 848 sans
3500 808 3589 855 dot,
3606 829 3610 835 •
3627 807 3743 848 mais

2720 868 2856 919 ayant
2879 867 3159 919 espérances,
3184 866 3411 918 propriété
3435 877 3488 906 en
3513 866 3713 918 rapport.

2771 956 2907 1003 5.937,
2936 954 3173 995 Charente.
3199 956 3252 993 —
3279 951 3465 993 Divorcé
3491 951 3516 991 à
3541 962 3620 991 son
3647 962 3747 1000 pro¬

2720 1007 2788 1056 fit,
2836 1010 2888 1047 56
2939 1019 3035 1056 ans,
3090 1007 3192 1048 bien
3245 1006 3475 1052 conservé,
3530 1004 3744 1046 situation

2721 1064 2868 1102 10.000
2891 1062 3059 1110 francs,
3085 1060 3250 1102 remise
3273 1059 3525 1101 mensuelle
3551 1062 3627 1099 100
3649 1059 3706 1099 fr.
3738 1070 3748 1104 ;

2720 1115 2976 1167 épouserait
3001 1126 3144 1156 veuve
3172 1126 3228 1155 ou
3257 1115 3464 1155 divorcée
3489 1112 3544 1154 de
3569 1115 3620 1153 40
3646 1114 3672 1152 à
3697 1115 3748 1152 50

2720 1182 2816 1218 ans,
2842 1169 2961 1218 bien,
2988 1180 3095 1209 avec
3116 1168 3311 1219 position
3336 1180 3392 1208 ou
3417 1178 3671 1207 commerce
3693 1178 3747 1207 en

2721 1224 2920 1274 rapport.
2951 1222 3153 1263 Sérieux.

2773 1304 2909 1352 5.940,
2939 1302 3209 1344 Gironde.—
3233 1303 3427 1351 Notaire,
3452 1302 3556 1351 près
3577 1300 3749 1350 grande

2721 1356 2843 1406 ville,
2874 1356 3022 1404 noble,
3051 1358 3103 1395 40
3129 1367 3225 1403 ans,
3257 1355 3359 1396 bien
3389 1367 3495 1395 sous
3521 1355 3622 1395 tous
3649 1367 3749 1404 rap¬

2721 1411 2860 1460 ports,
2891 1410 3105 1451 situation
3136 1412 3257 1450 8.000
3286 1409 3342 1448 fr.
3373 1408 3520 1450 désire
3548 1408 3750 1458 mariage

2723 1476 2829 1504 avec
2851 1475 3076 1515 personne
3098 1464 3236 1512 ayant
3256 1463 3348 1504 dot.
3375 1463 3485 1503 Très
3507 1462 3700 1503 sérieux.

2776 1546 2913 1592 5.941,
2945 1542 3157 1584 Gironde.
3185 1544 3239 1582 —
3265 1543 3396 1590 Veuf,
3427 1544 3477 1582 40
3505 1552 3601 1588 ans,
3632 1542 3751 1583 deux

2723 1598 2919 1644 enfants,
2941 1596 3052 1637 neuf
3072 1599 3115 1638 et
3133 1597 3232 1647 sept
3251 1608 3348 1644 ans,
3372 1595 3612 1637 industriel
3633 1607 3749 1636 com¬

2724 1652 2943 1702 merçant,
2975 1651 3168 1698 sérieux,
3200 1650 3321 1698 actif,
3353 1650 3443 1690 très
3471 1648 3587 1690 belle
3616 1648 3751 1690 situa¬

2723 1704 2816 1744 tion
2848 1703 3051 1746 d’avenir
3080 1704 3159 1755 qui
3191 1704 3403 1754 rapporte
3432 1702 3753 1743 actuellement

2725 1760 2872 1798 10.000
2900 1758 2956 1798 fr.
2988 1769 3071 1808 par
3100 1770 3173 1805 an,
3205 1755 3460 1806 épouserait
3490 1756 3752 1796 demoiselle

2723 1823 2780 1851 ou
2832 1822 2976 1852 veuve
3028 1811 3083 1851 de
3135 1811 3343 1851 moralité
3397 1809 3749 1858 irréprochable,

2724 1864 2892 1907 femme
2916 1863 3196 1911 d’intérieur,
3220 1864 3352 1915 goûts
3376 1862 3580 1912 simples,
3605 1875 3752 1903 carac¬

2724 1918 2816 1959 tère
2841 1918 3116 1959 affectueux.
3147 1918 3240 1967 Age
3263 1915 3439 1957 assorti.

2777 1999 2913 2048 5.942,
2951 1999 3163 2040 Gironde.
3193 2000 3248 2038 —
3278 1999 3408 2047 Veuf,
3440 2001 3492 2038 43
3523 2010 3619 2046 ans,
3652 1999 3753 2039 cha¬

2724 2054 2819 2094 tain
2848 2053 2993 2101 foncé,
3024 2052 3135 2092 trois
3163 2052 3344 2094 enfants
3371 2052 3509 2102 ayant
3536 2051 3751 2092 situation

2727 2106 3077 2158 indépendante,
3132 2104 3353 2147 industrie
3405 2106 3447 2146 et
3481 2106 3619 2156 petite
3653 2117 3753 2156 pro¬

2724 2160 2881 2210 priété,
2904 2159 3052 2201 désire
3071 2159 3211 2199 union
3233 2170 3338 2200 avec
3358 2170 3581 2210 personne
3601 2160 3753 2208 agréa¬

2725 2214 2812 2263 ble,
2843 2215 2925 2265 âge
2952 2212 3112 2254 assorti
3142 2212 3279 2263 ayant
3305 2224 3512 2254 revenus.

2775 2295 2895 2334 5943.
2919 2315 2975 2322 —
2999 2291 3157 2340 Quelle
3180 2292 3247 2333 est
3268 2292 3314 2332 la
3337 2292 3508 2335 femme
3531 2292 3587 2334 de
3610 2304 3750 2343 cœur,

2725 2352 2864 2402 riche,
2904 2351 3202 2393 recherchant
3237 2352 3445 2394 bonheur
3480 2351 3631 2403 plutôt
3664 2364 3752 2404 que

2724 2411 2920 2460 fortune,
2955 2410 3033 2463 qui
3064 2411 3321 2462 épouserait
3368 2411 3653 2460 Célibataire,
3703 2415 3755 2452 50

2724 2483 2820 2520 ans,
2849 2470 3107 2523 paraissant
3133 2470 3297 2520 moins,
3327 2471 3443 2512 beau
3469 2482 3652 2522 garçon,
3683 2483 3756 2512 ex¬

2724 2531 2912 2571 cellente
2945 2530 3136 2581 famille,
3173 2530 3460 2579 instruction,
3495 2530 3751 2579 éducation,

2724 2589 2963 2640 musicien,
2993 2588 3163 2630 certain
3193 2588 3332 2639 avoir,
3363 2588 3617 2642 profession
3645 2590 3753 2631 libé¬

2724 2648 2832 2698 rale,
2861 2660 3071 2691 assurera
3095 2648 3316 2690 bonheur.

2781 2735 2900 2774 5945.
2923 2735 2976 2774 —
2999 2734 3212 2774 Gironde.
3233 2758 3288 2762 —
3308 2734 3557 2782 Monsieur,
3581 2736 3629 2774 51
3655 2746 3751 2782 ans,

2733 2795 2850 2832 1.200
2893 2793 3045 2833 francs
3087 2792 3141 2832 de
3185 2793 3309 2833 rente
3352 2791 3597 2834 réversible
3638 2804 3753 2843 pour

2728 2854 2805 2891 600
2836 2851 2891 2892 fr.
2925 2863 3003 2893 sur
3033 2863 3081 2892 sa
3111 2851 3295 2900 femme,
3328 2851 3536 2903 employé
3565 2851 3753 2892 d’admi¬

2730 2910 2985 2959 nistration,
3019 2912 3141 2951 5.000
3175 2911 3229 2951 fr.
3265 2911 3307 2952 et
3339 2911 3437 2961 logé
3471 2910 3496 2950 à
3527 2910 3612 2960 vie,
3647 2922 3755 2951 vou¬

2728 2968 2848 3010 drait
2869 2970 3060 3020 épouser
3085 2970 3227 3010 Dame
3252 2968 3305 3010 de
3328 2972 3379 3010 40
3403 2970 3428 3009 à
3451 2971 3501 3008 50
3524 2980 3620 3018 ans,
3647 2980 3753 3010 avec

2728 3027 2943 3068 situation
2972 3039 3029 3068 ou
3059 3028 3197 3068 rente.

2782 3123 2901 3162 5947.
2936 3122 2991 3159 —
3023 3120 3213 3162 Landes.
3247 3144 3301 3150 —
3335 3120 3606 3162 Célibataire
3638 3131 3752 3168 seul,

2729 3182 2780 3220 42
2824 3192 2920 3228 ans,
2967 3191 3191 3232 personne
3236 3179 3506 3231 distinguée,
3554 3179 3756 3231 proprié¬

2729 3239 2855 3288 taire,
2885 3239 2993 3290 jolie
3021 3239 3252 3287 situation,
3284 3239 3460 3279 famille
3487 3239 3751 3288 honorable,

2729 3298 2876 3339 désire
2896 3298 3099 3348 maraige
3120 3310 3227 3338 avec
3248 3298 3509 3339 demoiselle
3532 3308 3589 3338 ou
3612 3308 3755 3339 veuve

2729 3368 2836 3398 sans
2871 3355 3067 3404 enfants,
3107 3356 3188 3406 âge
3224 3368 3277 3396 en
3316 3356 3503 3407 rapport
3539 3356 3581 3396 et
3616 3356 3752 3407 petite

2729 3415 2819 3464 dot,
2851 3415 3053 3467 pouvant
3082 3427 3127 3456 se
3156 3415 3379 3466 déplacer.

2779 3503 2897 3542 5950.
2961 3502 3015 3541 —
3078 3501 3411 3542 Seine-et-Oise.
3479 3501 3755 3540 Cantonnier

2728 3561 2997 3612 près-Paris,
3024 3562 3195 3611 grande
3217 3560 3331 3610 voie,
3358 3559 3469 3608 seul,
3496 3562 3546 3599 33
3571 3571 3665 3609 anj,
3692 3560 3748 3600 ré¬

2727 3622 2947 3662 tribution
3008 3623 3081 3660 100
3112 3620 3165 3660 fr.
3199 3632 3281 3671 par
3337 3619 3468 3668 mois,
3504 3619 3756 3661 économies

2725 3683 2848 3720 2.000
2874 3680 2948 3728 fr.,
2977 3680 3067 3720 très
3093 3680 3287 3727 sérieux,
3315 3679 3548 3719 honorabh
3552 3690 3564 3707 1
3571 3712 3579 3727 ,
3608 3680 3753 3727 sobre,

2727 3739 2872 3780 désire
2900 3738 3040 3779 union
3067 3739 3217 3778 bonne
3244 3738 3467 3786 ouvrière,
3496 3738 3671 3787 mét.er,
3700 3737 3756 3778 si¬

2729 3799 2903 3839 tuation
2941 3798 2983 3840 et
3019 3798 3100 3849 âge
3136 3808 3189 3838 en
3228 3798 3431 3849 rapport,
3469 3798 3672 3848 pjavant
3708 3808 3753 3837 se

2727 3859 2950 3908 déplacer.

2779 3946 2898 3984 5954.
2928 3946 2983 3983 —
3011 3944 3180 3984 Maroc.
3238 3942 3491 3994 Adjudant,
3548 3944 3598 3983 37
3655 3954 3752 3991 ans,

2728 4004 2863 4052 brun,
2901 4004 3021 4051 bien,
3060 4003 3197 4054 ayant
3232 4001 3396 4052 capital
3437 4003 3583 4043 12.000
3618 4002 3674 4042 fr.
3713 4002 3756 4042 et

2726 4063 2907 4104 retraite
2936 4063 2991 4104 de
3021 4063 3140 4103 1.300
3169 4060 3224 4102 fr.
3257 4062 3372 4103 dans
3399 4060 3517 4102 deux
3547 4060 3663 4102 mois
3692 4071 3756 4100 re¬

2725 4123 2917 4163 cherche
2951 4133 3067 4173 pour
3100 4120 3303 4172 mariage
3334 4120 3472 4172 jeune
3504 4119 3597 4160 fille
3631 4119 3751 4168 bien,

2724 4182 2856 4232 goûts
2883 4179 3085 4231 simples,
3115 4180 3330 4220 situation
3357 4178 3595 4230 analogue.

2779 4259 2896 4296 5956.
2923 4258 2978 4295 —
3005 4255 3358 4296 Haute-Vienne.
3403 4255 3535 4303 Veuf,
3577 4258 3629 4294 40
3655 4266 3751 4302 ans,

2725 4315 2983 4367 paraissant
3002 4315 3107 4367 plus
3127 4315 3277 4365 jeune,
3300 4315 3450 4355 bonne
3470 4314 3596 4355 santé
3616 4313 3755 4364 ayant

2727 4376 2908 4416 enfants
2960 4374 3072 4415 forts
3098 4375 3140 4415 et
3191 4374 3295 4415 bien
3321 4374 3481 4423 élevés,
3538 4372 3752 4415 situation

2725 4434 3043 4475 commerciale
3097 4434 3152 4474 de
3177 4435 3202 4471 6
3228 4434 3255 4474 à
3307 4434 3429 4474 7.000
3456 4432 3512 4472 fr.
3568 4443 3651 4483 par
3679 4443 3751 4480 an,

2725 4494 2983 4544 épouserait
3008 4491 3271 4534 demoiselle
3296 4504 3353 4533 ou
3380 4503 3524 4532 veuve
3549 4503 3656 4532 sans
3681 4502 3755 4531 en¬

2728 4552 2848 4593 fants
2868 4552 2921 4592 de
2941 4554 2992 4592 28
3013 4552 3039 4591 à
3057 4554 3108 4591 40
3128 4563 3224 4600 ans,
3247 4552 3383 4603 petite
3403 4550 3493 4591 dot.

2777 4632 2913 4671 5.959.
2965 4631 3019 4667 —
3067 4628 3309 4679 Toulouse,
3372 4627 3508 4679 jeune
3569 4628 3754 4668 homme

2723 4691 2775 4730 24
2801 4702 2897 4739 ans,
2927 4690 3061 4738 brun,
3092 4688 3365 4738 importante
3392 4687 3608 4728 situation
3636 4699 3755 4728 com¬

2724 4748 2953 4798 merciale,
2977 4747 3125 4790 désire
3147 4748 3349 4800 mariage
3373 4756 3480 4788 avec
3501 4746 3638 4797 jeune
3660 4746 3754 4787 fille

2725 4808 2936 4858 sérieuse,
2961 4808 3043 4858 âge
3064 4819 3119 4848 en
3143 4808 3343 4858 rapport,
3369 4806 3544 4847 famille
3566 4807 3656 4847 très
3678 4807 3755 4847 ho¬

2725 4866 2927 4917 norable,
2954 4867 3091 4918 ayant
3113 4867 3292 4908 200.000
3316 4866 3373 4907 fr.
3400 4863 3455 4906 de
3479 4863 3569 4906 dot.

2896 4946 3015 4984 5961.
3051 4967 3104 4971 —
3158 4943 3548 4991 Percepteur,
3592 4942 3755 4983 céliba¬

2724 5003 2836 5045 taire
2891 5004 2933 5045 et
2987 5003 3099 5051 seul,
3128 5003 3180 5043 42
3207 5014 3303 5051 ans,
3333 4999 3457 5043 taille
3512 5012 3751 5052 moyenne,

2723 5064 2850 5104 santé
2873 5063 3133 5111 excellente,
3160 5063 3250 5103 très
3273 5063 3467 5108 sérieux,
3493 5060 3755 5103 traitement

2722 5124 2844 5163 4.400
2874 5123 2930 5165 fr.
2961 5122 3006 5164 et
3033 5121 3173 5170 avoir,
3204 5119 3462 5172 épouserait
3490 5119 3752 5162 demoiselle

2723 5183 2843 5231 bien,
2867 5184 2919 5221 30
2939 5182 2965 5222 à
2985 5183 3038 5220 36
3060 5192 3156 5230 ans,
3180 5180 3349 5222 femme
3371 5178 3651 5229 d’intérieur,
3676 5179 3754 5220 dot

2723 5242 2971 5282 minimum
2996 5242 3145 5279 20.000
3169 5239 3225 5279 fr.
3252 5240 3445 5290 espèces.

2773 5318 2892 5367 5962,
2922 5317 3165 5359 Toulouse.
3192 5340 3246 5346 —
3272 5315 3403 5364 Veuf,
3432 5315 3484 5355 45
3509 5326 3605 5364 ans,
3636 5316 3748 5365 seul,

2719 5379 2807 5419 bon
2836 5387 3104 5426 commerce,
3134 5375 3280 5417 désire
3307 5374 3509 5424 mariage
3536 5386 3643 5415 avec
3668 5376 3751 5416 De¬

2719 5437 2924 5479 moiselle
2944 5448 3003 5478 ou
3023 5436 3191 5484 Veuve,
3215 5447 3324 5476 avec
3343 5446 3401 5476 ou
3423 5444 3529 5475 sans
3550 5434 3746 5484 enfants,

2719 5497 2856 5547 ajant
2879 5495 3016 5547 petite
3040 5495 3131 5535 dot.

2772 5575 2893 5613 5966.
2916 5574 2972 5612 —
2994 5572 3245 5612 Architecte
3284 5571 3465 5613 divorcé
3504 5581 3559 5610 en
3598 5582 3648 5611 sa
3687 5570 3749 5610 fa¬

2721 5644 2847 5680 veur,
2880 5632 3077 5680 châtain,
3109 5634 3159 5671 31
3190 5643 3287 5679 ans,
3320 5631 3408 5672 très
3439 5630 3559 5678 bien,
3592 5628 3749 5668 distin¬

2720 5692 2821 5744 gué,
2855 5691 3071 5732 situation
3101 5690 3155 5731 de
3187 5692 3333 5730 12.000
3362 5690 3388 5731 à
3420 5691 3567 5730 15.000
3597 5687 3749 5728 francs

2720 5763 2803 5803 par
2844 5763 2917 5799 an,
2945 5750 3091 5791 désire
3132 5750 3335 5800 mariage
3376 5760 3483 5790 avec
3524 5758 3749 5800 personne

2720 5810 2929 5862 agréable
2957 5808 3094 5860 ayant
3121 5808 3303 5849 fortune
3331 5820 3383 5848 en
3413 5808 3613 5859 rapport.
3645 5807 3748 5846 Inu¬

2719 5870 2796 5911 tile
2817 5870 2854 5911 si
2876 5882 2957 5919 pas
2979 5868 3171 5910 sérieux.

2768 5948 2886 5996 5968,
2915 5947 3055 5987 Aude.
3078 5947 3133 5986 —
3154 5946 3284 5995 Veuf,
3308 5947 3357 5985 51
3382 5955 3478 5992 ans,
3503 5944 3683 5986 sérieux
3705 5943 3747 5984 et

2716 6007 2926 6056 honnête,
2955 6005 3169 6048 situation
3197 6004 3240 6046 et
3264 6004 3399 6057 petits
3424 6003 3652 6055 capitaux,
3681 6014 3747 6043 re¬

2713 6078 2832 6106 venu
2852 6068 2974 6106 4.500
2995 6065 3147 6106 francs
3165 6064 3271 6113 l’an,
3292 6062 3549 6115 épouserait
3568 6060 3746 6104 Demoi¬

2713 6124 2822 6166 selle
2844 6136 2900 6166 ou
2924 6125 3091 6172 Veuve,
3115 6126 3167 6164 40
3188 6123 3215 6164 à
3251 6124 3303 6163 50
3340 6134 3437 6171 ans,
3476 6122 3743 6170 honorable,

2713 6184 2985 6235 catholique,
3013 6184 3145 6234 goûts
3169 6183 3372 6234 simples,
3399 6182 3512 6233 petit
3535 6182 3661 6222 avoir
3685 6194 3743 6222 on

2712 6243 2928 6284 situation
2953 6242 3231 6293 permettant
3253 6240 3583 6292 déplacement.

2764 6331 2883 6382 5970,
2912 6330 3164 6370 Bordeaux.
3185 6328 3240 6368 —
3263 6327 3547 6375 Célibataire,
3571 6328 3621 6367 40
3643 6339 3739 6375 ans,

2711 6390 2812 6431 n’en
2843 6388 3102 6440 paraissant
3128 6399 3217 6439 que
3246 6390 3313 6436 35,
3345 6386 3458 6435 seul,
3490 6384 3670 6427 sérieux
3699 6387 3743 6427 et

2712 6448 2909 6497 instruit,
2948 6447 3123 6489 famille
3156 6447 3420 6495 honorable,
3457 6445 3564 6494 aisé,
3600 6447 3625 6486 4
3659 6446 3737 6486 im¬

2710 6508 2915 6548 meubles
2948 6508 3063 6548 dans
3096 6507 3351 6555 Bordeaux,
3387 6504 3468 6556 joli
3504 6504 3737 6552 intérieur,

2709 6567 2967 6619 épouserait
2996 6566 3269 6607 Demoiselle
3297 6566 3352 6607 de
3383 6565 3533 6605 bonne
3564 6563 3739 6604 famille

2708 6627 2747 6667 et
2771 6627 2825 6667 de
2847 6626 3060 6667 conduite
3081 6623 3435 6676 irréprochable,
3460 6623 3597 6674 ayant
3617 6623 3708 6664 dot.

2754 6715 2879 6762 .5971,
2905 6712 3159 6752 Bordeaux.
3180 6735 3235 6739 —
3257 6709 3542 6758 Célibataire,
3565 6711 3617 6748 37
3639 6720 3735 6758 ans,

2707 6772 2808 6812 bien
2856 6784 2961 6812 sous
3007 6771 3108 6811 tous
3154 6771 3379 6821 rapports,
3427 6768 3635 6820 employé
3682 6769 3737 6808 do

2705 6831 2840 6872 l'Etat
2871 6831 2897 6871 à
2928 6829 3055 6882 poste
3088 6828 3180 6871 fixe
3228 6828 3344 6871 dans
3389 6827 3563 6880 grande
3610 6827 3733 6875 ville,

2705 6891 2843 6942 ayant
2871 6889 3011 6938 avoir,
3045 6887 3241 6938 retraite,
3273 6887 3532 6940 épouserait
3557 6885 3737 6928 Demoi¬

3816 630 3925 671 selle
3952 642 4009 670 ou
4039 628 4206 678 Veuve,
4236 630 4318 680 âge
4346 628 4390 668 et
4415 627 4631 669 situation
4660 639 4715 668 en
4745 638 4846 678 rap¬

3817 690 3931 740 port.

3872 774 3991 815 5979.
4036 774 4249 815 Gironde.
4292 774 4576 823 Célibataire,
4601 775 4653 814 52
4676 784 4759 814 ans
4783 771 4845 811 fa¬

3824 835 3949 875 mille
3973 833 4236 883 honorable,
4264 834 4412 874 bonne
4437 833 4577 881 santé,
4620 832 4845 874 caractère

3824 892 4160 944 sympathique,
4219 892 4435 933 situation
4492 891 4843 943 indépendante,

3824 952 4049 1002 propriété
4071 952 4124 992 de
4145 952 4232 992 bon
4255 951 4456 1002 rapport,
4479 950 4847 1002 correspondrait

3824 1022 3930 1051 avec
3957 1022 4180 1062 personne
4207 1010 4469 1058 honorable,
4524 1019 4631 1050 avec
4656 1021 4714 1050 ou
4740 1019 4845 1050 sans

3824 1070 3997 1119 enfant,
4022 1070 4159 1120 ayant
4180 1068 4395 1110 situation
4444 1067 4682 1119 analogue.
4736 1068 4847 1108 Très

3825 1128 4017 1168 sérieux.

3875 1215 3992 1255 5981.
4017 1214 4229 1255 Gironde.
4253 1215 4383 1263 Veuf,
4404 1216 4456 1254 38
4473 1224 4569 1262 ans,
4592 1213 4849 1264 paraissant

3827 1272 3989 1322 moins,
4024 1285 4129 1314 sans
4160 1272 4355 1322 enfants,
4389 1272 4604 1314 situation
4635 1274 4757 1313 3.000
4788 1272 4845 1312 fr.

3825 1344 3908 1382 par
3934 1344 4005 1380 an,
4033 1331 4290 1384 épouserait
4316 1331 4587 1374 Demoiselle
4612 1343 4668 1371 ou
4696 1332 4849 1372 Veuve

3827 1391 3931 1432 bien
3956 1392 3999 1432 et
4021 1392 4171 1432 bonne
4197 1391 4339 1439 santé,
4367 1392 4443 1432 dot
4467 1403 4525 1431 ou
4551 1390 4766 1432 situation
4792 1402 4845 1431 en

3827 1451 4027 1500 rapport.

3878 1528 3996 1568 5985.
4025 1527 4280 1576 Ingénieur.
4300 1551 4354 1555 —
4375 1527 4660 1575 Célibataire,
4681 1530 4732 1567 33
4753 1538 4849 1575 ans,

3827 1586 4083 1635 industriel,
4105 1587 4222 1627 belle
4243 1586 4457 1627 situation
4479 1586 4696 1635 d’avenir,
4719 1587 4853 1638 épou¬

3827 1646 3963 1686 serait
3982 1643 4244 1686 demoiselle
4265 1645 4319 1686 de
4339 1647 4389 1686 20
4409 1646 4435 1686 à
4453 1647 4505 1686 28
4527 1655 4622 1693 ans,
4645 1646 4700 1687 de
4720 1646 4853 1696 goûts

3827 1703 4013 1755 simples
4033 1704 4171 1756 ayant
4191 1705 4323 1744 25000
4343 1704 4495 1746 francs
4516 1704 4569 1746 de
4591 1703 4680 1746 dot.

3879 1796 3997 1834 5986.
4024 1796 4148 1834 Gers.
4168 1816 4223 1823 —
4241 1795 4385 1834 Jeune
4435 1796 4632 1842 homme,
4655 1796 4706 1834 34
4753 1807 4851 1843 ans,

3827 1852 3979 1902 établi,
4009 1852 4203 1902 sérieux,
4234 1852 4359 1894 avoir
4385 1856 4410 1894 5
4436 1854 4462 1895 à
4488 1856 4592 1894 6000
4619 1853 4675 1894 fr.
4707 1854 4853 1895 désire

3828 1912 3968 1951 union
3992 1923 4099 1952 avec
4121 1911 4383 1952 demoiselle
4405 1924 4462 1952 ou
4485 1923 4643 1959 veuve,
4668 1923 4774 1953 avec
4796 1924 4853 1952 ou

3828 1982 3933 2010 sans
3955 1970 4125 2019 enfant,
4150 1970 4288 2023 ayant
4307 1970 4384 2011 dot
4403 1982 4518 2022 pour
4540 1971 4653 2011 faire
4673 1972 4855 2023 prospé¬

3828 2040 3898 2069 rer
3920 2040 4187 2071 commerce.

3880 2118 3999 2156 5988.
4025 2118 4163 2156 Tarn.
4187 2139 4241 2146 —
4263 2118 4407 2158 Jeune
4459 2118 4656 2165 homme,
4681 2119 4732 2156 38
4755 2127 4852 2164 ans,

3828 2175 3987 2215 ancien
4048 2175 4308 2226 professeur
4369 2175 4499 2224 libre,
4536 2175 4856 2216 actuellement

3827 2234 4099 2284 comptable,
4153 2234 4288 2282 brun,
4342 2234 4432 2275 très
4484 2235 4603 2284 bien,
4631 2235 4856 2275 caractère

3827 2293 3918 2334 très
3941 2292 4219 2342 affectueux,
4246 2303 4352 2333 sans
4376 2294 4572 2343 fortune,
4599 2293 4858 2346 épouserait

3828 2351 3964 2402 jeune
3990 2352 4087 2392 fille
4112 2363 4169 2392 ou
4194 2363 4337 2393 veuve
4361 2352 4699 2402 désintéressée,
4727 2354 4781 2395 de
4804 2355 4856 2394 25

3829 2411 3854 2451 à
3880 2414 3932 2450 40
3957 2423 4053 2459 ans,
4085 2411 4224 2463 ayant
4248 2411 4327 2452 dot
4352 2422 4408 2451 ou
4437 2411 4667 2452 situation.
4700 2414 4755 2454 Se
4783 2412 4856 2454 dé¬

3828 2470 4061 2520 placerait.

3881 2556 4000 2595 5989.
4031 2555 4276 2607 Amérique
4329 2558 4389 2598 du
4445 2558 4581 2596 Nord.
4607 2579 4661 2586 —
4712 2559 4855 2598 Jeune

3830 2615 4028 2664 homme,
4053 2618 4104 2656 32
4128 2627 4224 2664 ans,
4251 2615 4460 2658 habitant
4483 2615 4762 2667 l’Amérique
4785 2618 4858 2658 de¬

3828 2674 3932 2724 puis
3951 2676 3975 2714 6
3995 2686 4091 2723 ans,
4115 2675 4252 2727 ayant
4271 2675 4504 2724 situation,
4527 2675 4672 2716 désire
4692 2676 4857 2716 maria¬

3829 2744 3882 2784 ge
3901 2746 4008 2774 avec
4025 2734 4161 2784 jeune
4181 2734 4279 2775 fille
4297 2735 4351 2775 de
4369 2736 4421 2774 24
4441 2735 4467 2775 à
4484 2738 4536 2775 30
4553 2746 4650 2783 ans,
4673 2746 4780 2775 avec
4799 2747 4856 2775 ou

3829 2804 3935 2834 sans
3955 2794 4044 2834 dot.

3881 2880 4000 2920 5991.
4031 2879 4284 2920 Bordeaux.
4311 2879 4675 2930 Fonctionnaire,
4701 2882 4749 2920 41
4776 2892 4860 2921 ans

3827 2939 3951 2980 4.000
4003 2938 4155 2980 francs
4205 2939 4637 2991 d’appointements,
4692 2939 4855 2991 grand,

3828 2997 3963 3046 brun,
3996 2996 4100 3039 bien
4133 3010 4239 3039 sous
4268 2998 4369 3039 tous
4400 3000 4625 3051 rapports,
4659 2998 4785 3040 avoir
4815 3002 4859 3040 et

3828 3058 4108 3107 espérances,
4147 3057 4294 3099 désire
4355 3058 4557 3111 mariage
4593 3069 4699 3100 avec
4760 3070 4858 3110 per¬

3828 3127 3969 3158 sonne
3991 3116 4115 3167 jolie,
4140 3115 4352 3166 sérieuse,
4378 3119 4519 3170 ayant
4538 3118 4618 3160 dot
4639 3130 4696 3159 ou
4720 3118 4859 3160 situa¬

3829 3175 3921 3216 tion
3948 3176 4184 3227 analogue.

3881 3263 4000 3302 5995.
4028 3263 4271 3304 Toulouse.
4295 3287 4348 3291 —
4373 3263 4657 3311 Célibataire,
4683 3265 4736 3304 29
4759 3275 4856 3312 ans,

3829 3320 3984 3370 blond,
4012 3321 4085 3362 fils
4111 3322 4297 3373 unique.
4327 3323 4436 3363 Très
4463 3323 4599 3372 doux,
4629 3323 4778 3364 bonne
4803 3322 4859 3363 si¬

3829 3379 4003 3420 tuation
4068 3381 4386 3422 commerciale
4447 3382 4593 3423 désire
4656 3388 4857 3434 mariage

3829 3450 3936 3479 avec
3982 3439 4119 3490 jeune
4140 3439 4233 3480 fille
4281 3440 4440 3490 brune,
4465 3442 4520 3482 de
4540 3444 4592 3482 20
4612 3441 4637 3481 à
4656 3443 4708 3482 28
4756 3452 4853 3494 ans,

3829 3499 3965 3548 ayant
3991 3499 4128 3550 petite
4155 3499 4231 3540 dot
4259 3499 4302 3540 et
4327 3500 4531 3551 pouvant
4556 3512 4603 3541 se
4630 3499 4855 3551 déplacer.

3880 3583 3999 3631 5998,
4039 3583 4249 3624 Gironde.
4284 3584 4339 3624 —
4372 3584 4639 3626 Célibataire
4672 3587 4723 3626 38
4756 3598 4852 3634 ans,

3828 3642 4065 3691 négociant
4089 3643 4131 3683 et
4155 3643 4468 3694 propriétaire,
4496 3644 4599 3685 bien
4625 3656 4731 3686 sous
4755 3646 4855 3686 tous

3828 3702 4051 3750 rapports,
4080 3702 4336 3752 épouserait
4361 3702 4632 3743 Demoiselle
4656 3715 4713 3742 ou
4741 3703 4856 3742 Veu¬

3827 3770 3879 3799 ve
3901 3770 4007 3800 sans
4031 3760 4227 3808 enfants,
4254 3772 4360 3802 avec
4384 3760 4475 3810 dot,
4500 3762 4704 3813 pouvant
4727 3762 4768 3802 le
4791 3774 4855 3803 se¬

3827 3818 3992 3859 conder
4020 3819 4135 3860 dans
4163 3830 4241 3860 son
4269 3831 4536 3862 commerce.
4569 3822 4624 3863 Se
4652 3822 4855 3872 déplace¬

3827 3876 3913 3916 rait
3939 3888 3996 3918 au
4025 3878 4195 3918 besoin.

3877 3959 3997 4007 5999,
4029 3958 4269 3999 Toulouse.
4298 3959 4353 3998 —
4380 3959 4648 3999 Célibataire
4676 3961 4728 3998 45
4755 3971 4852 4008 ans,

3825 4018 3974 4065 30.000
4000 4016 4055 4058 fr.
4084 4017 4224 4070 avoir,
4252 4019 4375 4066 2,000
4400 4018 4456 4058 fr.
4484 4018 4680 4067 retraite,
4708 4018 4855 4059 désire

3827 4076 4060 4118 connaître
4089 4077 4361 4119 Demoiselle
4407 4078 4461 4120 de
4507 4080 4557 4120 30
4587 4078 4612 4120 à
4657 4079 4709 4119 40
4753 4090 4851 4127 ans,

3825 4135 4183 4186 physiquement
4205 4137 4249 4177 et
4272 4138 4572 4179 moralement
4599 4138 4717 4187 bien,
4747 4138 4852 4179 bon¬

3827 4206 3881 4235 ne
3905 4194 4047 4243 santé,
4076 4195 4244 4237 femme
4268 4195 4532 4238 d’intérieur
4557 4198 4695 4250 ayant
4717 4196 4855 4248 petite

3826 4253 3903 4294 dot
3924 4264 3982 4293 ou
4004 4254 4272 4303 profession.

3871 4342 4008 4388 6,000,
4031 4339 4226 4380 Vendée.
4249 4343 4304 4379 —
4324 4343 4504 4383 Notaire
4523 4344 4575 4383 27
4596 4354 4693 4391 ans,
4716 4343 4854 4383 situa¬

3834 4399 3925 4439 tion
3945 4402 4068 4448 5,000
4087 4399 4141 4439 fr.
4164 4410 4208 4440 se
4228 4399 4460 4440 marierait
4479 4413 4585 4441 avec
4603 4402 4740 4451 jeune
4760 4402 4856 4442 fille

3825 4458 3879 4499 de
3907 4460 3954 4498 18
3979 4459 4004 4498 à
4028 4460 4079 4499 25
4104 4470 4200 4508 ans,
4227 4457 4349 4509 jolie,
4377 4459 4651 4511 catholique,
4680 4460 4855 4501 aimant

3825 4516 3868 4556 la
3892 4528 4157 4570 campagne,
4201 4518 4333 4569 goûts
4372 4516 4573 4568 simples,
4617 4519 4853 4571 orpheline

3825 4575 3880 4615 de
3904 4578 4181 4627 préférence,
4209 4576 4347 4627 ayant
4371 4576 4449 4616 dot
4473 4576 4647 4628 liquide
4672 4579 4726 4619 de
4751 4579 4803 4616 50
4828 4576 4853 4616 à

3828 4635 3999 4682 190.000
4024 4635 4080 4676 fr.

3877 4714 3995 4762 6001,
4027 4714 4267 4755 Toulouse.
4295 4712 4350 4752 —
4377 4712 4645 4756 Célibataire
4672 4715 4724 4754 43
4751 4724 4848 4764 ans,

3825 4770 4040 4812 situation
4065 4775 4170 4814 sûre
4193 4773 4248 4814 de
4270 4774 4393 4820 3,000
4419 4772 4491 4823 fr.,
4517 4774 4681 4827 capital
4705 4774 4854 4820 20,000

3833 4830 4000 4880 francs,
4037 4833 4184 4874 désire
4217 4832 4420 4882 mariage
4455 4844 4560 4876 avec
4595 4832 4856 4875 demoiselle

3832 4902 3888 4931 ou
3913 4902 4057 4932 veuve
4083 4904 4188 4932 sans
4213 4890 4384 4939 enfant,
4413 4895 4549 4944 ayant
4573 4894 4649 4935 dot
4673 4891 4856 4943 équiva¬

3832 4949 3965 4990 lente.

3880 5027 3999 5067 6004.
4024 5028 4161 5068 Tarn.
4183 5028 4237 5066 —
4259 5028 4389 5076 Veuf,
4428 5031 4479 5070 38
4518 5043 4613 5079 ans,
4639 5029 4757 5070 deux
4779 5039 4852 5068 en¬

3828 5085 3963 5135 fants,
3990 5087 4101 5138 petit
4124 5086 4304 5139 capital,
4331 5086 4544 5130 situation
4571 5091 4624 5131 de
4647 5089 4751 5127 3000
4775 5087 4848 5136 fr.,

3829 5144 3944 5195 logé,
3997 5146 4177 5195 éclairé,
4231 5146 4427 5195 chauffé,
4464 5148 4612 5191 désire
4647 5146 4850 5196 mariage

3828 5204 3985 5255 rapide
4004 5218 4110 5246 avec
4129 5205 4390 5247 demoiselle
4409 5219 4466 5248 ou
4485 5208 4619 5249 dame
4637 5218 4779 5247 veuve
4797 5207 4852 5247 de

3825 5265 3877 5303 30
3897 5263 3923 5303 à
3944 5265 3995 5303 40
4015 5276 4111 5314 ans,
4135 5263 4345 5315 sérieuse,
4371 5268 4508 5318 ayant
4529 5266 4665 5319 petite
4687 5265 4776 5306 dot.

3879 5346 3996 5384 6006.
4028 5346 4280 5384 Bordeaux.
4305 5370 4360 5375 —
4385 5348 4516 5395 Veuf,
4544 5350 4595 5386 45
4620 5356 4716 5394 ans,
4744 5356 4851 5386 sans

3825 5402 4021 5444 enfants.
4064 5404 4213 5444 60.000
4241 5403 4297 5444 fr.
4327 5416 4380 5446 en
4425 5403 4697 5446 immeubles
4740 5403 4847 5446 d’un

3828 5475 3995 5503 revenu
4031 5463 4085 5504 de
4120 5465 4243 5504 3.000
4278 5463 4351 5514 fr.,
4388 5463 4645 5516 épouserait
4680 5464 4848 5506 demoi¬

3824 5523 3931 5563 selle
3978 5534 4035 5563 ou
4082 5534 4225 5565 veuve
4272 5524 4327 5564 de
4375 5523 4550 5564 famille
4582 5524 4844 5574 honorable,

3825 5583 3963 5635 ayant
3985 5583 4073 5622 bon
4100 5583 4338 5624 caractère.
4367 5584 4460 5634 Age
4484 5582 4528 5623 et
4552 5583 4765 5625 situation
4793 5595 4845 5623 en

3825 5640 4025 5693 rapport.

3877 5718 3995 5759 6007.
4025 5716 4227 5759 Hérault.
4250 5720 4305 5760 —
4331 5719 4613 5770 Célibataire,
4657 5722 4708 5760 30
4747 5731 4843 5770 ans,

3825 5781 3842 5817 1
3872 5791 3932 5818 m.
3960 5780 4025 5826 75,
4055 5776 4392 5830 sympathique,
4421 5778 4635 5820 situation
4664 5779 4719 5819 de
4747 5780 4848 5818 1000

3824 5837 3976 5879 francs
4012 5848 4095 5888 par
4133 5848 4205 5886 an,
4245 5837 4392 5880 désire
4415 5836 4616 5890 mariage
4639 5848 4745 5879 avec
4767 5838 4847 5877 De¬

3824 5896 4027 5938 moiselle
4057 5908 4115 5936 ou
4146 5896 4297 5938 Veuve
4328 5897 4531 5948 pouvant
4560 5897 4600 5939 le
4631 5896 4847 5938 seconder

3822 5956 3935 5996 dans
3952 5967 4031 5996 son
4051 5965 4318 5996 commerce.

3874 6034 3992 6072 6013.
4020 6034 4161 6072 Haute
4187 6031 4411 6074 Garonne.
4430 6035 4485 6072 —
4506 6034 4636 6082 Veuf,
4660 6031 4772 6079 seul,
4795 6034 4846 6072 45

3821 6102 3916 6139 ans,
3941 6092 4029 6143 gai,
4056 6092 4143 6132 bon
4167 6092 4405 6142 caractère,
4432 6092 4677 6134 excellente
4700 6090 4841 6139 santé,

3824 6152 3968 6191 16.000
4008 6151 4063 6192 fr.
4105 6160 4297 6191 revenus
4320 6151 4513 6194 annuels
4536 6164 4589 6192 en
4615 6151 4764 6192 rentes
4785 6160 4843 6190 ou

3821 6208 4105 6259 immeubles,
4135 6207 4281 6250 désire
4307 6211 4508 6262 mariage
4535 6222 4641 6252 avec
4667 6207 4844 6250 Demoi¬

3819 6267 3927 6310 selle
3964 6282 4021 6311 ou
4060 6271 4203 6310 Dame
4242 6278 4347 6310 sans
4384 6270 4580 6319 enfants,
4607 6270 4756 6312 bonne
4780 6266 4841 6307 fa¬

3819 6328 3959 6378 mille,
3983 6329 4120 6380 ayant
4138 6327 4192 6368 de
4212 6328 4236 6366 5
4255 6326 4280 6367 à
4299 6330 4403 6370 6000
4423 6330 4479 6368 fr.
4502 6329 4556 6370 de
4576 6329 4725 6371 rentes
4744 6336 4841 6376 per¬

3818 6388 4058 6428 sonnelles.

3869 6467 3986 6506 6016.
4023 6466 4276 6506 Bordeaux.
4305 6488 4359 6494 —
4387 6467 4532 6507 Jeune
4563 6464 4760 6510 homme,
4792 6464 4844 6503 32

3816 6535 3911 6574 ans,
3941 6523 4200 6576 paraissant
4228 6523 4391 6574 moins,
4424 6526 4543 6575 bien,
4575 6524 4664 6566 très
4693 6522 4841 6563 bonne

3816 6583 4004 6634 famille,
4036 6584 4139 6626 bien
4169 6581 4307 6632 élevé,
4339 6584 4613 6634 affectueux,
4645 6580 4838 6632 sérieux,

3815 6643 3903 6686 très
3929 6644 4083 6695 rangé,
4113 6642 4328 6683 situation
4357 6644 4547 6685 actuelle
4579 6657 4587 6684 :
4617 6643 4736 6683 1.800
4764 6640 4837 6690 fr.,

3813 6703 4027 6744 situation
4053 6703 4208 6743 future
4235 6714 4243 6740 :
4267 6703 4291 6742 5
4314 6702 4340 6743 à
4361 6706 4466 6744 6000
4489 6704 4545 6744 fr.
4572 6700 4756 6755 parents
4779 6700 4839 6740 ai¬

3811 6762 3895 6811 sés,
3933 6763 4009 6804 fils
4045 6762 4231 6811 unique,
4296 6762 4443 6803 désire
4477 6764 4668 6814 épouser
4701 6759 4838 6810 jeune

3814 6819 3913 6863 fille
3947 6822 4002 6863 de
4067 6818 4243 6860 famille
4305 6820 4569 6871 honorable,
4609 6818 4835 6872 physique

3811 6882 4035 6931 agréable,
4069 6879 4280 6931 sérieuse,
4316 6880 4528 6923 conduite
4559 6879 4838 6930 irréprocha-
