5228 7176
302 354 334 395 8
335 356 352 378 #
388 355 579 399 année.
607 375 670 387 —
690 352 758 399 N°
874 378 934 388 —
969 354 1060 410 |Q
1096 360 1238 403 cent.

1479 357 1831 471 ŒUVRE
1907 360 2027 473 DE
2099 354 2939 483 PHILANTHROPIE
3011 371 3439 488 SOCIALE

3999 394 4064 435 bu
4086 395 4107 435 1
4115 401 4144 423 er
4168 407 4230 440 au
4263 398 4311 440 15
4332 398 4450 443 Août
4471 400 4581 443 1912

535 584 741 641 Paraissait
763 583 795 641 le
825 586 877 644 1"
899 586 935 642 et
959 586 991 643 le
1021 587 1033 641 1
1043 587 1063 641 s

2278 611 2493 711 LE

3866 618 4073 675 Paraissait
4094 619 4127 676 le
4156 620 4209 676 I"
4232 622 4267 678 el
4288 623 4321 677 le
4352 623 4393 679 IL

318 731 1827 1441 Trait
2078 755 4594 1460 dunian

1402 1483 1661 1560 DES
1752 1469 2441 1566 INTÉRÊTS
2524 1476 3501 1596 RÉCIPROQUES

610 1614 1055 1667 Combinaison
1092 1614 1363 1679 Mariage
1402 1614 1584 1665 créée
1624 1628 1702 1666 en
1740 1612 1910 1668 1905
1979 1631 2014 1666 •
2050 1631 2084 1667 •
2120 1631 2155 1667 •
2227 1619 2516 1675 Bureaux
2555 1623 2615 1674 et
2651 1623 3164 1680 Administration
3200 1645 3215 1681 :
3255 1631 3362 1692 26.
3400 1648 3512 1686 rue
3551 1635 3838 1704 d'Astorg
3875 1668 3940 1675 —
3978 1642 4295 1697 Toulouse

382 1750 446 1786 LA
472 1749 605 1786 PLUS
630 1750 883 1786 HONNETE

382 1796 446 1831 LA
474 1796 607 1832 PLUS
635 1796 896 1832 DISCRETE

381 1844 447 1879 LA
472 1844 607 1879 PLUS
634 1844 832 1879 RAPIDE

381 1891 446 1926 LA
478 1890 611 1926 PLUS
642 1890 904 1926 SERIEUSE

380 1936 446 1972 LA
470 1936 604 1972 PLUS
628 1936 766 1972 SURE

381 1983 446 2018 LA
474 1983 641 2019 MOINS
668 1983 846 2019 CHERE

381 2028 478 2063 PAS
511 2029 995 2065 D'INTERMEDIAIRE

382 2075 479 2110 PAS
507 2075 574 2111 DE
602 2075 935 2112 COMMISSION

1690 1748 2623 1815 Directeur-Propriétaire
2664 1787 2678 1816 s
2720 1759 2895 1820 Jean
2944 1763 3184 1822 BACH

1487 1855 1698 1892 Annonces
1751 1855 1803 1891 de
1858 1855 2030 1903 Mariage
2076 1858 2162 1900 (six
2204 1858 2334 1906 lignes
2391 1863 2436 1898 et
2483 1860 2751 1903 abonnement
2798 1878 2852 1904 au
2899 1866 3084 1915 journal)

1556 1903 1667 1939 Trois
1704 1903 1806 1939 mois
1916 1927 3084 1956 .
3142 1918 3210 1955 If
3240 1919 3388 1958 francs.

1488 1955 1632 1998 Lignes
1652 1956 3086 2011 supplémentaires.
3191 1975 3211 2006 f
3281 1992 3326 1999 —

1486 2008 1727 2044 Annnonces
1747 2012 1786 2044 et
1807 2011 2013 2046 Locations
2035 2011 2150 2053 (trois
2171 2012 3083 2063 mois).
3182 2024 3216 2059 6
3279 2046 3323 2052 —

1488 2059 1586 2097 Avis
1603 2059 1751 2104 divers,
1772 2062 1899 2098 Offres
1920 2066 1958 2099 et
1978 2064 2197 2102 Demandes
2218 2066 2426 2112 d'emplois
2447 2065 2572 2109 (deux
2592 2071 2711 2114 mois)
2722 2101 3087 2116 .
3187 2076 3222 2113 3
3282 2098 3326 2106 —

3622 1771 3672 1808 Le
3698 1784 3718 1804 <t
3743 1774 3860 1812 Trait
3886 1775 4066 1812 d'Union
4092 1790 4111 1810 »
4137 1782 4199 1815 est
4248 1779 4406 1822 envoyé
4455 1784 4599 1819 contre

3571 1820 3592 1852 0
3614 1819 3667 1854 fr.
3691 1820 3735 1855 10
3756 1819 3783 1855 à
3804 1823 3919 1859 toute
3942 1830 4149 1864 personne
4173 1827 4243 1868 qui
4268 1834 4319 1862 en
4342 1828 4421 1864 fait
4446 1830 4486 1863 la
4533 1830 4583 1864 de

3572 1867 3738 1902 mande.

3620 1912 3683 1947 Un
3710 1918 3754 1947 n°
3776 1913 3987 1955 spécimen
4014 1920 4075 1952 est
4099 1919 4220 1954 offert
4246 1922 4597 1964 gracieusement,

3571 1956 3596 1992 à
3620 1960 3711 1995 tout
3736 1960 3927 2004 visiteur,
3952 1962 4059 1998 dans
4085 1971 4160 1999 nos
4184 1964 4387 2002 bureaux.

3618 2004 3671 2040 Le
3718 2006 3897 2042 Journal
3947 2012 4009 2044 est
4035 2010 4207 2047 adressé
4231 2010 4258 2046 à
4307 2019 4382 2047 nos
4409 2014 4595 2050 abonnés

3570 2058 3670 2085 sous
3695 2052 3923 2095 enveloppe
3950 2055 4119 2098 fermée,
4147 2064 4250 2096 sans
4275 2066 4440 2095 aucune
4491 2061 4595 2095 indi¬

3573 2103 3712 2139 cation
3746 2110 3992 2147 apparente.

350 2216 662 2307 Dépositaire
668 2235 692 2293 s
734 2223 796 2293 du
836 2220 900 2292 Tr
904 2224 978 2295 ait
1018 2219 1222 2296 d’Union

276 2360 386 2394 Paris
416 2368 424 2392 :
452 2362 616 2402 kiosque
644 2361 715 2399 136,
746 2369 815 2395 rue
842 2361 1003 2402 Royale;
1031 2360 1195 2402 kiosque
1222 2362 1292 2400 224,

356 2402 571 2435 boulevard
605 2403 868 2440 Saint-Denis;
901 2403 1065 2443 kiosque
1099 2403 1168 2440 189,
1203 2403 1295 2436 bou¬

354 2442 492 2476 levard
524 2444 812 2482 Saint-Michel;
843 2444 1008 2484 kiosque
1039 2444 1110 2482 196,
1164 2444 1295 2478 boule¬

356 2485 452 2519 vard
475 2484 719 2527 Sébastopol.

275 2540 380 2578 Lyon
412 2547 419 2570 :
450 2539 625 2579 kiosque,
655 2539 685 2577 8,
718 2539 828 2579 place
856 2540 924 2572 des
954 2542 1166 2579 Terreaux;
1194 2540 1295 2573 kios¬

354 2587 442 2620 que,
462 2579 572 2620 place
589 2582 629 2613 la
646 2582 766 2619 Viste;
786 2582 950 2620 kiosque
967 2582 986 2612 1
1004 2582 1076 2618 bis,
1096 2582 1207 2622 place
1224 2582 1293 2613 des

355 2623 588 2661 Cordeliers;
612 2623 778 2663 kiosque
801 2623 830 2660 1,
855 2623 948 2663 quai
971 2623 1019 2656 de
1043 2624 1135 2655 Retz

272 2676 470 2707 Marseille
491 2683 498 2706 :
519 2676 682 2715 kiosque
702 2676 751 2714 12,
774 2675 895 2708 allées
914 2676 962 2707 de
983 2675 1172 2714 Meilhan;
1192 2675 1292 2708 kios¬

352 2723 427 2756 que
446 2718 497 2754 25,
520 2724 589 2750 rue
611 2718 795 2755 Noailles;
816 2717 981 2756 kiosque
1002 2718 1031 2755 1.
1052 2724 1124 2751 rue
1144 2718 1292 2751 Canne-

354 2759 470 2793 bière.

271 2814 475 2845 Bordeaux
502 2820 510 2843 :
534 2812 698 2851 kiosque
724 2811 864 2851 Turbé,
891 2811 1000 2852 place
1026 2812 1072 2845 de
1097 2812 1136 2846 la
1159 2811 1289 2846 Comé¬

351 2853 426 2887 die.

271 2908 494 2948 Perpignan
519 2916 527 2939 :
550 2907 716 2948 kiosque
738 2908 874 2948 Vergé.

268 2963 464 2994 Toulouse
491 2971 498 2993 :
523 2960 762 3001 principaux
783 2960 968 3000 kiosques

321 3122 652 3223 Abonné
655 3154 696 3221 s
745 3127 822 3221 et
871 3120 932 3220 L
933 3127 1242 3221 ecteurs

320 3296 379 3337 Ce
409 3296 598 3350 journal
634 3295 744 3335 n’est
807 3306 886 3346 pas
952 3305 1038 3334 une
1071 3293 1288 3334 création.

262 3358 374 3396 Sous
400 3356 439 3396 le
467 3367 578 3395 nom
605 3354 657 3393 de
686 3351 1074 3406 Rapide-Agence,
1108 3351 1139 3392 il
1163 3354 1291 3404 porte

260 3415 420 3468 depuis
444 3415 550 3467 plus
575 3414 627 3454 de
656 3414 757 3454 huit
783 3425 880 3460 ans,
911 3412 1023 3452 dans
1051 3414 1196 3452 toutes
1223 3411 1284 3451 les

262 3484 444 3526 régions
470 3474 532 3514 du
555 3472 668 3512 Midi
693 3474 736 3512 et
760 3471 814 3512 de
839 3472 883 3512 la
906 3471 1076 3511 France
1101 3470 1288 3519 entière,

260 3531 510 3574 l'heureuse
547 3530 868 3572 combinaison
932 3528 1055 3571 créée
1090 3541 1172 3584 par
1206 3541 1290 3571 son

262 3594 496 3633 Directeur
528 3596 568 3632 et
599 3592 865 3643 poursuivie
899 3603 1006 3632 avec
1040 3602 1103 3630 un
1134 3591 1290 3631 succès

258 3651 339 3706 qui
363 3663 417 3691 ne
442 3651 545 3691 s'est
567 3650 735 3703 jamais
763 3649 981 3691 démenti.

315 3710 608 3763 Transformé
639 3712 680 3750 et
714 3708 920 3763 modifié,
953 3722 1059 3751 sous
1092 3722 1179 3751 une
1210 3708 1287 3750 Di¬

257 3769 432 3811 rection
463 3768 690 3818 nouvelle,
723 3770 762 3810 le
821 3768 944 3811 Trait
972 3767 1174 3810 d’Union
1232 3779 1290 3807 va

263 3830 511 3871 désormais
542 3828 776 3882 s'occuper
807 3829 1131 3882 spécialement
1163 3828 1287 3868 d’an¬

264 3900 431 3930 nonces
464 3888 516 3929 de
550 3889 768 3942 mariage,
802 3888 899 3942 afin
930 3887 982 3927 de
1015 3887 1194 3927 donner
1226 3899 1287 3927 un

259 3949 427 3991 nouvel
452 3960 574 3990 essor
599 3948 624 3990 à
650 3952 762 3991 cette
790 3959 944 3988 œuvre
972 3946 1284 3997 intéressante,

259 4008 584 4058 humanitaire,
632 4006 1044 4060 philanthropique
1111 4009 1153 4046 et
1218 4019 1287 4047 so¬

255 4068 384 4111 ciale.

318 4127 375 4170 Ce
399 4129 512 4182 petit
536 4127 724 4182 journal
752 4123 822 4167 n'a
844 4138 925 4179 pas
951 4126 993 4167 la
1015 4125 1280 4178 prétention

259 4188 395 4228 d’être
454 4186 682 4228 littéraire.
711 4185 790 4226 Ses
818 4186 1019 4226 bureaux
1046 4195 1100 4225 ne
1126 4189 1279 4227 seront

255 4248 424 4301 jamais
450 4245 720 4288 encombrés
745 4245 800 4285 de
824 4244 1015 4286 curieux
1040 4244 1277 4287 indiscrets

260 4307 308 4347 ni
330 4306 383 4348 de
407 4318 518 4359 gens
542 4304 770 4357 d’affaires
790 4304 895 4356 plus
918 4315 978 4345 ou
1016 4303 1168 4346 moins
1204 4305 1279 4348 vé¬

259 4379 383 4408 reux.

319 4426 414 4465 Une
448 4422 763 4476 organisation
795 4423 987 4475 parfaite
1023 4426 1063 4464 et
1100 4438 1187 4466 une
1224 4427 1283 4465 te-

259 4506 266 4524 ,
295 4498 346 4526 ue
375 4480 711 4535 irréprochable
743 4495 754 4522 :
781 4480 903 4523 voilà
928 4494 976 4523 sa
1003 4482 1167 4526 devise.

311 4542 528 4583 Abonnés
559 4544 601 4582 et
633 4540 825 4583 lecteurs
886 4546 989 4584 sont
1020 4544 1196 4584 assurés
1229 4544 1283 4584 de

258 4608 440 4643 trouver
463 4613 519 4642 en
546 4600 610 4640 lui
636 4611 699 4640 un
723 4602 959 4643 auxiliaire
984 4604 1278 4655 scrupuleux,

258 4663 394 4703 d’une
432 4660 679 4702 discrétion
715 4660 918 4710 absolue,
959 4666 999 4703 et
1037 4662 1172 4704 d'une
1213 4663 1280 4703 in¬

255 4722 506 4763 discutable
538 4720 731 4774 loyauté.

308 4779 403 4830 Que
436 4791 550 4820 ceux
580 4779 660 4832 qui
723 4791 778 4821 ne
841 4792 956 4822 nous
988 4783 1280 4824 connaissent

248 4854 328 4894 pas
355 4840 578 4880 viennent
606 4839 631 4879 à
659 4851 776 4880 nous
803 4851 908 4882 sans
935 4842 1123 4883 crainte.
1158 4843 1279 4883 Nous

248 4911 403 4942 serons
435 4898 640 4939 heureux
671 4900 724 4940 de
787 4899 848 4940 les
907 4899 1032 4940 aider
1063 4900 1116 4942 de
1150 4904 1277 4943 notre

248 4970 471 4999 (.oncours
533 4958 726 4999 indirect
753 4971 838 5011 par
866 4959 904 4999 le
932 4959 1122 5011 journal
1152 4963 1192 5002 et
1224 4962 1276 5003 de

248 5030 330 5059 nos
392 5016 586 5058 conseils
618 5019 887 5070 personnels
950 5019 1126 5074 chaque
1187 5020 1277 5074 fois

246 5075 382 5130 qu’ils
414 5076 645 5116 voudront
711 5075 816 5118 bien
880 5090 995 5120 nous
1059 5080 1272 5120 accorder

247 5140 348 5180 leur
382 5136 623 5189 confiance
659 5140 702 5177 et
739 5150 855 5179 nous
891 5139 1144 5181 demander
1179 5154 1263 5183 nos

243 5198 354 5238 avis.

303 5255 398 5307 Que
460 5267 542 5298 nos
603 5256 794 5298 lecteurs
855 5258 1132 5301 deviennent
1195 5261 1270 5302 des

245 5316 376 5359 amis.
409 5315 503 5367 Que
530 5318 715 5368 partout
744 5320 784 5359 el
814 5318 839 5359 à
869 5320 984 5368 tous,
1018 5320 1070 5362 ils
1096 5319 1270 5374 fassent

248 5378 500 5423 connaître,
540 5388 643 5417 sans
679 5377 851 5419 crainte
890 5381 930 5419 et
967 5392 1071 5420 sans
1108 5380 1264 5429 honte,

245 5438 283 5478 le
311 5436 403 5479 bon
424 5436 829 5489 fonctionnement
854 5439 907 5480 de
934 5442 1061 5480 notre
1086 5440 1269 5494 organi¬

246 5496 394 5537 sation
432 5510 444 5542 ;
482 5496 615 5549 qu'ils
654 5509 770 5538 nous
803 5502 1051 5552 procurent
1090 5499 1127 5540 le
1162 5500 1267 5552 plus

246 5551 274 5596 d
292 5550 528 5597 adhésions
556 5551 778 5610 possibles,
812 5552 936 5599 voilà
966 5560 1096 5600 notre
1135 5555 1268 5602 désir.

303 5618 334 5655 A
372 5619 471 5656 tous
503 5618 544 5656 et
576 5615 601 5655 à
635 5618 795 5665 toutes,
831 5630 947 5658 nous
978 5619 1264 5669 souhaitons,

244 5687 300 5716 en
327 5678 494 5723 retour,
527 5675 676 5716 bonne
732 5675 903 5716 chance
959 5680 1000 5719 et
1054 5682 1267 5732 prompte

244 5735 504 5776 réalisation
528 5735 581 5775 de
607 5735 727 5775 leurs
748 5736 854 5788 plus
878 5735 1035 5779 chères
1059 5738 1268 5792 espéran-

790 5851 860 5896 LA
886 5855 1208 5900 DIRECTION.

294 6014 381 6109 La
418 6013 749 6111 Puissance
796 6013 869 6112 de
906 6014 1223 6116 l'Annonce

305 6220 362 6247 ru»
387 6214 628 6260 acceptant,
653 6222 703 6251 en
734 6211 911 6250 octobre
936 6214 1051 6259 1910,
1078 6214 1114 6254 la
1132 6216 1271 6255 direc¬

250 6272 335 6310 tion
356 6271 415 6310 du
434 6271 762 6315 Traît-d’Union
788 6283 888 6312 mon
922 6274 1131 6316 intention
1168 6278 1272 6319 était

246 6334 301 6372 de
349 6332 456 6372 faire
490 6331 548 6373 de
594 6334 916 6376 l’intéressante
962 6339 1270 6380 combinaison

248 6394 444 6445 mariage
476 6406 559 6435 une
599 6407 748 6438 œuvre
788 6398 986 6439 sérieuse
1028 6403 1069 6440 et
1105 6403 1211 6443 utile
1247 6405 1271 6444 à

247 6462 359 6498 tous.

301 6520 363 6559 En
377 6519 590 6570 quelques
604 6523 732 6571 mois,
751 6523 805 6564 de
826 6523 1119 6566 nombreuses
1135 6528 1272 6568 modi-

244 6582 444 6623 ficaiions
463 6585 537 6622 ont
558 6583 624 6622 été
660 6586 872 6627 réalisées
910 6587 1023 6628 dans
1044 6587 1083 6627 le
1119 6588 1196 6630 but
1216 6591 1270 6632 de

250 6645 412 6684 rendre
436 6643 540 6695 plus
563 6646 796 6695 profitable
819 6649 1062 6699 l’originale
1098 6651 1193 6691 idée
1211 6654 1268 6693 du

244 6707 440 6758 mariage
462 6719 542 6759 par
563 6706 788 6759 publicité.

1430 2220 1567 2261 Notre
1588 2222 1723 2262 siècle
1751 2222 1786 2262 si
1818 2223 1968 2263 fécond
2002 2235 2051 2264 en
2079 2224 2332 2267 inventions
2368 2231 2411 2267 et

1379 2282 1671 2323 découvertes
1691 2283 1747 2324 de
1787 2287 1931 2325 toutes
1975 2291 2132 2335 sortes,
2183 2300 2210 2328 a
2255 2300 2310 2327 vu
2359 2300 2408 2330 se

1378 2346 1519 2394 créer,
1559 2356 1606 2385 se
1648 2347 1915 2398 développer
1954 2351 1995 2387 et.
2032 2360 2080 2388 se
2120 2350 2407 2391 transformer

1379 2418 1463 2447 une
1483 2406 1583 2447 bien
1608 2407 1804 2447 modeste
1828 2412 2074 2450 nouveauté
2108 2424 2116 2450 ;
2151 2411 2399 2454 l’annonce.

1429 2470 1460 2508 Il
1496 2482 1523 2520 y
1563 2481 1588 2511 a
1624 2471 1860 2522 cinquante
1898 2484 1991 2523 ans,
2035 2474 2262 2515 l’annonce
2302 2475 2407 2515 était

1379 2542 1491 2579 rare,
1527 2531 1730 2572 discrète,
1772 2532 1950 2574 limitée.
1991 2535 2284 2587 Aujourd’hui
2323 2538 2407 2578 elle

1378 2594 1570 2644 remplit,
1593 2596 1617 2634 à
1639 2594 1723 2634 elle
1743 2595 1880 2644 seule,
1905 2598 2016 2636 deux
2046 2610 2102 2638 ou
2134 2599 2241 2639 trois
2268 2611 2406 2650 pages

1375 2654 1455 2695 des
1468 2656 1635 2706 grands
1651 2658 1918 2707 quotidiens,
1938 2659 2020 2699 elle
2042 2660 2195 2712 frappe
2216 2663 2239 2700 à
2262 2665 2406 2702 toutes

1379 2716 1442 2758 les
1459 2721 1624 2768 portes,
1646 2718 1730 2759 elle
1751 2731 1800 2759 se
1817 2719 1956 2770 glisse
1973 2722 2085 2762 dans
2106 2726 2206 2763 tous
2231 2723 2295 2763 les
2320 2724 2400 2763 mi¬

1375 2779 1510 2830 lieux,
1543 2780 1626 2820 elle
1652 2781 1828 2822 devient
1858 2784 2186 2832 envahissante,
2215 2788 2403 2835 gênante

1378 2842 1559 2893 parfois;
1583 2843 1667 2883 elle
1684 2846 1824 2894 trône,
1844 2845 1928 2886 elle
1951 2846 2191 2898 triomphe;
2212 2859 2262 2887 sa
2283 2848 2402 2899 puis¬

1372 2915 1507 2944 sance
1528 2908 1596 2945 est
1613 2906 1827 2948 illimitée.

1425 2964 1647 3015 Pourquoi
1684 2964 1798 3006 donc
1831 2967 2051 3008 s’étonner
2083 2968 2212 3019 qu’on
2254 2970 2400 3011 utilise

1371 3028 1484 3066 cette
1507 3027 1652 3067 même
1674 3027 1885 3078 publicité
1906 3040 2018 3079 pour
2038 3031 2208 3072 arriver
2237 3044 2292 3072 au
2327 3034 2400 3074 ré¬

1370 3097 1506 3136 sultat
1527 3097 1674 3138 désiré
1695 3110 1774 3149 par
1794 3103 1894 3140 tous
1908 3112 2019 3143 ceux
2052 3103 2127 3154 qui
2170 3106 2323 3144 rêvent
2344 3104 2398 3144 de

1370 3158 1522 3199 fonder
1543 3171 1600 3200 un
1621 3167 1743 3211 loyer
1763 3161 1780 3200 ?

1424 3223 1608 3262 Peut-on
1640 3224 1868 3275 employer
1905 3235 2063 3278 moyen
2103 3227 2204 3278 plus
2243 3231 2319 3268 sûr
2358 3232 2399 3268 et

1372 3284 1515 3324 moins
1538 3285 1791 3335 dangereux
1812 3298 1923 3338 pour
1944 3299 2124 3339 essayer
2147 3289 2200 3330 de
2222 3302 2401 3343 rappro¬

1367 3346 1474 3386 cher
1505 3346 1618 3387 deux
1648 3348 1874 3388 destinées
1894 3351 1913 3388 ?
1939 3351 2264 3393 Certainement
2292 3365 2395 3394 non.

1368 3407 1420 3448 Et
1442 3407 1548 3447 c’est
1568 3420 1680 3460 pour
1702 3414 1815 3452 cette
1836 3412 1983 3452 raison
2006 3425 2091 3466 que
2118 3415 2324 3456 s’affirme
2343 3416 2398 3455 de

1366 3470 1464 3518 jour
1486 3480 1539 3508 en
1559 3471 1657 3521 jour
1679 3471 1719 3512 le
1736 3474 1895 3515 succès
1910 3475 1966 3515 de
1993 3475 2171 3518 l’œuvre
2206 3487 2292 3528 que
2325 3476 2399 3528 j’ai

1367 3542 1612 3594 entreprise
1635 3546 1676 3583 et
1696 3555 1782 3596 que
1802 3546 1842 3595 je
1864 3558 1919 3586 ne
1939 3548 2087 3587 crains
2114 3559 2192 3599 pas
2211 3548 2266 3588 de
2287 3560 2396 3589 con¬

1367 3603 1538 3642 sidérer
1558 3615 1732 3646 comine
1753 3608 2051 3648 humanitaire
2072 3612 2114 3648 et
2133 3611 2312 3650 sociale.

1422 3664 1558 3705 Reste
1579 3667 1854 3708 maintenant
1872 3671 1897 3709 à
1918 3671 2113 3712 détruire
2153 3672 2192 3715 le
2212 3673 2395 3723 préjugé

1367 3728 1440 3776 qui
1463 3728 1596 3770 flétrit
1616 3732 1710 3770 tout
1728 3742 1776 3772 ce
1792 3731 1867 3784 qui
1883 3734 2044 3775 touche
2060 3746 2146 3774 aux
2167 3735 2396 3786 questions

1366 3790 1730 3834 matrimoniales.
1756 3792 1854 3837 Oui,
1879 3795 1909 3835 il
1930 3799 1997 3836 est
2018 3796 2098 3836 des
2131 3806 2321 3846 agences
2354 3800 2396 3838 et

1365 3849 1446 3892 des
1466 3856 1802 3895 entremetteurs
1822 3856 1928 3898 dont
1950 3858 1977 3896 il
2008 3858 2099 3899 faut
2135 3869 2182 3898 se
2222 3859 2392 3908 méfier;

1365 3914 1480 3956 mais
1502 3927 1556 3955 un
1587 3917 1777 3959 honnête
1812 3921 1855 3958 et
1890 3919 1928 3958 in
1935 3919 2106 3960 offensif
2143 3921 2318 3971 journal
2340 3932 2394 3962 ne

1363 3978 1532 4019 saurait
1554 3978 1744 4030 inspirer
1777 3980 1831 4019 de
1867 3981 2066 4023 défiance
2108 3984 2132 4022 à
2174 3994 2392 4033 personne

1364 4038 1543 4091 lorsque
1564 4052 1615 4080 sa
1634 4041 1848 4082 direction
1871 4046 1938 4083 est
1955 4054 2177 4085 reconnue
2192 4044 2392 4087 sérieuse

1363 4100 1407 4138 et
1427 4099 1774 4151 irréprochable.

1416 4161 1552 4202 D’une
1578 4163 1702 4211 façon
1730 4164 1935 4213 générale
1956 4176 2066 4205 ceux
2087 4166 2159 4216 qui
2196 4167 2392 4216 aspirent

1362 4233 1419 4263 au
1440 4224 1640 4274 mariage
1659 4230 1891 4276 acceptent
1925 4230 1968 4267 et
1999 4228 2239 4269 sollicitent
2266 4228 2392 4270 l’avis

1362 4284 1464 4324 d’un
1503 4287 1607 4336 ami,
1651 4286 1972 4328 l’intervention
2023 4288 2082 4328 du
2123 4291 2308 4339 notaire,
2354 4292 2391 4331 le

1360 4348 1528 4387 conseil
1552 4346 1610 4387 du
1633 4349 1794 4401 prêtre,
1819 4352 1900 4391 etc.
1933 4350 2047 4391 C’est
2075 4363 2160 4404 que
2199 4352 2294 4394 rien
2316 4354 2384 4394 ici-

1359 4408 1440 4448 bas
1459 4420 1512 4449 ne
1534 4414 1638 4461 peut
1657 4421 1704 4450 se
1727 4411 1910 4452 réaliser
1949 4425 2054 4455 sans
2100 4415 2140 4455 le
2176 4427 2391 4456 concours

1359 4462 1462 4503 d’un
1483 4463 1584 4505 aide
1606 4466 1868 4517 compétent.

1414 4526 1460 4566 Si
1481 4538 1592 4567 vous
1623 4539 1731 4567 avez
1767 4528 1808 4570 le
1846 4530 2050 4571 bonheur
2081 4530 2137 4571 de
2178 4533 2393 4584 posséder

1361 4588 1475 4627 amis
1503 4592 1544 4627 et
1580 4590 1807 4639 relations,
1840 4592 1878 4631 si
1910 4595 2034 4632 votre
2062 4592 2214 4633 milieu
2250 4594 2388 4635 social

1362 4659 1472 4690 vous
1492 4655 1664 4702 permet
1684 4651 1738 4692 de
1762 4656 1939 4694 trouver
1960 4657 2118 4695 autour
2140 4653 2194 4695 de
2214 4667 2326 4696 vous
2347 4656 2388 4695 la

1358 4722 1578 4763 personne
1611 4715 1688 4766 qui
1736 4716 1827 4756 doit
1875 4720 2083 4768 partager
2129 4721 2253 4759 votre
2302 4719 2384 4768 vie,

1358 4774 1651 4824 gardez-vous
1672 4778 1876 4828 d’égarer
1899 4780 2080 4820 ailleurs
2100 4791 2180 4821 vos
2207 4782 2386 4822 recher¬

1356 4838 1476 4879 ches.

1411 4900 1523 4940 Mais
1576 4902 1615 4941 si
1653 4913 1768 4952 pour
1806 4903 2026 4944 d'infinies
2062 4906 2238 4946 raisons
2278 4916 2387 4944 vous

1354 4963 1447 5002 êtes
1480 4963 1802 5015 embarrassés,
1836 4966 1972 5007 isolés
2006 4966 2118 5007 dans
2155 4968 2196 5007 la
2233 4967 2316 5017 vie,
2348 4968 2385 5006 si

1354 5028 1478 5066 votre
1516 5030 1760 5078 entourage
1795 5039 1847 5067 ne
1880 5040 1992 5068 vous
2026 5030 2194 5079 inspire
2225 5030 2385 5079 qu’une

1356 5088 1576 5128 médiocre
1598 5091 1838 5137 confiance,
1863 5102 2043 5141 essayez
2062 5091 2115 5131 de
2138 5091 2379 5132 l’annonce.

1352 5148 1449 5190 Elle
1470 5162 1581 5191 vous
1601 5156 1775 5203 promet
1803 5155 1972 5194 entière
1999 5157 2041 5193 et
2073 5154 2258 5195 absolue
2296 5154 2383 5194 dis¬

1354 5212 1534 5262 crétion,
1571 5218 1614 5254 et
1652 5215 1737 5256 elle
1772 5227 1884 5256 vous
1924 5216 2070 5256 donne
2110 5215 2289 5267 l’espoir
2327 5218 2383 5256 de

1351 5278 1531 5315 trouver
1549 5286 1598 5317 ce
1631 5288 1717 5327 que
1758 5290 1870 5319 neus
1890 5279 2140 5319 cherchons
2172 5283 2273 5320 tous
2309 5279 2383 5320 ici-

1350 5336 1432 5377 bas
1456 5351 1464 5376 ;
1496 5338 1534 5378 le
1564 5339 1766 5380 bonheur
1799 5342 1911 5381 dans
1944 5342 2107 5382 l’union
2142 5342 2314 5382 désirée
2342 5346 2383 5382 et

1348 5400 1493 5442 rêvée.
2008 5405 2120 5444 Jean
2144 5404 2308 5444 BACH.

1415 5558 1646 5639 SERVICE
1701 5562 1772 5640 DE
1817 5563 2310 5642 RENSEIGNEMENTS

1410 5683 1551 5725 Toute
1582 5695 1804 5735 personne
1836 5687 1975 5738 ayant
2003 5686 2158 5728 besoin
2191 5686 2375 5728 d’infor¬

1355 5742 1552 5782 mations
1574 5744 1715 5792 sûres,
1741 5756 1800 5784 au
1822 5745 1951 5794 point
1971 5745 2028 5787 de
2046 5759 2135 5787 vue
2155 5745 2375 5787 financier

1350 5803 1640 5843 commercial
1666 5814 1724 5844 ou
1751 5802 1894 5855 privé,
1922 5806 2198 5844 concernant
2250 5806 2375 5847 affai¬

1350 5871 1435 5909 res,
1465 5860 1692 5912 mariages
1718 5873 1775 5903 ou
1804 5864 1971 5913 autres,
2002 5875 2184 5905 recevra
2211 5863 2273 5906 du
2302 5864 2375 5906 Di¬

1349 5920 1525 5960 recteur
1551 5920 1615 5961 les
1642 5922 2030 5973 renseignements
2056 5924 2120 5964 les
2147 5923 2253 5975 plus
2276 5926 2374 5975 pré¬

1348 5978 1427 6029 cis,
1454 5979 1480 6019 à
1504 5979 1583 6021 des
1608 5979 1711 6032 prix
1738 5980 1826 6022 très
1851 5983 2072 6024 modérés.
2102 5982 2186 6025 Ces
2210 5985 2374 6027 rensei¬

1350 6039 1590 6089 gnements
1610 6051 1656 6082 se
1678 6040 1833 6091 paient
1853 6042 2082 6083 d’avance.

1820 6116 1911 6175 ***

1963 6226 2307 6359 Mariage^

1554 6426 1852 6488 NOTRE
1942 6427 2176 6492 ROLE

1408 6538 1464 6580 Le
1491 6555 1511 6578 «
1536 6539 1659 6583 Trait
1682 6542 1883 6586 d’Union
1908 6560 1928 6583 «
1956 6550 2136 6599 accepte
2159 6550 2283 6588 toute
2306 6559 2372 6589 es¬

1348 6597 1453 6650 pèce
1481 6598 1535 6640 de
1563 6599 1803 6655 publicité;
1832 6604 1948 6646 mais
1976 6604 2008 6647 il
2036 6605 2243 6660 s’occupe
2272 6607 2370 6662 spé¬

1346 6658 1588 6703 cialement
1616 6660 1895 6706 d’annonces
1926 6664 1979 6706 de
2009 6666 2250 6720 mariages.

1404 6716 1462 6760 Le
1484 6718 1568 6763 but
1594 6720 1766 6776 unique
1791 6722 1843 6765 de
1869 6723 1910 6766 la
1936 6723 2170 6768 Direction
2195 6736 2260 6768 est
2313 6727 2367 6768 de

2491 2231 2707 2273 favoriser
2732 2233 2796 2275 les
2825 2235 2995 2278 unions
3022 2237 3188 2291 légales
3216 2243 3259 2280 et
3286 2239 3512 2282 chrétien¬

2487 2303 2567 2331 nes
2595 2303 2677 2345 par
2706 2305 2771 2333 un
2799 2294 2994 2347 procédé
3022 2295 3189 2339 discret
3216 2303 3260 2339 et
3289 2298 3507 2350 honnête,

2487 2351 2844 2394 contrairement
2864 2352 2887 2392 à
2911 2354 3106 2396 certains
3127 2358 3363 2408 journaux
3384 2359 3511 2400 simi¬

2487 2407 2617 2448 laires
2640 2410 2720 2463 qui
2744 2416 2848 2451 sont
2872 2411 2949 2454 des
2973 2426 3166 2467 agences
3189 2416 3508 2459 matrimonia¬

2484 2466 2546 2507 les
2567 2466 2819 2521 déguisées.

2544 2527 2600 2568 Le
2632 2528 2866 2571 Directeur
2892 2532 3034 2582 reçoit
3059 2531 3100 2575 le
3130 2535 3332 2576 courrier
3359 2535 3414 2577 de
3442 2550 3508 2578 ses

2483 2585 2703 2638 abonnés,
2731 2590 2844 2634 seul,
2874 2590 2906 2630 il
2931 2591 2972 2632 le
2996 2595 3235 2643 transmet,
3264 2598 3308 2635 et
3332 2596 3445 2646 seul,
3475 2595 3507 2635 il

2483 2646 2658 2699 répond
2683 2660 2771 2688 aux
2794 2648 2946 2693 lettres
2971 2651 3050 2703 qui
3075 2651 3139 2692 lui
3164 2658 3267 2694 sont
3320 2667 3508 2707 person¬

2485 2705 2734 2747 nellement
2755 2707 2996 2751 adressées.

2542 2764 2626 2806 Par
2652 2778 2742 2806 une
2768 2767 3088 2810 combinaison
3146 2770 3328 2812 d’offres
3354 2777 3397 2814 et
3452 2772 3507 2814 de

2483 2823 2731 2867 demandes
2760 2831 2803 2867 et
2832 2839 2915 2880 par
2944 2828 2986 2868 la
3018 2830 3410 2883 correspondance
3440 2832 3507 2874 di¬

2482 2888 2600 2924 recte
2625 2890 2753 2926 entre
2778 2885 2842 2930 les
2867 2886 3087 2939 abonnés,
3116 2888 3181 2931 les
3206 2891 3435 2946 mariages
3459 2906 3506 2934 se

2481 2942 2582 2983 font
2603 2956 2706 2984 sans
2727 2946 3107 2990 intermédiaires.

2556 3000 2676 3044 Nous
2713 3015 2770 3045 ne
2806 3005 3015 3047 saurions
3051 3019 3171 3048 assez
3206 3008 3381 3063 répéter
3415 3024 3506 3064 que

2483 3074 2597 3103 nous
2622 3062 2812 3104 n’avons
2834 3064 2934 3106 rien
2958 3064 3012 3106 de
3035 3079 3260 3110 commun
3283 3082 3391 3111 avec
3416 3084 3506 3112 une

2483 3133 2652 3174 agence
2686 3122 3045 3166 matrimoniale.
3084 3124 3184 3167 Non
3250 3127 3504 3171 seulement

2484 3192 2600 3222 nous
2632 3195 2689 3222 ne
2718 3182 2891 3224 faisons
2924 3196 3001 3237 pas
3031 3184 3087 3226 de
3117 3188 3358 3240 mariages,
3392 3190 3508 3230 mais

2483 3251 2646 3280 encore
2678 3254 2794 3283 nous
2827 3255 2883 3283 ne
2915 3243 3171 3286 réclamons
3204 3258 3382 3288 aucune
3443 3262 3508 3290 es¬

2483 3299 2590 3352 pèce
2619 3299 2672 3342 de
2702 3302 3002 3344 commission
3032 3307 3075 3344 et
3104 3308 3232 3347 notre
3262 3306 3355 3347 rôle
3384 3307 3508 3348 d’au¬

2481 3356 2657 3400 xiliaire
2686 3359 2851 3402 discret
2878 3374 2998 3403 cesse
3056 3375 3112 3404 au
3171 3370 3380 3407 moment
3409 3372 3507 3422 pré¬

2482 3417 2544 3457 cis
2579 3418 2639 3459 où
2675 3418 2736 3459 les
2771 3420 3008 3462 intéressés
3046 3421 3175 3463 n’ont
3208 3423 3311 3476 plus
3347 3423 3506 3467 besoin

2480 3475 2535 3516 de
2559 3487 2642 3517 nos
2667 3480 2875 3520 services.

2540 3535 2675 3579 Notre
2711 3539 2907 3593 système
2944 3539 3016 3580 n’a
3052 3542 3150 3582 rien
3188 3541 3243 3584 de
3279 3556 3503 3587 commun

2482 3608 2575 3635 non
2605 3596 2707 3648 plus
2738 3611 2845 3638 avec
2874 3598 2936 3639 les
2966 3614 3199 3642 annonces
3228 3602 3304 3643 des
3335 3606 3506 3656 grands

2478 3654 2712 3707 journaux
2739 3656 2976 3710 parisiens.
3010 3658 3125 3700 Leur
3151 3659 3369 3703 méthode
3398 3674 3505 3703 con¬

2479 3715 2583 3755 siste
2607 3714 2632 3755 à
2661 3715 2832 3756 insérer
2859 3715 2936 3758 des
2964 3716 3212 3760 demandes
3270 3724 3312 3762 et
3367 3720 3503 3763 offres

2478 3774 2533 3815 de
2568 3775 2811 3829 mariages,
2851 3776 3195 3830 généralement
3227 3793 3499 3836 anonymes,

2478 3838 2519 3875 et
2547 3839 2732 3888 portant
2760 3835 3047 3879 l’indication
3084 3852 3092 3880 :
3126 3856 3146 3878 «
3176 3844 3303 3894 poste
3332 3846 3503 3883 restan¬

2474 3896 2516 3935 te
2542 3910 2582 3935 ».

2535 3952 2659 3996 Cette
2690 3955 2936 3998 discrétion
2967 3958 3056 3999 très
3088 3959 3295 4012 légitime
3326 3966 3367 4003 et
3398 3975 3502 4003 sans

2476 4012 2671 4067 dangers
2706 4020 2834 4056 entre
2867 4015 3091 4059 honnêtes
3127 4031 3254 4072 gens,
3295 4021 3502 4074 présente

2475 4079 2515 4120 le
2542 4079 2647 4134 plus
2703 4089 2899 4123 souvent
2954 4083 3010 4126 de
3067 4098 3227 4139 graves
3286 4087 3503 4130 inconvé¬

2476 4139 2640 4180 nients.
2691 4139 2763 4182 Un
2791 4143 3152 4199 correspondant
3179 4147 3258 4198 qui
3287 4146 3502 4190 dissimu¬

2475 4199 2515 4242 le
2543 4213 2626 4242 son
2655 4200 2846 4244 identité
2876 4216 2932 4247 ne
2960 4208 3068 4258 peut
3096 4204 3227 4247 offrir
3255 4206 3310 4247 de
3339 4219 3500 4261 garan¬

2475 4261 2555 4300 ties
2583 4261 2815 4304 sérieuses.
2846 4262 2964 4305 Neuf
2990 4264 3075 4306 fois
3103 4278 3180 4306 sur
3207 4265 3299 4315 dix,
3331 4267 3394 4308 les
3421 4271 3500 4309 let¬

2474 4324 2560 4359 tres
2616 4320 2842 4363 adressées
2895 4323 2919 4364 à
2975 4335 3046 4364 ces
3100 4338 3316 4367 coureurs
3343 4325 3398 4368 de
3423 4328 3502 4369 dot

2472 4383 2642 4422 restent
2665 4393 2769 4423 sans
2793 4382 3000 4436 réponse.
3031 4383 3088 4427 Le
3113 4383 3211 4424 naïf
3233 4398 3500 4442 correspon¬

2474 4439 2584 4481 dant
2614 4440 2852 4495 s’aperçoit
2881 4442 2994 4495 qu’il
3024 4456 3048 4483 a
3079 4444 3147 4485 été
3176 4443 3500 4488 l’amusement

2472 4498 2583 4542 d’un
2611 4499 2799 4544 fumiste
2824 4515 2885 4544 ou
2912 4501 3023 4544 d’un
3050 4502 3244 4546 farceur.

2531 4559 2721 4602 Pareille
2755 4562 3075 4605 mésaventure
3110 4564 3224 4607 n’est
3259 4579 3337 4619 pas
3372 4568 3395 4607 à
3431 4580 3498 4607 re¬

2471 4619 2647 4668 douter,
2680 4619 2812 4674 grâce
2839 4622 2863 4662 à
2892 4621 3148 4664 l’heureuse
3176 4624 3498 4667 combinaison

2471 4679 2532 4720 du
2559 4679 2680 4721 Trait
2707 4679 2923 4723 d’Union.
2953 4681 3094 4725 Grâce
3118 4683 3143 4724 à
3168 4683 3250 4735 lui,
3279 4683 3428 4727 riches
3455 4690 3499 4727 et

2471 4751 2663 4795 pauvres
2722 4739 2852 4783 n’ont
2880 4743 2983 4795 plus
3012 4742 3171 4786 besoin
3199 4743 3255 4787 de
3280 4743 3496 4787 relations

2471 4799 2782 4854 personnelles
2817 4814 2934 4855 pour
2968 4802 3114 4844 s’unir
3148 4803 3422 4859 dignement
3455 4810 3498 4847 et

2470 4858 2595 4900 selon
2629 4859 2727 4900 leur
2759 4859 2894 4903 désir.
2959 4861 3342 4914 Journellement,
3379 4879 3496 4907 nous

2472 4932 2688 4961 recevons
2726 4919 2802 4963 des
2838 4920 2990 4963 lettres
3026 4921 3082 4964 de
3116 4924 3491 4967 remerciements

2469 4983 2512 5021 et
2545 4978 2600 5020 de
2634 4979 2928 5022 félicitations
2963 4994 3082 5034 pour
3115 4982 3158 5023 la
3191 4984 3397 5027 manière
3430 4985 3496 5027 sé¬

2469 5039 2615 5082 rieuse
2639 5039 2752 5082 dont
2774 5040 2908 5095 opère
2930 5039 2972 5081 la
2995 5039 3246 5084 Direction.

2527 5098 2594 5139 En
2623 5112 2672 5140 ce
2702 5100 2780 5154 qui
2810 5112 3035 5142 concerne
3063 5100 3106 5143 la
3134 5104 3496 5158 correspondan¬

2468 5171 2533 5208 ce,
2566 5171 2682 5200 nous
2711 5171 2828 5202 nous
2856 5159 3030 5203 faisons
3060 5174 3150 5203 une
3179 5160 3243 5205 loi
3271 5163 3326 5204 de
3355 5170 3494 5207 rester

2468 5223 2650 5260 neutres
2686 5223 2730 5260 et
2764 5219 2996 5274 d’ignorer
3031 5234 3079 5263 ce
3116 5219 3396 5275 qu’écrivent
3431 5224 3494 5266 les

2467 5278 2720 5321 intéressés.

2523 5336 2580 5379 Le
2604 5343 2746 5382 secret
2769 5340 2846 5382 des
2871 5339 3022 5383 lettres
3046 5347 3111 5384 est
3135 5342 3271 5385 chose
3296 5344 3444 5386 sacrée
3483 5344 3491 5386 I

3007 5412 3076 5455 LA
3107 5412 3430 5456 DIRECTION.

2551 5579 3394 5667 CONDITIONS

2633 5715 2691 5754 11
2716 5714 2879 5756 francs
2900 5728 3024 5768 pour
3044 5718 3165 5758 trois
3187 5719 3310 5759 mois

2464 5807 2675 5844 Donnant
2690 5806 2851 5857 droit,à
2872 5818 2959 5848 une
2979 5818 3198 5857 annonce,
3220 5819 3278 5848 au
3298 5809 3480 5856 journal

2516 5883 2623 5914 sous
2642 5875 2904 5924 enveloppe,
2927 5879 2969 5916 et
2988 5886 3047 5915 au
3067 5876 3238 5916 service
3256 5878 3310 5919 de
3331 5877 3374 5918 la
3393 5887 3485 5918 cor¬

2512 5933 2838 5980 respondance.

2456 5989 2787 6031 Abonnement
2814 5991 2874 6043 au
2899 5991 3096 6044 journal
3120 5993 3235 6040 seul,
3269 6004 3383 6035 sous
3411 6007 3490 6035 en¬

2507 6044 2717 6095 veloppe.

2463 6107 2531 6146 Un
2550 6116 2607 6147 an
2626 6109 2650 6147 6
2666 6108 2835 6156 francs,
2855 6110 2923 6148 six
2944 6108 3060 6149 mois
3078 6110 3102 6148 3
3118 6110 3287 6150 francs.

2518 6291 3431 6398 FONCTIONNEMENT

2515 6551 2656 6596 Toute
2688 6567 2916 6607 personne
2948 6559 3027 6611 qui
3060 6559 3206 6600 désire
3238 6556 3480 6599 s’abonner

2456 6610 2479 6651 à
2505 6611 2547 6654 la
2571 6615 2892 6656 combinaison
2916 6618 3140 6671 mariages
3164 6617 3260 6658 doit
3282 6631 3482 6672 envoyer

2456 6683 2512 6711 au
2544 6671 2796 6724 Directeur,
2829 6687 2914 6717 son
2944 6687 3170 6724 annonce,
3202 6688 3287 6718 son
3349 6689 3476 6727 nom,

2456 6743 2540 6771 son
2560 6733 2736 6775 adresse
2787 6735 3020 6784 véritable,
3046 6740 3087 6780 et
3108 6735 3147 6776 le
3169 6737 3270 6791 prix
3291 6736 3346 6779 de
3396 6751 3478 6780 son

3593 2243 3922 2295 abonnement,
3948 2248 4035 2290 soit
4058 2260 4168 2290 onze
4189 2250 4346 2303 francs
4367 2264 4486 2304 pour
4510 2254 4619 2295 trois

3594 2304 3710 2344 mois
3735 2316 3791 2344 en
3818 2306 4022 2356 mandat,
4052 2307 4143 2348 bon
4168 2308 4221 2350 de
4244 2312 4372 2364 poste
4397 2315 4456 2353 ou
4514 2312 4618 2354 tim¬

3594 2363 3708 2404 bres.

3655 2420 3708 2463 Le
3733 2420 3984 2475 Directeur,
4011 2425 4109 2466 seul
4133 2428 4307 2482 occupé
4330 2442 4388 2470 au
4412 2428 4619 2484 dépouil¬

3590 2478 3763 2522 lement
3788 2481 3851 2523 du
3877 2483 4080 2524 courrier
4106 2490 4186 2535 est,
4216 2486 4476 2540 également
4502 2491 4614 2540 seul,

3590 2544 3614 2578 à
3647 2539 3884 2582 connaître
3945 2540 4156 2587 l’adresse
4219 2546 4436 2590 véritable
4468 2548 4523 2590 de
4555 2563 4623 2592 ses

3590 2595 3809 2639 abonnés.
3847 2599 3973 2643 Cette
4036 2602 4215 2646 adresse
4247 2610 4315 2647 est
4347 2608 4617 2662 remplacée,

3590 2655 3703 2699 dans
3732 2656 3775 2698 le
3802 2659 4006 2712 journal,
4040 2675 4123 2715 par
4183 2676 4246 2704 un
4279 2666 4475 2708 numéro
4504 2667 4622 2711 d’or¬

3589 2714 3683 2766 dre,
3723 2716 4064 2772 indispensable
4127 2735 4246 2776 pour
4279 2724 4321 2764 la
4354 2738 4620 2782 correspon¬

3588 2772 3747 2816 dance.

3650 2839 3710 2883 Ce
3764 2844 3960 2887 numéro
4014 2851 4080 2889 est
4134 2851 4471 2906 communiqué
4494 2855 4518 2895 à
4544 2854 4620 2896 l’a¬

3590 2898 3746 2942 bonné
3769 2915 3824 2943 en
3851 2904 4002 2948 même
4027 2911 4175 2962 temps
4202 2910 4342 2963 qu’on
4367 2911 4435 2954 lui
4459 2927 4619 2957 accuse

3590 2958 3822 3015 réception
3848 2962 3911 3004 du
3936 2966 4140 3008 mandat.

3644 3024 3911 3082 Supposons
3967 3032 4140 3087 qu’une
4166 3035 4222 3078 de
4248 3050 4332 3079 nos
4389 3038 4620 3083 abonnées

3590 3086 3755 3128 veuille
3782 3087 3923 3130 écrire
3950 3090 3972 3131 à
4002 3091 4059 3132 M.
4091 3091 4201 3143 X...,
4234 3094 4347 3138 dont
4374 3095 4618 3143 l’annonce

3589 3149 3716 3195 porte
3745 3146 3786 3187 le
3815 3150 3866 3188 n°
3898 3148 3938 3190 6.
3971 3149 4066 3192 Elle
4094 3151 4255 3194 inscrit
4282 3154 4566 3201 lisiblement
4594 3161 4616 3202 à

3587 3202 3630 3243 la
3662 3203 3820 3257 plume
3853 3220 3914 3250 ou
3946 3222 4003 3251 au
4035 3223 4205 3266 crayon
4238 3226 4322 3255 son
4355 3228 4468 3259 nom
4499 3223 4544 3259 et
4575 3220 4615 3262 le

3588 3264 3639 3302 n°
3670 3264 3694 3304 6
3720 3263 3834 3308 dans
3860 3267 4115 3310 l’intérieur
4139 3270 4195 3314 de
4219 3271 4260 3312 la
4287 3276 4514 3328 première
4540 3291 4616 3319 en¬

3588 3320 3795 3376 veloppe,
3830 3324 3942 3366 celle
3974 3328 4054 3381 qui
4085 3335 4216 3383 porte
4246 3330 4288 3374 le
4320 3347 4431 3376 nom
4463 3341 4508 3377 et
4539 3336 4615 3378 l’a¬

3587 3379 3736 3423 dresse
3771 3382 3832 3425 du
3867 3383 4106 3428 Directeur
4139 3390 4202 3431 du
4236 3391 4359 3434 Trait
4394 3395 4610 3438 d’Union.

3586 3438 3710 3482 Dans
3736 3446 3850 3483 cette
3875 3444 4128 3500 enveloppe
4155 3448 4239 3490 elle
4264 3451 4391 3504 place
4417 3451 4460 3494 la
4486 3454 4615 3496 lettre

3586 3499 3795 3542 cachetée
3830 3503 3910 3557 qui
3945 3503 4043 3547 doit
4075 3506 4168 3550 être
4202 3511 4368 3552 remise
4403 3524 4461 3555 au
4498 3516 4550 3554 n°
4588 3516 4613 3556 6

3585 3570 3666 3611 par
3700 3559 3979 3606 l’entremise
4014 3564 4075 3607 du
4110 3566 4362 3611 Directeur.
4402 3570 4472 3614 Au
4506 3586 4612 3626 reçu

3585 3619 3639 3657 de
3674 3624 3787 3660 cette
3822 3622 3967 3670 lettre,
4004 3624 4045 3664 le
4080 3626 4318 3668 Directeur
4351 3631 4536 3672 déchire
4570 3635 4611 3673 la

3582 3676 3807 3727 première
3843 3679 4110 3736 enveloppe,
4150 3683 4174 3724 à
4209 3698 4292 3727 son
4330 3699 4458 3738 nom,
4498 3690 4611 3734 dans

3583 3735 3838 3779 l’intérieur
3863 3738 3918 3780 de
3947 3738 4142 3795 laquelle
4170 3756 4216 3786 se
4243 3748 4403 3787 trouve
4431 3748 4543 3790 écrit
4570 3751 4611 3792 le

3583 3808 3694 3838 nom
3719 3795 3775 3838 de
3799 3797 4040 3843 l’abonnée
4063 3806 4108 3844 et
4131 3803 4171 3844 le
4195 3806 4392 3847 numéro
4417 3820 4524 3850 avec
4550 3807 4608 3851 le¬

3582 3855 3686 3907 quel
3711 3856 3796 3898 elle
3820 3864 3928 3900 veut
3952 3864 4296 3916 correspondre.

3641 3920 3727 3964 Sur
3754 3923 3795 3964 la
3824 3924 3954 3967 lettre
3980 3928 4191 3972 cachetée
4219 3931 4274 3975 de
4302 3932 4610 3990 l’expéditrice

3582 3982 3610 4022 il
3636 3982 3748 4024 écrit
3772 3983 3982 4028 l’adresse
4006 3990 4225 4032 véritable
4248 3992 4310 4035 du
4338 3996 4388 4035 n°
4416 3995 4440 4037 6
4466 4002 4508 4038 et
4532 4010 4607 4039 en¬

3580 4042 3680 4083 voie
3707 4047 3820 4085 cette
3846 4043 3975 4087 lettre
4002 4060 4107 4090 sans
4134 4048 4325 4094 l’ouvrir
4351 4054 4371 4095 è
4401 4067 4484 4097 son
4512 4056 4608 4099 des¬

3579 4100 3804 4153 tinataire,
3835 4103 3893 4144 M.
3923 4103 4014 4147 X...

3636 4168 3700 4211 De
3736 4175 3850 4213 cette
3883 4170 4034 4223 façon,
4074 4172 4112 4215 le
4148 4175 4379 4220 Directeur
4420 4184 4609 4226 connaît

3575 4229 3674 4270 seul
3708 4230 3919 4274 l’adresse
3955 4231 4032 4275 des
4066 4233 4187 4276 deux
4222 4242 4607 4294 correspondants

3576 4288 3655 4342 qui
3679 4296 3880 4343 peuvent
3903 4293 4147 4336 continuer
4170 4295 4192 4335 à
4216 4292 4369 4339 s'écrie
4386 4330 4394 4339 ,
4416 4313 4499 4355 par
4523 4315 4606 4344 son

3578 4351 3839 4393 entremise.
3909 4351 4108 4407 Lorsque
4143 4354 4207 4396 les
4243 4354 4363 4399 deux
4399 4360 4604 4404 abonnés

3575 4412 3791 4451 trouvent
3820 4411 3883 4452 les
3916 4414 4311 4467 renseignements
4344 4419 4547 4462 mutuels
4580 4423 4605 4463 à

3575 4467 3673 4510 leur
3703 4482 4012 4523 convenance,
4048 4472 4103 4515 ils
4135 4480 4335 4529 peuvent
4365 4483 4518 4520 entrer
4548 4492 4606 4523 en

3573 4527 3790 4571 relations
3848 4531 4040 4575 directes
4099 4540 4143 4576 et
4173 4535 4344 4578 arriver
4402 4550 4460 4579 au
4521 4538 4607 4582 but

3572 4588 3811 4640 poursuivi
3839 4590 3893 4632 de
3919 4590 4018 4633 leur
4046 4592 4207 4636 union.

3632 4646 3692 4696 Si,
3732 4662 3790 4688 au
3826 4650 4067 4699 contraire,
4107 4651 4170 4694 les
4207 4656 4604 4708 renseignements

3571 4706 3799 4760 échangés
3827 4721 3884 4750 ne
3912 4707 3975 4751 les
4032 4710 4246 4754 satisfont
4302 4727 4396 4770 pas,
4428 4715 4484 4758 ils
4511 4730 4604 4760 ces¬

3571 4771 3672 4809 sent
3728 4767 3783 4808 de
3812 4770 4143 4824 correspondre
4203 4778 4247 4815 et
4306 4787 4488 4819 comme
4548 4778 4604 4820 ils

3572 4827 3788 4879 ignorent
3842 4827 3939 4869 l’un
3994 4835 4038 4871 et
4092 4830 4269 4883 l’autre,
4299 4834 4399 4876 leur
4423 4848 4535 4878 nom
4561 4846 4604 4879 et

3572 4886 3763 4938 adresse,
3800 4899 3952 4930 aucun
3986 4889 4120 4932 d’eux
4154 4891 4268 4935 n’est
4300 4896 4598 4950 compromis.

3631 4946 3664 4988 Il
3692 4952 3758 4988 est
3782 4947 3889 4988 bien
3916 4950 4120 4993 entendu
4177 4966 4266 5006 que
4323 4967 4439 4996 nous
4467 4956 4604 4997 décli¬

3572 5020 3688 5049 nons
3719 5011 3846 5051 toute
3876 5010 4227 5064 responsabilité
4258 5014 4454 5067 puisque
4486 5028 4602 5059 nous

3571 5080 3687 5110 nous
3710 5067 3883 5111 faisons
3908 5083 3971 5111 un
3998 5070 4154 5112 devoir
4179 5071 4232 5112 de
4256 5078 4396 5114 rester
4420 5082 4603 5118 neutres

3571 5132 3613 5168 et
3647 5126 3880 5180 d’ignorer
3913 5142 3963 5171 ce
3997 5128 4280 5183 qu’écrivent
4314 5145 4398 5174 nos
4431 5147 4602 5177 corres¬

3571 5187 3815 5242 pondants.

3621 5243 3784 5294 Depuis
3826 5244 3922 5284 huit
3962 5256 4043 5284 ans
4080 5257 4166 5297 que
4211 5258 4260 5287 ce
4306 5250 4481 5298 journal
4527 5255 4595 5291 est

3569 5299 3682 5350 créé,
3716 5299 3750 5342 il
3778 5299 3883 5344 s’est
3936 5304 4168 5346 contracté
4226 5303 4282 5347 de
4341 5307 4601 5351 nombreux

3568 5360 3794 5414 mariages
3827 5366 3871 5402 et
3903 5367 4003 5404 tout
4035 5363 4076 5404 le
4107 5364 4279 5407 monde
4312 5367 4399 5408 sait
4430 5367 4472 5408 la
4504 5381 4600 5410 ma¬

3568 5419 3692 5462 nière
3726 5419 3920 5463 sérieuse
3954 5421 4068 5464 dont
4100 5423 4235 5478 opère
4269 5424 4311 5466 la
4344 5424 4595 5468 Direction.

3620 5513 3747 5552 Nota.
3774 5537 3828 5543 —
3856 5515 3918 5555 Ne
3948 5525 4028 5564 pas
4056 5516 4232 5555 oublier
4288 5516 4352 5556 les
4406 5518 4598 5562 timbres

3564 5566 4043 5608 d’affranchissement
4075 5567 4343 5619 obligatoire
4377 5579 4492 5619 pour
4555 5572 4595 5614 la

3564 5620 3787 5668 première
3816 5624 3858 5661 et
3888 5622 3930 5662 la
3959 5621 4198 5663 deuxième
4226 5624 4514 5672 enveloppes.

3596 5786 4196 5868 Recommandations
4242 5794 4556 5876 Générales

3607 5968 3646 5999 1°
3679 5970 3878 6002 Personne
3906 5976 3954 6002 ne
3982 5974 4074 6010 peut
4100 5976 4388 6014 correspondre
4414 5984 4510 6010 avec
4538 5978 4595 6012 les

3566 6020 3742 6052 abonnés
3767 6028 3860 6054 sans
3887 6024 4000 6055 avoir
4025 6026 4139 6059 versé
4167 6028 4223 6060 les
4248 6030 4284 6060 11
4312 6030 4446 6062 francs
4474 6028 4596 6070 régle¬

3566 6074 3776 6107 mentaires
3803 6080 3813 6112 ;

3604 6139 3644 6170 3°
3671 6138 3891 6172 L’annonce
3912 6142 3982 6175 des
4002 6143 4178 6176 abonnés
4199 6144 4280 6178 doit
4303 6145 4488 6185 Indiquer
4510 6149 4596 6183 leur

3563 6191 3649 6230 âge,
3679 6192 3764 6223 leur
3789 6192 3996 6234 situation,
4022 6196 4104 6227 s'ils
4130 6195 4306 6231 désirent
4330 6205 4381 6231 ou
4409 6207 4490 6234 non
4517 6208 4595 6235 une

3564 6244 3642 6275 dot.
3672 6244 3752 6275 Elle
3778 6245 3862 6279 doit
3887 6248 4044 6279 fournir
4071 6248 4244 6281 certains
4271 6251 4414 6285 détails
4440 6255 4490 6286 de
4518 6261 4595 6287 ma¬

3565 6295 3672 6328 nière
3692 6296 3716 6330 à
3738 6296 3862 6332 éviter
3883 6300 3951 6332 des
3972 6303 4336 6338 correspondances
4359 6306 4520 6340 Inutiles
4542 6315 4552 6345 ;

3603 6362 3644 6391 4°
3676 6363 3751 6395 Dès
3779 6364 3899 6402 qu’un
3926 6363 4084 6395 abonné
4110 6371 4135 6398 a
4162 6368 4303 6401 trouvé
4331 6370 4368 6402 la
4398 6377 4593 6409 personne

3564 6415 3611 6446 de
3630 6420 3702 6448 son
3723 6415 3854 6454 choix,
3875 6416 3899 6447 il
3922 6416 4004 6449 doit
4024 6416 4210 6455 prévenir
4230 6421 4264 6454 le
4286 6422 4486 6456 Directeur
4506 6424 4592 6455 afin

3564 6474 3639 6507 que
3662 6476 3735 6502 son
3757 6475 3939 6502 annonce
3962 6470 4039 6503 soit
4062 6472 4235 6506 enlevée.
4263 6475 4291 6507 Il
4315 6474 4464 6508 évitera
4487 6475 4592 6508 ainsi

3564 6522 3704 6554 l’envoi
3738 6523 3785 6554 de
3818 6523 3950 6554 lettres
3983 6523 4049 6562 qui
4084 6526 4307 6560 n’auraient
4339 6527 4427 6566 plus
4458 6534 4591 6563 aueun

3564 6575 3631 6607 but
3659 6577 3695 6608 et
3720 6575 3967 6615 auxquelles,
3995 6583 4068 6615 par
4096 6578 4234 6611 devoir
4259 6579 4307 6613 de
4335 6579 4535 6622 politesse,
4564 6583 4592 6616 Il

3563 6628 3715 6659 devrait
3736 6626 3931 6664 répondre
3951 6635 3961 6666 ;

3603 6694 3642 6724 5°
3668 6694 3737 6724 Les
3756 6699 3960 6726 annonces
3982 6696 4073 6727 sont
4093 6695 4143 6728 de
4162 6695 4223 6728 six
4246 6696 4375 6736 lignes
4395 6704 4447 6731 au
4471 6701 4594 6733 maxi¬

3562 6752 3682 6778 mum.
3738 6746 3808 6778 Les
3862 6746 3991 6786 lignes
4043 6747 4402 6788 supplémentaires
4456 6756 4591 6787 seront
