5228 7184
4022 427 4086 467 Uu
4110 426 4162 469 15
4184 438 4248 471 au
4276 428 4331 470 30
4352 430 4482 471 Avril
4506 428 4615 472 1912

1518 415 1866 531 ŒUVRE
1942 414 2066 531 OE
2138 406 2974 530 PHILANTHROPIE
3046 412 3474 532 SOCIALE
3678 315 3799 538 D

575 650 779 706 Paraissant
803 648 835 706 le
865 650 899 708 r
901 657 915 674 r
939 649 973 707 el
999 649 1029 707 le
1061 649 1101 707 15

2319 661 2531 759 LE

3904 650 4108 704 Paraissa.t
4132 650 4163 706 le
4195 650 4207 706 1
4215 659 4246 675 er
4271 651 4305 707 et
4326 649 4359 704 le
4390 651 4430 706 15

352 805 1870 1511 Trait
2077 801 4638 1539 Hskü

1447 1542 1709 1619 DES
1799 1523 2487 1616 INTÉRÊTS
2571 1522 3547 1635 RÉCIPROQUES

658 1680 1103 1734 Combinaison
1142 1679 1411 1741 Mariage
1450 1674 1632 1726 créée
1672 1687 1750 1724 en
1788 1668 1956 1725 1905
2027 1684 2062 1721 •
2098 1683 2134 1720 •
2167 1684 2204 1720 •
2275 1672 2564 1724 Bureaux
2603 1671 2663 1722 et
2698 1670 3211 1724 Administration
3248 1687 3263 1722 :
3302 1671 3410 1732 26.
3447 1687 3559 1724 rue
3599 1673 3885 1739 d'Astorg
3923 1703 3987 1710 —
4026 1674 4342 1728 Toulouse

431 1818 495 1851 LA
522 1816 654 1851 PLUS
679 1815 931 1851 HONNETE

431 1863 495 1898 LA
523 1863 656 1898 PLUS
685 1862 945 1897 DISCRETE

432 1910 496 1944 LA
523 1908 656 1943 PLUS
684 1909 881 1944 RAPIDE

432 1956 497 1990 LA
528 1955 662 1991 PLUS
692 1954 955 1991 SERIEUSE

431 2002 496 2036 LA
522 2002 655 2036 PLUS
680 2002 816 2036 SURE

432 2048 496 2083 LA
526 2048 692 2083 MOINS
720 2048 895 2084 CHERE

432 2095 530 2130 PAS
563 2092 1046 2130 D'INTERMEDIAIRE

432 2142 531 2176 PAS
559 2142 626 2176 DE
654 2138 987 2176 COMMISSION

1739 1805 2671 1864 Directeur-Propriétaire
2713 1834 2726 1864 ï
2768 1806 2943 1866 Jean
2992 1804 3234 1865 BACH

1539 1916 1748 1950 Annonces
1802 1914 1855 1949 de
1908 1912 2079 1958 Mariage
2127 1910 2215 1954 (six
2255 1910 2384 1956 lignes
2441 1912 2488 1947 et
2532 1911 2800 1948 abonnement
2849 1924 2903 1950 au
2951 1912 3135 1960 journal)

1607 1960 1718 1996 Trois
1755 1959 3134 2001 mois....
3193 1959 3260 1995 11
3291 1960 3439 1996 francs.

1538 2014 1682 2058 Lignes
1703 2011 3136 2057 supplémentaires.
3242 2018 3260 2047 i
3331 2033 3375 2039 —

1539 2068 1778 2102 Annnonces
1799 2068 1836 2102 et
1859 2065 2064 2100 Locations
2087 2064 2200 2106 (trois
2224 2063 3134 2107 mois).
3234 2066 3268 2101 <5
3330 2086 3375 2092 —

1540 2119 1638 2155 Avis
1655 2118 1802 2160 divers,
1824 2118 1950 2154 0lires
1971 2123 2010 2155 et
2031 2118 2250 2155 Demandes
2270 2118 2478 2163 d’emplois
2498 2115 2623 2159 (deux
2644 2118 3138 2159 mois).
3238 2119 3272 2154 3
3332 2138 3378 2146 —

3670 1810 3721 1846 Le
3747 1821 3766 1841 »
3791 1808 3910 1846 Trait
3934 1808 4114 1846 d'Unlon
4140 1823 4159 1843 »
4186 1814 4247 1847 est
4296 1810 4455 1851 envoyé
4504 1812 4646 1848 contre

3620 1859 3640 1891 0
3663 1857 3715 1891 fr.
3740 1857 3783 1891 10
3806 1854 3832 1891 à
3854 1859 3967 1894 toute
3991 1864 4198 1899 personne
4222 1859 4291 1900 qui
4316 1866 4367 1893 en
4390 1858 4471 1894 fait
4494 1859 4535 1894 la
4582 1859 4646 1894 de¬

3622 1903 3788 1938 mande.

3671 1949 3733 1984 Un
3760 1954 3804 1983 n°
3827 1947 4038 1988 spécimen
4063 1952 4126 1986 est
4149 1951 4271 1987 offert
4296 1951 4647 1994 gracieusement,

3620 1994 3647 2030 à
3671 1998 3762 2030 tout
3787 1996 3976 2038 visiteur,
4002 1998 4110 2031 dans
4135 2004 4210 2031 nos
4235 1997 4437 2032 bureaux.

3669 2042 3721 2076 Le
3768 2042 3947 2076 Journal
3998 2046 4059 2079 est
4084 2043 4256 2078 adressé
4282 2042 4307 2078 à
4358 2049 4434 2078 nos
4459 2043 4647 2078 abonnés

3620 2095 3720 2122 sous
3747 2090 3975 2130 enveloppe
4000 2088 4171 2131 fermée,
4199 2096 4300 2127 sans
4326 2095 4491 2123 aueune
4542 2090 4646 2123 indi¬

3623 2140 3764 2175 cation
3798 2143 4044 2182 apparente.

398 2284 710 2376 Dépositaire
718 2302 740 2360 s
784 2288 846 2360 du
886 2283 950 2358 Tr
954 2287 1028 2359 ait
1070 2283 1272 2359 d'Uuion

331 2427 441 2460 Paris
470 2435 478 2459 :
506 2427 671 2468 kiosque
699 2427 770 2464 136,
800 2435 870 2460 rue
895 2424 1058 2466 Royale;
1085 2423 1249 2462 kiosque
1275 2422 1346 2459 224,

411 2469 627 2503 boulevard
660 2468 923 2506 Saint-Denis;
956 2467 1120 2506 kiosque
1152 2464 1224 2502 189,
1257 2464 1350 2496 bou¬

409 2510 546 2544 levard
580 2510 867 2548 Saint-Michel;
898 2509 1063 2547 kiosque
1094 2507 1164 2543 196,
1220 2506 1350 2538 boule¬

412 2554 507 2586 vard
531 2552 775 2592 Sébastopol.

330 2608 435 2646 Lyon
467 2615 475 2638 ;
504 2607 680 2646 kiosque,
710 2606 740 2642 8,
772 2604 883 2646 place
911 2603 980 2637 des
1008 2604 1220 2640 Terreaux;
1248 2601 1350 2634 kios¬

411 2655 498 2688 que,
518 2648 628 2687 place
644 2648 684 2680 la
700 2648 822 2686 Viste;
840 2647 1006 2684 kiosque
1024 2644 1041 2675 1
1059 2643 1131 2682 bis,
1152 2643 1263 2683 place
1280 2644 1348 2676 des

410 2690 643 2728 Cordeliers;
667 2689 832 2730 kiosque
856 2689 886 2727 1,
911 2686 1003 2728 quai
1027 2686 1074 2719 de
1098 2686 1190 2718 Retz

327 2743 524 2777 Marseille
547 2751 555 2774 :
574 2743 738 2782 kiosque
758 2742 807 2780 12,
830 2740 951 2774 allées
970 2739 1018 2772 de
1038 2738 1227 2776 Meilhan;
1247 2738 1347 2771 kios¬

408 2794 484 2826 que
503 2784 554 2823 25,
576 2792 646 2817 rue
667 2784 851 2823 Noailles;
872 2783 1036 2822 kiosque
1057 2782 1086 2818 1,
1110 2788 1179 2815 rue
1200 2782 1347 2814 Canne-

407 2827 527 2862 bière.

327 2882 531 2915 Bordeaux
559 2888 567 2912 :
591 2880 755 2920 kiosque
782 2879 922 2918 Turbé,
948 2878 1058 2918 place
1083 2876 1129 2910 de
1152 2876 1192 2910 la
1215 2875 1346 2910 Comé¬

407 2923 482 2955 die.

327 2978 551 3017 Perpignan
577 2984 585 3008 :
608 2976 773 3016 kiosque
795 2974 931 3015 Vergé.

326 3032 523 3065 Toulouse
548 3042 556 3063 :
580 3028 819 3071 principaux
839 3028 1026 3067 kiosques

380 3192 754 3292 Abonnés
804 3196 880 3290 et
930 3187 1300 3287 Lecteurs

379 3367 438 3406 Ce
468 3366 658 3418 journal
692 3363 806 3403 n’est
864 3374 946 3414 pas
1010 3370 1096 3399 une
1130 3356 1346 3398 création.

319 3427 434 3467 Sous
462 3426 499 3466 le
527 3435 639 3463 nom
664 3422 718 3462 de
744 3416 1135 3475 Rapide-Agence,
1167 3416 1198 3458 il
1222 3418 1351 3468 porle

320 3484 482 3542 depuis
505 3484 610 3539 plus
635 3483 688 3524 de
717 3482 818 3523 huit
843 3492 940 3529 ans,
970 3479 1083 3519 dans
1111 3479 1255 3518 toutes
1283 3475 1344 3515 les

321 3559 503 3599 régions
531 3546 592 3586 du
616 3544 728 3584 Midi
754 3547 795 3583 et
822 3543 874 3583 de
901 3543 943 3583 la
966 3542 1136 3580 France
1162 3535 1347 3584 entière,

320 3604 572 3647 l'heureuse
607 3602 932 3643 combinaison
995 3598 1118 3639 créée
1152 3608 1235 3650 par
1268 3607 1352 3636 son

321 3664 558 3706 Directeur
590 3666 630 3703 et
660 3660 927 3715 poursuivie
960 3671 1068 3700 avec
1102 3668 1165 3699 un
1196 3655 1351 3698 succès

319 3724 400 3779 qui
426 3731 488 3764 ne'
506 3723 608 3764 s’est
630 3722 799 3775 jamais
826 3719 1044 3761 démenti.

378 3782 672 3835 Transformé
702 3784 743 3822 et
776 3778 983 3832 modifié,
1016 3790 1122 3819 sous
1155 3788 1243 3818 une
1273 3774 1351 3815 Di¬

320 3843 495 3884 rection
526 3839 752 3890 nouvelle,
787 3840 826 3881 le
884 3838 1007 3880 Trait
1036 3835 1238 3878 d’Union
1295 3844 1352 3873 va

326 3902 574 3944 désormais
604 3900 840 3954 s'occuper
870 3898 1195 3952 spécialement
1228 3894 1351 3935 d’an¬

327 3974 495 4003 nonces
527 3962 580 4002 de
614 3960 831 4014 mariage,
866 3959 963 4013 afin
995 3958 1047 3998 de
1079 3956 1258 3996 donner
1290 3965 1352 3994 un

322 4022 489 4063 nouvel
518 4034 639 4062 essor
663 4020 688 4062 à
714 4023 827 4062 cette
854 4030 1010 4060 œuvre
1038 4015 1349 4060 intéressante,

323 4080 650 4130 humanitaire,
697 4076 1111 4134 philanthropique
1177 4075 1218 4114 et
1283 4083 1351 4112 so¬

320 4142 449 4184 ciale.

384 4201 442 4243 Ce
467 4202 579 4255 petit
603 4200 792 4254 journal
820 4195 891 4239 n’a
911 4208 992 4251 pas
1019 4196 1059 4236 la
1083 4192 1347 4247 prétention

327 4262 464 4303 d’être
521 4260 750 4302 littéraire.
778 4259 856 4299 Ses
886 4257 1088 4297 bureaux
1114 4266 1168 4294 ne
1194 4255 1346 4292 seront

322 4322 492 4375 jamais
518 4318 786 4361 encombrés
813 4318 867 4358 de
892 4314 1082 4357 curieux
1109 4312 1346 4354 indiscrets

327 4381 376 4421 ni
398 4380 450 4420 de
475 4392 586 4434 gens
610 4376 838 4431 d’affaires
859 4376 964 4430 plus
987 4387 1046 4415 ou
1086 4372 1236 4414 moins
1274 4371 1347 4412 vé¬

326 4451 452 4481 reux.

387 4499 482 4540 Duc
518 4495 832 4551 organisation
865 4492 1058 4547 parfaite
1092 4495 1134 4532 et
1170 4504 1256 4532 une
1294 4494 1349 4531 te¬

326 4571 415 4600 nue
445 4554 782 4610 irréprochable
812 4568 824 4595 :
851 4552 973 4595 voilà
998 4564 1047 4594 sa
1072 4551 1238 4594 devise.

380 4615 598 4658 Abonnés
630 4618 670 4656 et
703 4615 895 4656 lecteurs
956 4615 1059 4654 sont
1091 4611 1266 4654 assurés
1299 4611 1351 4651 de

327 4681 510 4720 trouver
534 4688 590 4716 en
616 4676 681 4715 lui
707 4687 770 4716 un
795 4674 1030 4715 auxiliaire
1055 4674 1348 4724 scrupuleux,

328 4737 465 4779 d'une
503 4735 751 4776 discrétion
787 4735 991 4782 absolue,
1030 4735 1071 4773 et
1108 4732 1245 4772 d’une
1285 4731 1351 4771 in¬

327 4796 579 4839 discutable
610 4795 805 4850 loyauté.

380 4854 476 4906 Que
508 4866 622 4895 ceux
654 4855 734 4908 qui
796 4867 851 4896 ne
915 4864 1030 4893 nous
1062 4848 1352 4892 connaissent

320 4927 400 4971 pas
430 4915 651 4956 viennent
680 4915 705 4956 à
734 4927 850 4956 nous
878 4924 983 4955 sans
1012 4911 1198 4952 crainte.
1232 4910 1352 4951 Nous

320 4987 478 5018 serons
511 4975 715 5015 heureux
746 4975 799 5015 de
862 4975 923 5015 les
982 4971 1107 5011 aider
1139 4970 1192 5011 de
1226 4971 1352 5010 notre

322 5046 546 5076 concours
608 5034 802 5076 indirect
830 5046 912 5086 par
942 5032 981 5072 le
1007 5031 1198 5084 journal
1228 5032 1268 5071 et
1300 5030 1352 5070 de

323 5106 406 5135 nos
469 5094 662 5135 conseils
694 5091 964 5147 personnels
1027 5090 1203 5143 chaque
1271 5088 1354 5130 fois

322 5151 457 5207 qu’ils
491 5152 722 5195 voudront
787 5151 892 5193 bien
957 5160 1072 5191 nous
1135 5147 1350 5188 accorder

324 5217 424 5256 leur
459 5214 699 5259 confiance
737 5215 778 5252 et
816 5223 931 5253 nous
970 5210 1222 5251 demander
1258 5220 1341 5250 nos

320 5272 432 5315 avis.

383 5331 476 5384 Que
540 5346 620 5374 nos
683 5332 873 5374 lecteurs
935 5330 1212 5373 deviennent
1272 5328 1348 5369 des

323 5394 455 5436 amis.
488 5392 582 5444 Que
609 5395 794 5446 partout
824 5396 864 5434 et
894 5392 919 5432 à
948 5394 1064 5439 tous,
1098 5391 1151 5431 ils
1176 5390 1348 5443 fassent

326 5454 580 5502 connaître,
620 5464 723 5494 sans
759 5452 932 5494 crainte
970 5452 1011 5491 et
1047 5462 1151 5491 sans
1190 5448 1344 5496 honte,

324 5515 363 5555 le
391 5513 483 5555 bon
504 5512 908 5566 fonctionnement
935 5510 987 5551 de
1015 5512 1142 5550 notre
1167 5507 1350 5562 organi¬

324 5572 475 5616 sation
512 5586 526 5619 ;
563 5571 698 5626 qu’ils
735 5584 851 5612 nous
884 5571 1135 5625 procurent
1171 5568 1210 5610 le
1244 5567 1348 5620 plus

327 5628 611 5674 d'adhésions
638 5627 859 5687 possibles,
894 5623 1018 5671 voilà
1048 5630 1178 5669 notre
1216 5623 1349 5668 désir.

383 5694 415 5733 A
455 5694 554 5732 tous
585 5695 626 5732 et
658 5691 683 5732 à
716 5691 877 5738 toutes,
914 5700 1029 5729 nous
1061 5687 1346 5735 souhaitons,

323 5766 382 5795 en
408 5754 576 5799 retour,
608 5751 759 5792 bonne
814 5748 986 5791 chance
1042 5750 1083 5790 et
1138 5748 1350 5799 prompte

326 5811 586 5855 réalisation
611 5811 663 5851 de
690 5812 809 5852 leurs
831 5810 935 5863 plus
960 5807 1118 5848 chères
1142 5806 1350 5859 espéran-

875 5926 944 5969 LA
971 5924 1292 5968 DIRECTION.

377 6092 465 6188 La
503 6088 835 6188 Puissance
881 6088 951 6186 de
993 6087 1307 6185 l'Annonce

330 6287 366 6328 F
384 6287 447 6327 En
472 6288 714 6338 acceptant,
739 6297 790 6326 en
820 6283 998 6340 octobre
1022 6286 1138 6334 1910,
1162 6284 1202 6324 la
1219 6283 1357 6325 direc¬

332 6350 421 6391 tion
442 6351 499 6390 du
519 6347 847 6390 Trait-d’Union
874 6358 976 6387 mon
1008 6347 1220 6387 intention
1254 6348 1359 6387 était

331 6412 387 6452 de
436 6413 543 6452 faire
578 6410 635 6451 de
680 6411 1004 6451 l’intéressante
1052 6410 1359 6450 combinaison

333 6475 532 6526 mariage
564 6483 646 6512 une
686 6484 836 6514 œuvre
876 6472 1074 6513 sérieuse
1116 6476 1158 6512 et
1194 6472 1299 6512 utile
1336 6475 1358 6512 à

329 6540 443 6578 tous.

391 6600 452 6639 En
468 6599 680 6651 quelques
695 6599 824 6648 mois,
843 6598 896 6637 de
916 6595 1210 6638 nombreuses
1228 6598 1362 6638 modi¬

334 6663 534 6702 fications
552 6664 627 6702 ont
647 6662 715 6700 été
751 6662 962 6702 réalisées
999 6659 1112 6698 dans
1134 6659 1172 6701 le
1208 6659 1287 6700 but
1307 6660 1360 6700 de

336 6724 500 6764 rendre
526 6723 628 6776 plus
652 6723 884 6774 profitable
909 6719 1152 6772 l’originale
1188 6723 1284 6762 idée
1303 6720 1359 6762 du

334 6796 531 6836 mariage
555 6799 634 6838 par
655 6784 880 6838 publicité.

1486 2279 1623 2318 Notre
1646 2279 1781 2319 siècle
1810 2279 1846 2319 si
1878 2279 2031 2319 fécond
2062 2290 2111 2319 en
2138 2278 2388 2318 inventions
2422 2282 2463 2319 et

1435 2340 1727 2382 découvertes
1748 2340 1803 2380 de
1843 2345 1987 2382 toutes
2032 2343 2190 2388 sortes,
2240 2351 2266 2380 a
2311 2352 2366 2380 vu
2415 2352 2462 2381 se

1433 2405 1574 2451 créer,
1613 2415 1660 2443 se
1703 2404 1970 2454 développer
2008 2406 2050 2443 et
2088 2414 2135 2442 se
2176 2403 2462 2443 transformer

1435 2477 1519 2507 une
1538 2466 1638 2506 bien
1663 2466 1860 2504 modeste
1883 2466 2131 2505 nouveauté
2164 2477 2172 2503 ;
2207 2463 2454 2505 l'annonce.

1486 2529 1516 2567 Il
1552 2540 1579 2579 y
1619 2540 1644 2567 a
1680 2528 1916 2578 cinquante
1955 2539 2047 2576 ans,
2092 2527 2318 2567 l’annonce
2358 2526 2462 2567 était

1434 2602 1546 2638 rare,
1582 2591 1786 2635 discrète,
1828 2588 2006 2630 limitée.
2047 2588 2339 2640 Aujourd’hui
2378 2588 2459 2628 elle

1434 2654 1626 2703 remplit,
1650 2654 1674 2691 à
1695 2651 1778 2691 elle
1799 2652 1936 2700 seule,
1962 2653 2072 2692 deux
2102 2663 2158 2691 ou
2190 2651 2296 2691 trois
2324 2662 2459 2702 pages

1431 2716 1510 2755 des
1524 2714 1691 2764 grands
1707 2715 1974 2764 quotidiens,
1994 2714 2076 2755 elle
2098 2714 2250 2764 frappe
2271 2715 2296 2752 à
2318 2716 2459 2754 toutes

1435 2778 1499 2818 les
1518 2779 1680 2827 portes,
1703 2776 1786 2816 elle
1808 2788 1856 2816 se
1875 2776 2012 2827 glisse
2030 2777 2142 2816 dans
2162 2779 2262 2815 tous
2287 2776 2350 2816 les
2378 2775 2453 2815 mi¬

1431 2840 1566 2887 lieux,
1599 2839 1683 2878 elle
1708 2838 1886 2879 devient
1915 2838 2242 2887 envahissante,
2272 2840 2458 2888 gênante

1435 2900 1615 2953 parfois;
1640 2900 1724 2940 elle
1742 2904 1882 2951 trône,
1901 2902 1984 2942 elle
2007 2900 2247 2951 triomphe;
2268 2912 2318 2940 sa
2339 2900 2456 2951 puis¬

1427 2974 1563 3004 sance
1585 2967 1651 3003 est
1670 2963 1886 3004 illimitée.

1481 3023 1704 3073 pourquoi
1742 3023 1856 3063 donc
1889 3024 2108 3063 s’étonner
2140 3022 2271 3072 qu’on
2311 3022 2455 3062 utilise

1429 3087 1540 3124 cette
1567 3087 1711 3124 même
1735 3084 1943 3135 publicité
1964 3096 2075 3135 pour
2096 3084 2264 3124 arriver
2295 3096 2349 3124 au
2384 3084 2455 3123 ré¬

1428 3155 1564 3195 sultat
1584 3156 1732 3196 désiré
1753 3167 1832 3206 par
1852 3160 1952 3196 tous
1967 3167 2078 3197 ceux
2112 3156 2184 3206 qui
2229 3158 2380 3196 rêvent
2401 3155 2455 3195 de

1431 3218 1580 3258 fonder
1602 3231 1658 3258 un
1680 3219 1802 3270 foyer
1820 3219 1839 3258 ?

1484 3282 1667 3321 Peut-on
1699 3282 1927 3332 employer
1964 3292 2122 3332 moyen
2162 3280 2263 3331 plus
2302 3283 2378 3320 sûr
2415 3283 2456 3319 et

1431 3344 1575 3384 moins
1595 3344 1848 3392 dangereux
1871 3355 1982 3394 pour
2002 3354 2184 3394 essayer
2206 3342 2258 3382 de
2280 3354 2456 3394 rappro¬

1427 3407 1532 3446 cher
1566 3406 1678 3445 deux
1708 3406 1934 3446 destinées
1954 3407 1972 3446 ?
1999 3406 2322 3446 Certainement
2351 3416 2451 3444 non.

1428 3468 1481 3507 Et
1503 3467 1607 3507 c’est
1630 3479 1742 3518 pour
1762 3471 1875 3507 cette
1897 3468 2042 3508 raison
2065 3479 2151 3518 que
2178 3467 2383 3507 s’affirme
2402 3467 2455 3506 de

1426 3532 1524 3583 jour
1545 3542 1598 3571 en
1619 3531 1717 3582 jour
1739 3528 1778 3570 le
1796 3531 1954 3572 succès
1971 3530 2024 3571 de
2054 3529 2230 3570 l’œuvre
2266 3540 2350 3580 que
2386 3528 2451 3573 j’ai

1429 3602 1674 3653 entreprise
1697 3605 1739 3640 et
1759 3612 1844 3652 que
1864 3604 1904 3652 je
1927 3612 1980 3640 ne
2000 3600 2149 3642 crains
2175 3611 2252 3651 pas
2272 3600 2326 3639 de
2348 3611 2454 3639 con¬

1430 3663 1600 3704 sidérer
1620 3675 1793 3704 comme
1816 3663 2112 3703 humanitaire
2134 3666 2175 3702 el
2194 3662 2374 3702 sociale.

1486 3727 1620 3766 Reste
1643 3726 1916 3765 maintenant
1936 3728 1959 3766 à
1980 3724 2175 3765 détruire
2215 3725 2254 3764 le
2274 3724 2455 3775 préjugé

1431 3789 1502 3839 qui
1526 3787 1659 3827 flétrit
1680 3791 1772 3827 tout
1791 3799 1839 3827 ce
1855 3787 1930 3839 qui
1947 3787 2104 3827 touche
2123 3799 2207 3826 aux
2228 3787 2456 3838 questions

1431 3850 1792 3891 matrimoniales.
1819 3850 1916 3891 Oui.
1942 3850 1970 3888 il
1994 3852 2058 3891 est
2080 3848 2159 3889 des
2194 3859 2382 3898 agences
2415 3850 2455 3887 et

1430 3912 1508 3952 des
1530 3915 1864 3952 entremetteurs
1886 3912 1991 3952 dont
2015 3912 2039 3951 il
2072 3911 2162 3951 faut
2198 3922 2244 3951 se
2286 3911 2452 3958 méfier;

1431 3974 1543 4015 mais
1566 3986 1620 4014 un
1651 3975 1840 4015 honnête
1876 3978 1918 4015 et
1954 3974 2170 4015 inoffensif
2207 3972 2379 4023 journal
2403 3983 2454 4011 ne

1429 4035 1598 4077 saurait
1617 4037 1808 4088 inspirer
1842 4036 1895 4076 de
1932 4036 2130 4076 défiance
2173 4038 2196 4074 à
2238 4044 2454 4086 personne

1431 4099 1609 4151 lorsque
1631 4111 1681 4139 sa
1699 4100 1915 4140 direction
1937 4103 2003 4139 est
2022 4108 2242 4139 reconnue
2258 4096 2454 4136 sérieuse

1431 4163 1473 4200 et
1496 4159 1841 4211 irréprochable.

1487 4222 1620 4263 D’une
1645 4223 1771 4270 façon
1796 4220 2002 4271 générale
2023 4231 2132 4261 ceux
2154 4219 2227 4271 qui
2263 4219 2452 4270 aspirent

1431 4296 1486 4325 au
1511 4286 1707 4334 mariage
1727 4287 1958 4335 acceptent
1993 4287 2035 4324 et
2067 4283 2306 4323 sollicitent
2333 4282 2456 4320 l’avis

1431 4348 1532 4387 d’un
1572 4347 1676 4397 ami,
1719 4346 2042 4387 l’intervention
2091 4345 2150 4384 du
2192 4344 2376 4390 notaire,
2422 4344 2456 4383 le

1430 4410 1596 4450 conseil
1622 4409 1678 4447 du
1703 4410 1862 4458 prêtre,
1887 4412 1968 4449 etc.
2002 4408 2115 4448 C’est
2143 4419 2227 4458 que
2266 4406 2360 4446 rien
2384 4406 2435 4446 ici

1431 4472 1510 4512 bas
1531 4482 1583 4511 ne
1604 4474 1707 4520 peut
1727 4482 1774 4510 se
1796 4471 1979 4511 réaliser
2018 4481 2123 4511 sans
2168 4470 2208 4510 le
2244 4478 2458 4508 concours

1428 4526 1532 4567 d’un
1552 4525 1653 4564 aide
1675 4526 1936 4575 compétent.

1484 4588 1529 4628 Si
1552 4599 1662 4627 vous
1694 4598 1799 4627 avez
1837 4586 1876 4626 le
1915 4586 2118 4627 bonheur
2150 4585 2206 4625 de
2247 4584 2459 4636 posséder

1431 4651 1547 4691 amis
1574 4655 1615 4691 et
1654 4650 1877 4699 relations,
1911 4649 1947 4688 si
1982 4652 2103 4688 votre
2133 4647 2283 4688 milieu
2319 4646 2456 4686 social

1436 4725 1544 4754 vous
1568 4716 1736 4764 permet
1755 4714 1811 4752 de
1834 4716 2009 4751 trouver
2031 4714 2190 4751 autour
2210 4710 2264 4750 de
2286 4720 2396 4748 vous
2416 4707 2455 4747 la

1435 4786 1651 4827 personne
1685 4775 1760 4826 qui
1810 4775 1900 4815 doit
1948 4777 2156 4824 partager
2202 4775 2326 4812 votre
2374 4771 2456 4819 vie,

1432 4836 1724 4887 gardez-vous
1746 4838 1949 4887 d’égarer
1971 4836 2152 4876 ailleurs
2172 4846 2252 4875 vos
2279 4832 2456 4874 recher¬

1432 4900 1551 4940 ches.

1487 4962 1598 5002 Mais
1651 4962 1689 5001 si
1730 4974 1843 5012 pour
1882 4960 2100 5000 d’infinies
2136 4960 2311 4999 raisons
2351 4968 2460 4996 vous

1431 5027 1523 5067 êtes
1556 5025 1878 5074 embarrassés,
1912 5023 2047 5064 isolés
2081 5022 2194 5062 dans
2230 5022 2271 5063 la
2307 5019 2390 5068 vie,
2422 5020 2456 5058 si

1432 5091 1555 5127 votre
1594 5091 1836 5136 entourage
1872 5098 1924 5126 ne
1959 5095 2070 5125 vous
2103 5084 2271 5134 inspire
2302 5083 2460 5134 qu’une

1435 5150 1654 5191 médiocre
1675 5151 1915 5195 confiance,
1940 5158 2120 5199 essayez
2139 5146 2192 5187 de
2215 5146 2454 5186 l’annonce.

1434 5212 1527 5253 Elle
1550 5223 1659 5252 vous
1681 5215 1852 5263 promet
1882 5211 2050 5252 entière
2078 5212 2119 5249 et
2151 5208 2336 5248 absolue
2374 5206 2459 5247 dis¬

1433 5275 1615 5324 crétion,
1651 5279 1694 5314 et
1731 5275 1816 5314 elle
1852 5284 1964 5314 vous
2003 5272 2150 5312 donne
2190 5270 2368 5320 l'espoir
2407 5268 2460 5307 de

1435 5342 1612 5378 trouver
1630 5348 1678 5378 ce
1714 5348 1799 5388 que
1839 5348 1951 5376 nous
1972 5335 2220 5376 cherchons
2253 5336 2352 5372 tous
2389 5332 2462 5372 ici-

1435 5401 1512 5439 bas
1538 5412 1546 5438 :
1576 5400 1615 5439 le
1645 5399 1846 5439 bonheur
1880 5399 1992 5438 dans
2024 5397 2188 5436 l’union
2222 5395 2393 5435 désirée
2422 5397 2456 5432 el

1434 5459 1576 5503 rêvée.
2088 5459 2200 5499 Jean
2224 5456 2387 5498 BACH.

1500 5622 1726 5700 SERVICE
1784 5622 1852 5698 DE
1900 5619 2388 5698 RENSEIGNEMENTS

1492 5744 1634 5786 Toute
1664 5755 1888 5795 personne
1919 5741 2056 5794 ayant
2086 5739 2240 5781 besoin
2273 5739 2455 5782 d’infor¬

1439 5803 1635 5844 mations
1658 5804 1799 5850 sûres,
1825 5814 1883 5842 au
1906 5801 2034 5854 point
2055 5799 2109 5840 de
2130 5811 2216 5840 vue
2238 5799 2455 5839 financier

1435 5860 1725 5904 commercial
1751 5872 1808 5902 ou
1835 5860 1978 5912 privé,
2007 5859 2281 5900 concernant
2334 5856 2457 5898 affai¬

1435 5933 1519 5970 res,
1551 5919 1776 5972 mariages
1803 5932 1860 5962 ou
1890 5921 2055 5968 autres,
2087 5928 2268 5958 recevra
2296 5919 2358 5959 du
2387 5915 2456 5956 Di¬

1436 5982 1610 6023 recteur
1638 5982 1701 6022 les
1730 5978 2115 6032 renseignements
2143 5977 2206 6018 les
2232 5978 2339 6028 plus
2362 5976 2456 6028 pré¬

1436 6044 1514 6091 cis,
1542 6042 1567 6082 à
1592 6041 1670 6082 des
1695 6040 1798 6092 prix
1824 6042 1912 6082 très
1938 6038 2156 6082 modérés.
2188 6036 2271 6079 Ces
2296 6036 2459 6079 rensei¬

1436 6101 1675 6155 gnements
1696 6112 1742 6142 se
1764 6099 1918 6151 paient
1939 6100 2167 6140 d’avance.

1515 6268 1991 6416 donjbinai^on
2051 6283 2395 6415 Mariage^

1644 6488 1942 6548 NOTRE
2034 6485 2264 6548 ROLE

1502 6603 1556 6646 Ce
1583 6622 1603 6642 «
1630 6603 1751 6646 Trait
1774 6603 1975 6648 d’Union
2000 6621 2022 6644 »
2048 6606 2228 6658 accepte
2253 6604 2376 6644 toute
2399 6615 2462 6643 es¬

1442 6664 1547 6718 pèce
1575 6664 1628 6706 de
1658 6664 1898 6718 publicité;
1927 6667 2042 6707 mais
2071 6663 2100 6703 il
2130 6663 2336 6716 s’occupe
2367 6663 2460 6715 spé¬

1438 6723 1680 6766 cialement
1708 6723 1987 6766 d’annonces
2018 6724 2071 6766 de
2100 6723 2343 6778 mariages,

1497 6781 1552 6826 L.e
1578 6783 1658 6826 but
1686 6783 1857 6838 unique
1882 6783 1935 6827 de
1960 6784 1999 6826 fa
2028 6782 2259 6826 Direction
2286 6794 2350 6825 est
2404 6780 2456 6824 de

2538 2279 2754 2321 favoriser
2781 2279 2843 2320 les
2872 2280 3042 2320 unions
3068 2274 3236 2335 légales
3263 2283 3307 2320 et
3334 2278 3559 2320 chrétien¬

2536 2351 2614 2380 nes
2644 2352 2724 2392 par
2754 2351 2818 2379 un
2847 2339 3042 2392 procédé
3070 2339 3236 2380 discret
3264 2343 3308 2379 et
3337 2338 3554 2386 honnête,

2535 2398 2891 2439 contrairement
2912 2398 2936 2438 à
2959 2399 3154 2440 certains
3174 2399 3411 2452 journaux
3431 2398 3558 2439 simi¬

2536 2456 2666 2499 laires
2691 2458 2768 2510 qui
2793 2462 2896 2498 sont
2920 2456 2999 2498 des
3022 2470 3215 2511 agences
3239 2456 3556 2498 matrimonia¬

2536 2516 2596 2557 les
2616 2515 2868 2570 déguisées.

2594 2575 2650 2617 Le
2682 2575 2915 2616 Directeur
2942 2576 3083 2627 reçoit
3108 2575 3150 2618 le
3178 2575 3380 2618 courrier
3408 2575 3462 2616 de
3490 2587 3556 2615 ses

2534 2635 2754 2683 abonnés,
2780 2635 2894 2678 seul,
2923 2635 2955 2675 il
2980 2635 3022 2676 le
3048 2639 3286 2684 transmet,
3315 2639 3358 2676 et
3381 2634 3494 2683 seul,
3524 2634 3556 2674 il

2532 2693 2707 2748 répond
2732 2707 2819 2735 aux
2843 2693 2994 2737 lettres
3019 2695 3097 2747 qui
3124 2694 3188 2735 lui
3215 2699 3316 2735 sont
3370 2706 3556 2747 person¬

2536 2754 2783 2795 nellement
2804 2752 3044 2795 adressées.

2591 2813 2675 2855 Par
2703 2826 2791 2854 une
2818 2812 3138 2854 combinaison
3195 2811 3378 2854 d’offres
3403 2816 3446 2852 et
3500 2811 3555 2852 de

2531 2872 2779 2914 demandes
2808 2876 2851 2914 et
2882 2886 2962 2926 par
2992 2872 3035 2912 la
3066 2871 3458 2925 correspondance
3487 2871 3555 2911 di¬

2532 2937 2648 2974 recte
2674 2936 2800 2973 entre
2827 2931 2889 2974 les
2916 2931 3135 2981 abonnés,
3166 2930 3228 2972 les
3255 2931 3481 2984 mariages
3507 2943 3552 2971 se

2531 2991 2632 3032 font
2651 3003 2755 3032 sans
2776 2991 3155 3032 intermédiaires.

2604 3048 2725 3091 Nous
2763 3063 2819 3091 ne
2855 3050 3063 3090 saurions
3100 3062 3219 3091 assez
3255 3048 3430 3103 répéter
3465 3062 3553 3103 que

2532 3123 2647 3152 nous
2671 3108 2860 3150 n’avons
2884 3108 2983 3151 rien
3007 3109 3060 3150 de
3084 3121 3308 3150 commun
3332 3122 3440 3150 avec
3464 3122 3554 3150 une

2531 3182 2700 3224 agence
2736 3168 3094 3208 matrimoniale.
3134 3167 3232 3209 Non
3298 3168 3552 3209 seulement

2536 3242 2648 3270 nous
2682 3242 2738 3269 ne
2769 3228 2939 3268 faisons
2974 3240 3048 3280 pas
3080 3227 3134 3268 de
3166 3228 3407 3282 mariages,
3442 3227 3556 3267 mais

2532 3300 2695 3329 encore
2728 3300 2843 3327 nous
2876 3300 2932 3328 ne
2964 3287 3219 3327 réclamons
3254 3299 3431 3327 aucune
3494 3299 3558 3327 es¬

2534 3348 2639 3402 pèce
2668 3347 2722 3387 de
2751 3347 3050 3387 commission
3080 3350 3123 3387 et
3152 3349 3282 3386 notre
3310 3344 3404 3387 rôle
3433 3346 3556 3386 d’au¬

2531 3406 2707 3448 xiliaire
2735 3406 2901 3446 discret
2928 3418 3048 3446 cesse
3106 3418 3163 3446 au
3220 3409 3430 3446 moment
3459 3410 3556 3459 pré¬

2532 3466 2595 3507 cis
2629 3466 2688 3506 où
2725 3464 2786 3506 les
2822 3464 3058 3506 intéressés
3095 3463 3224 3504 n’ont
3259 3463 3362 3518 plus
3397 3463 3554 3506 besoin

2531 3524 2585 3566 de
2611 3536 2692 3564 nos
2718 3526 2924 3564 services.

2591 3583 2727 3625 Notre
2763 3586 2959 3638 système
2996 3584 3068 3624 n’a
3105 3585 3203 3625 rien
3239 3583 3295 3624 de
3331 3592 3555 3626 commun
3591 3592 3594 3614 :

2535 3656 2627 3685 non
2658 3643 2759 3697 plus
2790 3656 2896 3684 avec
2926 3643 2988 3684 les
3018 3655 3251 3684 annonces
3280 3643 3356 3683 des
3387 3643 3556 3695 grands

2531 3704 2764 3757 journaux
2792 3703 3029 3756 parisiens.
3063 3702 3178 3743 Leur
3206 3701 3422 3743 méthode
3450 3715 3556 3743 con¬

2532 3764 2636 3804 siste
2663 3763 2686 3803 à
2715 3763 2886 3803 insérer
2912 3762 2990 3803 des
3017 3760 3266 3803 demandes
3323 3766 3366 3803 et
3420 3760 3556 3803 offres

2532 3823 2586 3864 de
2622 3822 2864 3875 mariages,
2904 3820 3248 3875 généralement
3283 3833 3552 3875 anonymes,

2531 3887 2574 3924 et
2602 3887 2786 3937 portant
2815 3882 3101 3923 l’indication
3136 3894 3146 3922 :
3179 3896 3199 3918 «
3231 3884 3356 3934 poste
3385 3884 3556 3922 restan¬

2534 3947 2574 3983 te
2599 3958 2639 3982 ».

2590 4002 2715 4043 Celte
2746 4002 2991 4043 discrétion
3023 4002 3111 4043 très
3143 3999 3348 4053 légitime
3378 4003 3422 4040 et
3452 4012 3555 4040 sans

2531 4060 2727 4115 dangers
2762 4067 2889 4103 entre
2924 4060 3147 4103 honnêtes
3182 4072 3309 4114 gens,
3350 4059 3556 4113 présente

2532 4128 2572 4170 le
2599 4127 2704 4183 plus
2761 4136 2956 4170 souvent
3011 4128 3067 4170 de
3123 4139 3283 4183 graves
3341 4126 3556 4167 inconvé¬

2535 4189 2699 4230 nients.
2751 4188 2821 4230 Un
2849 4188 3210 4243 correspondant
3236 4186 3315 4239 qui
3343 4186 3558 4226 dissimu¬

2535 4248 2572 4291 le
2602 4263 2685 4291 son
2714 4248 2904 4290 identité
2934 4262 2990 4291 ne
3019 4253 3127 4302 peut
3154 4246 3283 4290 offrir
3312 4244 3366 4286 de
3395 4258 3557 4298 garan¬

2535 4308 2614 4351 ties
2642 4308 2875 4350 sérieuses.
2904 4307 3020 4350 Neuf
3048 4307 3135 4349 fois
3162 4319 3239 4348 sur
3266 4306 3356 4354 dix,
3389 4304 3451 4346 les
3479 4306 3558 4346 let¬

2535 4372 2620 4411 tres
2676 4367 2900 4408 adressées
2954 4368 2978 4408 à
3034 4380 3106 4408 ces
3159 4378 3375 4408 coureurs
3400 4363 3455 4406 de
3480 4364 3559 4406 dot

2535 4432 2702 4471 restent
2724 4440 2829 4468 sans
2854 4427 3060 4482 réponse.
3091 4427 3148 4469 Le
3174 4424 3270 4467 naïf
3294 4436 3558 4478 correspon¬

2534 4488 2644 4530 dant
2674 4486 2912 4542 s’aperçoit
2942 4484 3052 4540 qu’il
3084 4500 3108 4527 a
3139 4486 3208 4528 été
3236 4484 3558 4527 l’amusement

2534 4548 2644 4590 d’un
2672 4547 2860 4588 fumiste
2885 4560 2944 4588 ou
2972 4546 3082 4587 d’un
3110 4545 3303 4586 farceur.

2593 4607 2783 4649 Pareille
2818 4607 3135 4647 mésaventure
3171 4603 3285 4646 n’est
3320 4618 3398 4659 pas
3432 4603 3456 4644 à
3491 4616 3556 4644 re¬

2534 4668 2709 4715 douter,
2742 4667 2875 4720 grâce
2901 4667 2923 4707 à
2954 4665 3210 4707 l’heureuse
3238 4663 3556 4707 combinaison

2534 4727 2594 4770 du
2623 4727 2743 4768 Trait
2771 4727 2986 4768 d’Union.
3016 4725 3156 4767 Grâce
3182 4726 3205 4766 à
3232 4726 3312 4775 lui,
3343 4723 3491 4766 riches
3517 4728 3560 4766 et

2536 4799 2727 4843 pauvres
2786 4786 2915 4828 n’ont
2943 4784 3045 4839 plus
3076 4784 3233 4827 besoin
3263 4784 3316 4826 de
3344 4783 3559 4826 relations

2536 4846 2845 4903 personnelles
2880 4857 2997 4899 pour
3031 4843 3176 4886 s’unir
3212 4844 3484 4898 dignement
3518 4848 3560 4886 et

2535 4907 2659 4949 selon
2695 4906 2794 4948 leur
2826 4906 2959 4947 désir.
3024 4903 3407 4954 Journellement,
3444 4916 3560 4946 nous

2539 4979 2754 5008 recevons
2791 4966 2867 5007 des
2904 4964 3054 5006 lettres
3091 4963 3146 5004 de
3183 4964 3555 5006 remerciements

2536 5031 2578 5068 et
2612 5025 2667 5067 de
2702 5024 2994 5067 félicitations
3031 5036 3147 5078 pour
3182 5022 3223 5064 la
3259 5023 3462 5066 manière
3496 5023 3562 5066 sé¬

2538 5087 2682 5128 rieuse
2706 5085 2819 5127 dont
2841 5084 2975 5139 opère
2998 5083 3038 5124 la
3064 5083 3312 5127 Direction.

2595 5143 2660 5187 En
2691 5159 2740 5187 ce
2770 5144 2847 5199 qui
2878 5156 3102 5185 concerne
3132 5144 3172 5185 la
3202 5142 3560 5196 correspondan¬

2538 5219 2601 5255 ce,
2635 5218 2751 5247 nous
2783 5218 2897 5247 nous
2927 5203 3098 5246 faisons
3130 5217 3219 5246 une
3250 5202 3310 5245 loi
3339 5202 3394 5244 de
3423 5206 3562 5244 rester

2541 5270 2720 5308 neutres
2755 5270 2799 5306 et
2833 5264 3066 5319 d’ignorer
3100 5277 3150 5306 ce
3186 5260 3464 5318 qu’écrivent
3498 5262 3563 5302 les

2540 5325 2791 5367 intéressés.

2596 5386 2651 5427 Le
2675 5390 2816 5426 secret
2840 5384 2916 5426 des
2942 5384 3092 5426 lettres
3116 5389 3182 5426 est
3204 5383 3342 5425 chose
3366 5382 3515 5424 sacrée
3554 5382 3562 5423 1

3076 5455 3148 5498 LA
3177 5452 3500 5496 DIRECTION.

2628 5623 3470 5710 CONDITIONS

2708 5763 2766 5802 11
2790 5762 2953 5802 francs
2973 5772 3095 5812 pour
3118 5760 3238 5800 trois
3261 5759 3383 5798 mois

2539 5855 2748 5895 Donnant
2764 5852 2881 5891 droit
2898 5850 2926 5891 à
2947 5862 3034 5892 une
3054 5859 3272 5896 annonce,
3295 5858 3352 5887 au
3371 5847 3555 5896 journal

2592 5931 2698 5962 sous
2716 5922 2979 5970 enveloppe,
3002 5923 3043 5960 et
3064 5929 3120 5959 au
3141 5918 3310 5959 service
3331 5918 3384 5959 de
3407 5918 3448 5956 la
3468 5926 3559 5956 cor*

2591 5980 2915 6030 respondance.

2534 6040 2867 6079 Abonnement
2894 6036 2952 6088 au
2979 6036 3175 6088 journal
3200 6032 3301 6074 seul
3304 6044 3315 6080 ,
3349 6044 3462 6074 sous
3490 6046 3567 6074 en¬

2587 6093 2798 6143 veloppe.

2543 6156 2610 6195 Un
2631 6166 2686 6195 an
2706 6158 2729 6195 6
2746 6155 2914 6203 francs,
2935 6155 3003 6195 six
3024 6151 3139 6192 mois
3156 6152 3180 6191 3
3198 6150 3367 6191 francs.

2599 6338 3510 6442 FONCTIONNEMENT

2600 6599 2740 6648 Toute
2775 6612 2999 6660 personne
3032 6604 3112 6660 qui
3146 6602 3290 6646 désire
3322 6599 3565 6642 s’abonner

2538 6665 2562 6716 fi
2588 6666 2629 6707 la
2654 6666 2975 6707 combinaison
2998 6666 3224 6718 mariages
3247 6662 3343 6702 doit
3366 6672 3564 6714 envoyer

2540 6738 2595 6765 au
2630 6723 2882 6775 Directeur,
2915 6738 3000 6767 son
3030 6734 3256 6771 annonce,
3288 6731 3372 6762 son
3434 6731 3562 6768 nom,

2541 6798 2624 6827 son
2646 6786 2822 6827 adresse
2872 6783 3107 6834 véritable,
3131 6788 3172 6828 et
3194 6782 3232 6824 le
3254 6782 3356 6836 prix
3378 6779 3431 6823 de
3482 6792 3561 6822 son

3635 2279 3965 2330 abonnement,
3992 2282 4079 2323 soit
4102 2294 4211 2323 onze
4239 2283 4389 2327 francs
4410 2295 4530 2335 pour
4552 2283 4662 2323 trois

3638 2340 3754 2381 mois
3779 2351 3835 2379 en
3862 2340 4066 2390 mandat,
4096 2342 4187 2382 bon
4212 2342 4266 2382 de
4287 2344 4416 2395 poste
4441 2344 4501 2384 ou
4558 2342 4661 2384 tim¬

3639 2400 3753 2441 bres.

3695 2458 3752 2501 Le
3775 2456 4029 2509 Directeur,
4058 2458 4155 2500 seul
4179 2459 4352 2515 occupé
4375 2472 4432 2502 au
4457 2459 4663 2515 dépouil¬

3636 2516 3808 2559 lement
3834 2516 3896 2559 du
3922 2518 4125 2559 courrier
4151 2523 4231 2568 est,
4262 2518 4522 2573 également
4546 2520 4659 2570 seul,

3635 2581 3658 2616 à
3691 2576 3928 2618 connaître
3990 2576 4200 2619 l’adresse
4262 2578 4482 2620 véritable
4512 2579 4568 2622 de
4599 2592 4667 2622 ses

3635 2635 3855 2678 abonnés.
3892 2635 4018 2678 Cette
4082 2636 4260 2679 adresse
4292 2642 4359 2679 est
4392 2639 4663 2692 remplacée,

3635 2693 3747 2736 dans
3778 2694 3819 2736 le
3847 2695 4052 2748 journal,
4086 2710 4167 2750 par
4227 2709 4291 2738 un
4323 2698 4520 2740 numéro
4550 2698 4666 2741 d’or¬

3634 2752 3727 2803 dre,
3767 2753 4108 2809 indispensable
4172 2770 4290 2810 pour
4324 2755 4366 2797 la
4399 2770 4664 2811 correspon¬

3632 2811 3791 2854 dance.

3694 2879 3754 2922 Ce
3809 2882 4004 2923 numéro
4058 2887 4123 2923 est
4178 2883 4515 2938 communiqué
4538 2886 4562 2926 à
4588 2884 4663 2927 l’a¬

3634 2938 3790 2980 bonné
3814 2953 3870 2980 en
3895 2940 4047 2984 même
4071 2946 4219 2995 temps
4246 2942 4386 2996 qu’on
4412 2943 4478 2984 lui
4503 2958 4663 2986 accuse

3634 2996 3867 3052 réception
3892 2999 3955 3040 du
3980 3000 4186 3043 mandat.

3688 3064 3955 3119 Supposons
4012 3067 4184 3120 qu’une
4211 3068 4266 3112 de
4293 3082 4376 3111 nos
4433 3069 4663 3114 abonnées

3634 3123 3800 3165 veuille
3827 3126 3968 3166 écrire
3994 3127 4018 3167 à
4047 3127 4104 3168 M.
4136 3127 4246 3178 X...,
4278 3128 4392 3170 dont
4418 3127 4663 3174 l’annonce

3634 3187 3760 3234 porte
3790 3183 3830 3224 le
3859 3186 3910 3223 n°
3942 3184 3982 3224 6.
4016 3184 4110 3227 Elle
4138 3187 4299 3229 inscrit
4327 3186 4611 3232 lisiblement
4638 3191 4662 3231 à

3632 3240 3674 3280 la
3707 3240 3866 3295 plume
3898 3257 3958 3284 ou
3991 3258 4048 3286 au
4080 3259 4251 3300 crayon
4284 3260 4367 3290 son
4400 3261 4512 3291 nom
4546 3254 4588 3291 et
4620 3250 4662 3291 le

3632 3303 3683 3340 n°
3714 3301 3738 3342 6
3764 3300 3878 3342 dans
3904 3302 4159 3344 l’intérieur
4183 3305 4239 3347 de
4264 3307 4306 3347 la
4332 3307 4558 3359 première
4584 3322 4662 3350 en¬

3634 3359 3839 3413 veloppe,
3875 3359 3986 3402 celle
4019 3363 4098 3415 qui
4131 3368 4259 3416 porte
4291 3365 4332 3406 le
4364 3379 4475 3407 nom
4508 3371 4551 3407 et
4583 3366 4659 3408 l’a¬

3631 3416 3781 3459 dresse
3815 3418 3878 3460 du
3912 3419 4150 3462 Directeur
4184 3422 4246 3464 du
4282 3423 4403 3465 Trait
4438 3424 4655 3468 d’Union.

3632 3476 3755 3520 Dans
3782 3482 3895 3520 cette
3920 3478 4172 3535 enveloppe
4198 3480 4283 3523 elle
4308 3482 4436 3537 place
4462 3483 4503 3524 la
4530 3483 4660 3526 lettre

3631 3537 3841 3579 cachetée
3876 3539 3955 3594 qui
3991 3539 4088 3582 doit
4122 3540 4214 3583 être
4248 3542 4414 3585 remise
4450 3556 4507 3586 au
4543 3546 4595 3586 n°
4634 3544 4659 3586 6

3592 3606 3594 3637 !
3633 3610 3713 3649 par
3749 3597 4025 3640 l’entremise
4060 3600 4122 3642 du
4158 3602 4408 3643 Directeur.
4449 3604 4519 3646 Au
4552 3618 4660 3655 reçu

3632 3656 3686 3697 de
3721 3660 3835 3697 cette
3869 3656 4012 3706 lettre,
4052 3658 4092 3699 le
4128 3659 4364 3701 Directeur
4398 3660 4583 3703 déchire
4617 3663 4659 3703 la

3632 3715 3856 3768 première
3891 3715 4158 3771 enveloppe,
4197 3718 4222 3759 à
4258 3731 4340 3760 son
4378 3731 4504 3770 nom,
4545 3720 4658 3763 dans

3632 3775 3886 3816 L’intérieur
3911 3775 3966 3816 de
3994 3775 4190 3830 laquelle
4218 3791 4263 3820 se
4291 3783 4452 3821 trouve
4480 3780 4592 3823 écrit
4619 3780 4659 3823 le

3632 3848 3743 3877 nom
3768 3834 3823 3875 de
3848 3834 4088 3878 l’abonnée
4111 3840 4155 3881 et
4179 3836 4220 3879 le
4244 3838 4442 3882 numéro
4467 3853 4575 3883 avec
4599 3840 4659 3882 le¬

3631 3895 3735 3948 quel
3762 3893 3846 3935 elle
3868 3899 3978 3936 veut
4002 3897 4346 3951 correspondre.

3691 3962 3776 4004 Sur
3803 3962 3846 4003 la
3874 3961 4002 4004 lettre
4030 3962 4239 4006 cachetée
4268 3965 4323 4008 de
4351 3964 4659 4023 l’expéditrice

3632 4022 3660 4062 il
3687 4023 3799 4063 écrit
3823 4022 4032 4064 l’adresse
4055 4023 4275 4066 véritable
4298 4024 4360 4067 du
4387 4030 4439 4067 n°
4467 4027 4491 4070 6
4515 4032 4559 4070 et
4582 4042 4659 4070 en¬

3633 4082 3731 4123 voie
3758 4087 3872 4124 cette
3898 4082 4026 4124 lettre
4053 4095 4156 4124 sans
4183 4083 4375 4127 l’ouvrir
4401 4099 4422 4127 a
4451 4099 4535 4128 son
4563 4087 4659 4130 des¬

3633 4140 3858 4191 tinataire,
3887 4142 3947 4184 M.
3976 4142 4067 4184 X...

3687 4207 3752 4249 De
3787 4213 3902 4250 cette
3936 4210 4088 4262 façon,
4126 4210 4167 4253 le
4202 4211 4435 4254 Directeur
4472 4215 4660 4258 connaît

3628 4267 3724 4308 seul
3760 4266 3972 4310 l’adresse
4008 4270 4086 4312 des
4123 4271 4240 4312 deux
4276 4272 4660 4327 correspondants

3630 4327 3707 4381 qui
3732 4332 3932 4380 peuvent
3956 4330 4202 4371 continuer
4224 4332 4246 4372 à
4272 4330 4414 4374 s’écrii
4472 4345 4554 4387 par
4577 4346 4660 4375 son

3631 4386 3891 4428 entremise.
3963 4386 4164 4442 Lorsque
4199 4390 4262 4432 les
4298 4390 4416 4432 deux
4454 4391 4659 4434 abonnés

3630 4450 3843 4488 trouvent
3874 4444 3936 4487 les
3970 4447 4368 4500 renseignements
4402 4451 4604 4492 mutuels
4636 4452 4660 4492 à

3630 4506 3728 4548 leur
3756 4518 4066 4555 convenance,
4102 4506 4158 4547 ils
4188 4514 4390 4560 peuvent
4422 4514 4574 4551 entrer
4603 4523 4660 4552 en

3630 4566 3845 4608 relations
3904 4566 4094 4608 directes
4154 4571 4197 4607 et
4227 4566 4400 4608 arriver
4459 4582 4516 4610 au
4578 4568 4662 4611 but

3630 4626 3867 4680 poursuivi
3895 4626 3950 4668 de
3975 4624 4074 4668 leur
4100 4626 4262 4668 union.

3690 4686 3751 4736 Si,
3791 4699 3848 4727 au
3884 4686 4126 4736 contraire,
4164 4685 4228 4728 les
4263 4686 4661 4740 renseignements

3631 4746 3858 4799 échangés
3887 4760 3944 4788 ne
3972 4746 4035 4788 les
4092 4745 4304 4788 satisfont
4360 4758 4455 4801 pas,
4486 4744 4542 4788 ils
4570 4760 4662 4788 ces¬

3631 4811 3731 4848 sent
3788 4806 3843 4847 de
3872 4806 4203 4860 correspondre
4263 4811 4306 4848 et
4364 4819 4547 4848 comme
4607 4806 4662 4848 ils

3632 4866 3848 4920 ignorent
3902 4864 3999 4907 l’un
4055 4871 4099 4907 et
4153 4864 4328 4915 l’autre,
4359 4865 4458 4907 leur
4483 4879 4594 4908 nom
4620 4874 4664 4909 et

3632 4927 3824 4975 adresse,
3860 4939 4014 4967 aucun
4047 4924 4180 4967 d’eux
4214 4924 4328 4968 n’est
4360 4926 4658 4980 compromis.

3690 4986 3724 5027 Il
3751 4990 3818 5027 est
3843 4986 3951 5026 bien
3978 4985 4181 5027 entendu
4238 4998 4326 5039 que
4384 4998 4500 5027 nous
4527 4984 4663 5027 décli¬

3636 5059 3750 5088 nons
3781 5049 3907 5087 toute
3939 5044 4288 5100 responsabilité
4320 5044 4515 5098 puisque
4548 5058 4667 5086 noua

3635 5119 3748 5148 nous
3773 5104 3946 5147 faisons
3970 5118 4035 5147 un
4059 5104 4216 5146 devoir
4241 5104 4296 5146 de
4319 5108 4459 5146 rester
4483 5111 4664 5146 neutres

3633 5170 3675 5207 et
3709 5163 3943 5219 d’ignorer
3976 5178 4026 5206 ce
4060 5163 4344 5220 qu’écrivent
4379 5176 4461 5206 nos
4495 5175 4663 5205 corres¬

3635 5223 3879 5278 pondants.

3687 5281 3853 5333 Depuis
3892 5280 3990 5323 huit
4028 5292 4109 5322 ans
4147 5291 4232 5332 que
4276 5291 4327 5322 ce
4371 5278 4547 5331 journal
4592 5283 4660 5322 est

3635 5339 3749 5390 créé,
3783 5338 3815 5380 il
3844 5338 3948 5380 s’est
4003 5339 4234 5380 contracté
4292 5337 4347 5381 de
4408 5336 4666 5382 nombreux

3636 5399 3861 5454 mariages
3894 5403 3937 5439 et
3969 5403 4070 5440 tout
4102 5398 4142 5439 le
4173 5398 4346 5440 monde
4379 5398 4464 5439 sait
4495 5398 4538 5439 la
4571 5411 4667 5439 ma¬

3637 5460 3760 5502 nière
3794 5456 3988 5499 sérieuse
4020 5458 4135 5499 dont
4167 5458 4302 5512 opère
4336 5455 4378 5498 la
4411 5455 4662 5499 Direction.

3688 5552 3814 5591 Nota.
3842 5574 3896 5579 —
3924 5551 3986 5590 Ne
4015 5560 4096 5598 pas
4124 5550 4302 5590 oublier
4356 5548 4420 5587 les
4472 5546 4666 5590 timbres

3634 5603 4111 5646 d'affranchissement
4144 5600 4411 5652 obligatoire
4444 5608 4560 5650 pour
4623 5602 4664 5642 la

3634 5656 3855 5708 première
3885 5659 3927 5698 et
3958 5658 3999 5696 la
4028 5655 4267 5696 deuxième
4295 5654 4584 5702 enveloppes.

3670 5825 4269 5902 Recommandations
4312 5825 4631 5905 Générales

3680 6007 3719 6038 1°
3752 6006 3951 6039 Personne
3979 6012 4027 6038 ne
4055 6008 4148 6044 peut
4175 6007 4462 6048 correspondre
4488 6015 4584 6040 avec
4612 6008 4669 6042 les

3640 6059 3816 6095 abonnés
3842 6067 3935 6091 sans
3962 6059 4075 6091 avoir
4100 6060 4212 6094 versé
4242 6061 4296 6094 les
4323 6062 4359 6091 il
4386 6062 4520 6092 francs
4548 6059 4670 6099 régie*

3642 6113 3854 6146 mentaires
3880 6119 3890 6150 ;

3680 6179 3720 6208 3°
3747 6177 3966 6208 L’annonce
3987 6176 4056 6210 des
4076 6178 4254 6211 abonnés
4275 6178 4356 6211 doit
4379 6176 4563 6215 indiquer
4586 6178 4671 6211 leur

3639 6230 3724 6268 âge,
3754 6230 3839 6261 leur
3865 6228 4071 6270 situation,
4099 6231 4182 6263 s’ils
4206 6230 4381 6263 désirent
4406 6235 4457 6262 ou
4485 6236 4565 6264 non
4594 6238 4671 6264 une

3639 6283 3719 6315 dot.
3748 6282 3829 6314 Elle
3855 6282 3938 6315 doit
3964 6283 4121 6315 fournir
4149 6283 4320 6316 certains
4346 6282 4490 6315 détails
4516 6284 4566 6316 de
4592 6290 4671 6316 ma¬

3642 6335 3750 6367 nière
3769 6335 3794 6367 à
3815 6334 3938 6369 éviter
3959 6338 4028 6369 des
4049 6336 4411 6372 correspondances
4434 6336 4597 6370 Inutiles
4619 6344 4630 6375 ;

3682 6402 3723 6432 4°
3753 6400 3828 6432 Dès
3856 6402 3977 6439 qu’un
4004 6399 4162 6432 abonné
4187 6407 4212 6432 a
4239 6400 4381 6433 trouvé
4409 6402 4447 6434 la
4474 6407 4671 6440 personne

3643 6455 3690 6487 de
3709 6460 3780 6487 son
3801 6454 3932 6492 choix,
3952 6452 3979 6484 H
4000 6452 4083 6484 doit
4103 6451 4288 6491 prévenir
4308 6454 4343 6487 le
4364 6452 4565 6487 Directeur
4584 6454 4670 6487 afin

3643 6515 3717 6547 que
3740 6514 3812 6540 son
3836 6512 4016 6539 annonce
4040 6504 4116 6538 soit
4139 6506 4314 6540 enlevée.
4340 6507 4369 6539 Il
4394 6506 4543 6540 évitera
4564 6503 4671 6539 ainsi

3644 6559 3784 6592 l’envoi
3818 6559 3866 6591 de
3898 6559 4030 6591 lettres
4062 6558 4128 6596 qui
4163 6559 4388 6592 n'auraient
4419 6559 4508 6599 plus
4539 6563 4670 6591 aueun

3644 6615 3711 6646 but
3738 6614 3774 6646 et
3800 6611 4047 6650 auxquelles,
4076 6618 4147 6650 par
4175 6612 4312 6646 devoir
4339 6613 4387 6646 de
4415 6611 4614 6651 politesse,
4643 6608 4670 6642 il

3642 6665 3795 6699 devrait
3815 6663 4010 6703 répondre
4030 6671 4040 6702 ;
4631 6680 4636 6688 -

3684 6734 3723 6764 5°
3750 6732 3819 6763 Les
3839 6735 4042 6763 annonces
4063 6732 4154 6763 sont
4174 6731 4223 6763 de
4242 6730 4303 6763 six
4327 6728 4455 6767 lignes
4475 6728 4527 6760 au
4551 6728 4672 6760 maxU

3646 6792 3764 6819 muni.
3822 6784 3892 6817 Les
3946 6783 4074 6823 lignes
4127 6780 4483 6823 supplémentaires
4539 6779 4674 6815 iSfodt
