5185 7176
2432 384 2504 424 LE
2536 386 2709 426 TRAIT
2748 389 2995 433 D'UNION

670 487 748 526 Les
775 486 931 526 dames
955 487 1058 525 sont
1085 483 1230 534 priées
1256 484 1310 524 de
1337 482 1560 532 répondre

534 545 559 587 à
582 548 730 586 toutes
754 546 815 586 les
842 546 992 585 lettres
1016 545 1091 594 qui
1136 544 1231 584 leur
1270 546 1371 583 sont
1411 542 1559 583 adres¬

531 604 640 646 sées.

586 682 702 722 6144.
728 682 944 722 Gironde.
967 680 1019 720 —
1040 680 1180 720 Daine
1210 676 1376 726 veuve,
1411 676 1560 718 désire

533 743 695 783 marier
708 754 759 782 sa
780 743 883 791 tille,
906 746 956 783 28
983 754 1077 788 ans,
1103 740 1268 782 famille
1297 739 1559 787 honorable,

531 806 676 847 bonne
712 805 963 855 éducation,
1003 804 1166 844 femme
1192 803 1465 850 d’intérieur,
1496 803 1558 842 sé¬

535 868 695 914 rieuse,
715 868 943 918 économe,
964 866 1039 907 dot
1067 868 1091 906 5
1111 867 1135 906 à
1164 866 1313 907 10.000
1334 865 1403 916 fr.,
1442 864 1560 916 espé¬

531 942 688 971 rances
707 928 1212 979 sûres;avecMonsieur
1230 928 1284 968 de
1300 928 1351 968 30
1364 927 1559 975 à40ans,

529 996 663 1044 ayant
679 992 902 1032 situation.

583 1056 687 1098 6148
746 1055 869 1098 Midi.
902 1055 950 1096 —
995 1055 1137 1096 Dame
1178 1054 1267 1095 très
1307 1051 1560 1102 distinguée

530 1114 631 1155 bien
667 1115 806 1164 élevé,
835 1114 1035 1155 habitant
1070 1115 1238 1164 grande
1268 1112 1387 1160 ville,
1428 1116 1561 1162 ayant

530 1178 740 1220 intérieur
791 1176 1076 1224 confortable,
1123 1176 1328 1217 voudrait
1370 1174 1560 1226 prendre

528 1251 702 1281 comme
723 1239 1051 1291 pensionnaire,
1076 1240 1214 1280 Dame
1242 1251 1298 1279 ou
1334 1236 1560 1278 Monsieur

530 1304 642 1352 seul,
662 1302 982 1344 fonctionnaire
1002 1314 1056 1343 ou
1079 1302 1259 1343 rentier.

583 1368 701 1407 6149.
718 1367 988 1407 Sud-Ouest.
1007 1365 1263 1407 —Famille
1278 1361 1558 1408 honorable,

527 1427 732 1469 voudrait
751 1427 915 1468 marier
946 1427 1062 1468 belle
1090 1428 1222 1478 jeune
1247 1425 1351 1474 fille,
1380 1426 1430 1464 24
1461 1434 1556 1472 ans,

528 1491 578 1532 50
599 1491 676 1531 000
700 1491 748 1531 fr.
774 1491 827 1530 de
844 1490 935 1540 dot,
952 1501 1132 1542 grosses
1151 1490 1434 1541 espérances,
1454 1496 1560 1524 avec

527 1554 752 1594 Monsieur
788 1556 922 1605 ayant
955 1552 1168 1594 situation
1216 1554 1337 1599 sûre,
1382 1548 1436 1588 de
1478 1551 1499 1588 5
1536 1548 1560 1586 à

528 1614 676 1655 10.000
698 1612 747 1654 fr.
772 1625 853 1664 par
875 1624 944 1654 an.
970 1612 1189 1652 Toulouse
1216 1611 1271 1651 de
1287 1609 1556 1661 préférence.

579 1679 697 1720 6150.
738 1679 874 1720 Nord.
925 1679 974 1719 —
1023 1679 1165 1719 Dame
1211 1686 1372 1716 encore
1412 1675 1557 1724 jeune,

524 1742 702 1786 600.000
722 1742 790 1790 fr.,
822 1741 993 1781 fortune
1024 1739 1320 1791 personnelle,
1355 1735 1562 1776 voudrait

526 1807 735 1845 entreren
748 1803 932 1844 relation
946 1799 1556 1854 avecpersonnedistinguée,

524 1878 631 1907 sans
652 1867 838 1915 fortune,
860 1869 995 1918 ayant
1014 1865 1131 1905 belle
1150 1863 1376 1904 situation.

579 1930 696 1970 6151.
721 1931 870 1970 Haute
892 1931 1111 1971 Garonne
1147 1949 1195 1956 —
1222 1927 1338 1968 Très
1358 1927 1559 1966 honora¬

524 1992 600 2033 ble
622 1991 826 2039 famille,
847 1991 996 2031 désire
1014 1991 1179 2030 marier
1202 1988 1291 2028 fille
1314 1987 1492 2038 unique,
1509 1987 1558 2024 22

522 2066 620 2106 ans,
634 2055 783 2095 65.000
794 2053 843 2094 fr.
863 2052 1106 2104 comptant,
1118 2062 1227 2093 avec
1238 2051 1370 2103 jeune
1378 2050 1558 2094 homme

523 2115 579 2157 de
602 2120 650 2157 25
671 2118 694 2156 à
712 2119 763 2156 28
785 2120 1026 2167 ans,ayant
1043 2115 1191 2155 bonne
1214 2112 1423 2154 situation
1447 2111 1559 2151 dans

523 2191 563 2238 ^e
601 2180 869 2230 professorat
891 2191 947 2219 ou
970 2178 1083 2218 dans
1102 2176 1296 2216 l’armée.

576 2253 638 2292 La
654 2250 981 2292 combinaison
1011 2248 1227 2296 mariage
1247 2246 1427 2296 répond
1439 2244 1468 2287 à
1492 2254 1556 2287 un

522 2306 685 2347 besoin
706 2304 871 2347 soeial.
1248 2348 1262 2364 ,

576 2376 695 2418 6152.
722 2376 935 2418 Gironde.
956 2399 1011 2404 —
1036 2374 1187 2415 Veuve
1210 2374 1265 2414 de
1287 2370 1551 2422 diplomate,

522 2438 574 2476 43
599 2448 695 2484 ans,
738 2436 876 2487 seule,
906 2434 1022 2476 belle
1050 2434 1234 2482 femme,
1280 2430 1550 2480 distinguée,

522 2498 662 2547 ayant
691 2494 858 2547 capital
890 2496 946 2536 de
978 2496 1156 2535 350.000
1188 2493 1261 2540 fr-,
1296 2488 1554 2542 épouserait

522 2555 757 2598 Monsieur
780 2555 1051 2606 intelligent,
1077 2554 1180 2594 bien
1204 2552 1344 2600 élevé,
1370 2549 1507 2600 ayant
1528 2548 1554 2588 à

520 2627 609 2667 peu
636 2616 740 2666 près
766 2616 917 2656 même
943 2614 1176 2655 situation.

574 2688 691 2728 6160.
724 2688 924 2728 Somme.
953 2688 1010 2728 —
1036 2688 1182 2728 Jeune
1227 2683 1339 2734 fille,
1388 2683 1548 2730 brune,

520 2747 790 2800 distinguée,
820 2750 872 2787 27
903 2759 999 2795 ans,
1035 2745 1331 2797 intelligente,
1364 2744 1452 2783 bon
1483 2754 1552 2783 ca¬

520 2808 704 2856 ractère,
727 2808 1016 2855 affectueuse,
1039 2805 1299 2858 épouserait
1317 2802 1551 2844 Monsieur

519 2867 624 2915 bon,
653 2867 787 2919 loyal,
816 2866 1132 2915 désintéressé,
1162 2866 1243 2916 âge
1271 2861 1548 2904 indifférent.

519 2923 723 2969 Sérieux.
1187 2925 1216 2969 é

572 3006 690 3044 6165.
714 3004 956 3045 Toulouse.
960 3004 1015 3044 —
1032 3004 1179 3045 Jeune
1200 3002 1356 3050 veuve,
1376 3002 1428 3040 27
1447 3010 1543 3047 ans,

519 3064 635 3106 belle
666 3064 850 3112 femme,
882 3065 1043 3112 brune,
1076 3063 1167 3104 très
1196 3060 1383 3110 adroite,
1414 3060 1546 3111 goûts

519 3123 721 3174 simples,
748 3123 884 3174 ayant
907 3124 984 3164 dot
1010 3124 1158 3163 10.000
1184 3121 1352 3168 francs,
1404 3116 1547 3159 mobi¬

519 3182 616 3232 lier,
643 3182 789 3224 désire
813 3183 1004 3235 épouser
1029 3179 1267 3222 monsieur
1318 3178 1438 3227 bien,
1492 3176 1546 3219 de

517 3243 569 3282 30
589 3242 616 3282 à
635 3244 687 3282 40
709 3253 804 3290 ans,
830 3242 967 3293 ayant
987 3239 1208 3282 situation
1233 3240 1351 3280 sûre.

562 3314 622 3354 Le
650 3311 787 3354 Trait
814 3312 1015 3354 d’Union
1048 3312 1122 3352 est
1152 3319 1218 3352 un
1245 3309 1451 3360 journal
1482 3307 1552 3350 sé¬

508 3378 654 3419 rieux
682 3379 731 3419 et
759 3376 879 3419 utile
907 3378 936 3419 à
966 3380 1092 3420 tous.

568 3451 688 3491 6168.
734 3450 1126 3490 Lot-et-Garonne.
1150 3448 1205 3486 —
1259 3446 1542 3494 Demoiselle,

514 3511 566 3550 33
594 3520 690 3556 ans,
748 3508 1000 3559 orpheline,
1034 3507 1263 3559 physique
1318 3504 1540 3556 agréable,

514 3568 740 3611 caractère
762 3567 852 3608 très
874 3567 963 3619 gai,
992 3567 1135 3619 ayant
1155 3575 1411 3608 commerce
1435 3563 1543 3604 don¬

515 3628 626 3668 nant
651 3627 756 3678 jolis
783 3626 1022 3676 bénéfices,
1052 3626 1200 3667 désire
1227 3623 1431 3675 mariage
1486 3622 1543 3663 ci¬

513 3686 592 3736 vil,
620 3696 726 3726 avec
778 3684 1011 3727 monsieur
1040 3684 1236 3733 sérieux,
1288 3683 1344 3724 de
1367 3684 1419 3722 30
1443 3682 1470 3722 à
1492 3682 1544 3720 35

514 3756 610 3794 ans,
634 3745 957 3796 commerçant,
980 3755 1230 3796 voyageur,
1256 3740 1464 3792 employé
1486 3750 1542 3781 ou

516 3803 862 3847 fonctionnaire.
885 3804 949 3847 Ne
972 3804 1084 3857 peut
1104 3815 1151 3846 se
1172 3802 1399 3855 déplacer.

564 3870 682 3912 6169.
707 3870 845 3910 Gard.
863 3893 919 3899 —
940 3871 1083 3908 Dame
1103 3867 1244 3916 seule,
1267 3878 1372 3907 sans
1393 3864 1542 3904 famil¬

511 3927 567 3979 le,
588 3931 639 3968 45
658 3936 754 3978 ans,
778 3927 914 3980 petite
934 3927 1143 3980 pension,
1168 3926 1394 3979 physique
1414 3924 1456 3966 et
1475 3935 1543 3964 ca¬

511 3988 706 4029 ractères
727 3988 903 4038 jeunes,
930 3988 1144 4034 sérieuse,
1174 3984 1420 4027 excellente
1443 3994 1542 4023 san¬

511 4047 566 4095 té,
594 4047 697 4087 bien
722 4047 886 4096 élevée,
915 4046 1208 4095 affectueuse,
1236 4044 1407 4084 femme
1431 4042 1541 4082 d’in¬

511 4105 692 4154 térieur,
724 4106 900 4147 aimant
930 4107 1000 4148 vie
1030 4106 1176 4148 calme
1206 4104 1249 4145 et
1276 4100 1539 4152 tranquille,

510 4166 750 4206 recherche
778 4166 1007 4214 affection,
1038 4162 1194 4203 amitié
1249 4162 1448 4203 sérieuse
1498 4159 1540 4199 et

507 4224 648 4266 uhion
704 4224 914 4274 durable,
945 4236 1054 4266 avec
1082 4222 1318 4264 monsieur
1347 4219 1454 4268 aisé,
1484 4218 1539 4259 de

506 4286 558 4324 50
580 4285 606 4324 à
627 4287 679 4324 70
703 4296 786 4326 ans
811 4283 979 4335 (même
1003 4280 1263 4334 souffrant),
1292 4280 1410 4320 mais
1434 4278 1535 4319 bien

507 4342 628 4384 élevé
651 4343 694 4384 et
712 4343 912 4385 honnête
934 4343 1136 4383 homme.
1163 4340 1274 4382 Irait
1296 4338 1540 4390 n’importe

507 4402 579 4443 où.
608 4402 719 4443 Très
744 4401 971 4454 sérieux..

557 4470 676 4511 6170.
707 4469 1135 4511 Seine-Inférieure.
1163 4468 1219 4507 —
1263 4464 1536 4507 Institutrice

504 4528 620 4578 Etat,
649 4531 699 4571 25
726 4539 824 4578 ans,
857 4531 1008 4572 bonne
1036 4528 1180 4578 santé,
1210 4528 1303 4568 très
1328 4524 1443 4576 gaie,
1473 4523 1537 4564 fa¬

504 4588 631 4630 mille
660 4588 927 4636 honorable,
962 4588 1247 4640 espérances,
1280 4583 1538 4636 épouserait

504 4647 838 4693 fonctionnaire
856 4648 1034 4701 grande
1052 4647 1163 4688 ville
1182 4646 1311 4688 ouest
1355 4655 1414 4684 ou
1434 4642 1538 4683 sud-

503 4707 644 4748 ouest.

555 4779 674 4816 6173.
704 4779 846 4819 Dame
872 4787 1032 4826 veuve,
1062 4776 1200 4828 ayant
1224 4787 1279 4816 eu
1305 4783 1456 4814 revers
1480 4770 1536 4812 de

502 4835 698 4884 fortune,
718 4838 772 4876 37
791 4847 888 4887 ans,
914 4848 1022 4879 sans
1043 4835 1241 4884 enfants,
1264 4831 1535 4875 excellentes

499 4894 740 4936 éducation
766 4898 811 4937 et
835 4895 1128 4944 instruction,
1158 4896 1260 4947 apte
1314 4894 1339 4934 à
1364 4890 1534 4942 diriger

500 4953 734 5004 intérieur,
760 4954 1003 4996 désirerait
1024 4954 1211 4995 trouver
1232 4951 1402 5003 emploi
1424 4949 1534 4990 cais¬

499 5012 612 5055 sière
636 5026 695 5055 ou
718 5015 923 5066 gérante,
980 5014 1103 5055 hôtel
1128 5026 1187 5055 ou
1214 5012 1322 5054 café-
1380 5010 1534 5050 Entre¬

499 5072 587 5114 rait
611 5085 669 5114 au
698 5074 867 5116 service
894 5075 950 5115 de
980 5073 1216 5115 monsieur
1242 5071 1354 5121 seul,
1386 5069 1534 5110 même

496 5143 604 5174 avec
621 5132 819 5174 enfants.
842 5134 955 5175 Très
974 5132 1171 5175 sérieux.

547 5202 666 5240 6176.
693 5202 937 5242 Toulouse.
959 5226 1019 5231 —
1043 5203 1198 5247 Dame,
1224 5210 1367 5240 veuve
1390 5196 1531 5238 d’offi¬

494 5258 584 5301 cier
616 5259 902 5310 ministériel,
934 5264 987 5302 38
1020 5272 1118 5309 ans,
1151 5260 1290 5308 seule,
1323 5269 1430 5299 sans
1456 5267 1530 5297 en¬

500 5319 634 5368 fants,
672 5320 808 5371 ayant
847 5319 1027 5362 maison
1066 5331 1118 5360 en
1157 5319 1280 5365 ville,
1321 5327 1528 5364 revenus,

495 5378 670 5419 aimant
692 5379 766 5420 vie
790 5379 951 5428 calme,
981 5379 1132 5420 désire
1159 5379 1351 5430 épouser
1405 5387 1531 5416 mon¬

494 5438 616 5479 sieur
638 5438 692 5480 de
714 5440 767 5479 50
787 5439 814 5479 à
834 5441 886 5479 60
907 5451 1008 5488 ans,
1032 5438 1308 5490 intelligent,
1333 5436 1528 5484 sérieux,

495 5499 632 5549 ayant
653 5499 802 5539 bonne
824 5498 1057 5540 situation.

546 5575 664 5615 6177.
696 5575 1093 5616 Haute^Garonne.
1123 5599 1178 5605 —
1207 5576 1362 5623 Dame,
1394 5574 1528 5614 abon¬

494 5634 590 5684 née,
615 5646 720 5675 sans
743 5646 964 5676 annonce.

548 5711 690 5751 Toute
715 5711 843 5751 lettre
867 5712 1035 5752 devant
1060 5712 1152 5754 être
1180 5711 1424 5752 transmise
1451 5718 1531 5758 par

495 5771 558 5812 les
574 5772 700 5812 soins
718 5771 771 5812 de
792 5772 834 5811 la
855 5772 1087 5812 Direction
1107 5775 1151 5813 et
1170 5784 1228 5814 ne
1248 5772 1431 5820 portant
1450 5779 1531 5818 pas

494 5831 531 5872 le
557 5841 662 5872 nom
687 5831 741 5871 de
767 5831 1066 5881 l’expéditeur
1090 5843 1191 5874 sera
1217 5830 1427 5871 détruite.

542 5899 659 5938 6184.
687 5899 930 5940 Toulouse.
951 5900 1006 5938 —
1032 5898 1324 5946 Demoiselle,
1351 5898 1404 5936 30
1426 5907 1520 5945 ans,

484 5955 699 6007 sérieuse,
736 5956 891 6008 douce,
935 5956 1040 5999 bien
1080 5958 1246 6007 élevée,
1290 5955 1535 5996 excellente

490 6019 786 6070 musicienne,
823 6022 1051 6074 physique
1088 6020 1318 6072 agréable,
1358 6018 1526 6060 femme

487 6078 767 6128 d’intérieur,
798 6080 932 6130 goûts
962 6080 1170 6132 simples,
1203 6080 1343 6132 ayant
1374 6090 1430 6119 eu
1459 6090 1524 6118 re¬

485 6149 587 6179 vers
611 6138 667 6180 de
692 6138 889 6188 fortune,
946 6140 1095 6182 désire
1150 6140 1342 6193 épouser
1398 6149 1523 6178 mon¬

486 6197 622 6247 sieur,
654 6198 923 6239 sentiments
955 6199 1195 6251 religieux,
1230 6202 1311 6251 âge
1342 6196 1519 6246 assorti,

484 6257 691 6310 employé
719 6268 776 6298 ou
807 6258 1159 6310 fonctionnaire,
1191 6259 1328 6311 ayant
1386 6257 1522 6298 situa¬

485 6315 579 6359 tion
600 6318 719 6359 sûre.

534 6386 651 6426 6186.
708 6386 922 6427 Gironde.
975 6411 1028 6416 —
1082 6387 1356 6430 Demoiselle
1408 6387 1524 6427 dans

481 6456 531 6484 sa
555 6446 744 6495 famille,
771 6447 823 6486 32
846 6458 944 6496 ans,
971 6449 1111 6499 ayant
1135 6448 1217 6495 d.)t
1242 6450 1389 6489 10.000
1442 6446 1516 6495 fr.,

479 6504 737 6555 épouserait
755 6507 992 6548 monsieur
1010 6508 1153 6558 ayant
1171 6507 1390 6548 situation
1410 6504 1519 6547 ville

478 6575 535 6604 ou
556 6575 823 6615 eampagne.

531 6632 649 6672 6187.
680 6634 1112 6684 Hautes-Pyrénées.
1168 6659 1224 6666 —
1248 6636 1412 6683 Veuve,
1466 6636 1518 6675 46

479 6702 574 6743 ans,
598 6692 653 6735 de
676 6692 766 6734 très
787 6691 936 6736 bonne
959 6694 1163 6746 famille,
1183 6695 1376 6748 grande,
1429 6694 1516 6735 dis¬

475 6750 671 6803 tinguée,
697 6752 778 6803 joli
831 6754 1074 6806 physique,
1138 6754 1309 6797 femme
1359 6754 1515 6796 d’inté¬

1642 478 1778 527 rieur,
1814 478 1903 520 très
1936 480 2284 531 commerçante,
2319 479 2467 520 désire
2498 492 2662 521 corres¬

1642 539 1814 590 pondre
1839 551 1944 579 avec
1967 539 2200 580 monsieur
2248 540 2555 591 commerçant
2606 551 2659 580 ou

1640 598 1987 648 fonctionnaire,
2016 599 2209 648 sérieux,
2239 599 2450 648 honnête,
2479 600 2662 640 homme

1640 658 1694 699 de
1715 668 1854 720 cce^ar.

1691 735 1811 776 6188.
1843 734 2261 784 Basses-Pyrénées.
2287 759 2341 764 —
2367 735 2489 777 Belle
2529 735 2666 783 jeune

1640 790 1739 828 fille
1762 791 1811 828 18
1831 801 1927 838 ans,
1954 788 2178 839 instruite,
2202 790 2306 831 bien
2328 790 2492 838 élevée,
2518 787 2667 830 famil¬

1642 842 1682 884 le
1710 843 1972 891 honorable,
2003 843 2142 894 petite
2167 844 2259 892 dot,
2290 843 2431 884 belles
2459 844 2666 894 espéran¬

1642 906 1727 944 ces,
1783 895 2042 947 épouserait
2096 896 2406 947 commerçant
2462 908 2519 938 ou
2578 907 2667 935 em¬

1641 950 1772 1000 ployé
1799 950 1992 1000 sérieux,
2022 952 2072 990 26
2099 950 2124 990 à
2150 952 2201 991 30
2228 962 2324 999 ans,
2355 950 2494 1000 ayant
2518 950 2666 990 bonne

1641 1002 1871 1043 situation.

1690 1066 1807 1106 6200.
1831 1066 2072 1106 Toulouse.
2091 1089 2147 1095 —
2165 1067 2316 1107 Veuve
2336 1065 2474 1113 seule,
2497 1067 2547 1104 43
2567 1075 2663 1111 ans,

1638 1126 1798 1174 brune,
1828 1126 1943 1166 belle
1970 1124 2152 1176 femme,
2184 1127 2334 1167 bonne
2359 1125 2548 1172 famille,
2578 1123 2666 1164 dis¬

1637 1184 1834 1236 tinguée,
1867 1186 2154 1234 affectueuse,
2188 1184 2474 1233 instruction,
2507 1184 2666 1224 éduca¬

1639 1244 1731 1284 tion
1758 1244 1990 1294 parfaites,
2019 1247 2138 1284 1.200
2165 1245 2316 1286 francs
2342 1244 2395 1284 de
2423 1244 2570 1284 rentes
2596 1243 2666 1283 sû¬

1640 1316 1723 1351 res,
1754 1306 1875 1344 8.000
1904 1304 1960 1344 fr.
1992 1304 2158 1355 capital
2187 1306 2230 1344 et
2257 1303 2490 1352 intérieur,
2521 1303 2667 1344 désire

1638 1366 1828 1415 épouser
1863 1363 2196 1404 fonctionnaire
2244 1363 2426 1403 retraité
2474 1374 2532 1403 ou
2566 1374 2665 1412 pro¬

1638 1423 1852 1474 priétaire
1899 1424 2037 1475 ayant
2070 1423 2355 1471 instruction,
2408 1422 2663 1470 éducation,

1639 1482 1870 1531 situation,
1894 1483 1973 1532 âge
1994 1483 2270 1534 en-rapport.
2295 1483 2404 1523 Très
2427 1483 2539 1523 série
2544 1495 2619 1522 ux.

1692 1552 1810 1591 6203.
1851 1551 2123 1600 Perpignan.
2175 1575 2230 1580 —
2264 1552 2428 1600 Veuve,
2467 1553 2518 1591 50
2568 1562 2663 1596 ans,

1638 1611 1798 1659 brune,
1835 1611 1921 1651 bon
1956 1611 2196 1659 caractère,
2234 1611 2443 1659 sérieuse,
2480 1608 2664 1651 catholi¬

1637 1682 1739 1720 que,
1767 1670 2037 1711 sentiments
2059 1670 2295 1722 religieux,
2326 1671 2463 1722 ayant
2486 1672 2564 1710 800
2605 1670 2660 1708 fr.

1639 1742 1832 1771 revenus
1852 1731 1895 1772 et
1915 1731 2194 1780 espérances,
2218 1730 2442 1771 demande
2465 1730 2666 1779 mariage

1640 1800 1747 1830 avec
1768 1790 2000 1830 monsieur
2024 1790 2256 1831 d’environ
2280 1792 2331 1828 60
2354 1801 2450 1839 ans,
2475 1788 2586 1838 seul,
2613 1787 2667 1828 si¬

1638 1848 1811 1890 tuation
1836 1861 1891 1891 en
1916 1850 2117 1900 rapport.

1690 1918 1807 1957 6204.
1836 1918 2076 1958 Toulouse.
2100 1942 2155 1947 —
2180 1918 2463 1966 Demoiselle,
2491 1920 2541 1958 23
2566 1928 2661 1964 ans,

1638 1976 1889 2027 orpheline,
1915 1976 2096 2025 blonde,
2118 1977 2242 2028 jolie,
2266 1975 2564 2027 musicienne,
2590 1976 2668 2016 dot

1639 2038 1787 2076 50.000
1819 2035 1986 2086 francs,
2020 2035 2166 2077 désire
2198 2038 2387 2087 épouser
2435 2035 2667 2077 monsieur

1639 2096 1692 2135 de
1715 2098 1766 2135 28
1790 2095 1815 2136 à
1836 2099 1887 2135 35
1911 2108 2007 2146 ans,
2034 2095 2152 2145 bien,
2179 2095 2372 2145 sérieux,
2399 2098 2535 2148 ayant
2558 2098 2664 2137 bon¬

1640 2166 1695 2195 ne
1723 2154 1952 2195 situation.

1692 2223 1810 2263 6205.
1839 2223 2082 2263 Marseille.
2106 2247 2160 2252 —
2184 2226 2338 2271 Dame,
2365 2226 2416 2263 34
2439 2235 2535 2272 ans,
2560 2236 2664 2264 veu¬

1639 2294 1692 2323 ve
1724 2293 1832 2322 sans
1860 2282 2055 2330 enfants,
2106 2283 2408 2323 honorabilité
2453 2283 2662 2334 parfaite,

1638 2340 1741 2381 bien
1774 2352 1879 2383 sous
1908 2341 2008 2382 tous
2038 2340 2103 2381 les
2147 2342 2370 2392 rapports,
2416 2342 2666 2384 excellente

1639 2399 1828 2448 famille,
1860 2400 1968 2451 jolie
1998 2400 2088 2448 dot,
2122 2400 2378 2452 épouserait
2404 2402 2664 2443 célibataire

1639 2470 1696 2499 ou
1731 2460 1838 2500 veuf
1887 2459 2079 2506 sérieux,
2131 2460 2344 2500 situation
2395 2462 2575 2502 assurée
2624 2460 2667 2500 et

1635 2518 1818 2559 homme
1843 2518 1898 2558 de
1918 2528 2051 2558 cœur.

1695 2591 1754 2628 I.e
1780 2590 1915 2630 Trait
1927 2590 2124 2631 dTnlon
2145 2592 2256 2639 peut
2267 2590 2369 2631 être
2390 2590 2538 2640 copié,
2556 2591 2592 2632 il
2612 2600 2672 2631 ne

1632 2643 1792 2683 craint
1820 2654 1902 2692 pas
1922 2644 1993 2684 les
2015 2643 2303 2684 imitateurs.

1772 2834 2532 2909 MARIAGES

1690 3031 1817 3071 Deux
1846 3043 2084 3072 nouveaux
2112 3032 2338 3083 mariages
2363 3034 2464 3074 sont
2491 3044 2659 3074 annon¬

1634 3091 1704 3131 cés
1730 3091 1755 3130 à
1782 3091 1824 3131 la
1852 3091 2091 3134 Direction.
2120 3091 2355 3134 Meilleurs
2381 3104 2530 3134 vœux.

2399 3153 2438 3192 J.
2464 3154 2603 3193 Bach.

1716 3319 2028 3397 ABONNÉS
2090 3330 2172 3396 ET
2230 3330 2578 3399 LECTEURS

1952 3430 2083 3471 Lisez
2111 3431 2220 3472 bien
2251 3431 2349 3472 ceci

1688 3510 1831 3552 Toute
1854 3522 2076 3562 personne
2100 3512 2179 3563 qui
2203 3523 2448 3563 procurera
2470 3512 2496 3552 à
2520 3512 2563 3553 la
2586 3512 2659 3552 Di¬

1636 3568 1805 3609 rection
1830 3570 1948 3610 deux
1972 3570 2173 3611 abonnés
2195 3582 2450 3620 nouveaux,
2476 3572 2660 3622 n’ayant

1632 3627 1799 3678 jamais
1818 3628 1886 3669 été
1907 3628 2087 3670 inscrits
2108 3628 2154 3669 ni
2176 3629 2202 3670 à
2222 3630 2267 3670 la
2290 3630 2459 3679 Rapide
2482 3632 2656 3680 Agence

1634 3686 1680 3726 ni
1708 3688 1766 3727 au
1794 3688 1920 3727 Trait
1948 3688 2163 3738 d’Union,
2194 3700 2306 3730 aura
2334 3687 2452 3730 droit
2483 3702 2491 3728 :
2520 3688 2606 3730 soit
2631 3690 2658 3730 à

1634 3755 1723 3786 une
1781 3746 2098 3797 prolongation
2159 3747 2511 3790 d’abonnement
2568 3748 2624 3790 de

1641 3806 1758 3846 deux
1787 3804 1916 3855 mois,
1946 3806 2031 3848 soit
2057 3806 2083 3847 à
2109 3819 2171 3848 un
2199 3807 2504 3858 abonnement
2529 3818 2627 3858 gra¬

1654 3864 1742 3906 tuit
1767 3864 1823 3907 de
1848 3867 1996 3907 même
2021 3866 2175 3908 durée.

1678 3964 1729 3971 —
1760 3943 1883 3984 Tous
1915 3954 2002 3986 nos
2027 3944 2237 3985 abonnés
2266 3946 2373 3986 sont
2398 3944 2527 3995 priés
2548 3944 2655 3995 S’a¬

1626 4004 1815 4046 dresser
1847 4007 2014 4047 lettres
2043 4008 2090 4046 et
2122 4007 2470 4054 observations,
2502 4016 2595 4047 non
2623 4006 2651 4048 à

1626 4067 1674 4110 la
1744 4067 1920 4117 Rapide
1951 4072 2131 4116 Agence
2150 4083 2196 4116 »,
2220 4070 2340 4111 mais
2364 4079 2426 4110 au
2450 4070 2650 4120 journal

1626 4130 1688 4171 du
1710 4143 1738 4166 *6
1760 4130 1892 4172 Trait
1917 4130 2115 4172 d’Uniou
2138 4146 2184 4179 »,
2213 4132 2283 4179 26,
2303 4142 2390 4172 rue
2416 4132 2647 4180 d’Astorg,

1625 4192 1871 4234 Toulouse.

1687 4266 1782 4303 SM-
1808 4266 1888 4306 Les
1908 4266 2111 4306 bureaux
2134 4267 2194 4306 du
2215 4266 2395 4305 TRAIT
2418 4266 2651 4306 D’UNION

1628 4336 1683 4366 ne
1704 4328 1812 4367 sont
1828 4330 2010 4367 ouverts
2034 4336 2119 4376 que
2144 4327 2454 4376 l’après-midi,
2482 4328 2535 4368 de
2558 4330 2583 4367 2
2604 4328 2650 4367 h.

1628 4387 1654 4427 à
1672 4390 1696 4427 5
1719 4388 1895 4436 heures,
1918 4390 1983 4436 26,
2007 4398 2087 4428 rue
2108 4388 2331 4438 d’Astorg.

1686 4459 1780 4498 âer-
1815 4460 1935 4499 Tous
1967 4459 2028 4498 les
2058 4459 2444 4508 renseignements
2475 4468 2652 4500 concer¬

1627 4523 1739 4559 nant
1771 4521 1812 4561 la
1846 4520 2157 4561 combinaison
2191 4522 2406 4570 mariage,
2443 4523 2507 4563 les
2539 4523 2650 4562 loca¬

1626 4580 1758 4630 tions,
1816 4583 1971 4630 offres,
2030 4582 2277 4623 demandes
2305 4586 2347 4623 et
2375 4583 2472 4624 avis
2500 4584 2650 4623 divers

1626 4646 1727 4683 sont
1758 4642 1930 4684 donnés
1959 4644 2283 4694 gratuitement
2314 4644 2428 4686 dans
2459 4655 2542 4686 nos
2571 4646 2650 4686 bu¬

1626 4715 1780 4754 reaux,
1812 4706 2123 4755 l’après-midi,
2155 4707 2208 4747 de
2237 4708 2261 4746 2
2290 4707 2334 4746 h.
2363 4706 2390 4746 à
2416 4708 2440 4747 5
2468 4708 2646 4755 heures,

1627 4768 1690 4815 26,
1718 4777 1796 4807 rue
1824 4768 2046 4816 d’Astorg,
2074 4768 2315 4810 Toulouse.

1674 5186 1732 5226 Le
1754 5183 1987 5227 Directeur
2010 5186 2076 5228 est
2095 5187 2300 5228 heureux
2322 5187 2595 5229 d’annoncer
2617 5187 2643 5228 à

1619 5256 1688 5286 ses
1712 5246 1913 5288 abonnés
1936 5246 2047 5298 qu’il
2063 5258 2088 5286 a
2104 5259 2159 5288 eu
2172 5247 2218 5288 la
2231 5247 2379 5288 bonne
2394 5246 2575 5288 fortune
2588 5247 2643 5288 de

1620 5306 1836 5346 s’assurer
1878 5306 1919 5348 le
1960 5318 2179 5348 concours
2204 5307 2259 5348 de
2284 5305 2519 5347 l’éminent
2543 5318 2643 5358 pro¬

1620 5364 1794 5406 fesseur
1839 5367 1892 5407 de
1940 5367 2258 5419 Graphologie,
2308 5366 2357 5407 G.
2391 5366 2639 5414 Lefranck,

1619 5424 1699 5476 qui
1723 5427 1830 5467 veut
1852 5426 1924 5467 bie
1928 5438 1954 5456 n
1982 5424 2143 5467 mettre
2167 5438 2216 5467 sa
2240 5424 2414 5467 science
2438 5426 2463 5467 à
2487 5426 2531 5467 la
2555 5426 2642 5468 dis¬

1620 5484 1796 5535 postion
1821 5486 1899 5527 des
1923 5487 2116 5527 lecteurs
2139 5487 2201 5526 du
2226 5484 2354 5526 Trait
2376 5486 2586 5528 d’Union.

1674 5544 1900 5586 Personne
1924 5545 2127 5595 n’ignore
2150 5544 2215 5586 les
2228 5544 2423 5586 services
2435 5556 2522 5597 que
2536 5545 2644 5596 peut

1622 5604 1783 5646 rendre
1836 5618 1924 5647 une
1964 5604 2096 5646 étude
2136 5606 2498 5658 graphologique
2539 5604 2642 5646 bien

1620 5663 1741 5704 faite.
1766 5663 1999 5715 L’analyse
2019 5664 2074 5705 de
2094 5664 2319 5707 l’écriture
2339 5665 2484 5706 révèle
2506 5664 2550 5704 la
2568 5676 2642 5706 va¬

1619 5722 1718 5763 leur
1760 5723 1921 5766 intime
1948 5724 2003 5766 de
2030 5723 2288 5775 l’individu,
2319 5734 2387 5766 ses
2415 5724 2642 5776 aptitudes

1620 5780 1962 5824 intellectuelles
1986 5784 2029 5824 et
2051 5784 2260 5824 morales.

1672 5842 1770 5883 Non
1798 5842 2048 5884 seulement
2074 5843 2104 5883 il
2131 5844 2196 5885 est
2221 5844 2492 5886 intéressant
2515 5844 2570 5886 de
2596 5856 2642 5886 se

1620 5900 1722 5942 bien
1746 5903 1979 5944 connaître
2002 5903 2252 5952 soi-même;
2276 5903 2392 5945 mais
2416 5904 2447 5946 il
2471 5906 2536 5946 est
2559 5904 2642 5946 uti¬

1620 5960 1660 6003 le
1703 5960 1746 6002 et
1786 5963 1984 6013 prudent
2026 5962 2246 6004 d’étudier
2288 5974 2402 6004 ceux
2428 5974 2535 6006 avec
2562 5963 2643 6005 les¬

1620 6020 1751 6072 quels
1786 6031 1843 6062 on
1863 6022 2010 6063 désire
2031 6022 2180 6064 entrer
2200 6036 2255 6064 en
2276 6023 2467 6065 relation
2488 6023 2643 6064 d’inté¬

1620 6082 1687 6122 rêt
1706 6092 1764 6120 ou
1785 6081 1840 6123 de
1859 6080 2117 6123 sentiment.

1672 6140 1730 6181 Le
1751 6140 2010 6191 professeur
2031 6140 2254 6183 Lefranck
2276 6142 2387 6184 dont
2406 6155 2520 6186 nous
2540 6155 2642 6184 con¬

1619 6199 1827 6241 naissons
1855 6200 1898 6242 la
1927 6200 2075 6242 sûreté
2118 6203 2174 6244 de
2218 6202 2484 6254 diagnostic,
2515 6203 2641 6244 satis-

1619 6258 1735 6299 faira
1759 6259 2098 6309 certainement,
2126 6260 2190 6303 les
2214 6260 2319 6312 plus
2343 6261 2568 6304 difficiles.

1672 6318 1936 6362 Conditions
1979 6319 2110 6362 faites
2151 6333 2240 6362 aux
2280 6320 2475 6364 lecteurs
2512 6322 2567 6364 de
2591 6334 2639 6364 ce

1615 6376 1799 6427 journal
1828 6391 1837 6419 :

1611 6456 1696 6496 Par
1718 6456 1843 6497 lettre
1867 6470 1875 6496 :
1900 6456 2087 6508 Croquis
2108 6457 2471 6500 silhouette__
2535 6460 2561 6498 0
2591 6459 2646 6500 75

1715 6531 1764 6539 —
1898 6510 2470 6554 Portrait.
2532 6514 2558 6551 3
2619 6525 2639 6552 »

1716 6586 1768 6592 —
1902 6563 2095 6614 Analyse
2110 6561 2242 6606 détaillée
2256 6566 2283 6608 et
2300 6564 2477 6618 complet*..
2542 6567 2566 6607 5
2623 6579 2643 6606 »

1670 6632 1708 6674 A
1734 6635 1877 6686 partir
1902 6636 1964 6678 du
1991 6638 2010 6675 1
2019 6639 2048 6656 er
2072 6635 2323 6686 décembre,
2352 6639 2448 6679 tout
2475 6640 2636 6679 nouvel

1617 6693 1793 6735 abonné
1844 6705 1900 6737 ou
1942 6694 2184 6750 réabonné,
2223 6696 2303 6750 qui
2342 6697 2518 6739 voudra
2540 6708 2639 6740 sou¬

1611 6755 1771 6795 mettre
1826 6767 1904 6796 son
1959 6755 2152 6798 écriture
2194 6757 2480 6810 personnelle
2523 6770 2634 6799 aura

2750 489 2870 531 droit
2918 492 2943 532 à
2982 505 3044 533 un
3095 496 3276 547 croquis
3315 498 3556 551 silhouette
3606 504 3775 551 gratuit

2751 548 2866 590 dans
2906 551 2946 592 le
2984 552 3184 604 journal,
3214 568 3318 598 sous
3359 571 3420 599 un
3463 560 3775 612 pseudonyme

2750 610 3048 663 quelconque.

2804 670 2839 710 Il
2883 672 2948 712 est
2991 675 3328 724 expressément
3372 680 3692 722 recommandé
3720 681 3774 722 de

2750 739 2806 770 ne
2854 742 2937 780 pas
2987 734 3259 776 contrefaire
3298 747 3379 777 son
3419 739 3614 780 écriture
3653 740 3696 781 et
3719 743 3773 783 de

2750 790 2935 832 n’écrire
2959 803 3046 842 que
3070 804 3147 835 sur
3170 795 3230 835 du
3255 796 3413 848 papier
3436 810 3525 839 non
3551 799 3671 850 rayé.

2803 960 2948 1000 Lettre
2970 962 3122 1011 signée
3148 964 3295 1003 Louis.
3317 988 3371 994 —
3392 966 3566 1017 Malgré
3588 979 3668 1008 son
3691 968 3772 1019 âge

2747 1029 2802 1057 un
2823 1031 2907 1070 peu
2924 1022 3035 1069 mûr,
3057 1022 3111 1060 M.
3137 1022 3272 1062 Louis
3290 1035 3311 1062 a
3336 1026 3550 1064 conservé
3571 1037 3653 1066 une
3673 1027 3774 1067 ima¬

2746 1078 2966 1129 gination,
3003 1092 3062 1119 un
3098 1082 3436 1124 enthousiasme
3469 1085 3566 1124 tout
3597 1086 3771 1135 juvéni¬

2747 1137 2824 1179 les.
2855 1140 2910 1180 Se
2935 1141 3127 1181 rendant
3152 1143 3328 1194 compte
3354 1144 3407 1187 de
3434 1156 3511 1186 son
3539 1146 3667 1196 point
3692 1146 3772 1187 fai¬

2748 1197 2834 1247 ble,
2864 1223 2916 1227 —
2943 1210 3019 1239 car
3048 1199 3366 1253 l’intelligence
3394 1204 3458 1244 est
3486 1204 3586 1246 vive
3615 1206 3657 1246 et
3684 1206 3772 1257 pri-

2748 1259 3031 1308 mesautière,
3059 1283 3112 1289 —
3140 1262 3167 1300 il
3198 1262 3387 1303 cherche
3431 1264 3456 1304 à
3484 1264 3687 1304 contenir
3731 1266 3775 1304 la

2750 1317 2855 1359 folle
2880 1319 2942 1359 du
2967 1319 3096 1370 logis,
3124 1322 3239 1362 mais
3264 1323 3368 1363 c’est
3407 1324 3443 1364 si
3469 1323 3656 1367 difficile
3686 1328 3692 1363 !
3721 1325 3773 1364 Et

2747 1378 2851 1418 c’est
2880 1379 3084 1420 d’autant
3111 1380 3215 1432 plus
3244 1382 3432 1426 difficile
3461 1396 3548 1434 que
3579 1386 3619 1426 le
3647 1396 3772 1426 cœur

2749 1438 2975 1479 renferme
3001 1450 3160 1482 encore
3186 1442 3263 1482 des
3288 1442 3478 1486 ardeurs
3502 1444 3592 1483 loin
3635 1444 3772 1486 d’être

2748 1498 2948 1539 éteintes.
2981 1499 3209 1540 Attention
3244 1504 3251 1540 !
3283 1512 3338 1542 ne
3364 1502 3528 1551 jouons
3557 1515 3638 1554 pas
3667 1516 3772 1546 avec

2750 1557 2818 1597 cet
2842 1556 3117 1599 instrument
3140 1561 3178 1600 si
3204 1560 3381 1609 délicat,
3410 1562 3471 1602 M.
3500 1563 3634 1604 Louis
3663 1567 3670 1603 !

2804 1618 2960 1665 Quelle
2979 1619 3044 1658 est
3062 1619 3176 1660 donc
3196 1620 3239 1659 la
3258 1622 3523 1663 charmante
3543 1623 3675 1664 dame
3694 1624 3771 1676 qui

2751 1676 2964 1718 voudrait
2998 1678 3103 1718 unir
3138 1691 3217 1719 son
3254 1681 3468 1722 automne
3503 1683 3529 1722 à
3563 1695 3611 1724 ce
3646 1684 3772 1724 char¬

2750 1738 2878 1776 mant
2898 1738 3009 1787 petit
3029 1739 3184 1779 cousin
3208 1739 3264 1780 de
3287 1739 3476 1791 Cyrano,
3502 1755 3563 1782 un
3588 1755 3674 1794 peu
3698 1744 3773 1784 hâ¬

2752 1795 2898 1844 bleur,
2936 1796 3212 1847 légèrement
3274 1799 3483 1851 utopiste,
3523 1802 3612 1842 très
3647 1804 3768 1852 actif,

2748 1856 3102 1907 physiquement
3131 1859 3174 1899 et
3200 1870 3280 1910 pas
3310 1860 3524 1902 méchant
3551 1874 3666 1912 pour
3710 1876 3771 1903 un

2750 1926 2829 1956 sou
2851 1918 2868 1954 ?

3390 1982 3440 2023 G.
3470 1982 3718 2024 Lefranck.

2778 2159 3032 2213 Lettres
3075 2162 3152 2215 de
3192 2163 3736 2220 Remerciements

2798 2328 2856 2369 Le
2878 2328 3010 2370 cadre
3031 2328 3086 2370 de
3107 2331 3234 2371 notre
3254 2330 3437 2380 journal
3459 2344 3514 2374 ne
3535 2344 3650 2375 nous
3670 2346 3767 2386 per¬

2745 2388 2937 2428 mettant
2959 2399 3040 2439 pas
3090 2390 3307 2431 d’insérer
3356 2391 3421 2432 les
3472 2393 3768 2436 nombreuses

2744 2446 2896 2488 lettres
2930 2447 2984 2488 de
3018 2447 3307 2492 félicitations
3340 2451 3570 2494 adressées
3603 2464 3659 2494 au
3694 2454 3767 2495 Di¬

2744 2507 2919 2547 recteur
2946 2507 3108 2559 depuis
3134 2508 3178 2550 la
3204 2510 3401 2551 création
3430 2512 3483 2552 de
3510 2512 3622 2554 cette
3648 2524 3766 2555 com¬

2747 2565 2972 2615 binaison,
3011 2578 3124 2608 ceux
3159 2568 3215 2610 de
3250 2580 3332 2610 nos
3368 2571 3568 2612 abonnés
3604 2572 3683 2623 qui
3722 2574 3762 2615 le

2743 2624 3039 2667 désireraient
3064 2631 3285 2679 pourront
3309 2642 3363 2670 en
3418 2632 3613 2683 prendre
3663 2644 3766 2675 con¬

2744 2686 2978 2727 naissance
3012 2687 3127 2729 dans
3158 2700 3240 2730 nos
3273 2690 3492 2740 bureaux,
3528 2703 3608 2732 rue
3642 2692 3764 2735 d’As¬

2743 2744 2855 2797 torg,
2883 2748 2948 2795 26,
2978 2746 3218 2788 Toulouse.

2807 2940 3121 3037 Annonces
3175 2943 3240 3037 et
3287 2939 3433 3038 Avis
3487 2940 3695 3040 divers

2800 3164 2832 3202 b
2860 3186 2914 3190 —
2940 3162 3006 3202 On
3036 3163 3258 3216 demande
3285 3164 3398 3216 petit
3423 3165 3587 3218 capital
3631 3179 3763 3219 paya¬

2743 3214 2815 3255 ble
2836 3227 2890 3256 en
2915 3217 3040 3258 rente
3062 3219 3255 3269 viagère.
3282 3219 3414 3262 Faire
3434 3222 3571 3262 offres
3591 3222 3636 3262 et
3657 3222 3764 3263 don¬

2742 3279 2821 3308 ner
2842 3270 2941 3310 tous
2962 3272 3348 3323 renseignements
3369 3286 3426 3315 au
3448 3275 3681 3316 Directeur
3702 3276 3762 3316 du

2742 3321 2868 3363 Trait
2891 3323 3098 3364 d’Union.

2792 3387 2831 3425 2.
2860 3387 2914 3424 —
2959 3387 3220 3430 Professeur
3264 3390 3400 3431 dame
3444 3392 3763 3433 recommandé

2740 3450 2856 3488 pour
2878 3440 3027 3490 leçons
3048 3441 3104 3480 de
3124 3442 3274 3492 piano.
3301 3443 3408 3483 Prix
3431 3444 3651 3487 modérés.
3678 3446 3763 3486 Bu¬

2740 3503 2847 3532 reau
2875 3492 2935 3532 du
2962 3494 3159 3543 journal.

2791 3556 2830 3594 3.
2861 3556 2912 3594 —
2939 3556 3207 3598 Demoiselle
3233 3559 3356 3599 seule
3380 3562 3432 3599 45
3458 3570 3554 3607 ans,
3583 3560 3763 3611 adopte¬

2739 3607 2826 3647 rait
2847 3607 2982 3658 jeune
3003 3608 3096 3651 fille
3118 3610 3327 3653 fortunée
3346 3624 3402 3653 ou
3426 3612 3583 3655 enfant
3603 3615 3762 3664 orphe¬

2739 3659 2828 3701 line
2848 3672 2906 3702 ou
2927 3661 3236 3706 abandonnée.
3261 3666 3460 3708 Prendre
3483 3668 3660 3709 adresse
3683 3669 3762 3710 bu¬

2739 3724 2846 3755 reau
2871 3715 2934 3755 du
2959 3715 3087 3757 Trait
3110 3718 3319 3759 d’Union.

2791 3779 2828 3816 4.
2848 3778 2903 3815 —
2924 3778 3112 3819 Famille
3132 3779 3223 3819 très
3240 3780 3503 3829 honorable,
3526 3783 3762 3832 prendrait

2739 3830 3059 3880 pensionnaire
3092 3832 3224 3872 dame
3258 3844 3315 3874 ou
3367 3834 3600 3875 Monsieur
3651 3835 3756 3884 aisé,

2737 3884 2979 3926 s’adresser
3006 3884 3179 3926 bureau
3207 3886 3270 3927 du
3298 3886 3495 3935 journal.

2788 3951 2827 3988 5.
2853 3972 2908 3978 —
2934 3950 2999 3990 On
3028 3951 3252 3994 demande
3279 3954 3426 3995 bonne
3454 3955 3706 3996 couturière
3734 3956 3759 3996 à

2737 4001 2780 4041 la
2794 4002 2996 4052 journée.
3016 4003 3123 4044 Voir
3138 4006 3309 4046 bureau
3326 4006 3386 4047 du
3403 4008 3531 4048 Trait
3542 4008 3754 4050 d’Union.

2788 4067 2826 4104 6.
2855 4088 2910 4092 —
2940 4064 3048 4105 Fille
3079 4068 3132 4107 de
3163 4068 3391 4118 militaire,
3424 4068 3675 4120 orpheline,
3707 4072 3759 4110 37

2736 4130 2831 4166 ans,
2869 4118 2971 4159 bien
3008 4119 3170 4169 élevée,
3208 4122 3366 4170 active,
3402 4124 3630 4173 économe,
3668 4124 3754 4165 bon

2735 4172 2972 4220 caractère,
3006 4173 3230 4215 demande
3275 4175 3404 4226 place
3447 4179 3760 4227 gouvernante

2734 4226 2842 4265 chez
2871 4226 3106 4268 Monsieur
3134 4228 3256 4275 veuf,
3288 4241 3403 4279 pour
3459 4231 3638 4280 soigner
3683 4241 3758 4271 en¬

2734 4278 2856 4319 fants
2872 4280 2915 4320 et
2931 4279 3099 4330 diriger
3116 4280 3160 4321 la
3178 4281 3367 4322 maison.
3391 4284 3590 4326 Prendre
3608 4286 3758 4326 adres¬

2734 4342 2779 4372 se
2807 4332 2979 4374 bureau
3006 4333 3202 4382 journal.

2786 4396 2824 4435 7.
2848 4396 2904 4432 —
2928 4396 3067 4436 Dame
3091 4398 3226 4446 ayant
3250 4396 3402 4439 loisirs
3423 4399 3647 4442 demande
3671 4401 3758 4442 tra¬

2733 4458 2853 4488 vaux
2884 4447 3123 4488 d’écriture
3152 4460 3210 4491 ou
3240 4450 3403 4491 travail
3434 4454 3618 4494 manuel
3650 4455 3756 4496 chez

2734 4500 2833 4542 elle.

2786 4564 2823 4603 8.
2850 4564 2903 4602 —
2928 4564 3190 4607 Professeur
3214 4567 3268 4608 de
3295 4566 3492 4616 français
3518 4568 3756 4611 donnerait

2732 4614 2884 4667 leçons
2906 4616 2963 4658 de
2983 4619 3319 4660 conversations
3342 4619 3383 4660 et
3406 4620 3756 4676 d’orthographe

2734 4669 2759 4709 à
2783 4680 3007 4720 personne
3047 4671 3294 4723 étrangère.
3324 4674 3439 4726 Cinq
3482 4674 3634 4716 francs
3675 4688 3755 4728 par

2734 4721 2860 4763 mois.

2786 4787 2823 4825 9.
2855 4787 2908 4824 —
2938 4787 3104 4836 Leçons
3134 4788 3188 4829 de
3219 4788 3419 4839 français
3446 4792 3488 4831 et
3516 4791 3752 4842 d’anglais.

2732 4837 2795 4879 De
2822 4842 2871 4879 15
2895 4840 2922 4880 à
2945 4842 2996 4879 30
3021 4840 3174 4882 francs
3197 4854 3280 4894 par
3306 4844 3435 4884 mois.

2787 4903 2848 4942 10.
2875 4903 2930 4942 —
2954 4903 3099 4944 Jeune
3122 4904 3219 4944 fille
3246 4905 3383 4955 ayant
3406 4906 3574 4956 emploi
3603 4906 3754 4948 Sténo-

2733 4954 3107 5006 Dactylographe,
3133 4957 3264 4998 ferait
3284 4959 3446 4998 travail
3467 4959 3755 5010 supplémen¬

2732 5007 2843 5050 taire
2867 5019 2980 5059 pour
3003 5008 3303 5059 particuliers.

2788 5072 2848 5110 11.
2872 5094 2927 5098 —
2947 5069 3175 5111 Véritable
3198 5071 3418 5112 occasion.
3440 5074 3495 5114 —
3516 5074 3754 5115 GRANDE

2735 5123 3099 5165 CHAPELIERE
3129 5123 3248 5165 osier
3279 5124 3423 5175 verni,
3457 5126 3483 5166 à
3514 5128 3754 5178 comparti¬

2732 5176 2893 5226 ments,
2919 5178 3110 5220 doublée
3132 5178 3252 5227 toile,
3277 5178 3417 5224 belles
3439 5191 3642 5223 serrures
3663 5183 3754 5226 cui¬

2731 5242 2822 5279 vre,
2852 5231 3030 5272 vendue
3060 5232 3214 5274 moitié
3243 5234 3359 5284 prix.
3395 5235 3646 5278 S’adresser
3675 5237 3752 5279 bu¬

2732 5295 2838 5323 reau
2862 5284 2988 5323 Trait
3011 5284 3219 5326 d’Union.

2786 5347 2848 5384 12.
2876 5347 2931 5383 —
2956 5347 3087 5394 Veuf,
3118 5348 3439 5398 commerçant,
3471 5350 3615 5390 désire
3643 5350 3752 5391 s’en¬

2731 5397 2888 5440 tendre
2912 5409 3019 5439 avec
3042 5408 3266 5449 personne
3288 5401 3343 5442 de
3366 5403 3418 5442 30
3442 5415 3523 5443 ans
3546 5403 3750 5452 environ,

2731 5452 2941 5500 honnête,
2979 5453 3243 5503 présentant
3275 5454 3395 5504 bien,
3434 5456 3583 5496 bonne
3618 5456 3749 5499 cuisi¬

2730 5504 2867 5554 nière,
2892 5507 2994 5556 apte
3014 5506 3040 5546 à
3060 5507 3230 5558 diriger
3251 5508 3455 5558 ménage.

2783 5558 2974 5602 Adresse
3003 5572 3011 5599 :
3039 5560 3218 5602 Bureau
3243 5562 3440 5611 journal.

3919 604 4219 652 Manufacture
4248 607 4470 646 d'articles
4499 608 4650 647 KATO

4347 679 4370 726 à
4394 679 4563 726 fenêtre
4583 680 4798 727 diaphane

4024 818 4418 886 Enveloppes
4443 820 4467 840 *
4488 820 4646 873 Kato
4666 820 4691 842 "

4024 907 4195 970 Papier
4227 910 4250 958 à
4286 909 4431 960 lettre
4463 910 4482 928 *
4503 908 4652 961 KATO
4672 911 4690 928 *

3931 1050 4167 1087 Demander
4194 1052 4485 1091 Echantillons

3928 1115 4082 1152 LOUIS
4110 1118 4308 1154 CASSAN
4338 1120 4432 1155 aîné

3932 1180 3990 1221 37,
4018 1191 4091 1216 rue
4116 1183 4188 1218 des
4216 1183 4446 1220 Couteliers

3934 1243 4211 1283 TOULOUSE

4042 1491 4446 1526 EXCELLENTE
4496 1496 4691 1528 PRIME

4299 1559 4347 1585 DE
4373 1560 4422 1586 LA

3912 1618 4817 1737 MICHELINE

3886 1814 3931 1842 La
3959 1813 4091 1843 Maison
4127 1816 4268 1844 Michel
4304 1818 4508 1852 Sabatier,
4546 1819 4586 1848 de
4622 1820 4871 1858 Carcassonne,

3850 1847 3943 1876 vient
3956 1848 3996 1876 de
4012 1852 4111 1880 créer
4126 1858 4194 1879 une
4207 1852 4318 1880 caisse
4332 1856 4515 1890 composée
4534 1855 4574 1883 de
4592 1855 4643 1883 sir
4658 1857 4852 1888 bouteilles.

3959 1914 3991 1939 1*
4020 1915 4064 1941 La
4094 1916 4286 1947 Micheline,
4315 1918 4416 1946 Reine
4443 1920 4500 1946 des
4527 1920 4704 1952 Liqueurs.

3956 1949 3989 1975 2'
4024 1951 4132 1978 Cacao
4167 1954 4456 1980 Puerto-Cabello.

3956 1985 3989 2011 3*
4022 1987 4131 2012 Rhum
4160 1988 4348 2015 St-Michel.

3955 2020 3987 2046 4*
4027 2023 4107 2050 Fine
4144 2024 4294 2051 Martoli.

3955 2056 3988 2082 5*
4013 2057 4095 2084 L’Or
4118 2059 4203 2086 Kina
4226 2060 4419 2092 Sabathier,
4443 2060 4504 2088 Vin
4526 2062 4667 2094 apéritf.

3955 2091 3988 2118 6*
4015 2093 4130 2120 Grand
4155 2095 4346 2128 Mousseux,
4367 2096 4472 2124 cuvée
4491 2098 4655 2130 réservée,
4676 2098 4755 2131 plus
4775 2098 4868 2132 quel¬

3955 2133 4039 2159 ques
4058 2128 4186 2160 primes
4204 2136 4250 2158 au
4270 2131 4372 2160 choix
4392 2133 4439 2160 du
4459 2132 4579 2162 client.

3955 2174 4039 2202 Prix
4060 2175 4183 2204 franco
4204 2178 4247 2206 de
4267 2179 4346 2210 port
4366 2179 4399 2208 et
4422 2179 4498 2208 tous
4519 2179 4628 2209 droits
4650 2183 4756 2216 payés
4779 2184 4867 2212 dans

3847 2207 3883 2235 la
3902 2208 4034 2238 France
4052 2212 4194 2239 entière.

4190 2267 4385 2304 Vingt-cinq
4407 2271 4524 2300 francs

3851 2423 3931 2501 LE
3965 2414 4337 2505 BRÉVIAIRE
4371 2423 4565 2505 DELA
4595 2414 4873 2508 BEAUTÉ

4016 2569 4208 2608 Madame,

3889 2616 4024 2655 Quelle
4049 2628 4123 2659 que
4147 2623 4224 2654 soit
4247 2624 4356 2657 votre
4379 2620 4586 2662 situation,
4611 2630 4660 2656 ne
4683 2622 4876 2663 gaspillez

3847 2667 3916 2696 pas
3947 2663 4054 2693 votre
4082 2664 4222 2702 argent
4271 2671 4319 2695 en
4349 2667 4536 2703 essayant
4587 2666 4643 2697 les
4674 2666 4875 2703 multiples

3847 2703 4024 2739 produits
4051 2704 4098 2738 de
4127 2704 4283 2742 Beauté,
4310 2705 4447 2737 vantés
4475 2712 4544 2744 par
4571 2708 4677 2739 force
4704 2706 4875 2739 réclame

3844 2743 3943 2774 dans
3968 2746 4056 2776 tous
4083 2746 4138 2778 les
4163 2746 4375 2784 journaux,
4404 2747 4504 2778 mais
4532 2747 4626 2778 lisez
4650 2747 4810 2779 d’abord
4838 2750 4875 2779 la

3846 2786 4119 2817 merveilleuse
4144 2786 4324 2818 méthode
4348 2788 4399 2819 du
4424 2787 4650 2826 spécialiste
4672 2788 4872 2819 CLARKS.

3846 2824 3894 2856 Le
3919 2826 4119 2858 Bréviaire
4142 2828 4190 2858 de
4214 2828 4251 2858 la
4275 2827 4431 2866 Beauté,
4457 2828 4523 2867 qui
4548 2835 4646 2861 vous
4671 2830 4875 2867 enseigne¬

3845 2872 3899 2903 ra,
3922 2872 3969 2898 en
3992 2870 4135 2899 termes
4157 2868 4276 2900 clairs
4299 2871 4335 2901 et
4359 2868 4498 2908 précis,
4522 2871 4607 2901 l’art
4628 2871 4676 2902 de
4700 2871 4874 2903 s’embel¬

3846 2907 3893 2938 lir
3922 2914 4015 2939 sans
4044 2910 4192 2946 grands
4220 2910 4359 2942 efforts
4388 2912 4424 2943 et
4452 2910 4646 2942 d’obtenir
4673 2912 4789 2943 d’une
4818 2912 4874 2942 fa¬

3842 2955 3916 2984 çon
3939 2950 4076 2986 rapide
4098 2952 4135 2982 et
4154 2951 4342 2988 certaine,
4364 2952 4514 2983 finesse
4535 2952 4587 2983 du
4608 2952 4721 2990 teint,
4742 2952 4874 2983 velou¬

3842 2988 3878 3020 té
3903 2990 3950 3020 de
3992 2990 4218 3028 l’épiderme
4242 2994 4279 3023 et
4318 2994 4506 3031 gracieux
4547 2991 4874 3031 développement

3843 3030 3910 3062 des
3933 3031 4094 3063 formes.

3884 3071 3990 3102 Cette
4019 3072 4151 3104 éditon
4180 3074 4307 3106 forme
4338 3080 4390 3104 un
4420 3075 4518 3104 beau
4549 3074 4706 3106 volume
4735 3075 4783 3106 de
4811 3072 4872 3106 168

3844 3119 3975 3150 pages,
4000 3113 4183 3152 imprimé
4207 3120 4274 3146 sur
4298 3115 4435 3152 papier
4458 3115 4566 3146 riche
4587 3116 4624 3146 et
4650 3114 4802 3147 illustré
4824 3115 4872 3147 de

3842 3154 3920 3186 très
3945 3155 4200 3186 nombreuses
4223 3162 4414 3192 gravures
4438 3158 4474 3187 et
4496 3155 4664 3187 dessins.
4691 3156 4795 3187 Dans
4819 3163 4871 3187 un

3843 3194 3910 3223 but
3924 3192 3971 3223 de
3985 3192 4275 3231 vulgarisation
4311 3194 4579 3231 scientifique,
4595 3194 4735 3225 l’envoi
4751 3200 4798 3226 en
4814 3198 4872 3227 est

3842 3234 3915 3267 fait
3939 3236 4076 3267 franco
4100 3242 4192 3267 sous
4219 3236 4272 3274 pli
4298 3235 4434 3275 fermé,
4460 3238 4596 3268 contre
4619 3235 4639 3267 0
4662 3239 4710 3268 fr.
4735 3236 4775 3269 40
4802 3236 4872 3276 (re¬

3840 3276 4075 3307 commandé
4098 3284 4106 3307 :
4127 3276 4148 3307 0
4167 3279 4215 3307 fr.
4239 3275 4292 3315 50)
4319 3284 4367 3310 en
4390 3278 4554 3310 timbres
4576 3278 4624 3310 de
4646 3281 4734 3311 tous
4758 3283 4870 3315 pays,

3839 3315 4019 3348 adressés
4044 3318 4068 3349 à
4115 3316 4315 3356 CLARKS,
4343 3319 4415 3356 130,
4442 3318 4595 3350 Galerie
4642 3320 4689 3351 de
4738 3318 4871 3350 Valois

3845 3356 4146 3396 (Palais-Royal)
4182 3359 4305 3391 Paris.

3883 3414 4020 3447 NOTA.
4043 3432 4085 3438 —
4108 3415 4212 3448 Vous
4259 3424 4306 3448 ne
4352 3423 4531 3448 recevrez
4576 3425 4646 3456 pas
4672 3425 4723 3451 un
4771 3416 4870 3448 livre

3839 3458 4098 3504 âpelconque,
4123 3458 4222 3488 mais
4246 3466 4322 3490 une
4344 3459 4438 3496 jolie
4463 3459 4644 3491 méthode
4667 3460 4870 3498 descripti¬

3839 3502 3896 3534 ve,
3924 3498 4220 3536 indispensable
4244 3499 4267 3530 à
4292 3502 4421 3531 toutes
4448 3501 4503 3530 les
4528 3501 4676 3531 dames.

3882 3539 3984 3569 Vous
4009 3540 4142 3569 n’avez
4163 3539 4307 3575 jamais
4331 3547 4399 3570 ren
4423 3547 4473 3570 vu
4496 3540 4544 3572 de
4567 3540 4702 3576 pareil.

3880 3579 3984 3610 Vous
4013 3586 4060 3611 ne
4089 3580 4336 3611 retrouverez
4362 3579 4508 3618 jamais
4537 3587 4614 3611 une
4642 3581 4744 3612 offre
4769 3587 4869 3612 sem¬

3840 3620 3979 3651 blable.

3879 3660 3982 3691 Vous
4018 3660 4260 3692 n’achèterez
4292 3660 4436 3699 jamais
4471 3662 4554 3694 rien
4588 3662 4735 3695 d'aussi
4771 3662 4866 3694 utile

3836 3702 3860 3734 à
3886 3708 3937 3732 un
3964 3703 4050 3737 prix
4075 3703 4183 3734 aussi
4211 3703 4407 3741 modique.

3882 3743 4087 3774 D’ailleurs
4116 3751 4212 3775 vous
4243 3751 4290 3774 ne
4319 3745 4475 3783 risquez
4503 3744 4602 3783 rien,
4632 3753 4747 3785 parce
4776 3751 4866 3784 que,

3838 3784 3955 3816 chose
3975 3784 4123 3820 unique
4143 3786 4179 3815 et
4201 3786 4487 3824 merveilleuse,
4508 3787 4661 3824 chaque
4684 3787 4866 3819 méthode

3836 3826 3893 3855 est
3919 3824 4208 3863 accompagnée
4232 3826 4324 3857 d’un
4352 3827 4426 3859 bon
4452 3828 4499 3859 de
4527 3828 4866 3866 remboursement

3839 3864 4018 3902 intégral.

3879 3904 3979 3935 Nous
4007 3911 4105 3936 vous
4134 3911 4359 3942 engageons
4389 3907 4490 3939 donc
4519 3908 4544 3940 à
4571 3914 4618 3939 en
4647 3907 4863 3940 demander

3837 3954 3888 3978 un
3914 3954 4011 3984 pour
4032 3947 4286 3984 aujourd’hui
4314 3948 4450 3979 même.

4218 5491 4272 5527 Le
4303 5492 4459 5528 Jérant
4490 5503 4499 5527 :
4527 5492 4780 5531 ROUSSEL.

3876 5568 4142 5614 Imprimerie
4170 5570 4352 5616 spéciale
4380 5571 4435 5607 du
4467 5572 4583 5610 Trait
4611 5573 4804 5612 d'Union.

3111 5705 3601 5774 BULLETIN
3687 5710 4115 5778 D’ABONN
4133 5712 4481 5781 EMENT

2820 5839 2869 5882 Je
2903 5842 3111 5897 soussigné
3147 5842 3302 5886 déclare
3335 5848 3535 5887 souscrire
3571 5848 3596 5888 à
3634 5859 3691 5888 un
3729 5846 3998 5891 abonnement
4035 5848 4084 5891 de
4127 5851 4244 5892 trois
4294 5855 4413 5895 mois
4457 5867 4511 5896 au
4554 5854 4738 5896 Journal
4776 5855 4809 5896 le

2770 5917 3199 5967 TRAIT-D’UNtON,
3224 5928 3328 5967 pour
3348 5914 3387 5956 la
3407 5930 3558 5958 somme
3575 5918 3620 5958 de
3638 5930 3736 5959 onze
3758 5918 3912 5970 francs.

2824 6021 2931 6060 Nom
2952 6024 2994 6062 et
3016 6023 4810 6072 profession.-.--.-....-.,.-

2824 6110 3010 6151 Adresse
3050 6120 4572 6151 -.•■■■•.—.-...—..--...-.:...
4572 6104 4676 6154 .Llii
4672 6143 4807 6152 .-----

3350 6223 3902 6262 -..t...
3969 6207 4000 6247 le
4008 6212 4555 6250 ......-.-.
4591 6212 4638 6251 VJ
4658 6233 4723 6250 ..

2768 6298 2931 6335 Libellé
2963 6300 3015 6335 de
3044 6300 3283 6336 l'Annonce
3312 6300 3335 6336 à
3366 6301 3534 6343 insérer
4275 6303 4532 6349 Signature,

2764 6670 3003 6710 Détacher
3033 6680 3087 6710 ce
3118 6672 3216 6710 Bon
3250 6676 3296 6710 et
3326 6671 3579 6722 l’envoyer
3600 6672 3626 6711 à
3657 6675 3718 6711 M.
3755 6674 3800 6712 J.
3840 6674 4002 6712 BACH
4039 6686 4156 6714 avec
4193 6676 4238 6712 le
4278 6679 4494 6713 montant
4526 6674 4584 6711 de
4623 6674 4801 6715 l'abon¬

3150 6731 3354 6774 nement,
3387 6738 3445 6766 en
3476 6727 3576 6764 Bon
3607 6726 3667 6764 de
3696 6732 3848 6778 poste,
3881 6727 4073 6767 Mandat
4102 6740 4164 6768 ou
4195 6728 4434 6767 Timbres.
