5201 7168
555 512 691 560 sieur,
723 504 992 551 sentiments
1020 502 1258 552 religieux,
1289 506 1371 547 âge
1399 496 1576 536 assorti,

554 569 760 623 employé
788 579 847 608 ou
876 559 1223 607 fonctionnaire,
1252 553 1388 608 ayant
1442 552 1579 592 situa¬

554 630 647 672 tion
668 631 788 671 sûre.

603 704 724 748 6186.
779 702 992 745 Gironde.
1041 723 1096 727 —
1146 688 1416 736 Demoiselle
1467 688 1580 728 dans

552 781 602 810 sa
626 764 816 812 famille,
842 766 895 804 32
918 771 1015 808 ans,
1040 756 1179 811 ayant
1200 754 1278 795 dot
1303 752 1449 792 10.000
1500 748 1574 793 fr.,

551 822 810 879 épouserait
827 819 1060 863 monsieur
1079 814 1218 868 ayant
1235 810 1450 854 situation
1468 806 1576 848 ville

551 899 610 928 ou
630 892 897 936 campagne.

606 961 723 1004 6187.
754 952 1182 1006 Hautes-Pyrénées.
1232 950 1287 987 —
1308 945 1475 994 Veuve,
1527 943 1578 983 46

554 1035 651 1074 ans,
675 1023 730 1064 de
751 1020 842 1062 très
862 1018 1013 1059 bonne
1035 1011 1226 1058 famille,
1251 1007 1438 1062 grande,
1491 1003 1578 1043 dis¬

552 1083 750 1135 tinguée,
775 1078 858 1130 joli
908 1074 1150 1128 physique,
1203 1070 1374 1110 femme
1423 1063 1578 1105 d’inté¬

555 1142 692 1190 rieur,
728 1139 818 1180 très
851 1131 1200 1184 commerçante,
1234 1127 1383 1170 désire
1413 1134 1578 1165 corres¬

554 1200 728 1254 pondre
751 1207 859 1239 avec
882 1192 1116 1236 monsieur
1162 1184 1471 1235 commerçant
1520 1191 1576 1223 on

554 1256 902 1304 fonctionnaire,
931 1252 1126 1300 sérieux,
1155 1246 1366 1295 honnête,
1395 1244 1579 1283 homme

554 1320 611 1362 de
630 1329 771 1360 cœur.

610 1395 730 1438 6188.
760 1384 1180 1439 Basses-Pyrénées.
1204 1407 1260 1412 —
1286 1381 1407 1423 Belle
1448 1379 1583 1427 jeune

556 1451 658 1491 fille
679 1451 727 1488 18
748 1458 844 1494 ans,
868 1440 1095 1489 instruite,
1119 1438 1223 1480 bien
1246 1435 1410 1481 élevée,
1435 1427 1584 1471 famil¬

556 1504 599 1547 le
626 1499 891 1547 honorable,
919 1494 1058 1548 petite
1085 1491 1176 1540 dot,
1207 1488 1347 1531 belles
1376 1486 1584 1536 espéran¬

558 1566 645 1604 ces,
701 1550 959 1606 épouserait
1014 1543 1325 1594 commerçant
1380 1551 1437 1580 ou
1496 1547 1586 1576 em¬

558 1609 690 1662 ployé
716 1606 911 1655 sérieux,
939 1603 991 1643 26
1016 1602 1043 1642 à
1067 1602 1119 1640 30
1147 1608 1243 1646 ans,
1274 1593 1411 1646 ayant
1436 1591 1584 1631 bonne

558 1661 791 1704 situation.

609 1740 728 1784 6204.
755 1739 998 1779 Toulouse.
1022 1758 1076 1763 —
1101 1727 1384 1775 Demoiselle,
1411 1727 1463 1766 23
1487 1733 1584 1769 ans,

556 1802 810 1855 orpheline,
834 1795 1016 1843 blonde,
1039 1792 1163 1844 jolie,
1188 1787 1486 1834 musicienne,
1511 1781 1590 1824 dot

556 1864 707 1904 50.000
738 1859 906 1906 francs,
940 1854 1086 1896 désire
1117 1852 1308 1903 épouser
1355 1842 1588 1887 monsieur

559 1923 617 1965 de
635 1923 690 1962 28
710 1920 739 1962 à
757 1920 811 1960 35
831 1928 931 1967 ans,
955 1913 1076 1961 bien,
1101 1909 1296 1958 sérieux,
1321 1904 1459 1958 ayant
1479 1903 1586 1944 bon¬

559 1992 616 2022 ne
643 1976 875 2020 situation.

611 2064 732 2106 6205.
760 2059 1004 2103 Marseille.
1027 2058 1083 2096 —
1107 2055 1262 2102 Dame,
1288 2054 1339 2092 34
1363 2061 1459 2098 ans,
1483 2059 1588 2088 veu¬

559 2139 614 2168 ve
644 2134 753 2166 sans
780 2120 978 2166 enfants,
1027 2112 1330 2156 honorabilité
1376 2108 1586 2160 parfaite,

561 2184 666 2234 bien
696 2194 804 2224 sous
831 2180 932 2222 tous
962 2177 1027 2218 les
1071 2172 1295 2227 rapports,
1342 2165 1591 2211 excellente

562 2243 752 2291 famille,
784 2239 895 2291 jolie
923 2236 1014 2286 dot,
1046 2231 1303 2286 épouserait
1331 2226 1591 2271 célibataire

560 2315 619 2345 ou
652 2299 760 2343 veuf
808 2298 1003 2343 sérieux,
1054 2291 1270 2335 situation
1320 2286 1501 2330 assurée
1550 2283 1592 2324 et

563 2362 747 2402 homme
769 2358 824 2398 de
846 2366 980 2398 cœur.

616 2435 676 2475 Le
700 2430 838 2473 Trait
848 2425 1048 2470 d’Union
1068 2423 1179 2474 peut
1191 2420 1294 2462 être
1312 2415 1462 2467 «opté,
1480 2415 1516 2456 il
1536 2424 1596 2456 ne

562 2486 721 2529 craint
748 2494 831 2535 pas
850 2483 922 2523 les
942 2479 1232 2521 Imitateurs.

617 2558 738 2602 6207.
759 2556 1015 2599 Toulouse.
1033 2552 1083 2592 —
1101 2546 1402 2592 Demoiselle,
1422 2547 1474 2584 39
1497 2552 1594 2590 ans,

564 2623 666 2664 bien
698 2631 804 2662 sous
834 2622 932 2659 tous
956 2618 1020 2657 les
1049 2614 1270 2664 rapports,
1303 2607 1593 2654 musicienne,

563 2686 725 2726 femme
743 2680 1014 2727 d'intérieur,
1035 2678 1111 2716 dot
1126 2674 1275 2715 10.000
1294 2672 1330 2711 fr
1354 2703 1363 2720 ,
1387 2668 1597 2710 mobilier

563 2748 619 2788 de
644 2749 788 2787 même
816 2743 987 2790 valeur,
1015 2739 1221 2779 habitant
1247 2746 1356 2775 avec
1382 2743 1432 2772 sa
1461 2741 1595 2778 sœur,

565 2818 723 2858 veuve,
746 2806 883 2859 ayant
903 2802 1134 2850 situation,
1156 2799 1200 2840 et
1218 2808 1299 2838 son
1320 2798 1427 2848 père
1444 2791 1592 2846 possé¬

564 2870 677 2911 dant
699 2869 822 2909 4.500
846 2866 903 2906 fr.
931 2862 1055 2905 rente
1079 2860 1274 2912 viagère,
1328 2854 1474 2898 désire
1499 2863 1591 2894 ma¬

566 2930 688 2980 riage
707 2938 815 2969 avec
832 2923 1067 2966 monsieur
1083 2922 1139 2962 de
1155 2922 1207 2960 45
1225 2919 1251 2959 à
1268 2920 1320 2958 50
1337 2926 1434 2963 ans,
1454 2912 1592 2964 ayant

566 2987 734 3040 emploi
763 2997 820 3028 ou
850 2992 1107 3026 ressources
1132 2974 1455 3032 personnelles.

618 3067 738 3107 6212.
766 3064 822 3102 —
851 3058 1135 3107 Demoiselle,
1167 3058 1219 3095 40
1248 3066 1344 3102 ans,
1402 3050 1588 3103 grande,

564 3123 836 3175 distinguée,
863 3118 1137 3170 catholique,
1164 3114 1390 3157 caractère
1414 3111 1504 3152 très
1528 3108 1591 3150 af¬

567 3186 793 3231 fectueux,
823 3182 955 3234 goûts
984 3178 1222 3224 modestes,
1254 3175 1332 3215 dot
1355 3172 1506 3213 26.000
1534 3169 1590 3209 fr.

566 3244 726 3296 argent
752 3243 794 3285 et
820 3238 1107 3287 immeubles,
1138 3234 1363 3277 demande
1391 3230 1592 3281 mariage

566 3304 788 3355 religieux
819 3312 927 3342 avec
959 3294 1291 3340 fonctionnaire
1349 3304 1407 3334 ou
1467 3303 1592 3331 mon¬

565 3365 689 3406 sieur
711 3363 767 3404 de
790 3363 842 3402 40
864 3360 891 3402 à
913 3362 965 3400 55
990 3370 1087 3407 ans,
1114 3355 1252 3408 ayant
1274 3351 1507 3395 situation.
1536 3351 1592 3391 Se

566 3420 858 3475 déplacerait.

619 3499 739 3542 6214.
778 3496 1168 3538 Haute-Garonne.
1215 3493 1269 3531 —
1319 3488 1592 3531 Institutrice

566 3560 683 3611 Etat,
711 3561 764 3600 24
791 3570 889 3607 ans,
919 3555 1023 3597 bien
1076 3550 1446 3606 physiquement,
1476 3548 1592 3588 belle

568 3619 751 3669 femme,
780 3618 940 3666 brune,
969 3614 1084 3667 petit
1106 3613 1277 3660 avenir,
1330 3608 1478 3651 désire
1500 3619 1594 3647 ma¬

567 3679 691 3731 riage
715 3688 820 3720 avec
846 3678 982 3727 jeune
1004 3675 1190 3715 homme
1214 3672 1270 3714 de
1292 3674 1343 3711 25
1368 3670 1394 3711 à
1418 3671 1468 3708 35
1494 3679 1590 3714 ans,

567 3738 774 3790 employé
801 3732 1231 3776 d’administration.

620 3814 739 3855 6216.
770 3811 1052 3860 Demoiselle,
1080 3811 1131 3849 24
1155 3819 1252 3855 ans,
1280 3806 1375 3848 fille
1397 3804 1452 3847 de
1475 3815 1594 3844 com¬

568 3871 795 3924 merçants
814 3883 868 3912 en
888 3881 1008 3923 gros,
1031 3868 1155 3910 taille
1179 3870 1197 3907 1
1220 3879 1280 3906 m.
1304 3868 1370 3914 60,
1392 3862 1590 3909 châtain,

567 3932 778 3981 sérieuse,
840 3930 1111 3981 distinguée,
1172 3924 1470 3972 musicienne,
1506 3922 1594 3963 ins¬

566 3993 718 4040 truite,
742 3992 899 4033 brevet
918 3988 1169 4040 supérieur,
1194 3987 1332 4038 ayant
1351 3984 1430 4026 dot
1449 3995 1508 4023 ou
1530 3994 1595 4023 es¬

568 4052 786 4103 pérances
847 4051 976 4090 sûres
1008 4048 1158 4087 50.000
1195 4046 1268 4094 fr.,
1332 4040 1588 4096 épouserait

567 4112 815 4159 monsieur,
838 4111 919 4160 âge
938 4110 979 4152 et
998 4107 1212 4149 situation
1232 4118 1287 4146 en
1309 4104 1510 4156 rapport.

618 4187 738 4228 6217.
799 4183 1192 4226 Haute-Garonne.
1220 4204 1276 4210 —
1307 4178 1590 4227 Demoiselle,

567 4248 614 4287 41
642 4259 738 4295 ans,
763 4244 1022 4297 paraissant
1043 4240 1148 4294 plus
1171 4241 1322 4292 jeune,
1350 4238 1594 4281 excellente

568 4306 738 4346 femme
772 4303 1052 4351 d’intérieur,
1091 4302 1320 4348 économe,
1359 4296 1584 4345 instruite,

567 4366 644 4406 dot
667 4367 790 4406 5i000
815 4364 870 4403 fr.
920 4374 977 4404 en
1003 4363 1197 4414 espèces,
1226 4359 1306 4410 joli
1356 4360 1591 4400 trousseau

567 4426 610 4466 et
633 4424 794 4476 petites
819 4424 1084 4475 espérances
1110 4423 1251 4467 sûres,
1280 4420 1426 4460 désire
1451 4418 1592 4458 s’unir

566 4485 592 4524 à
616 4483 850 4527 monsieur
872 4481 1134 4524 célibataire
1158 4492 1216 4522 ou
1239 4479 1362 4529 veuf,
1391 4490 1496 4520 sans
1520 4488 1594 4518 en¬

567 4543 703 4592 fants,
731 4544 870 4596 ayant
894 4540 1107 4584 situation
1135 4540 1330 4582 assurée.
1362 4538 1416 4579 Se
1440 4536 1592 4588 dépla¬

565 4603 718 4644 cerait.

618 4680 736 4722 6219.
770 4678 1094 4719 Deux-Sèvres.
1119 4676 1175 4714 —
1203 4675 1484 4723 Demoiselle,
1542 4674 1592 4712 32

566 4751 662 4791 ans,
688 4740 836 4780 bonrie
862 4737 1051 4786 famille,
1076 4735 1210 4788 goûts
1232 4735 1434 4787 simples,
1459 4746 1591 4786 gran¬

563 4800 634 4847 de,
671 4800 831 4847 brune,
894 4797 1032 4848 ayant
1062 4795 1294 4847 situation,
1355 4794 1591 4835 désirerait

564 4859 891 4911 correspondre
916 4867 1023 4899 avec
1076 4855 1309 4898 monsieur
1334 4855 1388 4895 de
1414 4855 1464 4892 35
1490 4852 1515 4892 à
1540 4854 1591 4892 45

564 4931 661 4968 ans,
691 4917 1023 4960 fonctionnaire
1050 4918 1104 4958 de
1130 4915 1404 4968 préférence.

615 4995 735 5036 6225.
767 4995 1159 5035 Haute-Garonne.
1182 5015 1238 5020 —
1264 4992 1404 5031 Dame
1428 4999 1587 5038 veuve,

565 5055 746 5103 blonde,
788 5056 840 5094 45
864 5066 960 5102 ans,
1004 5051 1230 5103 physique
1271 5048 1495 5100 agréable,
1522 5060 1591 5089 ca¬

564 5114 734 5155 ractère
760 5113 882 5154 doux
908 5113 952 5153 et
978 5111 1247 5158 affectueux,
1278 5109 1414 5159 ayant
1440 5119 1496 5150 eu
1526 5119 1588 5147 re¬

561 5184 679 5222 vers,
709 5171 952 5224 possédant
1004 5171 1165 5222 petites
1218 5168 1487 5216 économies,
1517 5168 1589 5208 de¬

564 5232 731 5274 mande
758 5231 961 5280 mariage
986 5242 1043 5270 ou
1070 5231 1198 5280 place
1225 5230 1280 5268 de
1307 5239 1589 5279 gouvernan¬

563 5291 606 5334 te
638 5291 747 5332 chez
780 5290 1012 5331 monsieur
1046 5299 1104 5330 ou
1138 5288 1271 5330 dame
1304 5286 1442 5328 seule.
1479 5286 1589 5327 Très

563 5350 756 5390 sérieux.

616 5427 735 5468 6226.
766 5426 1008 5467 Toulouse.
1035 5448 1088 5454 —
1116 5423 1384 5464 Demoiselle
1411 5424 1462 5463 45
1490 5433 1586 5471 ans,

564 5487 702 5534 seule,
732 5487 879 5527 bonne
932 5484 1279 5534 commerçante,
1335 5482 1474 5536 petite
1496 5483 1586 5530 dot,

563 5544 710 5587 désire
735 5546 926 5595 épouser
952 5543 1184 5585 monsieur
1210 5543 1264 5584 de
1288 5544 1340 5582 50
1364 5542 1390 5583 à
1414 5543 1464 5582 55
1490 5551 1586 5589 ans,

563 5604 687 5651 veuf,
718 5615 823 5646 sans
850 5604 1032 5646 enfants
1058 5616 1118 5646 ou
1146 5602 1420 5651 célibataire,
1452 5600 1590 5652 ayant

563 5662 795 5704 situation.

616 5738 735 5780 6227.
771 5738 1014 5780 Toulouse.
1048 5762 1103 5767 —
1136 5736 1404 5779 Demoiselle
1454 5736 1588 5776 abon¬

564 5799 644 5841 née
670 5810 778 5839 sans
802 5808 1019 5840 annonce.

616 5876 735 5916 6229.
774 5876 1026 5915 Bordeaux.
1084 5875 1139 5914 —
1199 5872 1480 5922 Demoiselle,
1539 5875 1590 5912 45

563 5946 659 5982 ans,
690 5934 838 5982 noble,
866 5934 1063 5983 grandes
1090 5933 1298 5984 qualités,
1328 5933 1430 5973 bien
1459 5932 1514 5974 de
1540 5942 1591 5971 sa

563 6004 802 6044 personne,
833 5994 982 6035 bonne
1010 5992 1307 6042 musicienne,
1336 5991 1414 6032 dot
1440 5993 1588 6031 22.000

563 6051 620 6094 fr,
655 6054 742 6094 bon
774 6054 1012 6100 caractère,
1071 6052 1329 6103 épouserait
1358 6051 1590 6091 monsieur

563 6112 644 6162 âge
672 6111 848 6160 assorti,
879 6111 1152 6162 catholique,
1183 6110 1285 6152 titré
1313 6123 1371 6152 ou
1399 6110 1455 6151 de
1483 6110 1588 6151 bon¬

564 6183 619 6214 ne
647 6171 836 6218 famille,
866 6171 1127 6214 célibataire
1152 6184 1210 6212 ou
1238 6171 1345 6212 veuf
1371 6170 1507 6222 ayant
1534 6176 1590 6211 si¬

564 6230 755 6275 tuation.

615 6308 734 6347 6231.
771 6307 1025 6348 Bordeaux.
1080 6307 1135 6346 —
1195 6307 1476 6354 Demoiselle,
1538 6308 1589 6346 28

564 6378 659 6415 ans,
719 6366 992 6416 catholique,
1051 6367 1154 6407 bien
1183 6366 1347 6414 élevée,
1406 6366 1586 6414 blonde,

561 6424 763 6476 gentille,
798 6424 1087 6475 affectueuse,
1118 6426 1258 6476 ayant
1285 6424 1423 6476 petite
1453 6426 1587 6466 situa¬

563 6483 672 6534 tion,
728 6484 986 6535 épouserait
1038 6483 1274 6526 monsieur
1326 6485 1383 6526 de
1407 6486 1460 6524 30
1486 6487 1511 6524 à
1538 6486 1588 6524 35

530 6555 542 6563 *
562 6553 658 6590 ans,
694 6542 1027 6586 fonctionnaire
1059 6555 1116 6587 ou
1151 6544 1358 6595 employé
1391 6543 1587 6592 sérieux,

563 6602 803 6644 Bordeaux
827 6602 880 6642 de
904 6602 1180 6654 préférence.

618 6671 679 6712 Ne
705 6669 915 6710 déchirez
939 6680 1020 6719 pas
1043 6682 1091 6710 ce
1113 6671 1314 6720 journal.
1344 6672 1587 6711 Donnez-le

560 6726 587 6769 à
610 6738 687 6772 vos
710 6728 842 6771 amis.

347 6985 358 7023 i
543 6960 556 7026 ï

2450 380 2522 419 LE
2555 381 2727 420 TRA11
2767 382 3012 423 D'bNIOJM

1715 481 1832 519 6233.
1863 479 2105 521 Toulouse.
2132 502 2187 508 —
2215 479 2483 519 Demoiselle
2510 480 2562 518 29
2588 489 2685 518 ans,

1664 540 1799 588 ayant
1828 549 2095 579 commerce.
2131 538 2246 579 Jolie
2278 538 2508 585 situation,
2543 536 2688 578 désire

1662 598 1864 650 mariage
1890 610 1995 639 avec
2020 597 2281 639 célibataire
2306 599 2359 639 de
2384 599 2435 637 30
2462 598 2487 638 à
2511 599 2563 637 35
2588 608 2684 644 ans,

1663 658 2008 706 fonctionnaire,
2067 670 2296 710 voyageur
2354 670 2411 698 ou
2470 667 2686 697 commer¬

1663 719 1779 768 çant.

1716 796 1834 836 6238.
1862 796 2130 836 Sud-Ouest.
2152 819 2206 824 —
2228 795 2496 835 Demoiselle
2518 795 2568 834 34
2591 806 2686 842 ans,

1665 855 1998 898 fonctionnaire
2030 856 2145 904 Etat,
2183 854 2443 895 traitement
2474 854 2596 894 2.500
2631 853 2685 892 fr.

1666 927 1772 956 avec
1796 916 2105 963 avancement,
2132 915 2376 955 excellente
2418 914 2559 961 santé,
2602 913 2691 952 ins¬

1665 975 1815 1023 truite,
1839 977 1971 1026 goûts
1991 975 2194 1026 simples,
2219 974 2387 1015 femme
2410 972 2687 1020 d’intérieur,

1664 1035 1876 1076 conduite
1905 1034 2257 1085 irréprochable,
2288 1033 2435 1075 désire
2490 1031 2690 1082 mariage

1664 1094 1770 1135 civil
1798 1106 1905 1135 avec
1930 1094 2165 1135 Monsieur
2190 1092 2459 1143 intelligent,
2489 1091 2687 1139 instruit,

1667 1155 1757 1197 très
1784 1155 1978 1203 sérieux,
2010 1154 2224 1195 situation
2255 1152 2555 1204 équivalente.

1719 1234 1838 1272 624t.
1868 1231 2068 1272 Hérault.
2091 1255 2147 1260 —
2172 1233 2311 1271 Dame
2334 1240 2490 1279 veuve,
2518 1231 2568 1269 40
2593 1239 2688 1276 ans,

1667 1291 1940 1342 catholique,
1969 1292 2106 1342 ayant
2132 1291 2328 1339 fortune,
2356 1290 2502 1331 désire
2528 1288 2692 1329 maria¬

1667 1364 1722 1403 ge
1752 1363 1859 1392 avec
1891 1351 2123 1392 monsieur
2156 1350 2275 1399 bien,
2311 1351 2448 1401 ayant
2479 1349 2692 1390 brillante

1668 1411 1884 1452 situation
1916 1412 2031 1453 dans
2062 1411 2105 1451 la
2138 1410 2459 1462 magistrature
2490 1420 2546 1450 ou
2579 1409 2694 1449 dans

1668 1472 1865 1512 l’armée.
1896 1472 2007 1512 Très
2032 1471 2225 1511 sérieux.

1725 1550 1859 1589 Aider
1880 1560 1936 1590 au
1960 1548 2234 1588 relèvement
2255 1549 2389 1588 social
2412 1551 2454 1587 et
2475 1547 2616 1586 moral
2642 1546 2694 1584 de

1671 1611 1714 1650 la
1736 1610 1890 1650 nation
1916 1620 1970 1649 en
1998 1610 2163 1648 luttant
2187 1611 2337 1648 contre
2366 1610 2403 1648 le
2427 1607 2603 1653 célibat,
2630 1607 2695 1644 fa¬

1671 1670 1814 1710 ciliter
1850 1671 1911 1710 les
1946 1668 2171 1718 mariages
2204 1678 2284 1716 par
2319 1680 2379 1708 un
2413 1664 2607 1715 système
2642 1666 2694 1704 de

1671 1732 1785 1770 mise
1803 1739 1856 1768 en
1878 1730 2068 1768 relation
2090 1727 2267 1768 sérieux
2288 1731 2330 1767 et
2351 1727 2531 1767 discret:
2550 1726 2608 1767 tel
2631 1728 2696 1767 est

1674 1791 1711 1831 le
1734 1791 1814 1831 but
1836 1790 1888 1830 de
1912 1791 1954 1828 la
1978 1789 2220 1828 Direction.

1927 1852 1930 1862 -
1982 1850 2235 1874 i.__
2434 1843 2458 1875 i’
2656 1856 2693 1870 ...
2707 1824 2732 1864 S

1803 1922 2570 1993 MARIAGES

1728 2082 1793 2121 En
1824 2092 1962 2130 mars,
1995 2081 2112 2122 deux
2144 2080 2368 2132 mariages
2399 2080 2500 2120 sont
2529 2091 2699 2120 annon¬

1671 2142 1745 2183 cés
1769 2141 1796 2182 à
1819 2140 1865 2182 la
1890 2140 2131 2181 Direction.
2161 2139 2397 2181 Meilleurs
2421 2151 2572 2180 vœux.

2439 2199 2479 2239 J.
2506 2199 2646 2240 Bach.

2769 487 2827 518 ne
2874 490 2957 528 pas
3006 479 3280 520 contrefaire
3318 491 3400 521 son
3439 480 3636 522 écriture
3673 483 3717 523 et
3739 483 3795 524 de

2771 538 2956 578 n’écrire
2979 550 3067 589 que
3090 551 3168 580 sur
3190 538 3252 579 du
3275 540 3434 592 papier
3458 551 3547 580 non
3572 541 3693 591 rayé.

2826 696 3029 736 Violette.
3058 720 3112 724 —
3141 697 3328 740 Gomme
3357 699 3401 739 la
3430 698 3545 738 fleur
3572 700 3684 739 dont
3710 699 3796 740 elle

2772 756 2897 805 porte
2931 755 2972 796 le
3005 767 3127 806 nom,
3164 757 3368 807 Violette,
3407 767 3463 799 au
3498 758 3695 810 premier
3731 771 3795 800 as¬

2771 816 2871 864 pect
2890 816 3049 857 n’offre
3070 816 3167 857 rien
3189 817 3245 857 de
3264 818 3463 859 saillant.
3489 819 3604 860 C’est
3622 829 3711 868 que
3731 827 3796 858 re¬

2772 874 2916 925 pliant
2940 875 3004 916 les
3026 877 3196 928 pétales
3219 877 3272 918 de
3295 890 3343 918 sa
3366 878 3547 926 corolle,
3571 878 3656 918 elle
3678 879 3796 919 écar¬

2772 935 2815 974 te
2844 935 2900 975 de
2930 947 3009 976 son
3042 936 3197 977 mieux
3228 937 3293 978 les
3323 939 3509 989 regards
3541 938 3793 979 indiscrets.

2774 993 2869 1036 Elle
2891 1007 2944 1036 ne
2967 1007 3012 1036 se
3033 998 3212 1039 raconte
3233 1009 3315 1048 pas
3335 998 3580 1039 volontiers
3602 997 3798 1039 elle-mê-
3826 1035 3828 1041 .

2774 1065 2859 1103 me,
2891 1067 2973 1106 par
3001 1056 3168 1106 contre,
3202 1057 3264 1096 les
3294 1059 3428 1108 petits
3455 1069 3650 1099 cancans
3680 1059 3798 1098 trou¬

2774 1116 2932 1155 veront
2956 1128 3009 1156 en
3034 1116 3119 1156 elle
3141 1128 3229 1157 une
3253 1116 3475 1158 auditrice
3497 1117 3726 1166 attentive,
3752 1119 3799 1158 ni

2779 1174 3110 1224 intellectuelle,
3148 1178 3194 1216 ni
3230 1178 3398 1218 artiste.
3436 1178 3534 1218 Elle
3567 1178 3632 1218 est
3666 1189 3799 1227 pour¬

2777 1235 2873 1274 tant
2898 1235 3040 1277 douée
3066 1236 3202 1277 d’une
3229 1236 3518 1288 intelligence
3568 1236 3706 1278 claire
3758 1239 3801 1278 et

2776 1292 2884 1334 d’un
2904 1295 3143 1346 jugement
3161 1297 3255 1344 sûr,
3276 1297 3451 1347 parfois
3469 1310 3531 1337 un
3554 1309 3640 1348 peu
3661 1298 3802 1348 préci¬

2778 1353 2883 1404 pité.
2916 1354 3051 1396 Cœur
3079 1357 3236 1397 tendre
3263 1357 3307 1397 et
3332 1356 3513 1397 volonté
3541 1356 3799 1408 impulsive,

2780 1424 2835 1453 ne
2863 1415 3052 1456 sachant
3079 1427 3161 1466 pas
3190 1416 3394 1456 contenir
3424 1417 3687 1468 l’explosion
3719 1416 3803 1459 fré-
3827 1416 3831 1439 !

2779 1475 2946 1524 quente
2973 1475 3107 1516 d’une
3135 1476 3236 1516 vive
3263 1477 3306 1518 et
3334 1488 3421 1528 peu
3448 1477 3679 1518 ordinaire
3707 1489 3803 1519 sen-

2779 1533 2943 1574 siblité.
2972 1535 3140 1583 Active,
3171 1537 3408 1579 remuante
3432 1536 3800 1588 physiquement,

2783 1592 2968 1635 franche
2991 1606 3098 1635 avec
3119 1595 3378 1644 discrétion,
3403 1597 3566 1646 sujette
3590 1599 3614 1637 à
3638 1597 3714 1639 des
3736 1610 3804 1638 ac¬

2781 1652 2854 1694 cès
2875 1654 2931 1695 de
2954 1654 3166 1696 tristesse.
3197 1654 3333 1697 Santé
3358 1657 3519 1696 bonne.

2838 1714 3063 1755 Brïselidi.
3084 1739 3139 1743 —
3159 1715 3329 1755 Nature
3351 1716 3454 1756 bien
3480 1717 3700 1759 féminine
3722 1728 3806 1768 par

2782 1783 2872 1814 une
2904 1773 3154 1815 sensibilité
3187 1785 3382 1827 presque
3442 1776 3680 1824 excessive,
3717 1788 3804 1816 une

2784 1832 3080 1884 imâgination
3111 1834 3226 1882 vive,
3258 1848 3347 1878 une
3373 1835 3647 1886 coquetterie
3677 1837 3806 1877 rusée

2781 1891 2823 1932 et
2848 1893 3072 1942 méfiante,
3086 1896 3221 1944 qu’on
3248 1906 3303 1935 ne
3330 1896 3565 1937 rencontre
3591 1907 3671 1947 pas
3698 1898 3804 1936 chez

2783 1952 2848 1992 les
2872 1954 3208 2005 représentants
3234 1955 3296 1995 du
3322 1966 3425 1998 sexe
3478 1956 3579 1997 fort.
3610 1955 3708 1998 Une
3734 1969 3805 1997 vo¬

2784 2011 2908 2058 lonté!
2940 2014 3095 2055 tenace
3130 2014 3270 2063 jointe
3305 2015 3330 2055 à
3364 2026 3452 2056 une
3516 2015 3802 2065 intelligence

2783 2070 2885 2112 bien
2914 2072 3176 2123 équilibrée,
3206 2086 3297 2115 aux
3323 2075 3446 2116 idées
3499 2075 3660 2126 larges,
3692 2087 3806 2116 nous

2783 2143 2955 2183 prouve
2980 2144 3069 2184 que
3097 2146 3213 2176 nous
3239 2146 3354 2175 nous
3382 2137 3600 2179 trouvons
3627 2146 3680 2175 en
3710 2136 3807 2186 pré¬

2783 2201 2912 2235 sence
2942 2193 3047 2234 d’un
3079 2194 3304 2234 caractère
3334 2194 3388 2235 de
3417 2194 3589 2237 valeur.

3872 479 4089 521 intérieur
4118 480 4413 529 confortable,
4459 482 4672 524 voudrait
4698 484 4896 533 prendre

3871 548 4047 579 comme
4099 539 4434 589 pensionnaire,
4494 542 4626 581 dame
4682 552 4739 582 ou
4770 552 4895 582 mon¬

3871 595 3993 637 sieur
4020 599 4132 644 seul,
4163 598 4494 641 fonctionnaire
4521 611 4578 642 ou
4606 600 4787 641 rentier.

3926 676 3989 713 15.
4019 675 4160 716 Dame
4185 683 4340 724 veuve,
4396 677 4534 727 ayant
4555 690 4612 719 eu
4664 678 4816 720 revers
4841 678 4897 719 de

3875 734 4069 779 fortune,
4101 736 4153 772 37
4183 746 4280 781 ans,
4313 746 4419 779 sans
4448 736 4644 784 enfants,
4678 738 4896 778 excellen¬

3874 792 3938 832 tes
3964 792 4201 836 éducation
4228 794 4272 834 et
4299 794 4582 844 instruction,
4612 796 4714 846 apte
4739 796 4764 836 à
4790 796 4897 837 diri¬

3872 862 3950 899 ger
3982 851 4214 899 intérieur,
4248 851 4485 894 désirerait
4514 855 4696 896 trouver
4727 855 4895 907 emploi

3874 909 4083 951 caissière
4111 923 4169 951 ou
4198 911 4396 961 gérante,
4430 912 4549 953 hôtel
4579 926 4636 955 ou
4667 914 4779 955 café.
4812 915 4898 955 En¬

3874 968 4031 1009 trerait
4055 980 4112 1009 au
4137 969 4307 1011 service
4331 971 4386 1012 de
4411 971 4644 1013 monsieur
4669 974 4779 1022 seul,
4808 974 4899 1016 mê¬

3876 1039 3947 1068 me
3975 1039 4080 1068 avec
4106 1028 4299 1071 enfants-
4331 1031 4440 1072 Très
4468 1032 4660 1073 sérieux.

3934 0 3994 1143 16.
4004 1104 4486 1147 Bouches-du-Rhône.
4526 1131 4576 1137 —
4609 1107 4894 1160 Célibataire,

3876 1166 3927 1204 70
3955 1175 4050 1210 ans,
4096 1166 4240 1206 comte
4268 1165 4579 1219 authentique,
4626 1168 4902 1212 descendant

3878 1223 4011 1264 d’une
4038 1223 4257 1266 ancienne
4284 1225 4327 1266 et
4352 1224 4527 1268 illustre
4556 1227 4744 1278 famille,
4775 1230 4902 1272 habi¬

3883 1283 3979 1322 tant
4013 1283 4140 1330 villa,
4175 1284 4390 1326 voudrait
4421 1286 4609 1338 adopter
4643 1287 4804 1330 enfant
4835 1301 4895 1331 ou

3880 1340 4016 1389 jeune
4039 1342 4223 1383 homme
4247 1344 4299 1384 de
4325 1344 4500 1387 famille
4523 1345 4660 1395 riche,
4687 1359 4792 1392 avec
4814 1350 4906 1401 pri¬

3883 1412 3968 1440 me.
3988 1402 4195 1444 Céderait
4219 1401 4347 1444 titres
4375 1405 4638 1449 nobiliaires
4666 1407 4707 1447 et
4720 1409 4906 1459 parche¬

3884 1460 4018 1500 mins.
4050 1460 4179 1503 Faire
4205 1463 4354 1503 offres.

3939 1538 4000 1577 17.
4030 1538 4064 1576 A
4087 1540 4256 1581 vendra
4280 1550 4393 1587 pour
4416 1549 4548 1583 cause
4572 1544 4626 1585 de
4651 1542 4811 1592 départ
4831 1545 4907 1587 ob¬

3882 1595 3969 1643 jets
3998 1598 4182 1640 anciens
4217 1612 4224 1639 :
4257 1600 4475 1651 meubles,
4507 1603 4734 1652 tableaux,
4769 1604 4908 1646 livres

3883 1656 4148 1705 argenterie,
4179 1659 4410 1701 dentelles.
4437 1660 4682 1703 Collection
4712 1664 4916 1707 timbres.

3933 1715 4184 1756 S’adresser
4215 1717 4388 1759 bureau
4417 1719 4544 1759 Trait
4563 1719 4773 1763 d’Union.

3971 1903 4074 1981 Une
4111 1904 4358 1996 Agréable
4395 1908 4450 1985 et
4483 1908 4608 1986 utile
4651 1909 4820 1989 Soirée

3932 2098 4051 2141 Nous
4097 2100 4196 2143 n’en
4250 2103 4539 2147 connaissons
4583 2116 4667 2160 pas
4713 2106 4764 2147 de
4803 2106 4911 2160 plus

3882 2161 4137 2216 attrayante
4167 2174 4248 2219 que
4277 2166 4383 2207 celle
4411 2167 4561 2219 passée
4590 2170 4616 2211 à

1736 2354 2152 2425 PENSÉES
2216 2355 2644 2425 INÉDITES

1718 2516 1818 2549 Sous
1846 2524 1888 2550 ce
1915 2518 2015 2553 titre,
2047 2524 2148 2548 nous
2175 2515 2359 2549 insérons
2386 2515 2701 2554 gracieusement

1678 2555 1747 2588 des
1777 2556 1944 2595 phrases
1973 2558 2140 2592 courtes,
2173 2555 2444 2596 personnelles
2476 2556 2512 2587 et
2543 2558 2703 2594 n’ayant

1678 2596 1823 2635 jamais
1854 2596 1912 2630 été
1943 2596 2132 2637 publiées.

1718 2722 1819 2755 L'art
1848 2723 1904 2754 est
1931 2722 2028 2754 cette
2058 2722 2174 2754 chose
2202 2720 2328 2754 idéale
2358 2727 2431 2759 que
2459 2720 2494 2753 le
2519 2719 2702 2758 vulgaire

1674 2770 1726 2795 ne
1755 2770 1985 2800 soupçonne
2016 2765 2144 2796 même
2174 2770 2244 2801 pas
2277 2775 2289 2794 :
2318 2765 2409 2796 c'est
2438 2762 2624 2796 l’au-delà
2654 2763 2701 2794 de

1677 2804 1852 2842 l'artiste,
1886 2806 1976 2837 c'est
2008 2805 2046 2838 la
2078 2807 2178 2837 terre
2208 2805 2381 2843 promise
2414 2806 2599 2836 entrevue
2631 2811 2703 2841 par

1677 2847 1734 2879 lui
1754 2848 1788 2879 et
1811 2847 1905 2879 dont
1926 2848 1954 2879 il
1974 2854 2022 2880 ne
2043 2848 2135 2885 peut
2156 2847 2324 2884 prendre
2346 2848 2585 2884 possession,
2608 2847 2703 2879 mal¬

1676 2889 1743 2927 gré
1768 2890 1807 2922 la
1831 2890 1927 2922 lutte
1952 2889 2182 2927 désespérée
2207 2890 2252 2922 de
2278 2898 2322 2922 sa
2347 2891 2407 2923 vie
2433 2890 2479 2922 de
2505 2889 2703 2927 souffran¬

1676 2938 1729 2962 ce.

1717 2974 1771 3005 La
1791 2973 1980 3005 Jeunesse
2003 2980 2024 3004 a
2047 2973 2114 3006 des
2136 2973 2320 3006 illusions
2344 2979 2494 3007 comme
2518 2973 2657 3006 l'arbre
2680 2981 2703 3006 a

1678 3015 1743 3047 des
1768 3015 1937 3052 feuilles.
1964 3016 2032 3048 Les
2059 3023 2156 3048 unes
2183 3016 2357 3048 tombent
2382 3023 2532 3049 comme
2556 3016 2611 3048 les
2638 3023 2703 3048 au¬

1678 3059 1754 3089 tres
1766 3057 1784 3089 .1
1800 3058 1901 3090 mais
1926 3059 1980 3090 les
2003 3058 2160 3093 feuilles
2185 3059 2409 3091 renaissent
2433 3059 2468 3090 et
2491 3060 2531 3091 la
2553 3059 2616 3090 vie
2638 3059 2703 3091 n'a

1677 3098 1798 3135 qu'un
1823 3098 2054 3135 printemps.

1759 3211 2074 3289 ABONNÉS
2135 3219 2216 3289 ET
2277 3220 2626 3290 LECTEURS

1996 3298 2127 3339 Lisez
2158 3298 2266 3340 bien
2296 3300 2394 3341 eeci

1732 3360 1875 3401 Toute
1898 3371 2123 3411 personne
2144 3361 2224 3413 qui
2247 3372 2494 3414 procurera
2515 3362 2542 3403 à
2565 3362 2609 3403 la
2632 3362 2706 3402 Di¬

1682 3419 1851 3460 rection
1876 3420 1993 3460 deux
2019 3419 2219 3462 abonnés
2243 3431 2498 3470 nouveaux,
2524 3423 2708 3473 n’ayant

1678 3478 1844 3528 jamais
1864 3479 1931 3519 été
1953 3479 2134 3521 inscrits
2154 3478 2202 3520 ni
2223 3479 2248 3519 à
2268 3479 2314 3520 la
2336 3481 2506 3529 Rapide
2530 3482 2704 3531 Agence

1679 3536 1726 3576 ni
1754 3538 1812 3578 au
1840 3538 1967 3579 Trait
1995 3539 2211 3587 d’Union,
2240 3550 2353 3579 aura
2380 3538 2499 3580 droit
2531 3552 2539 3580 :
2567 3539 2653 3581 soit
2680 3540 2706 3580 à

1700 3606 1788 3636 une
1847 3596 2164 3647 prolongation
2226 3598 2579 3639 d’abonnement
2636 3598 2691 3640 de

1702 3655 1819 3698 deux
1848 3655 1978 3707 mois,
2007 3655 2093 3698 soit
2118 3657 2144 3698 à
2171 3668 2232 3699 un
2260 3658 2567 3708 abonnement
2590 3667 2691 3708 gra¬

1698 3715 1786 3757 tuit
1811 3715 1867 3758 de
1894 3716 2041 3758 même
2066 3715 2219 3758 durée.

1726 3802 1777 3809 —
1807 3780 1932 3822 Tous
1962 3791 2051 3823 1104
2075 3782 2287 3823 abonnés
2315 3785 2424 3824 sont
2450 3782 2579 3832 priés
2599 3782 2708 3833 S’a¬

1672 3843 1864 3884 dresser
1895 3844 2064 3885 lettres
2094 3847 2140 3884 et
2172 3845 2521 3890 observations,
2553 3854 2646 3886 non
2675 3845 2703 3884 à

1672 3904 1722 3944 la
1740 3919 1770 3940 m
1793 3904 1969 3954 Rapide
1999 3908 2180 3953 Agence
2198 3920 2246 3953 »,
2269 3907 2391 3948 niais
2413 3916 2475 3947 au
2501 3907 2702 3956 journal

1673 3968 1736 4007 du
1756 3980 1786 4004 «
1806 3967 1940 4008 Trait
1964 3967 2163 4010 d’Union
2186 3982 2233 4015 »,
2262 3970 2334 4016 26,
2352 3979 2440 4010 rue
2466 3970 2699 4016 d’Asiorg,

1673 4030 1919 4071 Toulouse.

1736 4103 1832 4143 l*“
1858 4103 1939 4142 Les
1958 4102 2162 4143 bureaux
2184 4102 2244 4144 du
2266 4104 2446 4143 TRAIT
2470 4103 2703 4144 D’UNION

1679 4173 1733 4202 ne
1754 4166 1857 4203 sont
1879 4167 2062 4204 ouverts
2083 4175 2171 4214 que
2195 4165 2506 4212 l’après-midi,
2532 4167 2587 4206 de
2609 4167 2634 4204 2
2656 4167 2701 4206 h.

1679 4223 1705 4264 à
1724 4227 1748 4265 5
1770 4225 1946 4274 heures,
1970 4227 2034 4274 26,
2059 4236 2139 4267 rue
2160 4227 2383 4276 d’Astorg.

1866 4298 1987 4336 Tous
2018 4296 2079 4336 les
2108 4297 2496 4344 renseignements
2527 4307 2703 4338 concer¬

1679 4359 1790 4397 nant
1822 4358 1865 4398 la
1896 4358 2208 4399 combinaison
2242 4359 2459 4409 mariage,
2495 4359 2558 4400 les
2591 4360 2703 4399 loca¬

1678 4418 1811 4466 tions,
1868 4420 2024 4466 offies,
2083 4420 2330 4460 demandes
2359 4423 2399 4459 st
2428 4420 2526 4459 avis
2554 4421 2704 4460 divers

1678 4484 1779 4520 sont
1809 4479 1983 4521 donnés
2012 4481 2336 4530 gratuitement
2367 4482 2482 4523 dans
2512 4492 2595 4523 nos
2624 4481 2703 4523 bu¬

1678 4551 1832 4589 reaux,
1866 4542 2176 4591 l’après-midi,
2208 4543 2262 4583 de
2291 4545 2315 4583 2
2343 4544 2387 4583 h.
2417 4542 2442 4583 à
2470 4547 2494 4583 5
2523 4543 2699 4591 heures,

1678 4604 1742 4650 26,
1771 4613 1850 4643 rue
1875 4603 2099 4653 d’Astorg,
2126 4604 2370 4646 Toulouse.

1730 4931 1788 4973 Le
1810 4930 2044 4975 Directeur
2066 4934 2132 4974 est
2152 4934 2357 4975 heureux
2379 4934 2654 4976 d’annoncer
2674 4935 2701 4976 à

1675 5002 1745 5033 ses
1769 4991 1970 5035 abonnés
1992 4991 2105 5044 qu’il
2119 5003 2146 5032 a
2160 5004 2216 5034 eu
2230 4992 2274 5034 la
2288 4994 2437 5035 bonne
2452 4994 2632 5036 fortune
2645 4995 2702 5038 de

1676 5051 1893 5093 s’assurer
1934 5052 1975 5095 le
2016 5063 2236 5094 concours
2261 5053 2316 5095 de
2340 5052 2575 5096 l’éminent
2600 5066 2700 5107 pro¬

1675 5110 1850 5153 fesseur
1894 5111 1949 5153 de
1997 5111 2314 5164 Graphologie,
2364 5112 2414 5155 G.
2447 5112 2696 5163 Lefranck,

1674 5171 1755 5222 qui
1778 5172 1885 5212 veut
1908 5171 2013 5214 bien
2038 5172 2199 5213 mettre
2222 5184 2274 5214 sa
2296 5172 2471 5216 science
2494 5173 2520 5214 à
2544 5173 2587 5216 la
2612 5174 2698 5216 dis¬

1676 5229 1852 5280 postion
1878 5231 1956 5272 des
1980 5231 2172 5274 lecteurs
2195 5232 2258 5274 du
2283 5232 2411 5275 Trait
2433 5234 2643 5275 d’Union.

1728 5289 1957 5332 Personne
1980 5290 2184 5342 n’ignore
2206 5291 2272 5333 les
2284 5293 2478 5335 services
2491 5304 2579 5343 que
2592 5295 2701 5344 peut

1675 5349 1837 5391 rendre
1890 5363 1978 5392 une
2019 5351 2152 5391 étude
2192 5351 2552 5403 graphologique
2595 5351 2695 5393 bien

1675 5407 1797 5450 faite.
1821 5407 2055 5461 L’analyse
2074 5410 2128 5451 de
2149 5410 2374 5453 l’écriture
2395 5411 2540 5452 révèle
2561 5412 2606 5453 la
2625 5423 2698 5453 va¬

1675 5467 1775 5509 leur
1818 5467 1978 5511 intime
2004 5469 2060 5511 de
2087 5469 2343 5520 l’individu,
2375 5479 2445 5512 ses
2472 5471 2700 5523 aptitudes

1676 5526 2019 5568 intellectuelles
2043 5530 2084 5568 et
2109 5528 2318 5570 morales.

1729 5586 1824 5627 Non
1853 5587 2104 5629 seulement
2130 5588 2160 5629 il
2187 5590 2252 5631 est
2279 5590 2548 5632 intéressant
2571 5591 2627 5633 de
2653 5603 2698 5633 se

1675 5644 1777 5685 bien
1802 5648 2035 5688 connaître
2057 5648 2309 5698 soi-même;
2331 5650 2448 5691 mais
2472 5651 2504 5691 il
2526 5652 2593 5691 est
2615 5650 2699 5691 uti¬

1675 5703 1715 5746 le
1758 5704 1799 5746 et
1842 5707 2039 5758 prudent
2082 5706 2302 5750 d’étudier
2344 5720 2458 5752 ceux
2484 5718 2591 5751 avec
2618 5708 2699 5751 les¬

1674 5764 1803 5814 quels
1839 5775 1896 5805 on
1918 5763 2064 5807 désire
2085 5768 2234 5808 entrer
2255 5779 2308 5810 en
2331 5767 2520 5811 relation
2543 5768 2697 5815 d’inté¬

1674 5824 1741 5864 rêt
1759 5835 1817 5864 ou
1838 5825 1893 5866 de
1913 5823 2171 5867 sentiment.

1728 5882 1786 5924 Le
1807 5883 2066 5935 professeur
2087 5884 2312 5928 Lefranck
2332 5886 2443 5929 dont
2463 5900 2576 5931 nous
2596 5900 2699 5931 con¬

1674 5941 1881 5984 naissons
1909 5942 1952 5984 la
1981 5944 2130 5985 sûreté
2174 5945 2228 5987 de
2272 5946 2539 5999 diagnostic,
2571 5947 2695 5989 satis-

1675 5999 1790 6042 faira
1814 6003 2155 6053 certainement,
2182 6004 2248 6046 les
2270 6004 2376 6056 plus
2399 6005 2626 6049 difficiles.

1730 6060 1994 6104 Conditions
2036 6062 2167 6104 faites
2209 6075 2298 6104 aux
2339 6065 2531 6107 lecteurs
2571 6067 2626 6108 de
2650 6079 2698 6108 ce

1672 6118 1856 6168 journal
1886 6133 1894 6161 :

1671 6199 1755 6236 Par
1775 6198 1902 6239 lettre
1924 6212 1932 6239 :
1957 6200 2144 6251 Croquis
2165 6200 2531 6244 silhouette.
2594 6204 2620 6242 0
2650 6204 2701 6244 75

1776 6273 1824 6281 —
1958 6255 2531 6301 Portrait.
2595 6257 2620 6296 3
2679 6270 2699 6296 »

1774 6327 1827 6336 —
1959 6308 2151 6359 Analyse
2167 6306 2299 6351 détaillée
2313 6310 2340 6348 et
2355 6307 2530 6361 complète..
2595 6310 2620 6351 5
2679 6324 2699 6350 »

1727 6374 1762 6416 A
1790 6376 1934 6428 partir
1959 6377 2020 6420 du
2047 6382 2066 6418 1
2075 6383 2104 6400 er
2129 6380 2380 6429 décembre,
2409 6383 2507 6421 tout
2531 6384 2695 6423 nouvel

1674 6435 1851 6477 abonné
1900 6447 1959 6479 ou
1999 6436 2242 6492 réabonné,
2282 6439 2362 6492 qui
2401 6440 2576 6483 voudra
2599 6453 2699 6483 sou¬

1675 6496 1835 6538 mettre
1890 6507 1970 6538 son
2023 6498 2216 6540 écriture
2259 6499 2545 6551 personnelle
2588 6514 2699 6542 aura

1674 6555 1794 6596 droit
1841 6556 1868 6596 à
1906 6568 1968 6598 un
2019 6557 2201 6608 croquis
2239 6558 2480 6609 silhouette
2530 6562 2699 6609 gratuit

1675 6615 1789 6656 dans
1829 6616 1870 6658 le
1908 6615 2109 6668 journal,
2138 6629 2243 6660 sous
2283 6632 2344 6660 un
2388 6618 2699 6671 pseudonyme

1675 6675 1972 6727 quelconque.

1727 6735 1763 6776 Il
1806 6737 1872 6778 est
1914 6739 2253 6790 expressément
2296 6739 2616 6782 recommandé
2643 6740 2698 6780 de

2835 2252 2896 2291 La
2929 2251 3163 2304 scriptrice
3194 2254 3283 2295 s’en
3318 2254 3667 2295 douterait-elle?
3700 2256 3805 2296 Pro¬

2782 2310 3056 2360 bablement,
3087 2323 3162 2353 car
3190 2312 3396 2363 l’orgueil
3422 2324 3556 2366 perce
3580 2316 3695 2356 dans
3723 2327 3803 2356 son

2781 2371 3060 2422 graphisme.
3091 2372 3179 2413 Son
3209 2375 3428 2415 ambition
3456 2376 3567 2416 n’est
3592 2386 3675 2427 pas
3728 2375 3806 2415 des

2782 2430 2886 2482 plus
2914 2432 3075 2483 petites
3104 2432 3150 2472 ni
3182 2444 3230 2473 sa
3258 2435 3564 2484 personnalité
3594 2435 3672 2476 des
3702 2434 3806 2486 plus

2782 2491 2983 2533 effacées.
3013 2492 3112 2534 Elle
3134 2494 3202 2534 est
3225 2495 3376 2536 armée
3401 2505 3518 2545 pour
3543 2495 3589 2535 la
3612 2494 3724 2535 lutte
3750 2494 3806 2535 de

2781 2550 2827 2589 la
2851 2550 2936 2591 vie.

2837 2699 2890 2740 Je
2915 2700 3119 2752 rappelle
3143 2702 3170 2742 à
3196 2712 3292 2742 mes
3319 2702 3520 2744 abonnés
3546 2702 3603 2744 de
3627 2702 3806 2744 vouloir

2784 2759 2888 2800 bien
2918 2772 2963 2801 se
2991 2761 3104 2803 faire
3132 2761 3365 2803 connaître
3393 2763 3483 2803 lors
3511 2763 3565 2803 de
3593 2764 3638 2803 la
3664 2763 3807 2804 trans¬

2783 2819 2970 2862 mission
2998 2821 3075 2862 des
3101 2822 3267 2863 lettres.
3298 2822 3419 2863 Ceux
3446 2823 3525 2875 qui
3552 2835 3607 2865 ne
3633 2837 3678 2867 se
3704 2835 3805 2864 con¬

2784 2879 3035 2922 formeront
3054 2894 3136 2933 pas
3155 2883 3180 2922 à
3202 2882 3312 2923 cette
3335 2882 3455 2934 règle
3475 2895 3530 2924 ne
3552 2884 3703 2924 seront
3723 2896 3806 2935 pas

2785 2941 2963 2991 surpris
2983 2953 3073 2992 que
3095 2942 3194 2983 leur
3217 2943 3604 2994 correspondance
3628 2943 3715 2984 soit
3737 2944 3808 2985 dé¬

2786 3000 3006 3042 cachetée.

3494 3064 3532 3103 J.
3560 3064 3699 3104 Bach.

2815 3206 3070 3259 Lettres
3112 3207 3190 3259 de
3230 3207 3775 3261 Remerciements

2839 3338 2899 3378 Le
2918 3338 3052 3379 cadre
3072 3339 3128 3379 de
3148 3338 3275 3380 notre
3295 3339 3479 3390 journal
3500 3351 3556 3379 ne
3577 3351 3692 3380 nous
3711 3351 3808 3391 per¬

2787 3398 2979 3439 mettant
2999 3409 3082 3450 pas
3131 3398 3348 3439 d’insérer
3398 3399 3462 3440 les
3514 3399 3810 3442 nombreuses

2787 3456 2939 3499 lettres
2971 3457 3026 3498 de
3059 3457 3350 3500 félicitations
3383 3458 3611 3500 adressées
3644 3470 3702 3500 au
3736 3459 3809 3500 Di¬

2787 3516 2960 3561 recteur
2987 3516 3149 3568 depuis
3175 3518 3219 3558 la
3245 3518 3442 3559 création
3471 3518 3526 3558 de
3551 3519 3663 3559 cette
3690 3530 3807 3559 com¬

2789 3575 3015 3624 binaison,
3053 3587 3167 3616 ceux
3201 3575 3257 3617 de
3293 3588 3375 3619 nos
3411 3577 3612 3619 abonnés
3647 3578 3727 3629 qui
3764 3578 3805 3619 le

2786 3634 3082 3676 désireraient
3106 3638 3327 3686 pourront
3352 3647 3406 3677 en
3460 3638 3656 3688 prendre
3707 3648 3810 3678 con¬

2786 3695 3021 3736 naissance
3054 3695 3169 3737 dans
3201 3706 3283 3736 nos
3315 3695 3536 3746 bureaux,
3571 3707 3652 3738 rue
3683 3697 3809 3738 d’As¬

2786 3754 2899 3804 torg,
2926 3755 2991 3803 26,
3019 3753 3261 3796 Toulouse.

2848 3903 3165 3997 Annonces
3216 3905 3281 3996 et
3330 3900 3477 3997 Avis
3530 3900 3739 3999 divers

4014 2257 4784 2348 L’APOLLO-THÉATRE

3883 2391 3932 2423 en
3964 2383 4183 2424 admirant
4212 2395 4292 2426 sur
4321 2384 4479 2428 l’écran
4516 2387 4908 2447 cinématographi¬

3883 2454 3976 2499 que,
4016 2445 4078 2487 les
4113 2446 4263 2489 scènes
4299 2447 4616 2492 intéressantes
4652 2454 4692 2495 et
4728 2463 4911 2508 sugges¬

3882 2507 3994 2549 tives
4037 2519 4116 2562 que
4161 2509 4246 2552 l'on
4290 2522 4345 2552 ne
4385 2513 4591 2555 retrouve
4629 2515 4751 2556 nulle
4789 2519 4905 2569 part.

3884 2567 3995 2612 C’est
4028 2582 4079 2612 un
4112 2572 4324 2625 spectacle
4355 2575 4404 2616 où
4436 2573 4500 2618 les
4529 2575 4717 2620 familles
4744 2588 4790 2620 se
4811 2577 4910 2620 don¬

3880 2635 3988 2674 nent
4015 2634 4298 2677 rendez-vous
4327 2638 4370 2678 et
4399 2637 4491 2678 d’où
4524 2638 4630 2680 elles
4651 2639 4911 2694 çevoéiiyjit

3882 2695 4080 2748 toujours
4114 2695 4369 2740 satisfaites.
4411 2699 4464 2741 On
4503 2711 4555 2742 ne
4586 2704 4702 2754 peut'
4727 2695 4859 2750 v-ehir
4885 2703 4911 2745 à

3883 2755 4092 2800 Toulouse
4107 2770 4211 2802 sans
4230 2760 4388 2803 visiter
4408 2762 4640 2814 l’élégante
4660 2766 4769 2807 salle
4791 2765 4840 2808 de

4118 2855 4677 2925 L’APOLLO

3885 3175 3916 3203 X
3956 3164 4257 3211 Manufacture
4287 3167 4506 3205 d’articles
4536 3167 4687 3206 KATO

4430 3236 4598 3284 fenêtre
4619 3239 4834 3284 diaphane

4354 3306 4381 3345 *

4062 3375 4454 3443 Enveloppes
4525 3379 4683 3432 Kato
4704 3379 4728 3398 "

4061 3466 4231 3527 Papier
4263 3467 4287 3515 à
4323 3468 4466 3516 lettre
4502 3468 4519 3484 *
4539 3467 4690 3517 KATO
4708 3467 4728 3486 *

4944 3038 4987 3068 -A
4999 3036 5006 3052 :

4928 3072 4978 3114 H

4956 3192 5065 3239 \>r

3971 3609 4204 3645 Demander
4234 3610 4523 3647 Echantillons

3966 3672 4119 3708 LOUIS
4148 3674 4346 3710 CASSAN
4375 3675 4470 3711 aîné

3969 3739 4028 3779 37,
4055 3747 4128 3773 rue
4154 3740 4226 3774 des
4253 3740 4484 3776 Couteliers

3971 3802 4249 3840 TOULOUSE

3883 3847 3916 3888 ÿj

3883 3891 4168 3930 X&XKXXX9C
4176 3894 4461 3933 XXXXXXXX
4469 3896 4682 3937 ZMXXZM
4688 3897 4724 3934 X

2842 4078 2875 4118 1.
2903 4102 2940 4106 —
2940 4078 2957 4118 -
2983 4077 3051 4118 On
3079 4078 3304 4129 demande
3330 4077 3443 4129 petit
3466 4078 3633 4130 capital
3674 4091 3807 4131 paya¬

2787 4130 2859 4171 ble
2882 4128 2934 4171 eh
2960 4131 3084 4172 rente
3106 4132 3299 4183 viagère.
3327 4132 3459 4173 Faire
3480 4134 3616 4173 offres
3638 4134 3682 4174 et
3703 4134 3810 4174 don¬

2787 4193 2867 4224 ner
2886 4184 2987 4225 tous
3008 4185 3395 4236 renseignements
3416 4197 3472 4227 au
3494 4185 3728 4227 Directeur
3747 4187 3811 4227 du

2788 4236 2915 4278 Trait
2938 4238 3146 4279 d’Union.

2838 4309 2876 4348 2.
2905 4309 2960 4347 —
3005 4308 3267 4350 Professeur
3311 4310 3446 4351 dame
3490 4308 3809 4350 recommandé

2786 4371 2899 4411 pour
2923 4362 3074 4412 leçons
3095 4361 3150 4402 de
3170 4362 3322 4412 piano.
3347 4363 3455 4403 Prix
3478 4363 3699 4404 modérés.
3724 4362 3810 4403 Bu¬

2788 4424 2894 4454 reau
2922 4414 2982 4455 du
3010 4414 3208 4464 journal.

2838 4486 2876 4524 3.
2903 4487 2959 4524 —
2986 4486 3254 4526 Demoiselle
3280 4487 3403 4528 seule
3429 4487 3479 4525 45
3505 4498 3600 4536 ans,
3630 4487 3808 4539 adopte¬

2787 4537 2874 4578 rait
2894 4538 3031 4588 jeune
3051 4538 3143 4579 fille
3166 4539 3375 4582 fortunée
3394 4552 3450 4580 ou
3473 4540 3631 4583 enfant
3651 4542 3810 4591 orphe¬

2786 4591 2878 4631 line
2895 4603 2955 4632 ou
2974 4591 3285 4634 abandonnée.
3308 4592 3513 4634 Prendre
3531 4594 3711 4636 adresse
3730 4595 3810 4636 bu¬

2787 4655 2894 4686 reau
2920 4644 2980 4686 du
3007 4644 3135 4686 Trait
3158 4646 3368 4688 d’Union.

2837 4717 2874 4756 4.
2894 4716 2951 4755 -h—
2971 4715 3160 4757 Famille
3179 4716 3270 4758 très
3287 4715 3551 4766 honorable,
3573 4717 3810 4768 prendrait

2787 4768 3108 4820 pensionnaire
3139 4770 3274 4812 dame
3306 4782 3364 4812 ou
3415 4770 3650 4812 Monsieur
3699 4769 3807 4819 aisé,

2787 4822 3027 4864 s’adresser
3056 4823 3228 4864 bureau
3256 4823 3319 4864 du
3346 4822 3547 4874 journal.

2838 4895 2875 4934 5.
2902 4916 2957 4921 —
2983 4892 3049 4933 On
3078 4893 3302 4935 demande
3328 4895 3475 4934 bonne
3503 4892 3755 4934 couturière
3783 4892 3809 4934 à

2787 4946 2830 4985 la
2842 4945 3047 4996 journée.
3066 4946 3172 4987 Voir
3188 4947 3360 4988 bureau
3376 4947 3437 4987 du
3454 4947 3581 4987 Trait
3592 4947 3803 4988 d’Union.

2836 5019 2875 5059 7.
2899 5040 2954 5046 —
2979 5019 3117 5058 Dame
3142 5018 3279 5067 ayant
3300 5015 3450 5057 loisirs
3474 5016 3697 5058 demande
3721 5018 3807 5059 tra¬

2784 5088 2903 5118 vaux
2934 5075 3171 5118 d’écriture
3200 5087 3258 5116 ou
3290 5075 3451 5116 travail
3483 5077 3667 5118 manuel
3698 5078 3807 5117 chez

2784 5133 2882 5176 elle.

2835 5214 2874 5253 8.
2902 5216 2956 5252 —
2979 5212 3243 5254 Professeur
3265 5212 3321 5254 de
3345 5213 3544 5263 français
3566 5215 3807 5256 donnerait

2785 5272 2934 5320 leçons
2967 5273 3020 5315 de
3068 5274 3408 5317 conversations
3439 5275 3482 5314 et
3528 5275 3806 5324 d’orthogra¬

2783 5331 2872 5381 phe
2906 5331 2931 5371 à
2963 5342 3187 5380 personne
3218 5332 3467 5382 étrangère.
3505 5332 3617 5384 Cinq
3655 5333 3805 5374 francs

2782 5400 2865 5440 par
2889 5389 3019 5431 mois.

2835 5468 2874 5506 9.
2904 5469 2958 5506 —
2987 5468 3154 5514 Leçons
3183 5468 3237 5510 de
3267 5467 3466 5519 français
3495 5469 3536 5509 et
3566 5468 3802 5519 d’anglais.

2784 5526 2847 5565 De
2872 5527 2919 5564 tô
2943 5526 2968 5566 à
2990 5528 3042 5567 30
3067 5526 3219 5567 francs
3242 5538 3323 5576 par
3349 5526 3475 5568 mois.

2837 5604 2906 5648 10.
2924 5605 2979 5643 —
3002 5604 3147 5646 Jeune
3170 5603 3269 5644 fille
3294 5604 3433 5652 ayant
3454 5604 3623 5654 emploi
3650 5606 3804 5646 Sténo-

2784 5660 3159 5711 Dactylographe,
3223 5662 3355 5703 ferait
3403 5664 3566 5703 travail
3627 5664 3806 5713 supplé¬

2782 5719 3003 5764 mentaire
3026 5732 3143 5770 pour
3167 5722 3469 5772 particuliers.

2835 5799 2896 5836 11.
2929 5820 2983 5826 —
3014 5798 3241 5839 Véritable
3287 5798 3508 5839 occasion.
3540 5798 3594 5837 —
3626 5797 3802 5837 GRAN¬

2785 5858 2856 5896 DE
2891 5858 3257 5898 CHAPELIERE
3288 5858 3405 5898 osier
3452 5856 3595 5906 verni,
3630 5858 3655 5898 à
3686 5869 3803 5898 com-

2800 5915 3066 5964 mrtiments,
3110 5915 3303 5957 doublée
3328 5917 3448 5963 toile,
3495 5916 3635 5957 belles
3660 5927 3806 5958 serru¬

2783 5986 2852 6019 res
2878 5975 3046 6022 cuivre,
3075 5976 3255 6018 vendue
3280 5976 3435 6018 moitié
3461 5976 3578 6028 prix.
3610 5975 3806 6017 S’adres¬

2783 6045 2852 6075 ser
2878 6035 3052 6076 bureau
3078 6035 3206 6076 Trait
3230 6035 3440 6076 d’Union.

2838 6113 2898 6151 12.
2928 6135 2982 6141 —
3010 6112 3139 6159 Veuf,
3170 6111 3491 6164 commerçant,
3522 6111 3669 6155 désire
3695 6113 3804 6153 s’en¬

2782 6171 2938 6212 tendre
2963 6182 3069 6212 avec
3092 6183 3315 6221 personne
3338 6172 3393 6215 de
3416 6175 3467 6213 30
3492 6184 3574 6214 ans
3597 6171 3800 6222 environ,

2782 6231 2991 6279 honnête,
3038 6231 3303 6279 présentant
3328 6231 3447 6278 bien,
3495 6232 3647 6273 bonne
3672 6231 3804 6272 cuisi¬

2782 6287 2918 6339 nière,
2951 6290 3051 6340 apte
3080 6290 3106 6331 à
3134 6290 3302 6340 diriger
3332 6292 3536 6343 ménage.

2835 6366 2896 6404 13.
2927 6366 3114 6406 Landes.
3138 6390 3192 6394 —
3216 6366 3359 6408 Dame
3381 6367 3518 6416 seule,
3546 6367 3682 6416 ayant
3705 6379 3801 6408 ren¬

2780 6424 2859 6472 tes,
2893 6424 3068 6467 maison
3101 6424 3144 6466 et
3199 6426 3368 6475 jardin,
3426 6426 3637 6467 habitant
3666 6427 3802 6478 petite

2781 6483 2902 6531 ville,
2939 6483 3097 6524 climat
3128 6484 3242 6532 sain,
3280 6486 3427 6527 désire
3460 6486 3657 6536 prendre
3690 6486 3797 6527 chez

2776 6541 2862 6583 elle
2891 6554 3004 6591 pour
3060 6543 3186 6585 avoir
3215 6555 3304 6586 une
3359 6543 3520 6585 société
3577 6555 3799 6595 personne

2778 6602 2915 6651 seule,
2942 6602 3046 6643 bien
3071 6602 3235 6653 élevée,
3262 6606 3400 6654 ayant
3424 6604 3583 6656 petites
3607 6606 3769 6647 rentes.

2832 6679 2892 6719 14.
2927 6679 3054 6718 Midi.
3082 6702 3137 6708 —
3191 6679 3330 6723 Dame
3383 6679 3473 6722 très
3527 6682 3795 6732 distinguée,

2775 6737 2880 6779 bien
2903 6739 3066 6788 élevée,
3091 6740 3301 6781 habitant
3321 6741 3493 6791 grande
3517 6740 3636 6792 ville,
3663 6742 3800 6793 ayant

4076 4054 4480 4087 EXCELLENTE
4531 4059 4724 4091 PRIME

4333 4122 4382 4147 DE
4407 4122 4456 4149 LA

3950 4179 4856 4300 MICHELINE

3921 4379 3968 4406 La
3994 4379 4128 4409 Maison
4162 4380 4306 4411 Michel
4339 4382 4544 4416 Sabatier,
4580 4382 4623 4411 de
4656 4382 4906 4420 Carcassonne,

3886 4411 3980 4442 vient
3992 4415 4034 4443 de
4048 4415 4147 4445 créer
4161 4424 4228 4445 une
4242 4417 4352 4447 caisse
4367 4419 4550 4455 composée
4568 4417 4610 4447 de
4627 4418 4679 4447 six
4693 4418 4887 4450 bouteilles.

3995 4479 4027 4504 1*
4056 4479 4100 4506 La
4130 4480 4321 4514 Micheline,
4350 4484 4451 4511 Reine
4478 4485 4535 4511 des
4562 4483 4740 4516 Liqueurs.

3993 4515 4026 4540 2*
4059 4515 4168 4543 Cacao
4202 4519 4491 4547 Puerto-Cabello.

3991 4550 4025 4576 3*
4058 4551 4167 4578 Rhum
4196 4554 4384 4580 St-Michel.

3993 4586 4025 4611 4*
4063 4587 4144 4612 Fine
4181 4588 4331 4614 Martel!.

3992 4620 4026 4648 5*
4051 4621 4132 4648 L’Or
4156 4624 4240 4650 Kina
4263 4624 4456 4659 Sabathier,
4479 4625 4541 4654 Vin
4562 4627 4703 4661 apéritf.

3992 4655 4025 4683 6*
4052 4656 4167 4685 Grand
4192 4659 4382 4691 Mousseux,
4404 4660 4507 4688 cuvée
4528 4663 4692 4695 réservée,
4713 4662 4791 4698 plus
4811 4662 4903 4698 quel¬

3991 4698 4076 4725 ques
4095 4691 4223 4724 primes
4240 4698 4285 4721 au
4306 4694 4408 4722 choix
4427 4695 4475 4723 du
4495 4695 4613 4726 client.

3991 4738 4075 4767 Prix
4098 4739 4219 4768 franco
4241 4740 4282 4768 de
4303 4741 4381 4774 port
4402 4741 4435 4768 et
4458 4742 4533 4771 tous
4555 4746 4664 4774 droits
4686 4747 4792 4779 payés
4814 4748 4902 4775 dans

3883 4774 3918 4803 la
3938 4775 4070 4804 France
4089 4774 4229 4804 entière.

4224 4830 4421 4866 Vingt-cinq
4443 4831 4559 4863 francs

3889 5004 3970 5084 LE
4003 4995 4374 5085 BRÉVIAIRE
4407 5003 4494 5084 DE
4519 5005 4600 5085 LA
4633 4993 4912 5086 BEAUTÉ

4054 5167 4246 5207 Madame,

3930 5227 4063 5263 Quelle
4088 5236 4162 5266 que
4187 5230 4263 5261 soit
4287 5231 4395 5263 votre
4419 5228 4623 5268 situation,
4651 5236 4698 5261 ne
4723 5228 4915 5269 gaspillez

3888 5275 3956 5306 pas
3987 5270 4094 5301 votre
4122 5271 4260 5307 argent
4311 5278 4358 5301 en
4389 5272 4575 5307 essayant
4628 5272 4683 5301 les
4714 5271 4915 5308 multiples

3887 5311 4066 5347 produits
4091 5311 4138 5343 de
4166 5310 4323 5348 Beauté,
4350 5309 4487 5342 vantés
4515 5318 4584 5348 par
4610 5313 4718 5342 force
4743 5312 4915 5344 réclame

3885 5352 3983 5382 dans
4008 5354 4096 5383 tous
4124 5352 4178 5383 les
4202 5352 4415 5388 journaux,
4444 5351 4542 5383 mais
4571 5351 4664 5383 lisez
4690 5352 4849 5383 d’abord
4877 5354 4914 5383 la

3886 5392 4159 5424 merveilleuse
4184 5392 4365 5424 méthode
4387 5394 4439 5424 du
4463 5391 4689 5430 spécialiste
4711 5392 4912 5425 CLARKS.

3888 5434 3935 5464 Le
3961 5433 4159 5465 Bréviaire
4183 5434 4230 5465 de
4255 5434 4291 5464 la
4316 5432 4471 5469 Beauté,
4498 5434 4563 5471 qui
4589 5439 4686 5465 vous
4712 5435 4915 5472 enseigne¬

3887 5481 3940 5511 ra,
3964 5482 4011 5506 en
4034 5476 4176 5506 termes
4199 5474 4317 5506 clairs
4340 5477 4376 5506 et
4399 5473 4538 5512 précis,
4563 5474 4647 5505 l'art
4670 5475 4718 5505 de
4740 5475 4915 5506 s’embel¬

3887 5515 3934 5545 lir
3964 5521 4056 5546 sans
4084 5515 4232 5551 grands
4260 5515 4399 5547 efforts
4428 5516 4465 5546 et
4492 5514 4686 5550 d’obtenir
4712 5514 4830 5546 d’une
4859 5516 4914 5546 fa¬

3884 5562 3958 5592 çon
3982 5555 4118 5593 rapide
4140 5558 4176 5587 et
4196 5556 4383 5592 certaine,
4406 5555 4554 5586 finesse
4576 5555 4627 5587 du
4650 5554 4762 5593 teint,
4783 5556 4914 5587 velou¬

3882 5595 3920 5627 té
3943 5598 3993 5628 de
4033 5595 4259 5634 l’épiderme
4281 5599 4320 5628 et
4358 5595 4547 5635 gracieux
4587 5596 4914 5635 développement

3883 5638 3950 5668 des
3974 5639 4133 5668 formes.

3924 5677 4030 5708 Cette
4058 5675 4190 5708 éditon
4220 5679 4346 5711 forme
4376 5685 4428 5708 un
4459 5678 4556 5710 beau
4588 5679 4744 5711 volume
4774 5679 4820 5710 de
4850 5677 4911 5710 168

3883 5725 4015 5756 pages,
4039 5718 4223 5755 imprimé
4245 5725 4314 5750 sur
4336 5720 4472 5758 papier
4495 5720 4604 5751 riche
4626 5722 4663 5752 et
4687 5719 4840 5752 illustré
4862 5719 4911 5753 de

3882 5759 3959 5792 très
3984 5760 4239 5791 nombreuses
4262 5766 4451 5797 gravures
4475 5763 4512 5792 et
4535 5762 4703 5792 dessins.
4728 5762 4831 5792 Dans
4856 5768 4909 5792 un

3883 5800 3949 5830 but
3963 5799 4010 5829 de
4024 5798 4313 5835 vulgarisation
4350 5798 4617 5835 scientifique,
4632 5800 4772 5829 l’envoi
4788 5806 4836 5828 en
4851 5803 4911 5831 est

3883 5841 3956 5874 fait
3980 5843 4117 5871 franco
4142 5846 4234 5871 sous
4260 5840 4312 5878 pii
4339 5837 4474 5878 fermé,
4499 5840 4634 5872 contre
4659 5839 4679 5872 0
4700 5841 4749 5873 fr.
4774 5840 4815 5873 40
4841 5840 4911 5881 (re¬

3882 5880 4116 5912 commandé
4140 5888 4147 5910 :
4170 5880 4189 5910 0
4210 5883 4256 5912 fr.
4280 5879 4332 5919 50)
4359 5889 4407 5912 en
4431 5880 4594 5912 timbres
4616 5884 4663 5915 de
4686 5885 4774 5915 tous
4798 5887 4908 5920 pays,

3880 5921 4060 5952 adressés
4086 5922 4110 5952 à
4156 5920 4355 5960 CLARKS,
4383 5922 4443 5952 130
4446 5922 4455 5959 ,
4483 5922 4635 5955 Galerie
4682 5923 4728 5954 de
4778 5922 4910 5954 Valois

3886 5961 4187 6002 (Palais-Royal)
4223 5962 4346 5995 Paris.

3924 6029 4063 6062 NOTA.
4086 6047 4127 6052 —
4150 6030 4254 6062 Vous
4300 6036 4347 6063 ne
4392 6035 4571 6062 recevrez
4617 6038 4686 6069 pas
4712 6038 4764 6063 un
4811 6030 4910 6062 livre

3882 6072 4139 6109 quelconque,
4164 6072 4263 6103 mais
4287 6079 4363 6103 une
4384 6072 4479 6108 jolie
4504 6071 4684 6104 méthode
4707 6073 4911 6110 descripti¬

3881 6119 3939 6150 ve,
3967 6111 4261 6149 indispensable
4286 6111 4308 6143 à
4334 6114 4462 6144 toutes
4489 6111 4543 6143 les
4568 6114 4717 6144 dames.

3923 6154 4026 6186 Vous
4050 6154 4183 6183 n’avez
4204 6153 4347 6191 jamais
4372 6160 4439 6184 ren
4464 6160 4513 6184 vu
4536 6154 4583 6187 de
4606 6154 4742 6192 pareil.

3923 6195 4026 6226 Vous
4055 6200 4102 6226 ne
4131 6195 4378 6226 retrouverez
4403 6194 4548 6231 jamais
4578 6202 4653 6228 une
4682 6198 4783 6228 offre
4810 6203 4908 6229 sem¬

3882 6235 4022 6265 blable.

3923 6274 4026 6306 Vous
4061 6274 4304 6307 n’achèterez
4334 6273 4479 6314 jamais
4512 6276 4597 6307 rien
4630 6276 4777 6310 d'aussi
4812 6275 4908 6308 utile

3879 6316 3902 6348 à
3928 6324 3979 6347 un
4007 6315 4093 6352 prix
4118 6318 4225 6348 aussi
4254 6318 4448 6354 modique.

3923 6358 4128 6388 D’ailleurs
4158 6364 4254 6389 vous
4284 6365 4331 6388 ne
4360 6359 4516 6395 risquez
4544 6359 4642 6397 rien,
4673 6367 4788 6398 parce
4816 6366 4906 6398 que,

3878 6398 3995 6432 chose
4018 6398 4163 6435 unique
4183 6400 4220 6431 et
4242 6399 4528 6438 merveilleuse,
4550 6402 4703 6440 chaque
4724 6401 4907 6435 méthode

3878 6442 3935 6471 est
3960 6440 4250 6477 accompagnée
4274 6440 4366 6471 d’un
4393 6442 4468 6472 bon
4494 6442 4541 6473 de
4567 6442 4907 6482 remboursement

3880 6479 4060 6518 intégral.

3922 6519 4023 6551 Nous
4051 6526 4148 6551 vous
4176 6527 4403 6559 engageons
4431 6523 4532 6555 donc
4560 6523 4584 6555 à
4612 6529 4660 6555 en
4690 6523 4906 6554 demander

3878 6567 3929 6591 un
3955 6567 4053 6599 pour
4074 6562 4328 6599 aujourd’hui
4355 6564 4491 6595 même.

4263 6660 4319 6696 Le
4351 6662 4507 6698 Jérant
4536 6674 4545 6698 :
4574 6663 4828 6700 ROUSSEL.

3924 6752 4187 6799 Imprimerie
4216 6752 4398 6800 spéciale
4427 6754 4482 6791 du
4514 6754 4630 6793 Trait
4659 6752 4851 6795 d'Union.
