5126 7504
2436 548 2507 586 LE
2542 548 2721 586 TRAIT
2753 547 3004 588 D’UNION

592 668 840 742 AVIS
888 668 1518 743 IMPORTANT

594 894 654 932 La
680 891 908 932 Direction
937 892 1034 944 prie
1061 903 1130 932 ses
1156 891 1358 932 abonnés
1384 894 1567 931 anciens

539 964 582 1004 et
602 975 856 1011 nouveaux,
881 963 1131 1004 d’adresser
1151 964 1252 1003 tous
1273 962 1336 1002 les
1358 961 1568 1002 mandats

541 1036 583 1076 et
604 1036 718 1075 bons
739 1036 794 1075 de
815 1035 946 1075 Poste
966 1036 1020 1075 de
1043 1035 1087 1075 la
1108 1035 1310 1074 manière
1334 1032 1534 1083 ci-jointe
1560 1045 1568 1072 :

598 1108 823 1147 Direction
859 1107 919 1146 du
955 1107 1080 1146 Trait
1142 1106 1351 1153 d’Union,
1388 1107 1451 1151 26,
1490 1115 1568 1143 rue

543 1179 766 1227 d’Astorg,
798 1179 1039 1217 Toulouse.

599 1250 656 1290 Le
688 1260 794 1288 nom
826 1249 898 1288 de.
939 1248 978 1288 J.
1014 1248 1151 1296 Bach,
1211 1246 1572 1298 gracieusement

544 1320 633 1360 mis
659 1320 684 1359 à
711 1320 754 1359 la
779 1319 1046 1370 disposition
1075 1319 1154 1359 des
1208 1318 1423 1365 abonnés,
1480 1315 1574 1356 doit

544 1392 636 1432 être
667 1390 919 1431 seulement
950 1390 1126 1431 réservé
1157 1388 1183 1428 à
1239 1388 1283 1428 la
1312 1398 1572 1438 correspon¬

545 1463 702 1502 dance.

1078 1520 1150 1559 LA
1182 1516 1515 1558 DIRECTION.

578 1734 1180 1812 Recommandations
1224 1735 1540 1811 Générales

610 1971 650 2010 i°
688 1968 919 2010 Personne
985 1982 1040 2010 ne
1106 1972 1214 2020 peut
1247 1966 1575 2022 correspondre

545 2054 651 2083 avec
682 2040 744 2082 les
775 2039 979 2082 abonnés
1039 2053 1142 2081 sans
1202 2039 1328 2080 avoir
1356 2039 1483 2080 versé
1512 2038 1574 2079 les

548 2128 594 2154 ii
622 2112 775 2154 francs
798 2111 1172 2166 réglementaires
1200 2126 1209 2160 ;

606 2208 626 2234 2
634 2196 649 2214 °
684 2194 762 2235 Les
794 2206 1026 2235 annonces
1056 2192 1132 2234 des
1163 2206 1406 2234 nouveaux
1435 2191 1574 2233 abon¬

544 2266 623 2306 nés
655 2264 842 2306 doivent
904 2264 1118 2318 parvenir
1149 2264 1172 2304 à
1204 2264 1246 2304 la
1278 2264 1500 2305 direction
1535 2263 1572 2303 le

543 2335 671 2390 jeudi
704 2335 759 2378 de
791 2335 968 2389 chaque
1000 2335 1202 2376 semaine
1234 2348 1350 2388 pour
1383 2334 1474 2375 être
1506 2334 1572 2374 in¬

543 2407 686 2448 sérées
715 2407 755 2448 le
783 2406 972 2447 samedi.
1006 2406 1128 2447 Dans
1159 2406 1199 2447 le
1228 2419 1299 2447 cas
1328 2405 1570 2455 contraire,

543 2479 650 2520 elles
683 2492 739 2519 ne
771 2478 1024 2532 paraîtront
1056 2491 1144 2532 que
1179 2478 1218 2518 la
1250 2478 1452 2519 semaine
1484 2477 1571 2517 sui¬

544 2555 679 2594 vante
716 2563 723 2599 ;

603 2632 649 2672 3°
686 2631 946 2672 L’annonce
980 2631 1056 2672 des
1090 2631 1292 2672 abonnés
1327 2630 1423 2671 doit
1456 2628 1571 2670 indi¬

544 2716 656 2758 quer
685 2703 783 2744 leur
812 2703 909 2757 âge,
943 2702 1042 2744 leur
1070 2703 1304 2751 situation,
1338 2700 1429 2743 s’ils
1460 2701 1571 2742 dési¬

543 2780 644 2816 rent
673 2790 732 2816 ou
765 2788 858 2816 non
891 2787 982 2816 une
1012 2775 1104 2815 dot.
1140 2773 1235 2814 Elle
1266 2772 1362 2814 doit
1392 2772 1571 2814 fournir

542 2847 736 2888 certains
767 2846 926 2887 détails
956 2845 1011 2887 de
1039 2846 1244 2886 manière
1274 2844 1297 2884 à
1327 2844 1467 2885 éviter
1496 2843 1572 2883 des

542 2918 958 2972 correspondances
990 2918 1176 2959 inutiles
1214 2931 1222 2966 ;

602 2999 647 3046 4°
678 2999 764 3039 Dès
792 2998 935 3051 qu’un
964 2998 1146 3040 abonné
1171 3011 1194 3038 a
1221 2998 1382 3039 trouvé
1408 2996 1448 3036 la
1475 3010 1571 3050 per¬

546 3084 690 3114 sonne
720 3071 775 3111 de
805 3083 888 3111 son
919 3069 1068 3119 choix,
1104 3070 1135 3108 il
1166 3070 1262 3110 doit
1291 3068 1503 3122 prévenir
1533 3067 1572 3108 le

550 3144 782 3188 Directeur
808 3142 900 3183 afin
928 3155 1015 3195 que
1040 3155 1123 3183 son
1150 3154 1360 3182 annonce
1386 3139 1472 3182 soit
1496 3152 1572 3182 en¬

545 3215 682 3256 levée.
720 3215 755 3255 Il
787 3214 954 3256 évitera
987 3214 1102 3255 ainsi
1136 3212 1302 3254 l’envoi
1335 3212 1390 3252 de
1422 3211 1572 3252 lettres

546 3288 624 3340 qui
656 3286 912 3327 n’auraient
940 3286 1043 3340 plus
1072 3298 1224 3326 aucun
1254 3284 1338 3324 but
1365 3288 1408 3324 et
1466 3296 1572 3323 aux¬

545 3356 732 3411 quelles,
768 3370 848 3411 par
876 3356 1033 3398 devoir
1063 3356 1118 3397 de
1148 3355 1372 3410 politesse,
1408 3354 1439 3395 il
1499 3354 1572 3394 de¬

543 3430 661 3471 vrait
689 3428 915 3482 répondre
949 3441 958 3477 ;

603 3511 646 3552 5°
672 3510 751 3551 Les
778 3522 1010 3551 annonces
1036 3514 1139 3550 sont
1166 3508 1219 3550 de
1246 3508 1313 3548 six
1339 3507 1487 3562 lignes
1515 3520 1571 3547 au

542 3582 818 3622 maximum.
860 3580 938 3621 Les
974 3580 1123 3635 lignes
1159 3579 1570 3633 supplémentaires

542 3656 695 3694 seront
724 3651 884 3707 payées
915 3651 938 3693 à
968 3651 1120 3693 raison
1151 3651 1204 3692 de
1240 3666 1253 3691 i
1288 3649 1418 3691 franc
1448 3649 1489 3690 la
1519 3648 1570 3690 li¬

542 3738 631 3778 gne
663 3737 779 3778 pour
810 3723 928 3764 deux
959 3724 1092 3764 mois.
1158 3722 1216 3764 Ce
1247 3722 1363 3763 délai
1396 3720 1564 3770 écoulé,

542 3796 603 3838 les
640 3794 879 3838 intéressés
916 3794 1103 3836 doivent
1139 3792 1388 3835 demander
1427 3792 1467 3834 le
1503 3806 1567 3833 re¬

541 3867 886 3908 nouvellement
921 3880 930 3914 ;

600 3949 645 3988 6°
679 3947 735 3988 Le
763 3950 976 3988 montant
1004 3947 1081 3988 des
1111 3946 1445 3987 abonnements
1475 3943 1571 3985 doit

539 4019 631 4060 être
656 4018 834 4059 adressé
859 4031 915 4059 au
942 4016 1176 4059 Directeur
1203 4016 1264 4058 du
1320 4015 1440 4056 Trait
1468 4014 1570 4054 d’U¬

541 4091 653 4132 nion
679 4104 735 4131 en
763 4090 990 4139 mandats,
1022 4089 1136 4130 bons
1164 4088 1218 4130 de
1245 4092 1371 4142 poste
1397 4102 1455 4128 ou
1486 4087 1567 4127 tim

539 4162 639 4203 bres
678 4175 686 4208 ;

600 4258 620 4298 7
629 4246 644 4262 °
675 4243 732 4283 La
758 4240 992 4283 Direction
1020 4240 1248 4294 n’accepte
1275 4254 1363 4294 que
1388 4239 1464 4280 des
1491 4253 1567 4279 an¬

540 4326 708 4355 nonces
738 4313 827 4354 très
858 4311 1091 4362 sérieuses,
1126 4311 1258 4352 celles
1290 4311 1402 4352 dont
1432 4310 1472 4351 la
1503 4310 1567 4351 ré¬

539 4386 722 4426 daction
749 4398 806 4426 ne
831 4384 1111 4426 conviendra
1166 4396 1244 4438 pas
1271 4387 1423 4424 seront
1448 4382 1567 4423 refu¬

538 4456 631 4499 sées
670 4470 678 4506 ;

596 4538 643 4578 8°
675 4536 742 4578 En
771 4535 976 4578 écrivant
1004 4549 1093 4577 aux
1151 4535 1369 4584 abonnés,
1404 4548 1460 4576 ne
1489 4547 1567 4588 pas

536 4612 730 4650 omettre
761 4607 815 4650 de
847 4607 1024 4649 donner
1084 4611 1211 4648 votre
1243 4607 1438 4647 numéro
1471 4619 1567 4659 per¬

535 4679 699 4722 sonnel
726 4679 841 4720 ainsi
873 4693 960 4732 que
990 4679 1200 4729 l’adrpsse
1227 4683 1381 4719 exacte
1408 4683 1452 4719 et
1479 4678 1567 4718 très

535 4751 684 4793 lisible
703 4756 746 4792 et
764 4751 803 4792 le
826 4764 935 4791 nom
956 4751 1018 4792 du
1039 4750 1435 4804 département.Le
1456 4763 1566 4790 nom

535 4824 588 4864 de
616 4823 831 4864 l’abonné
859 4827 902 4863 et
930 4822 970 4864 le
999 4823 1194 4863 numéro
1223 4835 1330 4863 avec
1358 4822 1507 4875 lequel
1535 4821 1566 4861 il

539 4899 646 4936 veut
682 4892 1015 4947 correspondre
1051 4892 1147 4934 doit
1182 4892 1275 4934 être
1311 4892 1423 4932 écrit
1458 4892 1480 4932 à
1519 4891 1559 4931 la

537 4964 696 5019 plume
732 4963 846 5004 dans
883 4963 896 5004 1
915 4964 1132 5005 intérieur
1170 4963 1224 5004 de
1260 4963 1302 5004 la
1339 4963 1564 5018 première

534 5035 800 5090 enveloppe,
835 5035 944 5077 celle
976 5037 1052 5090 qui
1086 5040 1151 5078 est
1180 5035 1383 5076 adressée
1412 5048 1468 5076 au
1500 5034 1565 5075 di¬

533 5112 708 5148 recteur
731 5111 774 5148 et
797 5107 892 5147 doit
915 5106 1008 5149 être
1031 5107 1240 5148 déchirée
1268 5120 1276 5155 ;

593 5202 616 5243 9
623 5190 639 5207 °
671 5187 742 5228 On
772 5193 880 5242 peut
935 5187 1263 5242 correspondre
1322 5187 1344 5227 à
1405 5187 1446 5227 la
1476 5186 1563 5227 fois

532 5271 639 5300 avec
665 5258 892 5312 plusieurs
920 5258 1123 5300 abonnés
1161 5272 1168 5307 ;

599 5342 671 5379 io°
701 5339 759 5379 La
787 5339 891 5392 plus
919 5339 1214 5380 élémentaire
1242 5339 1452 5392 politesse
1479 5339 1563 5379 fait

531 5424 594 5451 un
621 5411 777 5452 devoir
802 5424 889 5451 aux
914 5410 1118 5452 abonnés
1143 5411 1198 5452 de
1222 5411 1448 5466 répondre
1474 5426 1559 5453 aux

530 5482 680 5523 lettres
710 5495 879 5534 reçues.
941 5482 1023 5524 Pas
1052 5483 1166 5524 n’est
1194 5484 1352 5524 besoin
1380 5484 1435 5524 de
1462 5484 1558 5525 lon¬

530 5567 640 5607 gues
676 5554 862 5608 phrases
896 5554 1010 5596 dans
1074 5555 1268 5599 certains
1303 5568 1391 5597 cas.
1431 5555 1558 5598 Deux

528 5630 647 5666 mots
675 5624 887 5667 suffisent
923 5639 932 5674 ;

596 5707 666 5746 ii°
704 5706 844 5747 Toute
880 5706 1008 5748 lettre
1044 5708 1123 5762 qui
1160 5722 1276 5750 nous
1311 5714 1376 5751 est
1411 5709 1558 5751 adres¬

526 5776 597 5816 sée
632 5790 858 5828 personne
863 5777 891 5807 L,
898 5784 1052 5820 ement
1114 5784 1156 5820 et
1218 5782 1295 5832 qui
1331 5780 1556 5822 demande

528 5848 617 5876 une
651 5835 842 5890 réponse
907 5836 1003 5879 doit
1064 5838 1156 5880 être
1220 5842 1556 5895 accompagnée

526 5906 637 5946 d’un
668 5907 835 5948 timbre
864 5907 918 5949 de
953 5923 1002 5951 io
1031 5911 1266 5951 centimes.

578 5995 638 6034 Ne
662 6006 742 6043 pas
766 5996 941 6035 oublier
966 5999 1028 6039 les
1050 5999 1239 6039 timbres
1263 6000 1552 6048 obligatoires

522 6068 635 6106 pour
666 6060 707 6099 la
736 6061 958 6107 première
987 6065 1028 6103 et
1059 6064 1099 6102 la
1130 6063 1366 6104 deuxième
1422 6075 1551 6104 enve¬

523 6123 692 6171 loppes.

520 6339 888 6443 OFFRES
952 6343 1156 6448 AUX
1220 6348 1548 6452 DAMES

571 6583 707 6630 5,753.
734 6584 788 6622 —
815 6584 944 6633 Veuf,
975 6587 1026 6626 28
1052 6598 1148 6636 ans,
1178 6587 1423 6638 possédant
1449 6600 1548 6639 pro¬

517 6640 683 6691 priétés
711 6653 765 6682 en
796 6642 955 6694 vignes
983 6644 1189 6687 donnant
1218 6647 1406 6688 environ
1438 6648 1493 6690 de
1522 6651 1546 6689 5

515 6699 542 6739 à
566 6702 643 6739 600
695 6700 862 6751 hectos,
890 6703 1147 6754 épouserait
1173 6706 1435 6749 demoiselle
1487 6720 1544 6749 ou

514 6771 656 6800 veuve
682 6772 787 6801 sans
813 6762 1008 6812 enfants,
1038 6764 1234 6807 sérieuse
1259 6767 1302 6807 et
1327 6770 1463 6818 ayant
1488 6778 1543 6808 si¬

514 6816 703 6859 tuation.
743 6819 779 6858 A
815 6831 903 6862 une
938 6823 1204 6866 charmante
1239 6826 1395 6867 fillette
1430 6826 1484 6868 de
1518 6834 1542 6868 3

512 6887 608 6918 ans.

1700 650 1835 696 5.754.
1860 648 1915 686 —
1939 648 2070 696 Veuf,
2098 659 2203 687 sans
2230 659 2406 688 aucune
2431 648 2595 698 charge
2620 648 2673 687 de

1648 707 1838 756 famille,
1866 710 1916 748 39
1940 719 2036 756 ans,
2064 707 2202 758 ayant
2226 707 2342 748 belle
2367 707 2583 748 situation
2610 707 2675 746 in¬

1647 767 1882 808 dustrielle
1907 768 1948 807 et
1972 767 2200 818 capitaux,
2227 767 2483 818 épouserait
2507 766 2676 807 demoi¬

1647 827 1755 867 selle
1779 827 1836 867 de
1858 828 1911 866 25
1934 827 1961 866 à
1985 828 2036 866 35
2061 837 2158 874 ans,
2186 826 2290 866 bien
2318 837 2424 867 sous
2447 826 2548 866 tous
2574 838 2673 876 rap¬

1647 888 1786 937 ports,
1814 896 1920 926 avec
1943 886 2035 926 dot.

1699 973 1835 1020 5.755.
1868 971 1922 1011 —
1979 971 2123 1011 Jeune
2156 971 2355 1019 homme,
2390 971 2502 1019 seul,
2538 971 2671 1018 brun,

1651 1031 1844 1079 sérieux,
1883 1032 1935 1070 30
1971 1042 2067 1078 ans,
2107 1031 2255 1071 bonne
2294 1030 2484 1078 famille,
2523 1030 2671 1080 possé¬

1648 1091 1758 1131 dant
1786 1102 1874 1130 une
1901 1090 2128 1140 propriété
2156 1090 2376 1130 excellent
2403 1090 2494 1130 état
2520 1090 2676 1130 valant

1647 1152 1796 1199 70.000
1827 1150 1900 1198 fr.,
1935 1150 2025 1190 très
2056 1150 2160 1188 bien
2192 1149 2348 1198 située,
2383 1148 2528 1190 désire
2559 1160 2674 1199 pour

1649 1210 1851 1259 mariage
1880 1210 2016 1259 jeune
2047 1208 2142 1248 fille
2200 1210 2248 1248 18
2278 1208 2304 1248 à
2332 1210 2384 1248 28
2414 1219 2510 1256 ans,
2569 1208 2673 1248 bien

1648 1280 1752 1309 sous
1778 1270 1878 1310 tous
1903 1267 2127 1319 rapports,
2156 1269 2292 1318 ayant
2316 1266 2394 1308 dot
2416 1267 2676 1319 équivalen¬

1648 1329 1689 1368 te
1713 1328 1823 1368 dont
1847 1339 1935 1367 une
1960 1326 2104 1376 partie
2128 1327 2335 1376 pourrait
2358 1328 2451 1368 être
2475 1338 2528 1367 en
2554 1327 2676 1376 espé¬

1649 1398 1798 1435 rance,
1828 1386 2003 1426 aimant
2028 1385 2154 1426 vivre
2182 1386 2207 1425 à
2234 1386 2278 1427 la
2304 1398 2555 1437 campagne
2581 1386 2623 1426 et
2650 1386 2676 1426 à

1648 1446 1877 1495 s’occuper
1906 1444 1960 1484 de
1988 1456 2067 1484 son
2098 1444 2331 1486 intérieur.

1701 1532 1837 1579 5,759.
1861 1530 1915 1568 —
1937 1530 2081 1570 Jeune
2106 1531 2304 1579 homme,
2330 1532 2381 1570 34
2404 1542 2500 1579 ans,
2526 1531 2675 1571 catho¬

1648 1590 1786 1640 lique,
1815 1590 2040 1640 physique
2066 1589 2290 1639 agréable,
2319 1591 2406 1630 bon
2434 1590 2672 1638 caractère,

1648 1650 1786 1700 ayant
1818 1648 2034 1690 situation
2067 1648 2286 1690 d’officier
2319 1649 2587 1690 ministériel
2620 1655 2675 1690 de

1648 1711 1770 1758 3.000
1792 1708 1866 1757 fr.,
1891 1708 2002 1759 petit
2023 1708 2149 1748 avoir
2171 1709 2214 1749 et
2235 1710 2516 1760 espérances,
2540 1710 2674 1759 épou¬

1648 1768 1786 1809 serait
1812 1767 2075 1808 demoiselle
2103 1779 2211 1808 avec
2239 1768 2330 1808 dot.

1700 1856 1836 1903 5,761.
1866 1855 1920 1891 —
1948 1854 2079 1902 Veuf,
2110 1855 2160 1892 49
2188 1865 2284 1902 ans,
2316 1854 2435 1903 bien,
2466 1856 2587 1903 3,000
2616 1854 2671 1894 fr.

1649 1925 1731 1964 par
1760 1926 1834 1962 an,
1865 1924 1927 1953 un
1956 1912 2031 1952 fils
2059 1914 2196 1963 ayant
2223 1913 2418 1955 carrière
2446 1915 2488 1955 et
2515 1926 2596 1966 pas
2624 1914 2649 1954 à

1648 1974 1828 2024 charge,
1854 1972 2112 2023 épouserait
2135 1983 2358 2023 personne
2382 1974 2519 2024 ayant
2540 1974 2676 2014 situa¬

1648 2033 1742 2074 tion
1772 2044 1827 2073 en
1858 2032 2059 2084 rapport.
2092 2032 2215 2073 Offre
2244 2034 2286 2074 et
2315 2032 2540 2074 demande
2568 2034 2675 2074 bon¬

1649 2104 1728 2134 nes
1755 2092 2021 2134 références.

1701 2180 1838 2227 6,000.
1859 2179 1912 2216 —
1936 2178 2194 2227 Négociant,
2217 2180 2268 2218 30
2290 2191 2385 2227 ans,
2410 2179 2543 2227 brun,
2568 2179 2675 2219 bon¬

1649 2251 1703 2279 ne
1732 2238 1964 2286 situation,
1996 2238 2242 2278 excellente
2272 2238 2462 2288 famille,
2494 2239 2583 2279 très
2612 2239 2674 2279 sé¬

1650 2298 1792 2347 rieux,
1823 2298 1971 2339 désire
1999 2298 2202 2348 mariage
2231 2308 2338 2339 avec
2366 2298 2459 2339 fille
2487 2298 2542 2339 de
2569 2299 2620 2338 20
2649 2299 2675 2338 à

1647 2360 1698 2397 25
1718 2370 1814 2406 ans,
1836 2358 1891 2399 de
1911 2359 2059 2398 bonne
2080 2358 2270 2407 famille,
2292 2359 2428 2408 ayant
2448 2370 2506 2398 au
2527 2358 2675 2398 moins

1647 2419 1796 2466 50.000
1820 2416 1875 2456 fr.
1903 2418 1956 2458 de
1979 2417 2070 2458 dot.

1700 2504 1836 2551 5,766.
1864 2503 1919 2542 —
1943 2503 2087 2542 Jeune
2116 2503 2314 2552 homme,
2343 2505 2395 2543 29
2420 2514 2516 2552 ans,
2547 2503 2675 2543 culti¬

1648 2563 1806 2603 vateur
1863 2562 1977 2602 dans
2007 2562 2048 2602 le
2079 2562 2510 2611 Tarn-et-Garonne,
2571 2562 2673 2602 bien

1648 2632 1753 2663 sous
1781 2623 1882 2662 tous
1910 2622 1974 2663 les
2030 2622 2254 2672 rapports,
2314 2623 2577 2663 travailleur
2634 2622 2676 2662 et

1647 2681 1876 2730 économe,
1910 2680 2167 2731 épouserait
2198 2680 2460 2722 demoiselle
2491 2694 2548 2722 ou
2580 2682 2675 2731 jeu¬

1648 2752 1703 2780 ne
1731 2751 1887 2780 veuve.

1699 2827 1834 2874 5,771.
1869 2827 1922 2864 —
1983 2826 2199 2875 Employé
2259 2827 2673 2867 d’administration

1647 2885 1883 2936 publique,
1907 2886 2182 2935 célibataire,
2206 2888 2257 2927 39
2278 2899 2374 2935 ans,
2399 2887 2671 2938 catholique,

1648 2944 1771 2984 taille
1802 2956 2039 2995 moyenne,
2099 2946 2298 2994 châtain,
2332 2947 2547 2987 situation
2607 2958 2673 2987 ac¬

1647 3003 1783 3044 tuelle
1810 3004 1864 3044 de
1890 3006 2012 3052 3,000
2036 3004 2141 3046 fr.et
2166 3006 2446 3056 espérances,
2475 3006 2671 3055 retraite,

1650 3063 1907 3113 épouserait
1942 3063 2219 3111 demoiselle,
2259 3065 2395 3115 jeune
2431 3076 2573 3106 veuve
2608 3076 2667 3106 ou

1647 3123 1867 3171 divorcée,
1902 3123 2004 3163 bien
2064 3123 2227 3171 élevée,
2288 3124 2456 3166 femme
2514 3124 2673 3166 d’inté¬

1647 3182 1783 3231 rieur,
1810 3182 1947 3234 ayant
1970 3182 2108 3231 avoir,
2136 3184 2216 3233 âge
2239 3195 2294 3223 en
2317 3186 2518 3235 rapport.

1700 3270 1835 3316 5,773.
1857 3270 1911 3307 —
1932 3268 2064 3318 Veuf,
2087 3271 2134 3308 57
2158 3280 2254 3319 ans,
2277 3271 2400 3319 4,000
2422 3268 2476 3310 fr.
2500 3268 2556 3311 de
2576 3280 2675 3310 ren¬

1647 3328 1687 3367 te
1715 3339 1769 3367 en
1798 3328 1956 3378 argent
1984 3328 2027 3368 et
2055 3329 2340 3378 immeubles,
2372 3330 2444 3370 bel
2472 3331 2669 3378 homme,

1647 3387 1736 3427 très
1760 3388 1970 3435 honnête,
1998 3387 2169 3438 fatigué
2193 3388 2248 3429 de
2272 3388 2398 3429 vivre
2422 3388 2534 3436 seul,
2561 3389 2673 3430 dési¬

1646 3459 1692 3487 re
1727 3447 2054 3498 correspondre
2090 3458 2197 3487 avec
2232 3459 2455 3499 personne
2491 3448 2594 3488 bien
2631 3448 2672 3488 et

1645 3506 1699 3546 de
1735 3507 1883 3547 bonne
1918 3506 2144 3547 conduite.
2211 3507 2455 3559 Répondra
2489 3508 2515 3548 à
2550 3508 2671 3548 toute

1646 3576 1868 3616 personne
1900 3567 2111 3607 sérieuse.
2145 3590 2200 3595 —
2231 3567 2383 3608 Ecrire
2416 3579 2470 3607 en
2505 3567 2672 3608 faisant

1646 3626 1878 3666 connaître
1907 3626 2138 3666 situation.

1698 3722 1833 3768 5,776.
1858 3720 1911 3758 —
1936 3720 2262 3767 Fonctionaire,
2289 3723 2339 3760 43
2363 3732 2459 3770 ans,
2486 3720 2671 3772 appoin¬

1644 3780 1838 3820 tements
1895 3781 2018 3827 3,000
2049 3779 2104 3819 fr.
2140 3779 2330 3820 environ
2390 3780 2668 3832 espérances,

1644 3838 1791 3880 désire
1822 3846 2056 3880 connaître
2087 3836 2364 3887 demoiselle,
2398 3839 2453 3879 de
2483 3842 2536 3886 30
2565 3839 2591 3878 à
2621 3840 2672 3879 36

1644 3908 1740 3944 ans,
1763 3896 1864 3937 bien
1887 3907 1992 3936 sous
2012 3896 2113 3936 tous
2132 3899 2342 3948 rapports
2360 3899 2403 3938 et
2422 3898 2559 3948 ayant
2577 3898 2667 3939 dot.

1644 3956 1914 3996 Références
1939 3955 2129 4006 exigées.

1642 4043 1891 4090 —5,777.—
1913 4042 2044 4090 Veuf,
2070 4042 2171 4092 trop
2194 4043 2306 4091 seul,
2331 4044 2384 4083 59
2406 4055 2502 4092 ans,
2528 4055 2584 4084 ne
2607 4043 2671 4083 les

1649 4100 1910 4151 paraissant
1943 4112 2040 4151 pas,
2080 4101 2151 4140 bel
2190 4102 2389 4151 homme,
2429 4103 2655 4154 physique

1642 4159 1867 4208 agréable,
1895 4159 2228 4201 fonctionnaire
2251 4162 2307 4202 de
2331 4161 2464 4202 l’Etat
2487 4162 2670 4212 jusqu’à

1643 4218 1686 4259 la
1712 4219 1778 4258 fin
1804 4219 1859 4260 de
1884 4231 1954 4260 ses
1979 4220 2120 4270 jours,
2150 4220 2258 4270 jolie
2283 4221 2515 4270 situation,
2545 4221 2671 4262 habi¬

1642 4279 1739 4318 tant
1760 4279 1867 4319 ville
1890 4280 2066 4327 d’eaux,
2091 4279 2218 4319 avoir
2239 4281 2495 4331 personnel,
2522 4282 2669 4322 bonne

1644 4337 1784 4387 santé,
1823 4339 2082 4390 épouserait
2115 4339 2378 4381 demoiselle
2414 4352 2472 4382 ou
2507 4351 2665 4390 veuve,

1643 4408 1748 4439 sans
1784 4398 1967 4438 enfants
2002 4399 2151 4439 même
2187 4399 2394 4441 divorcée
2428 4412 2483 4442 en
2520 4412 2569 4441 sa
2607 4400 2668 4440 fa¬

1643 4468 1767 4506 veur,
1791 4458 1924 4508 goûts
1945 4457 2147 4510 simples,
2172 4458 2227 4499 de
2249 4460 2300 4499 40
2322 4460 2347 4500 à
2367 4462 2418 4500 54
2440 4471 2536 4510 ans,
2563 4460 2669 4501 bon¬

1643 4528 1697 4557 ne
1731 4518 1969 4558 éducation
2004 4519 2047 4558 et
2080 4518 2364 4567 instruction,
2402 4520 2539 4571 ayant
2571 4532 2669 4559 ren¬

1642 4576 1706 4616 tes
1731 4588 1787 4616 ou
1812 4576 2083 4618 économies.
2111 4578 2272 4619 Pressé
2293 4579 2336 4619 et
2359 4579 2447 4619 très
2472 4579 2664 4620 sérieux.

1694 4672 1828 4719 5.778.
1856 4672 1910 4711 —
1933 4672 2078 4712 Jeune
2105 4674 2302 4722 homme,
2329 4675 2381 4712 23
2407 4686 2503 4723 ans,
2532 4675 2665 4722 brun,

1641 4730 1742 4771 bien
1774 4742 1879 4771 sous
1909 4731 2010 4772 tous
2040 4732 2264 4783 rapports,
2298 4734 2596 4784 propriétaire
2625 4734 2667 4774 et

1639 4791 1851 4840 exerçant
1878 4791 2131 4842 profession
2160 4792 2274 4834 dans
2303 4792 2664 4842 l’alimentation,

1640 4849 1811 4900 unique
1832 4850 1946 4890 dans
1967 4862 2015 4891 sa
2035 4851 2282 4900 résidence,
2305 4852 2495 4894 secondé
2515 4864 2597 4904 par
2619 4863 2668 4894 sa

1642 4908 1816 4950 famille
1852 4920 1959 4950 avec
1995 4910 2074 4960 qui
2112 4911 2143 4950 il
2180 4911 2347 4959 habite,
2386 4912 2492 4962 jolie
2530 4912 2664 4952 situa¬

1638 4968 1747 5018 tion,
1779 4968 2016 5010 désirerait
2043 4970 2246 5020 mariage
2274 4982 2382 5012 avec
2408 4971 2544 5021 jeune
2573 4971 2665 5011 fille

1638 5028 1875 5079 orpheline
1895 5040 1952 5070 ou
1972 5028 2110 5079 jeune
2128 5040 2284 5079 veuve,
2308 5031 2362 5071 de
2384 5032 2432 5071 18
2451 5032 2478 5072 à
2495 5034 2547 5071 25
2565 5043 2661 5080 ans,

1638 5099 1744 5127 avec
1771 5088 1848 5128 dot
1875 5088 1928 5128 de
1956 5091 1982 5128 6
2008 5088 2034 5128 à
2063 5090 2210 5136 10,000
2238 5088 2294 5130 fr.

1690 5179 1826 5225 5.779.
1878 5176 1933 5216 —
1986 5176 2176 5219 Ouvrier
2203 5178 2318 5220 dans
2342 5180 2515 5231 grande
2540 5180 2661 5230 ville,

1636 5238 1687 5275 52
1715 5248 1811 5284 ans,
1844 5236 1960 5276 brun
1994 5239 2012 5276 l
2018 5243 2044 5259 m
2072 5240 2137 5286 61,
2170 5239 2406 5288 prendrait
2434 5251 2576 5280 veuve
2605 5251 2663 5279 ou

1637 5296 1913 5344 demoiselle,
1948 5296 2004 5337 de
2035 5299 2087 5336 40
2119 5296 2144 5336 à
2176 5299 2228 5337 50
2260 5310 2356 5347 ans,
2392 5299 2471 5350 qui
2504 5300 2664 5350 éprou¬

1634 5356 1779 5395 verait
1803 5356 1951 5396 même
1978 5356 2056 5396 des
2082 5356 2330 5398 difficultés
2356 5370 2471 5408 pour
2498 5370 2543 5399 se
2570 5370 2663 5398 ma¬

1635 5415 1738 5463 rier,
1763 5415 1879 5456 mais
1902 5415 2146 5466 possédant
2167 5416 2246 5458 des
2269 5428 2524 5458 ressources
2546 5430 2661 5468 pour

1634 5475 1759 5514 aider
1787 5474 1812 5514 à
1839 5486 2019 5515 assurer
2047 5475 2271 5518 existence
2299 5477 2416 5518 aisée
2444 5478 2470 5518 à
2498 5478 2629 5518 deux.

1686 5574 1822 5621 5.780.
1848 5574 1902 5614 —
1926 5574 2070 5614 Jeune
2096 5574 2295 5624 homme,
2322 5576 2373 5615 38
2398 5586 2495 5624 ans,
2523 5575 2657 5624 brun,

1632 5632 1946 5683 propriétaire,
1972 5634 2108 5683 ayant
2132 5635 2282 5682 40,000
2306 5634 2362 5674 fr.
2390 5635 2578 5676 environ
2604 5647 2659 5675 en

1632 5691 1775 5740 biens,
1834 5703 2094 5743 possesseur
2123 5703 2280 5735 source
2308 5694 2530 5736 minérale
2585 5707 2659 5746 ap¬

1631 5751 1756 5801 pelée
1789 5763 1871 5802 par
1905 5751 2119 5792 situation
2155 5753 2197 5792 et
2229 5754 2459 5805 principes
2492 5755 2518 5795 à
2551 5755 2658 5795 don¬

1631 5822 1710 5850 ner
1733 5811 1946 5852 résultats
1970 5811 2229 5860 immenses,
2254 5812 2400 5854 désire
2423 5824 2468 5855 se
2490 5814 2657 5855 marier

1631 5881 1738 5911 avec
1773 5871 2035 5911 demoiselle
2070 5883 2127 5911 ou
2164 5883 2320 5920 veuve,
2360 5872 2655 5924 intelligente,

1630 5931 1711 5981 âge
1744 5930 2083 5980 proportionné,
2146 5931 2361 5972 situation
2396 5932 2657 5984 pécuniaire

1627 5990 1867 6031 suffisante
1895 6002 2010 6040 pour
2038 5991 2163 6031 aider
2191 5991 2217 6030 à
2244 5992 2570 6043 l’exploitation
2601 5994 2655 6034 de

1627 6050 1738 6090 cette
1766 6060 1923 6090 source
1950 6049 2185 6090 minérale.

1679 6143 1815 6190 5,782.
1848 6143 1902 6182 —
1931 6143 2075 6183 Jeune
2110 6143 2292 6183 homme
2324 6143 2378 6184 de
2411 6144 2559 6186 bonne
2591 6145 2653 6186 fa¬

1626 6200 1767 6250 mille,
1798 6203 1848 6240 29
1878 6212 1974 6250 ans,
2006 6202 2319 6252 propriétaire,
2352 6204 2488 6255 ayant
2516 6204 2653 6246 situa¬

1626 6260 1735 6309 tion,
1767 6260 1848 6311 joli
1880 6260 1978 6311 site,
2012 6261 2291 6313 agriculteur
2323 6264 2342 6303 1
2348 6267 2377 6286 er
2406 6264 2552 6314 ordre,
2588 6264 2652 6306 in¬

1627 6320 1846 6370 telligent,
1912 6322 2183 6370 affectueux,
2250 6323 2372 6363 taille
2408 6335 2647 6375 moyenne,

1624 6380 1758 6428 brun,
1793 6380 1882 6420 très
1912 6380 2068 6432 gentil,
2103 6382 2359 6433 épouserait
2390 6383 2526 6435 jeune
2558 6383 2651 6423 fille

1623 6440 1889 6482 charmante
1916 6442 1958 6482 et
1986 6442 2075 6482 très
2103 6442 2312 6492 honnête,
2344 6446 2392 6483 18
2419 6443 2446 6484 à
2471 6446 2523 6484 25
2550 6455 2646 6492 ans,

1623 6498 1786 6550 simple
1815 6500 2040 6548 ,sérieuse,
2069 6500 2283 6551 aimante,
2310 6503 2419 6553 goût
2443 6515 2559 6554 pour
2585 6503 2649 6543 in¬

1622 6559 1804 6607 térieur,
1839 6559 1976 6611 ayant
2007 6560 2143 6611 petite
2175 6561 2251 6602 dot
2283 6563 2455 6614 argent.

1672 6655 1807 6702 5,786.
1834 6652 1888 6692 —
1912 6652 2111 6704 Officier,
2139 6658 2191 6696 36
2215 6668 2311 6707 ans,
2338 6658 2485 6708 grand
2510 6658 2643 6707 brun,

1620 6715 1803 6754 homme
1866 6714 2057 6764 d’ordre,
2123 6727 2175 6755 en
2240 6716 2435 6768 Algérie,
2500 6718 2645 6758 désire

1617 6774 1808 6823 épouser
1859 6774 1995 6823 jeune
2020 6775 2112 6815 fille
2136 6787 2194 6815 ou
2247 6788 2390 6817 veuve
2415 6788 2520 6817 sans
2571 6788 2644 6816 en¬

1619 6832 1754 6882 fants,
1782 6833 1836 6875 de
1860 6835 1912 6874 22
1936 6834 1962 6875 à
1984 6836 2036 6875 30
2060 6847 2156 6884 ans,
2184 6836 2322 6887 ayant
2347 6836 2561 6877 situation
2588 6848 2641 6878 en

1616 6891 1816 6944 rapport.

2801 651 2936 690 5.787.
2964 651 3017 690 —
3041 651 3184 690 Jeune
3212 652 3409 698 homme,
3437 652 3488 690 24
3513 662 3609 699 ans,
3640 651 3772 700 brun,

2748 709 2886 758 taille,
2918 712 2935 749 l
2942 716 2968 732 m
2993 711 3058 758 58,
3116 708 3314 758 instruit,
3344 710 3417 751 fils
3471 711 3658 761 unique,
3689 711 3775 751 for¬

2749 770 2857 810 tune
2888 771 3037 818 80,000
3071 768 3144 818 fr.,
3181 770 3257 810 dot
3289 770 3344 810 de
3377 772 3426 810 15
3459 770 3484 810 à
3516 771 3665 819 20,000
3700 771 3772 819 fr.,

2748 828 2895 869 désire
2925 828 3128 879 mariage
3159 839 3268 868 avec
3296 828 3433 878 jeune
3465 830 3560 871 fille
3590 829 3776 870 catholi¬

2748 899 2849 939 que,
2875 888 3108 940 employée
3132 889 3187 930 de
3210 888 3357 936 l’Etat,
3383 900 3440 928 ou
3464 889 3556 930 fille
3579 889 3635 930 de
3658 900 3775 928 com¬

2751 949 2955 998 merçant
2989 960 3047 988 ou
3085 947 3327 988 industriel
3364 948 3471 987 chez
3508 948 3704 1000 laquelle
3742 948 3772 987 il

2751 1007 3048 1048 s’associerait
3084 1019 3191 1048 avec
3227 1019 3307 1047 son
3345 1007 3464 1058 père.

2801 1095 2936 1142 5,790.
3000 1094 3054 1132 —
3117 1092 3400 1142 Célibataire,
3439 1095 3491 1132 60
3525 1105 3621 1143 ans,
3661 1092 3772 1141 seul,

2749 1152 2851 1193 bien
2879 1154 3107 1202 conservé,
3137 1154 3285 1194 bonne
3313 1152 3453 1200 santé,
3483 1163 3776 1194 ex-commer¬

2748 1212 2852 1262 çant
2908 1212 3040 1252 retiré
3071 1212 3148 1252 des
3204 1212 3400 1260 affaires,
3460 1212 3596 1262 ayant
3651 1212 3776 1252 rente

2748 1273 2825 1311 850
2848 1271 2921 1320 fr.,
2947 1274 3125 1323 espèces
3149 1274 3296 1319 10,000
3318 1271 3391 1320 fr.,
3416 1270 3564 1312 désire
3587 1272 3727 1312 union
3751 1272 3776 1312 à

2749 1331 3011 1372 demoiselle
3031 1343 3088 1371 ou
3108 1343 3251 1371 veuve
3272 1331 3409 1379 seule,
3433 1331 3488 1371 de
3508 1331 3559 1370 40
3577 1331 3656 1371 à55
3676 1343 3772 1380 ans,

2749 1391 2886 1442 ayant
2910 1391 3000 1431 dot.

2800 1478 2935 1526 5.792.
2963 1478 3017 1515 —
3040 1478 3170 1524 Veuf,
3196 1479 3248 1516 49
3270 1488 3367 1525 ans,
3392 1475 3653 1527 catholique
3676 1488 3777 1527 pra¬

2748 1535 2943 1587 tiquant,
3003 1536 3092 1576 très
3124 1536 3246 1584 actif,
3280 1536 3352 1576 bel
3411 1537 3611 1584 homme,
3671 1536 3774 1576 bien

2748 1607 2853 1635 sous
2880 1596 2980 1636 tous
3007 1596 3071 1636 les
3097 1596 3321 1646 rapports,
3351 1595 3447 1636 seul
3475 1606 3583 1636 avec
3608 1606 3676 1635 ses
3703 1607 3777 1636 en¬

2749 1655 2870 1695 fants
2896 1656 2938 1696 et
2963 1655 3284 1706 domestiques.
3312 1656 3435 1704 7,000
3461 1655 3517 1694 fr.
3547 1655 3601 1695 de
3628 1656 3776 1696 rentes

2749 1716 2961 1764 reposant
2989 1727 3067 1755 sur
3095 1715 3309 1764 capitaux
3337 1715 3379 1755 et
3407 1714 3672 1766 propriétés,
3704 1715 3776 1755 dé¬

2749 1774 2837 1814 sire
2871 1775 3011 1815 union
3045 1785 3153 1814 avec
3185 1784 3408 1824 personne
3469 1774 3619 1814 bonne
3652 1774 3776 1815 chré¬

2749 1834 2914 1883 tienne,
2940 1834 2995 1875 de
3017 1836 3068 1874 40
3092 1834 3117 1874 à
3140 1835 3191 1872 52
3213 1844 3309 1882 ans,
3336 1833 3452 1874 belle
3475 1832 3644 1872 femme
3667 1845 3775 1884 pou¬

2748 1893 2856 1933 vant
2880 1904 2925 1934 se
2951 1894 3160 1944 déplacer
3185 1892 3228 1932 et
3252 1893 3343 1934 être
3368 1892 3408 1934 le
3433 1893 3539 1935 luxe
3563 1892 3605 1932 et
3629 1892 3775 1944 l’ange

2748 1952 2936 2002 gardien
2965 1954 3020 1993 de
3047 1963 3127 1992 son
3156 1952 3271 1992 beau
3300 1952 3425 2004 foyer
3457 1965 3465 2000 ;
3493 1952 3631 2003 ayant
3657 1963 3776 1993 com¬

2749 2023 2820 2051 me
2848 2011 3100 2063 largement
3125 2023 3240 2062 pour
3268 2023 3313 2051 se
3339 2011 3513 2054 suffire.

2801 2099 2937 2146 5.793.
2995 2099 3050 2136 —
3107 2097 3223 2138 Veuf
3252 2097 3414 2148 depuis
3445 2097 3565 2138 deux
3595 2110 3691 2147 ans,
3725 2100 3776 2138 44

2747 2168 2843 2206 ans,
2879 2169 2984 2198 sans
3042 2156 3238 2204 enfants,
3273 2157 3407 2198 retiré
3439 2157 3517 2198 des
3575 2158 3771 2206 affaires,

2748 2218 2896 2258 rentes
2925 2219 3071 2264 18,000
3099 2216 3172 2264 fr.,
3200 2216 3288 2267 gai,
3317 2218 3405 2258 bon
3434 2217 3672 2267 caractère,
3703 2218 3774 2258 dé¬

2748 2276 2835 2318 sire
2860 2276 3052 2316 alliance
3077 2276 3273 2316 sérieuse
3299 2288 3404 2317 avec
3430 2276 3691 2318 demoiselle
3716 2288 3773 2318 ou

2747 2347 2889 2377 veuve
2916 2336 2969 2376 de
2996 2336 3144 2376 bonne
3172 2335 3361 2384 famille,
3391 2336 3445 2376 de
3471 2337 3523 2375 30
3548 2336 3573 2375 à
3599 2339 3649 2376 35
3675 2348 3771 2385 ans,

2748 2396 2885 2447 ayant
2913 2395 3140 2447 propriété
3169 2407 3228 2435 ou
3259 2396 3407 2435 rentes
3436 2395 3489 2435 de
3519 2397 3544 2436 8
3572 2396 3597 2435 à
3628 2399 3775 2444 10,000

2748 2455 2803 2495 fr.
2836 2455 3040 2495 environ.
3075 2455 3301 2495 Toulouse
3331 2455 3385 2495 de
3415 2454 3691 2505 préférence.

2800 2542 2923 2590 5,585
2975 2540 3029 2580 —
3084 2540 3274 2590 Garçon,
3305 2543 3356 2580 48
3384 2551 3480 2589 ans,
3511 2542 3648 2592 ayant
3676 2552 3775 2592 pro¬

2749 2600 2916 2642 fession
2944 2600 3129 2641 libérale
3156 2600 3423 2651 rapportant
3473 2602 3596 2648 2,500
3623 2600 3677 2641 fr.
3733 2600 3776 2640 et

2747 2660 2872 2700 avoir
2892 2661 2946 2701 de
2964 2663 3113 2709 25,000
3133 2660 3207 2708 fr.,
3228 2659 3485 2711 épouserait
3504 2660 3775 2700 Demoiselle

2748 2720 2882 2760 d’une
2905 2720 3129 2761 trentaine
3154 2719 3366 2760 d’années
3390 2731 3497 2760 avec
3520 2719 3657 2771 petite
3682 2720 3771 2760 dot.

2800 2807 2935 2854 5,609.
2964 2830 3019 2835 —
3076 2823 3094 2841 «
3128 2804 3299 2846 Guinée
3332 2806 3366 2846 ».
3428 2806 3773 2846 Fonctionnaire

2747 2866 2956 2915 colonial,
2993 2868 3045 2906 29
3079 2877 3176 2914 ans,
3215 2866 3364 2906 bonne
3399 2865 3631 2915 situation,
3668 2866 3772 2906 bien

2749 2936 2855 2965 sous
2891 2927 2991 2966 tous
3028 2926 3252 2976 rapports,
3292 2924 3531 2966 désirerait
3565 2926 3768 2976 mariage

2747 2995 2853 3025 avec
2882 2984 3168 3026 institutrice.

2796 3072 2931 3118 5,658.
2963 3072 3018 3110 —
3048 3071 3177 3119 Veuf,
3209 3072 3260 3110 48
3291 3082 3387 3119 ans,
3420 3082 3475 3111 ne
3504 3070 3568 3111 les
3598 3071 3768 3122 parais¬

2747 3130 2848 3171 sant
2873 3142 2968 3181 pas,
2999 3130 3101 3171 bien
3131 3131 3184 3171 de
3211 3142 3260 3170 sa
3285 3141 3524 3180 personne,
3553 3131 3673 3172 deux
3700 3143 3773 3171 en¬

2748 3190 2883 3238 fants,
2913 3190 3029 3230 mais
3057 3202 3205 3230 aucun
3235 3190 3260 3228 à
3288 3200 3336 3230 sa
3364 3190 3543 3239 charge,
3573 3190 3772 3240 proprié¬

2747 3250 2858 3290 taire
2888 3251 2930 3292 et
2959 3250 3165 3302 employé
3196 3248 3627 3299 d’administration,
3660 3250 3774 3290 dési¬

2747 3320 2793 3350 re
2822 3308 2961 3349 union
2991 3319 3097 3348 avec
3124 3309 3387 3348 demoiselle
3413 3322 3471 3348 ou
3497 3321 3640 3351 veuve
3668 3322 3773 3350 sans

2747 3368 2942 3417 enfants,
2976 3368 3031 3409 de
3061 3370 3112 3407 35
3143 3368 3168 3408 à
3197 3370 3249 3408 45
3280 3379 3376 3418 ans,
3410 3367 3499 3408 bon
3531 3368 3769 3416 caractère,

2745 3427 2877 3478 goûts
2914 3427 3116 3478 simples,
3155 3427 3259 3467 bien
3296 3428 3351 3467 de
3387 3439 3436 3467 sa
3472 3438 3695 3478 personne
3731 3428 3773 3467 et

2745 3487 2881 3537 ayant
2906 3487 2983 3527 dot
3007 3498 3064 3527 ou
3090 3487 3229 3527 rente.

2798 3575 2933 3621 5,661.
2967 3575 3021 3614 —
3051 3575 3195 3614 Jeune
3229 3574 3427 3622 homme,
3460 3574 3511 3612 25
3543 3584 3639 3622 ans,
3675 3575 3771 3614 seul

2744 3643 2851 3673 avec
2879 3644 2928 3673 sa
2956 3634 3093 3680 mère,
3124 3632 3279 3681 blond,
3311 3632 3431 3679 bien,
3461 3632 3700 3673 éducation
3731 3634 3772 3674 et

2747 3691 3017 3732 instruction
3055 3691 3273 3742 soignées,
3313 3690 3489 3730 famille
3525 3691 3604 3731 des
3666 3692 3771 3742 plus

2745 3752 3031 3799 honorables,
3067 3748 3309 3810 possédant
3341 3762 3395 3790 en
3428 3749 3595 3800 plaine,
3657 3751 3771 3792 dans

2745 3820 2805 3848 un
2867 3810 3108 3850 charmant
3168 3819 3293 3859 pays,
3356 3807 3583 3860 propriété
3616 3808 3772 3852 valant

2742 3871 2892 3916 20.000
2923 3869 2996 3918 fr.,
3032 3868 3310 3908 mécanicien
3344 3867 3560 3919 diplômé,
3623 3868 3771 3908 bonne

2743 3927 2964 3976 clientèle,
2994 3928 3219 3968 demande
3245 3927 3381 3978 jeune
3409 3927 3502 3967 fille
3531 3929 3679 3968 bonne
3708 3927 3771 3967 fa¬

2744 3987 2884 4035 mille,
2913 3988 3193 4035 charmante,
3249 3988 3331 4036 âge
3357 3987 3637 4038 réciproque,
3694 3988 3771 4028 dot

2743 4047 2927 4087 suivant
2948 4047 3013 4087 lui
3036 4058 3091 4087 en
3115 4047 3287 4096 argent.

2796 4134 2932 4180 5,683.
2969 4132 3024 4172 —
3060 4132 3229 4180 Comte,
3268 4131 3390 4180 veuf,
3430 4131 3541 4180 seul,
3580 4134 3631 4172 64
3668 4143 3763 4179 ans,

2744 4193 2871 4234 santé
2905 4192 3115 4244 parfaite,
3181 4192 3304 4240 actif,
3343 4194 3465 4240 2,000
3501 4191 3557 4232 fr.
3624 4194 3764 4238 rente,

2743 4252 2847 4291 irait
2869 4252 3111 4303 n’importe
3135 4252 3208 4299 où,
3235 4251 3381 4292 désire
3407 4251 3608 4303 mariage
3632 4253 3675 4293 et
3698 4252 3768 4292 vie

2741 4312 2948 4362 occupée.

2793 4402 2928 4447 5,712.
2956 4402 3011 4439 —
3037 4400 3285 4449 Adjudant,
3317 4402 3366 4439 15
3392 4411 3473 4440 ans
3501 4399 3555 4440 de
3581 4400 3764 4448 service,

2741 4459 2876 4508 brun,
2904 4462 2954 4500 34
2980 4472 3076 4508 ans,
3105 4460 3241 4511 ayant
3267 4459 3385 4500 droit
3411 4460 3436 4500 à
3461 4471 3551 4500 une
3577 4459 3766 4511 pension

2741 4518 2796 4559 de
2824 4522 2943 4567 1,130
2969 4520 3041 4567 fr.,
3071 4519 3285 4559 candidat
3309 4519 3335 4558 à
3361 4532 3421 4559 un
3449 4519 3617 4571 emploi
3645 4518 3765 4567 civil,

2741 4591 2765 4618 a
2799 4590 2852 4618 en
2887 4579 3015 4620 outre
3048 4578 3127 4619 des
3160 4578 3425 4628 espérances
3458 4580 3679 4621 certaines
3713 4578 3768 4619 de

2742 4640 2888 4686 15.000
2908 4639 2981 4687 fr.,
3005 4639 3151 4679 désire
3172 4636 3373 4688 mariage
3393 4649 3500 4678 avec
3519 4638 3655 4689 jeune
3675 4639 3768 4680 fille

2740 4698 2795 4738 de
2829 4698 2874 4737 la
2908 4708 3172 4748 campagne,
3211 4699 3264 4738 20
3296 4697 3324 4737 à
3356 4698 3409 4736 28
3443 4707 3539 4746 ans,
3576 4699 3763 4748 grande,

2741 4756 2869 4805 forte,
2903 4759 3063 4806 brune,
3098 4758 3235 4808 ayant
3265 4758 3343 4798 dot
3376 4758 3521 4804 12,000
3553 4756 3608 4796 fr.
3644 4758 3763 4796 envi¬

2740 4828 2835 4856 ron.
2866 4816 2975 4857 Très
3001 4816 3193 4856 sérieux.

2792 4903 2927 4950 5.723.
2983 4903 3037 4940 —
3093 4903 3223 4951 Veuf,
3255 4904 3307 4942 52
3334 4914 3431 4950 ans,
3463 4902 3534 4943 bel
3563 4904 3763 4951 homme,

2739 4962 2825 5002 bon
2856 4962 3094 5011 caractère,
3136 4962 3343 5012 employé
3387 4973 3443 5002 au
3485 4963 3667 5003 chemin
3711 4963 3765 5003 de

2740 5022 2820 5069 fer,
2879 5023 2999 5071 1,800
3025 5022 3080 5062 fr.
3138 5032 3220 5072 par
3248 5032 3304 5062 an
3333 5021 3375 5062 et
3401 5022 3656 5063 économies
3709 5023 3764 5063 de

2736 5083 2859 5130 7.000
2884 5082 2939 5122 fr.
2968 5093 3020 5122 en
3048 5082 3220 5132 argent,
3247 5081 3504 5132 épouserait
3528 5083 3764 5123 demoisel¬

2736 5141 2777 5182 le
2803 5152 2860 5180 ou
2887 5153 3029 5183 veuve
3056 5153 3161 5182 sans
3188 5140 3383 5190 enfants,
3413 5152 3519 5182 avec
3545 5142 3682 5194 petite
3709 5142 3763 5183 si¬

2737 5199 2926 5240 tuation.

2788 5287 2924 5334 5.724.
2957 5286 3012 5326 —
3044 5286 3228 5326 Officier
3260 5298 3313 5326 en
3349 5285 3544 5335 retraite,
3580 5288 3631 5326 53
3664 5298 3760 5334 ans,

2735 5346 2924 5397 pension
2952 5348 3076 5395 3,800
3104 5347 3177 5394 fr.,
3209 5346 3252 5386 et
3278 5345 3523 5396 possédant
3551 5358 3612 5386 un
3643 5346 3761 5396 capi¬

2733 5406 2794 5447 tal
2828 5406 2883 5447 de
2916 5408 3064 5455 40,000
3099 5407 3172 5455 fr.,
3208 5405 3464 5457 épouserait
3498 5405 3759 5447 demoiselle

2732 5478 2790 5507 ou
2816 5477 2959 5507 veuve
2985 5478 3089 5507 sans
3116 5466 3297 5506 enfants
3323 5466 3376 5507 de
3429 5467 3480 5506 38
3507 5466 3532 5507 à
3557 5468 3607 5507 48
3660 5479 3756 5515 ans,

2733 5526 2870 5576 ayant
2899 5526 2988 5566 dot.

2789 5611 2813 5654 5
2821 5646 2829 5662 ,
2841 5610 2921 5654 727
2932 5612 2979 5654 .-
3007 5610 3223 5659 Employé
3251 5611 3303 5650 de
3332 5611 3461 5650 l’Etat
3488 5611 3601 5651 dans
3627 5623 3757 5660 gran¬

2732 5671 2787 5711 de
2819 5669 3088 5720 préfecture,
3124 5672 3245 5719 3,300
3279 5670 3333 5710 fr.
3370 5681 3452 5721 par
3485 5680 3557 5719 an,
3595 5670 3676 5720 âge
3708 5672 3759 5710 50

2732 5740 2827 5778 ans,
2862 5731 2984 5779 veuf,
3045 5730 3301 5782 épouserait
3333 5730 3467 5770 dame
3500 5741 3556 5771 ou
3591 5730 3759 5771 demoi¬

2731 5789 2837 5830 selle
2872 5790 3000 5840 d’âge
3035 5791 3077 5830 et
3111 5791 3165 5830 de
3200 5790 3415 5830 situation
3452 5801 3507 5830 en
3570 5790 3758 5840 rapport

2731 5860 2836 5890 avec
2862 5849 2926 5891 les
2951 5849 3085 5890 siens.

2781 5942 2916 5989 5.730.
2943 5943 2997 5982 —
3020 5943 3164 5982 Jeune
3192 5943 3389 5991 homme,
3417 5943 3468 5982 28
3493 5954 3589 5991 ans,
3619 5942 3752 5990 brun,

2729 5999 2972 6053 distingué,
3032 6002 3135 6042 bien
3167 6014 3272 6042 sous
3301 6003 3402 6042 tous
3433 6002 3497 6042 les
3527 6002 3751 6053 rapports,

2726 6063 2848 6108 4.000
2875 6060 2929 6101 fr.
2960 6062 3015 6102 de
3043 6072 3249 6109 revenus,
3279 6062 3333 6102 de
3361 6061 3536 6103 famille
3563 6063 3755 6102 honora¬

2727 6120 2812 6168 ble,
2840 6121 2965 6162 santé
2989 6120 3185 6170 robuste,
3212 6120 3468 6172 épouserait
3491 6120 3753 6163 demoiselle

2725 6191 2781 6219 ou
2813 6179 2949 6230 jeune
2980 6191 3136 6228 veuve,
3171 6192 3276 6220 sans
3308 6180 3503 6230 enfants,
3537 6192 3645 6222 avec
3676 6180 3752 6220 dot

2724 6251 2781 6279 ou
2815 6239 3028 6280 situation
3063 6251 3116 6280 en
3149 6240 3351 6291 rapport.
3387 6240 3496 6281 Très
3528 6240 3721 6282 sérieux.

2777 6334 2912 6379 5.731.
2944 6334 2999 6371 —
3056 6334 3185 6382 Veuf,
3221 6335 3272 6372 30
3303 6344 3384 6372 ans
3416 6344 3521 6374 sans
3552 6332 3747 6380 enfants,

2724 6391 2839 6431 belle
2870 6392 3100 6440 situation,
3135 6391 3448 6443 propriétaire,
3509 6393 3647 6444 ayant
3676 6403 3746 6432 en¬

2723 6463 2821 6491 core
2847 6462 2916 6492 ses
2940 6452 3139 6503 parents,
3167 6463 3343 6503 grosses
3368 6452 3648 6503 espérances,
3677 6452 3749 6492 de¬

2722 6511 2887 6552 mande
2913 6523 3056 6552 veuve
3084 6523 3141 6551 ou
3197 6512 3333 6562 jeune
3361 6511 3469 6551 fille.
3529 6512 3639 6552 Très
3668 6512 3747 6551 sé¬

2722 6570 2864 6610 rieux.

2771 6662 2907 6707 5,733.
2928 6663 2982 6700 —
3003 6662 3119 6703 Veuf
3139 6661 3180 6703 et
3199 6661 3425 6712 orphelin,
3448 6663 3499 6701 30
3519 6672 3615 6710 ans,
3640 6672 3745 6702 sans

2723 6719 2919 6769 enfants,
2959 6720 3548 6772 commerçant-industriel,
3588 6722 3737 6762 bonne

2718 6780 2857 6827 santé,
2881 6780 3035 6828 blond,
3057 6792 3175 6831 yeux
3195 6780 3339 6829 bleus,
3361 6781 3499 6831 ayant
3518 6792 3607 6820 une
3628 6781 3744 6822 belle

2717 6839 2948 6888 situation,
2987 6839 3243 6891 épouserait
3279 6839 3555 6888 demoiselle,
3595 6840 3743 6882 bonne

2715 6898 2969 6948 éducation,
3032 6899 3240 6940 moralité
3274 6899 3625 6950 irréprochable,
3688 6900 3743 6941 de

3848 651 4109 703 préférence
4136 654 4387 705 orpheline,
4416 656 4553 704 ayant
4578 657 4792 698 situation
4820 668 4873 696 en

3850 712 4036 762 rapport
4071 724 4078 760 ;
4110 713 4340 754 minimun
4373 715 4547 761 100,000
4577 714 4632 754 fr.

3901 799 4037 847 5.734.
4095 801 4148 838 —
4205 801 4373 839 Ancien
4404 802 4720 850 sous-officier,
4752 808 4873 851 veuf,

3848 858 3962 898 dans
3988 858 4032 898 la
4058 858 4397 908 cinquantaine,
4428 860 4575 900 bonne
4604 859 4872 904 instruction

3848 919 3889 958 et
3917 916 4173 965 éducation,
4204 920 4408 970 aptitude
4437 919 4479 959 et
4508 919 4648 968 avoir,
4707 923 4873 971 emploi

3850 976 3955 1016 civil
3993 978 4084 1018 très
4148 977 4395 1020 honorable
4459 990 4512 1019 en
4576 980 4871 1031 perspective,

3848 1036 4104 1086 épouserait
4128 1036 4389 1079 demoiselle
4413 1051 4471 1079 ou
4496 1050 4652 1087 veuve,
4680 1038 4876 1082 sérieuse

3848 1096 3959 1146 petit
3992 1096 4131 1144 avoir,
4168 1096 4249 1147 âge
4283 1108 4336 1137 en
4372 1100 4571 1150 rapport.

3901 1183 4036 1228 5.735.
4068 1182 4122 1221 —
4152 1181 4435 1232 Célibataire,
4467 1188 4517 1226 36
4547 1198 4643 1235 ans,
4676 1185 4873 1235 retraité,

3849 1241 4056 1292 employé
4085 1242 4140 1282 de
4171 1242 4303 1282 l’Etat
4332 1243 4445 1286 dans
4475 1246 4647 1296 grande
4676 1246 4784 1286 ville
4813 1245 4874 1287 du

3851 1299 4118 1350 Sud-Ouest,
4180 1302 4316 1352 ayant
4373 1304 4512 1352 avoir,
4573 1305 4876 1346 honorabilité

3849 1359 4056 1410 parfaite,
4089 1361 4192 1401 bien
4224 1372 4328 1402 sous
4356 1363 4457 1404 tous
4487 1364 4710 1415 rapports,
4741 1365 4876 1415 épou¬

3849 1418 3985 1459 serait
4007 1420 4268 1462 demoiselle
4290 1432 4348 1461 ou
4369 1434 4525 1472 veuve,
4551 1435 4656 1464 sans
4677 1423 4873 1472 enfants,

3848 1479 3930 1528 âge
3954 1478 3996 1518 et
4019 1479 4235 1522 situation
4260 1492 4315 1520 en
4341 1484 4541 1532 rapport.

3901 1567 4036 1612 5.736.
4066 1567 4119 1607 —
4148 1567 4431 1617 Célibataire,
4462 1571 4512 1608 39
4539 1581 4636 1619 ans,
4667 1570 4877 1611 habitant

3848 1624 3891 1664 la
3912 1635 4177 1675 campagne,
4202 1628 4427 1679 physique
4448 1630 4672 1679 agréable,
4696 1631 4784 1671 bon
4807 1640 4876 1671 ca¬

3849 1684 4033 1731 ractère,
4095 1687 4337 1734 possédant
4369 1688 4505 1739 petite
4536 1690 4763 1740 propriété
4822 1690 4876 1731 de

3847 1746 3997 1792 25,000
4029 1743 4101 1792 fr.,
4137 1744 4179 1785 et
4211 1744 4433 1788 industrie
4464 1748 4519 1788 de
4551 1750 4637 1790 bon
4671 1750 4873 1800 rapport,

3848 1803 4104 1854 épouserait
4127 1803 4388 1847 demoiselle
4411 1819 4468 1847 ou
4492 1819 4648 1858 veuve,
4675 1821 4781 1850 sans
4803 1821 4876 1851 en¬

3849 1863 3984 1911 fants,
4013 1864 4095 1915 âge
4121 1863 4163 1904 et
4188 1864 4403 1904 situation
4432 1878 4486 1906 en
4515 1869 4716 1919 rapport.

3901 1951 4037 1996 5.740.
4064 1951 4117 1987 —
4144 1951 4336 2000 Notaire,
4365 1954 4416 1991 32
4441 1963 4536 2000 ans,
4565 1954 4655 1994 très
4680 1954 4873 2003 sérieux,

3848 2008 4073 2048 demande
4100 2010 4300 2062 mariage
4327 2023 4433 2052 avec
4458 2011 4720 2054 demoiselle
4745 2013 4800 2054 de
4825 2016 4876 2054 25

3849 2067 3874 2106 à
3903 2070 3953 2107 32
3983 2080 4079 2118 ans,
4111 2072 4248 2121 ayant
4276 2072 4353 2112 dot
4382 2083 4505 2112 assez
4535 2072 4697 2114 élevée.
4732 2074 4876 2115 Etude

3848 2128 4060 2178 rapporte
4087 2129 4143 2170 de
4168 2132 4292 2179 5,500
4319 2132 4345 2171 à
4371 2134 4494 2180 6,000
4522 2132 4577 2174 fr.
4608 2146 4692 2184 par
4718 2146 4791 2174 an.

3900 0 4035 2260 5.741.
4040 2237 4095 2242 —
4120 2213 4403 2264 Célibataire,
4431 2220 4481 2258 37
4507 2230 4603 2266 ans,
4632 2219 4876 2268 possédant

3847 2274 4026 2323 espèces
4055 2275 4202 2320 15,000
4256 2274 4311 2315 fr.
4369 2276 4412 2315 et
4465 2277 4692 2327 propriété
4720 2278 4875 2319 valant

3846 2334 3996 2382 25.000
4017 2332 4091 2382 fr.,
4116 2335 4381 2385 espérances
4403 2336 4530 2376 sûres
4551 2338 4700 2384 20,000
4723 2338 4777 2378 fr.
4803 2338 4875 2379 dé¬

3848 2392 3936 2432 sire
3965 2393 4167 2443 mariage
4197 2406 4304 2435 avec
4335 2395 4596 2436 demoiselle
4627 2408 4684 2438 ou
4715 2409 4872 2447 veuve,

3848 2463 3953 2491 sans
3982 2451 4177 2502 enfants,
4237 2455 4317 2506 âge
4345 2455 4388 2495 et
4417 2455 4632 2496 situation
4664 2468 4717 2496 en
4776 2468 4875 2509 rap¬

3847 2511 3961 2562 port.

3901 2599 4036 2646 5,743.
4067 2601 4120 2638 —
4151 2601 4412 2650 Violoniste,
4443 2603 4495 2642 23
4524 2614 4620 2651 ans,
4653 2615 4757 2644 sans
4788 2610 4876 2646 for¬

3849 2656 3971 2706 tune,
4005 2659 4166 2709 grand,
4202 2661 4336 2709 brun,
4372 2663 4463 2703 très
4495 2663 4597 2703 bien
4632 2675 4689 2703 au
4723 2665 4874 2716 physi¬

3849 2727 3949 2767 que,
4013 2719 4270 2769 épouserait
4302 2720 4565 2763 demoiselle
4597 2735 4655 2763 ou
4715 2735 4872 2772 veuve,

3847 2776 3902 2816 de
3926 2779 3979 2816 20
4003 2778 4029 2817 à
4054 2780 4105 2818 40
4131 2790 4227 2828 ans,
4256 2791 4365 2820 avec
4390 2780 4479 2828 dot,
4511 2782 4658 2821 Serait
4684 2783 4875 2823 heureu¬

3846 2847 3905 2876 se.

3900 2925 4035 2971 5.748.
4067 2926 4121 2964 —
4149 2926 4293 2965 Jeune
4325 2927 4523 2976 homme,
4556 2929 4608 2968 26
4639 2939 4735 2977 ans,
4770 2927 4872 2969 bien

3847 2994 3951 3023 sous
3984 2983 4084 3023 tous
4118 2986 4343 3036 rapports,
4405 2987 4704 3037 dessinateur,
4766 3001 4875 3039 pou¬

3847 3043 3955 3083 vant
3985 3054 4179 3094 occuper
4211 3046 4377 3096 emploi
4411 3048 4533 3095 3,000
4565 3047 4639 3095 fr.,
4673 3049 4875 3099 proprié¬

3847 3102 3959 3143 taire
3987 3103 4040 3143 de
4068 3104 4320 3155 propriétés
4348 3107 4533 3158 rapport
4560 3110 4585 3147 6
4612 3107 4637 3147 à
4664 3110 4787 3155 7,000
4815 3108 4871 3147 fr.

3847 3162 3888 3202 et
3917 3163 4197 3212 espérances,
4232 3164 4377 3206 désire
4408 3166 4610 3215 mariage
4640 3166 4875 3207 d’inclina¬

3847 3220 3939 3260 tion
3968 3232 4073 3262 avec
4100 3222 4236 3272 jeune
4262 3224 4369 3273 fille,
4399 3224 4613 3266 situation
4642 3227 4684 3266 et
4711 3226 4791 3276 âge
4817 3238 4872 3268 en

3847 3282 4047 3331 rapport.

3899 3375 4034 3422 5.749.
4092 3376 4145 3416 —
4204 3377 4487 3428 Célibataire,
4546 3381 4597 3419 37
4625 3391 4722 3428 ans,
4756 3391 4872 3421 com¬

3845 3435 4050 3484 merçant
4071 3435 4113 3475 et
4135 3437 4427 3487 agriculteur,
4453 3439 4543 3479 très
4564 3439 4757 3487 sérieux,
4784 3439 4873 3479 bel¬

3844 3492 3884 3532 le
3919 3494 4134 3534 situation
4170 3496 4211 3536 et
4272 3499 4552 3547 espérances,
4616 3498 4874 3550 épouserait

3845 3552 4107 3595 demoiselle
4136 3566 4194 3595 ou
4224 3567 4367 3598 veuve
4396 3568 4501 3598 sans
4531 3558 4703 3607 enfant,
4735 3559 4872 3610 petite

3844 3612 3920 3652 dot
3944 3614 3986 3652 et
4008 3614 4197 3655 voulant
4222 3616 4449 3667 s’occuper
4474 3630 4536 3656 un
4561 3630 4648 3668 peu
4675 3619 4729 3659 de
4753 3630 4872 3660 com¬

3845 3683 4007 3712 merce.

3896 3759 4032 3804 5.750.
4058 3762 4112 3795 —
4139 3762 4268 3807 Veuf,
4296 3764 4347 3799 58
4372 3771 4468 3808 ans,
4497 3762 4608 3810 seul,
4637 3762 4756 3803 deux
4781 3762 4868 3813 fils,

3843 3814 3953 3856 dont
3988 3829 4048 3856 un
4084 3819 4241 3868 marié,
4277 3820 4524 3862 excellente
4557 3822 4699 3871 santé,
4736 3823 4869 3864 retiré

3844 3874 3921 3914 des
3976 3875 4171 3925 affaires,
4228 3879 4527 3927 propriétaire
4581 3881 4624 3919 et
4677 3892 4871 3923 revenus

3843 3935 3964 3981 4.000
3995 3934 4068 3983 fr.,
4100 3934 4247 3978 désire
4277 3936 4433 3986 union,
4493 3938 4579 3978 soit
4608 3939 4869 3981 demoiselle

3843 4004 3899 4034 ou
3927 4006 4069 4035 veuve
4123 4006 4228 4037 sans
4255 3996 4427 4047 enfant,
4485 3998 4610 4050 d’âge
4638 3999 4680 4040 et
4733 3999 4869 4042 situa¬

3841 4054 3935 4094 tion
3962 4066 4016 4094 en
4044 4056 4243 4106 rapport.

3895 4151 4029 4195 5.751.
4063 4152 4116 4191 —
4172 4153 4316 4191 Jeune
4350 4154 4548 4200 homme,
4581 4156 4632 4194 30
4663 4167 4759 4204 ans,
4795 4156 4868 4197 fils

3843 4206 4028 4256 unique,
4063 4208 4164 4248 bien
4196 4222 4303 4250 sous
4332 4211 4433 4251 tous
4464 4215 4687 4262 rapports,
4720 4217 4868 4264 possé¬

3840 4266 3951 4306 dant
3985 4267 4120 4316 petite
4156 4270 4397 4319 propriété,
4461 4273 4769 4322 commerçant
4804 4274 4867 4313 in¬

3840 4324 4045 4375 dustriel,
4108 4326 4365 4378 épouserait
4423 4330 4685 4372 demoiselle
4745 4343 4868 4373 assez

3840 4386 4044 4438 élégante
4073 4387 4128 4428 de
4156 4389 4208 4428 25
4237 4388 4263 4428 à
4292 4391 4344 4428 30
4373 4402 4455 4430 ans
4486 4402 4600 4440 pour
4632 4390 4864 4441 intérieur,

3840 4447 3976 4496 ayant
4001 4446 4076 4488 dot
4100 4447 4141 4490 et
4165 4447 4220 4490 de
4245 4448 4421 4490 famille
4446 4448 4709 4492 honorable.

3887 4543 4022 4588 5,799.
4049 4545 4103 4583 —
4129 4545 4471 4587 Contributions
4499 4548 4753 4590 indirectes.
4782 4550 4863 4591 Re¬

3834 4614 3995 4642 ceveur
4025 4604 4257 4655 buraliste,
4288 4608 4377 4648 très
4407 4611 4555 4651 bonne
4585 4611 4775 4661 famille,
4808 4613 4863 4654 si¬

3833 4666 4007 4707 tuation
4040 4667 4162 4715 4,000
4194 4668 4248 4707 fr.
4283 4668 4560 4718 incessibles,
4621 4674 4862 4714 recherche

3836 4740 3951 4779 pour
3975 4730 4175 4782 mariage
4199 4742 4422 4783 personne
4472 4731 4526 4772 de
4576 4732 4664 4771 très
4715 4733 4863 4775 bonne

3838 4791 4027 4840 famille,
4056 4795 4108 4832 26
4135 4794 4160 4833 à
4188 4797 4239 4835 33
4267 4807 4363 4844 ans,
4394 4795 4566 4847 grande
4595 4795 4637 4836 et
4665 4795 4859 4846 élancée,

3836 4854 3972 4900 ayant
3996 4854 4216 4903 quelques
4241 4868 4447 4898 revenus.

3885 4937 4020 4984 5.801.
4056 4938 4111 4976 —
4143 4938 4287 4976 Jeune
4351 4941 4547 4990 homme,
4585 4944 4857 4995 catholique,

3831 5000 3881 5039 28
3907 5011 4003 5049 ans,
4032 4999 4240 5052 employé
4267 5012 4323 5041 au
4351 5002 4531 5041 chemin
4560 5004 4615 5043 de
4643 5004 4723 5053 fer,
4753 5007 4860 5047 bon¬

3832 5074 3885 5102 ne
3976 5063 4205 5112 situation,
4273 5066 4393 5112 1,800
4455 5063 4621 5112 francs,
4713 5066 4860 5107 désire

3831 5122 4020 5172 épouser
4044 5123 4305 5164 demoiselle
4329 5124 4383 5164 de
4405 5124 4456 5164 20
4480 5123 4504 5164 à
4527 5124 4577 5164 25
4601 5135 4697 5173 ans,
4724 5127 4860 5175 ayant

3831 5184 3907 5223 dot
3935 5195 3989 5223 en
4020 5187 4220 5235 rapport.

3883 5267 4018 5313 5.802.
4043 5268 4065 5307 -
4121 5267 4404 5318 Célibataire,
4431 5274 4481 5311 40
4504 5273 4600 5320 ans,
4629 5273 4776 5320 15,000
4800 5271 4855 5314 fr.

3829 5338 3881 5367 en
3910 5328 4103 5378 espèces,
4132 5330 4256 5370 taille
4283 5332 4301 5368 1
4330 5336 4356 5353 m
4362 5363 4369 5379 ,
4398 5335 4463 5379 65,
4492 5334 4641 5374 bonne
4667 5335 4859 5376 instruc¬

3828 5390 3919 5431 tion
3952 5389 3995 5431 et
4024 5390 4280 5439 éducation,
4315 5392 4493 5432 sérieux
4525 5394 4567 5433 et
4625 5395 4853 5444 économe,

3828 5451 4011 5492 homme
4038 5450 4091 5491 de
4119 5461 4256 5500 cœur,
4287 5451 4428 5492 solide
4456 5451 4680 5501 affection,
4711 5452 4856 5495 désire

3827 5512 4028 5564 mariage
4060 5525 4165 5555 avec
4199 5514 4460 5556 demoiselle
4492 5527 4549 5556 ou
4582 5527 4739 5566 veuve,
4775 5517 4856 5567 âge

3826 5576 3868 5616 et
3890 5576 4103 5616 situation
4129 5588 4183 5616 en
4208 5578 4409 5628 rapport,
4436 5580 4572 5628 ayant
4596 5580 4681 5619 bon
4708 5591 4854 5619 carac¬

3825 5638 3929 5676 tère.

3879 5728 4013 5775 5.804.
4041 5727 4093 5764 —
4119 5727 4249 5775 Veuf,
4276 5728 4325 5767 37
4351 5739 4447 5778 ans,
4473 5739 4639 5780 garçon
4665 5727 4720 5770 de
4744 5732 4855 5772 neuf

3825 5800 3920 5837 ans,
3944 5790 4031 5828 bon
4052 5788 4248 5835 ouvrier,
4273 5788 4360 5830 bon
4381 5791 4565 5842 emploi,
4589 5790 4677 5830 très
4698 5791 4852 5832 robus¬

3825 5851 3881 5899 te,
3917 5851 4021 5892 bieri
4055 5850 4424 5903 physiquement,
4460 5851 4585 5892 avoir
4617 5852 4740 5891 2.000
4773 5851 4847 5903 fr.,

3825 5910 4081 5962 épouserait
4110 5909 4372 5954 demoiselle
4401 5924 4459 5954 ou
4489 5923 4632 5952 veuve
4661 5912 4715 5952 de
4744 5913 4795 5950 25
4824 5913 4849 5952 à

3823 5972 3875 6010 35
3904 5983 3999 6019 ans,
4031 5968 4168 6020 petite
4196 5970 4285 6012 dot.

3876 6068 4012 6115 5.805.
4046 6066 4100 6103 —
4133 6066 4262 6116 Veuf,
4298 6071 4348 6108 44
4382 6080 4477 6115 ans,
4513 6077 4619 6106 sans
4651 6067 4847 6118 enfants,

3825 6128 3972 6170 bonne
4004 6127 4144 6176 santé,
4179 6131 4312 6171 retiré
4344 6131 4421 6171 des
4453 6127 4648 6177 affaires,
4683 6131 4848 6182 capital

3823 6193 3944 6231 55.00
3966 6190 4132 6239 francs,
4156 6203 4348 6234 revenus
4369 6192 4491 6231 3.000
4512 6190 4677 6242 francs,
4701 6193 4848 6235 désire

3823 6254 3963 6296 union
3985 6263 4091 6293 avec
4111 6253 4372 6296 demoiselle
4392 6264 4449 6292 ou
4469 6263 4625 6304 veuve,
4649 6267 4755 6298 sans
4774 6266 4848 6295 en¬

3824 6318 3957 6363 fants,
3984 6315 4037 6355 de
4060 6315 4207 6359 bonne
4231 6315 4420 6362 famille,
4445 6314 4649 6367 disposée
4672 6319 4697 6359 à
4717 6316 4847 6357 venir

3821 6379 3997 6419 habiter
4023 6378 4273 6426 Bordeaux,
4297 6378 4379 6427 âge
4399 6378 4450 6416 28
4471 6378 4496 6418 à
4516 6380 4567 6419 44
4589 6392 4684 6428 ans,
4709 6378 4845 6427 ayant

3820 6442 3968 6482 rentes
4001 6452 4057 6481 ou
4093 6443 4229 6492 petite
4263 6439 4353 6479 dot.
4391 6439 4500 6482 Très
4533 6443 4725 6484 sérieux.
4764 6439 4845 6481 Ré¬

3819 6503 3994 6555 pondra
4020 6503 4045 6543 à
4069 6504 4192 6544 toute
4217 6504 4604 6554 correspondance
4631 6502 4840 6544 sérieuse.

3869 6595 4005 6642 5.806.
4040 6594 4094 6631 —
4125 6594 4269 6631 Jeune
4304 6592 4500 6643 homme,
4536 6595 4587 6632 25
4620 6602 4716 6642 ans,
4752 6605 4841 6636 em¬

3816 6658 3947 6708 ployé
3971 6670 4028 6698 au
4055 6654 4236 6696 chemin
4263 6656 4316 6698 de
4341 6658 4408 6699 fer
4432 6658 4494 6698 du
4521 6655 4569 6694 P.
4600 6654 4666 6704 O.,
4694 6668 4840 6699 carac¬

3815 6720 3905 6762 tère
3931 6720 4052 6759 doux
4076 6716 4119 6757 et
4143 6716 4335 6769 sérieux,
4363 6720 4436 6760 fils
4460 6715 4646 6768 unique,
4673 6720 4839 6770 capital

3815 6784 3868 6823 de
3891 6783 3939 6820 18
3959 6782 3984 6819 à
4003 6781 4151 6818 20.000
4172 6780 4489 6831 francs,désire
4511 6781 4712 6834 mariage
4732 6791 4839 6821 avec

3813 6844 3949 6895 jeune
3980 6842 4073 6882 fille
4104 6842 4157 6882 de
4187 6846 4239 6886 20
4269 6847 4295 6886 à
4324 6847 4375 6884 22
4405 6854 4501 6890 ans,
4536 6843 4751 6886 situation
4783 6854 4836 6883 en

3813 6904 4012 6954 rapport.
