5184 7176
2431 428 2502 466 LE
2534 426 2712 467 TRAIT
2747 427 2994 471 D'UNION

590 511 708 550 6096.
735 511 1167 551 Tarn-ct-Garantis.
1191 534 1243 540 —
1287 511 1566 559 Demoiselle,

535 581 584 619 35
608 587 703 625 ans,
730 577 930 617 instruite
948 579 1046 617 bien
1066 579 1230 627 élevée,
1251 579 1416 618 famille
1433 579 1568 618 hono¬

536 639 674 688 rable*
706 641 795 680 tü.0
823 642 848 680 0
871 639 919 683 fr,
945 642 1019 679 dut
1046 644 1087 680 et
1115 642 1396 690 espérances,
1420 640 1566 680 désire

538 703 732 751 mariage
754 714 863 743 avec
887 703 1111 742 Monsieur
1132 703 1371 754 distingué,
1396 704 1559 744 intelli¬

535 767 651 814 gent,
675 766 994 805 fonctionnaire
1013 765 1066 805 de
1090 765 1358 815 préférence.

591 855 710 894 6103.
739 854 980 895 TosiJousa.
1007 878 1061 888 —-
1087 854 1276 894 FamilJe
1302 854 1565 902 honorable,

539 914 807 963 distinguée,
835 914 1070 956 marierait
1091 915 1198 965 jolie
1222 915 1358 964 jeune
1382 915 1489 963 fille,
1519 918 1566 954 17

539 984 635 1022 ans,
664 973 810 1014 lionne
834 972 959 1014 santé
986 974 1226 1015 .caractère
1248 973 1336 1024 gai,
1363 975 1484 1015 7.000
1508 974 1563 1014 fr.

538 1032 628 1079 dot,
660 1032 884 1081 mobilier,
915 1035 1154 1078 trousseau,
1178 1036 1221 1075 et
1246 1034 1515 1084 espérances
1541 1035 1567 1074 à

536 1103 760 1143 personne
787 1092 1036 1137 honorable
1063 1094 1199 1142 ayant
1224 1094 1456 1135 situation.

588 1187 706 1227 6104.
735 1187 976 1227 Toulouse.
1003 1211 1056 1216 —
1081 1190 1363 1236 Demoiselle,
1390 1191 1441 1228 38
1466 1201 1560 1236 ans,

536 1246 746 1295 sérieuse,
777 1247 926 1288 bonne
980 1247 1171 1296 famille,
1230 1248 1378 1288 bonne
1423 1247 1562 1287 situa¬

538 1306 646 1356 tion,
681 1308 815 1356 goûts
846 1306 1048 1357 simples,
1111 1307 1386 1350 affectueuse
1417 1308 1460 1351 et
1491 1308 1565 1348 dé¬

535 1365 690 1412 vouée,
726 1366 936 1406 voudrait
995 1367 1186 1416 épouser
1243 1367 1481 1408 monsieur
1510 1368 1563 1408 de

535 1427 586 1464 40
612 1424 638 1464 à
663 1427 715 1464 50
740 1435 837 1473 ans,
895 1425 1240 1475 fonctionnaire,
1298 1428 1478 1469 retraité
1505 1440 1562 1468 ou

535 1485 856 1535 commerçant.

587 1579 707 1619 6105.
733 1578 976 1620 Toulouse.
1002 1604 1050 1608 —
1079 1580 1363 1631 Demoiselle,
1388 1584 1440 1622 27
1464 1594 1560 1631 ans,

535 1638 639 1679 bien
669 1639 832 1687 élevée,
863 1639 1028 1682 établie
1059 1652 1164 1682 avec
1195 1642 1310 1687 belle
1340 1642 1559 1691 clientèle,

535 1698 681 1740 désire
759 1700 1084 1751 correspondre
1147 1712 1253 1742 avec
1331 1703 1563 1743 monsieur

535 1759 672 1808 ayant
707 1758 922 1799 situation
959 1760 1160 1802 assortie.
1202 1762 1470 1814 Impossible
1506 1763 1560 1803 de

534 1827 579 1859 se
603 1816 827 1869 déplacer.

588 1914 707 1952 6110.
739 1914 928 1955 Landes.
952 1938 1008 1942 —
1033 1915 1174 1958 Dame
1228 1917 1366 1967 seule,
1423 1918 1559 1968 ayant

539 1971 699 2020 rentes,
727 1972 902 2014 maison
930 1975 970 2015 et
994 1974 1163 2024 jardin,
1191 1976 1400 2016 habitant
1422 1977 1559 2028 petite

535 2031 656 2080 ville,
683 2032 840 2074 climat
864 2034 978 2082 sain,
1006 2035 1151 2076 désire
1203 2036 1398 2087 prendre
1450 2038 1558 2077 chez

535 2091 619 2131 elle
642 2094 757 2144 pouf
778 2092 903 2135 avoir
924 2106 1012 2135 une
1034 2095 1195 2136 société
1216 2107 1443 2147 personne
1462 2107 1558 2138 seu¬

534 2150 589 2199 le,
618 2150 722 2192 bien
749 2151 911 2203 élevée,
939 2156 1079 2205 ayant
1102 2154 1263 2206 petites
1288 2156 1450 2196 rentes.

583 2271 631 2307 5°
663 2270 724 2310 Ne
751 2270 959 2319 craignez
983 2280 1064 2319 pas
1106 2271 1159 2311 de
1200 2282 1313 2311 vous
1354 2282 1556 2320 compro¬

531 2331 691 2368 mettre
720 2339 775 2368 en
811 2330 960 2370 disant
992 2340 1082 2379 que
1111 2342 1223 2372 vous
1255 2331 1346 2372 êtes
1378 2332 1554 2372 abonné

528 2398 586 2427 au
611 2387 738 2427 Trait
762 2389 972 2429 d’Unioh.

585 2502 703 2542 6111.
727 2524 780 2530 —
800 2500 1074 2544 Demoiselle
1095 2503 1367 2544 institutrice
1388 2503 1480 2544 état
1502 2504 1554 2544 de

531 2560 680 2600 bonne
709 2560 899 2610 famille,
927 2564 979 2601 33
1007 2573 1104 2610 ans,
1134 2562 1260 2603 taille
1314 2572 1551 2614 moyenne,

532 2620 678 2662 brune
707 2620 830 2671 jolie,
863 2621 1132 2671 distinguée,
1166 2622 1406 2663 éducation
1465 2623 1554 2663 très

531 2679 727 2731 soignée,
788 2679 1084 2730 musicienne,
1118 2682 1242 2721 avoir
1299 2683 1448 2721 25.000
1478 2682 1551 2730 fr.,

531 2738 787 2790 épouserait
836 2740 1069 2780 monsieur
1096 2742 1150 2782 de
1175 2741 1327 2783 bonne
1378 2742 1554 2782 famille

531 2799 611 2848 âge
643 2799 818 2847 assorti,
851 2800 1012 2850 grand,
1047 2799 1316 2854 intelligent,
1352 2800 1550 2849 instruit,

530 2859 617 2910 gai,
641 2859 910 2908 affectueux,
934 2860 1083 2900 bonne
1102 2860 1243 2908 santé,
1266 2860 1446 2902 surtout
1463 2860 1553 2901 très

531 2918 774 2968 distingué,
807 2919 944 2970 ayant
974 2919 1155 2960 fortune
1183 2931 1241 2960 ou
1271 2920 1387 2960 belle
1416 2920 1552 2960 situa¬

534 2976 639 3019 tion.
671 2977 912 3026 Quitterait
968 2979 1275 3020 l'Instruction
1304 2979 1372 3019 s’il
1403 2979 1552 3019 le'fal¬

531 3036 624 3076 lait.
654 3037 806 3078 Ecrire
830 3039 884 3079 de
910 3038 1039 3079 suite.

582 3149 700 3188 6112.
731 3149 974 3189 Toulouse.
999 3172 1054 3178 —
1079 3148 1350 3191 Demoiselle
1374 3151 1427 3189 35
1452 3162 1548 3197 ans,

530 3207 710 3255 blonde,
770 3207 1039 3259 distinguée,
1099 3210 1236 3259 ayant
1318 3209 1548 3258 situation,

531 3268 678 3308 10.000
695 3267 752 3308 fr.
774 3267 864 3318 dot,
886 3268 1144 3319 épouserait
1161 3268 1396 3310 Monsieur
1414 3268 1550 3316 brun,

530 3327 617 3367 bon
646 3328 884 3376 caractère,
942 3327 1288 3369 fonctionnaire.
1344 3327 1444 3368 Etat
1496 3328 1551 3368 de

530 3384 805 3436 préférence.

1696 519 1812 559 6142.
1850 520 1978 560 Midi.
2008 543 2063 549 —
2096 523 2234 564 Dame
2264 532 2420 571 veuve,
2470 527 2520 563 43
2567 536 2663 573 ans,

1643 577 1794 627 aspect
1834 579 1984 628 jeune,
2028 580 2223 631 qualités
2263 583 2513 634 physiques
2539 584 2666 626 intel¬

1642 637 1871 679 lectuelles
1923 640 1964 679 et
2019 642 2227 690 morales,
2273 644 2408 694 ayant
2462 644 2662 684 souffert.

1642 698 1798 739 Bonne
1819 734 1823 738 ,
1842 698 2072 748 situation,
2121 702 2339 744 intérieur
2368 703 2662 752 confortable,

1641 756 1780 797 belles
1835 758 2065 808 relations,
2139 760 2286 801 désire
2340 763 2665 814 correspondre

1642 826 1747 856 avec
1778 818 2010 859 monsieur
2040 820 2302 870 honorable,
2335 821 2527 870 sérieux,
2560 822 2663 863 bien

1640 875 1777 924 élevé,
1805 876 2059 928 intelligent
2081 880 2124 919 et
2162 880 2267 927 bon,
2309 880 2446 932 ayant
2483 882 2665 924 fortune

1639 946 1696 974 ou
1726 935 1940 977 situation
1971 938 2320 990 indépendante.
2354 940 2555 983 Sérieux.

1699 1043 1778 1083 Les
1805 1044 1960 1086 dames
1986 1050 2087 1086 sont
2112 1047 2257 1096 priées
2283 1049 2336 1090 de
2390 1048 2612 1099 répondre
2638 1051 2665 1091 à

1643 1114 1790 1152 toutes
1814 1114 1875 1152 les
1901 1115 2050 1155 lettres
2074 1115 2148 1164 qui
2176 1116 2271 1156 leur
2295 1120 2395 1156 sont
2418 1118 2662 1159 adressées.

1690 1206 1803 1247 0144.
1831 1208 2047 1248 Gironde.
2072 1231 2122 1236 —
2144 1211 2284 1263 Da^ue
2315 1221 2387 1252 ve:
2408 1212 2482 1255 v»,
2518 1212 2664 1254 désire

1638 1268 1798 1308 marier
1814 1282 1860 1308 sa
1886 1271 1987 1316 fille,
2010 1272 2058 1311 28
2087 1283 2179 1319 ans,
2207 1272 2369 1314 famille
2399 1275 2663 1324 honorable,

1636 1330 1779 1374 bonne
1815 1332 2063 1380 édnea'ion,
2107 1334 2267 1374 femme
2295 1337 2568 1387 d'intérieur,
2602 1342 2662 1379 sé¬

1640 1394 1798 1438 rieuse,
1818 1395 2046 1444 économe,
2068 1397 2142 1436 dot
2170 1399 2194 1436 5
2215 1400 2235 1436 à
2268 1399 2415 1440 le.000
2439 1400 2504 1451 fr.,
2543 1403 2662 1452 espé¬

1635 1467 1791 1496 rances
1810 1460 1959 1504 sûres;
1971 1469 2076 1498 avec
2087 1460 2316 1500 Monsieur
2331 1463 2387 1502 de
2402 1463 2453 1502 30
2466 1466 2488 1502 à
2503 1464 2555 1502 40
2567 1475 2660 1512 ans,

1634 1523 1764 1568 ayant
1782 1519 2007 1560 situation.

1685 1610 1787 1649 0148
1847 1610 1968 1651 ïîidi.
2011 1633 2048 1639 —
2100 1611 2242 1653 Dame
2281 1613 2370 1653 très
2412 1614 2663 1664 distinguée

1634 1667 1731 1707 bien
1770 1668 1908 1720 élevé,
1938 1667 2139 1711 habitant
2172 1672 2341 1723 grande
2375 1674 2490 1721 ville,
2531 1682 2663 1726 ayant

1634 1730 1844 1774 intérieur
1893 1734 2179 1779 confortable,
2228 1736 2433 1776 voudrait
2472 1739 2663 1788 prendre

1632 1799 1804 1834 comme
1827 1796 2154 1846 pensionnaire,
2179 1798 2316 1839 Dame
2343 1811 2399 1839 ou
2438 1800 2663 1843 Monsieur

1632 1856 1743 1903 seul,
1767 1856 2084 1898 fonctionnaire
2104 1871 2158 1898 ou
2182 1862 2346 1901 rentier

1686 1964 1695 1996 (
1712 1959 1802 2004 149.
1823 1960 2102 2012 Sud-tyisest.
2120 1984 2154 1991 -
2174 1963 2368 2004 Famille
2383 1966 2660 2014 honorable,

1632 2021 1835 2060 voudrait
1858 2024 2020 2064 marier
2051 2024 2164 2064 belle
2195 2027 2326 2075 jeune
2350 2027 2452 2075 fille,
2487 2030 2532 2068 24
2562 2039 2657 2079 ans,

1632 2084 1780 2124 50.000
1803 2085 1851 2124 fr.
1876 2086 1930 2125 de
1948 2087 2038 2136 dot,
2056 2099 2235 2136 grosses
2255 2091 2534 2140 espérances,
2555 2102 2660 2131 avec

1631 2148 1856 2187 Monsieur
1890 2153 2023 2199 ayant
2055 2151 2266 2191 situation
2314 2155 2435 2199 sûre,
2481 2154 2536 2192 de
2575 2158 2599 2200 5
2635 2156 2660 2192 à

1632 2207 1780 2248 10.000
1803 2207 1850 2248 fr.
1876 2220 1955 2259 par
1978 2220 2046 2251 an.
2071 2211 2288 2251 Toulouse
2315 2212 2369 2252 de
2387 2214 2655 2263 préférence.

1683 2298 1787 2338 ol50
1841 2299 1977 2340 Nord.
2029 2322 2075 2329 —
2126 2300 2267 2343 Dame
2311 2313 2470 2343 encore
2511 2306 2655 2354 jeune,

1630 2360 1706 2402 l00
1726 2360 1893 2408 000.fr.,
1923 2362 2094 2403 fortune
2125 2366 2419 2414 personnelle,
2455 2367 2659 2407 voudrait

1629 2426 1777 2468 entrer
1785 2435 1836 2464 en
1852 2424 2035 2464 relation
2047 2436 2155 2466 avec
2168 2438 2384 2476 personne
2395 2428 2655 2478 distinguée,

1630 2495 1734 2524 sans
1755 2485 1939 2536 fortune,
1962 2491 2095 2538 ayant
2116 2487 2231 2528 belle
2250 2489 2476 2530 situation.

1681 2575 1799 2627 615,1.
1823 2577 1973 2617 Haute
1995 2578 2225 2618 Garonne.
2248 2602 2296 2607 —
2322 2580 2437 2622 Très
2457 2583 2657 2622 honora¬

1629 2639 1703 2678 ble
1727 2637 1932 2695 fumiîle^
1952 2640 2098 2680 désire
2119 2642 2282 2680 marier
2306 2642 2394 2683 fille
2412 2644 2588 2692 unique,
2606 2647 2654 2682 22

1627 2701 1948 2750 ans,05.000fr.
1970 2704 2655 2756 comptant,avecjeunehomme

1628 2763 1683 2802 de
1706 2767 1752 2803 25
1775 2765 1796 2802 à
1818 2767 1867 2803 28
1891 2770 2130 2816 ans,ayant
2150 2765 2292 2807 bonne
2314 2768 2522 2807 situation
2544 2768 2655 2809 dans

1629 2826 1667 2865 le
1704 2826 1970 2875 professorat
1992 2839 2045 2867 ou
2071 2828 2182 2868 dans
2202 2830 2392 2870 l’armée.

1680 2916 1740 2956 La
1758 2916 2083 2959 combinaison
2115 2920 2327 2968 mariage
2346 2920 2523 2970 répond
2536 2920 2564 2961 à
2587 2931 2648 2963 un

1628 2970 1788 3010 besoin
1810 2971 1974 3011 social.

1723 3254 2568 3380 MARIAGES

2797 524 2895 564 Non
2923 526 3174 568 seulement
3199 530 3228 568 il
3256 531 3320 571 est
3347 531 3618 573 intéressant
3642 534 3695 575 de
3722 546 3767 576 se

2744 583 2845 622 bien
2871 586 3103 627 connaître
3127 588 3376 639 soi-même;
3401 592 3516 632 mais
3541 594 3571 632 il
3595 594 3662 634 est
3684 595 3767 636 uti¬

2743 643 2782 684 le
2826 644 2866 683 et
2910 646 3106 695 prudent
3148 647 3368 690 d’étudier
3411 662 3524 692 ceux
3552 662 3658 692 avec
3684 654 3766 695 les¬

2742 703 2871 752 quels
2907 715 2963 744 on
2985 706 3131 747 désire
3152 708 3301 748 entrer
3323 722 3375 751 en
3399 711 3588 752 relation
3610 712 3764 755 d’inté¬

2742 763 2809 802 rêt
2827 774 2886 803 ou
2907 766 2961 806 de
2982 766 3239 808 sentiment.

2795 822 2852 862 Le
2874 823 3132 874 professeur
3154 826 3376 869 Lefranck
3399 830 3508 871 dont
3528 842 3643 873 nous
3664 844 3764 873 con¬

2741 880 2949 923 naissons
2978 883 3020 923 la
3049 886 3196 927 sûreté
3241 888 3296 928 de
3340 890 3607 941 diagnostic,
3638 891 3764 933 satis-

2742 939 2856 990 faiga
2882 943 3220 994 certainement,
3250 947 3312 988 les
3338 948 3442 999 plus
3467 950 3692 992 difficiles.

2796 999 3061 1044 Conditions
3103 1004 3233 1047 faites
3275 1018 3365 1048 aux
3404 1008 3599 1051 lecteurs
3638 1011 3692 1051 de
3716 1023 3764 1053 ce

2739 1057 2921 1108 journal
2952 1074 2960 1100 :

2739 1136 2823 1176 Par
2846 1138 2970 1179 leltre
2994 1153 3000 1178 :
3027 1140 3212 1192 Croquis
3234 1143 3597 1188 silhouette.
3660 1148 3686 1186 0
3715 1150 3766 1189 7.3

2846 1214 2893 1220 —
3026 1196 3598 1241 Portrait.
3660 1202 3684 1237 3
3743 1215 3762 1240 »

2842 1267 2893 1274 —
3027 1249 3219 1299 Analyse
3235 1248 3366 1293 détaillée
3380 1255 3407 1293 et
3421 1252 3597 1311 conplète..
3662 1255 3684 1295 5
3743 1269 3763 1295 »

2794 1315 2828 1354 A
2856 1318 3000 1368 partir
3025 1320 3086 1360 du
3114 1323 3131 1359 1
3139 1324 3170 1341 er
3195 1322 3446 1374 décembre,
3475 1328 3572 1366 tout
3598 1331 3760 1368 nouvel

2739 1375 2915 1416 abonné
2967 1388 3023 1419 ou
3066 1379 3306 1434 réabonné,
3347 1385 3424 1434 qui
3466 1385 3640 1426 voudra
3664 1398 3763 1428 sou¬

2740 1435 2899 1476 mettre
2954 1448 3033 1478 son
3086 1440 3280 1482 écriture
3322 1445 3608 1494 personnelle
3651 1459 3763 1488 aura

2738 1493 2858 1535 droit
2906 1496 2931 1536 à
2971 1510 3031 1537 un
3083 1500 3264 1551 croquis
3303 1503 3543 1555 silhouette
3594 1509 3762 1555 gratuit

2739 1554 2854 1594 dans
2894 1555 2934 1596 le
2973 1556 3172 1608 journal,
3202 1571 3306 1602 sous
3346 1573 3408 1604 un
3452 1564 3762 1618 pseudonyme

2738 1614 3035 1666 quelconque.

2792 1672 2827 1712 Il
2871 1676 2935 1716 èst
2979 1680 3316 1728 expressément
3359 1687 3678 1727 recommandé
3707 1686 3761 1728 de

2737 1743 2792 1772 ne
2843 1745 2924 1783 pas
2975 1738 3246 1780 contrefaire
3286 1752 3367 1782 son
3407 1743 3601 1787 écriture
3640 1747 3683 1787 et
3706 1748 3760 1789 de

2738 1792 2923 1835 n’écrire
2946 1807 3034 1846 que
3056 1810 3135 1838 sur
3158 1798 3217 1840 du
3242 1802 3400 1854 papier
3424 1815 3512 1844 non
3538 1806 3658 1856 rayé.

2786 1988 2844 2026 La
2874 1990 3094 2039 première
3123 1992 3247 2034 lettre
3279 1997 3475 2038 soumise
3503 2010 3558 2038 au
3586 2000 3759 2051 profes¬

2731 2061 2834 2089 seur
2861 2051 3075 2092 Lefranck
3102 2066 3126 2094 a
3156 2057 3222 2096 ôté
3250 2060 3458 2111 analysée
3495 2072 3603 2103 avec
3627 2063 3756 2114 quel¬

2731 2123 2842 2163 ques
2863 2111 3038 2156 détails.

2784 2175 2868 2214 Les
2883 2177 3119 2227 prochains
3131 2182 3310 2232 croquis
3342 2188 3494 2227 seront
3525 2186 3626 2236 plus
3656 2199 3758 2231 suc-

2730 2236 2851 2276 eûtes
2886 2243 2927 2278 et
2951 2244 3194 2290 paraîtront
3219 2246 3242 2283 à
3266 2247 3363 2285 tour
3390 2247 3443 2288 de
3470 2250 3559 2288 rôle
3587 2251 3698 2290 dans
3720 2263 3758 2304 je

2730 2290 2923 2343 Journal.

2896 2396 3139 2436 LETTRE
3162 2392 3382 2439 SIGNÉE
3403 2403 3584 2444 LILAS

2782 2490 2825 2528 Si
2856 2490 2894 2530 la
2925 2492 3047 2534 lettre
3072 2499 3139 2535 est
3168 2496 3267 2536 bien
3292 2499 3426 2539 écrite
3454 2502 3507 2541 de
3536 2503 3758 2546 l’écriture

2728 2552 2965 2604 ordinaire,
3004 2558 3116 2598 voici
3164 2571 3214 2600 ce
3258 2563 3515 2615 qu'indique
3563 2565 3602 2606 le
3650 2579 3751 2618 gra¬

2728 2616 2915 2665 phisme.

2777 2680 3095 2731 Intelligence.
3134 2706 3178 2714 —
3212 2686 3408 2736 Dépasse
3446 2688 3486 2728 la
3524 2702 3754 2742 moyenne.

2726 2739 2870 2782 Claire
2906 2748 2948 2783 et
2979 2746 3168 2786 cultivée
3186 2760 3194 2796 ;
3247 2749 3507 2791 instruction
3556 2755 3754 2804 soignée.

2728 2803 2962 2854 Aptitudes
2995 2808 3215 2859 spéciales
3242 2822 3354 2862 pour
3384 2812 3447 2854 les
3471 2819 3551 2855 mal
3564 2817 3756 2857 hémati¬

2725 2877 2846 2916 ques.
2872 2870 3012 2910 Assez
3034 2871 3177 2912 bonne
3197 2875 3426 2916 mémoire.
3454 2879 3536 2918 Peu
3560 2877 3758 2932 d'imagi¬

2726 2926 2886 2967 nation.
2913 2930 2998 2968 Peu
3015 2930 3374 2983 île,dispositions
3391 2938 3648 2987 artistiques
3662 2940 3758 2980 sauf

2726 2999 2837 3039 pour
2861 2990 2900 3029 la
2923 2992 3140 3044 musique.
3164 2995 3280 3035 Coût
3302 2999 3392 3038 très
3412 3003 3632 3048 prononcé
3646 3015 3758 3054 pour

2727 3051 2788 3090 les
2804 3052 2924 3094 soins
2946 3054 3003 3094 du
3025 3056 3224 3107 ménage.
3247 3060 3483 3109 Jugement
3504 3063 3634 3106 droit.

2778 3116 2932 3155 Cœur.
2966 3139 3010 3146 —
3039 3119 3207 3160 Nature
3232 3123 3319 3162 très
3347 3124 3631 3167 affectueuse.
3666 3128 3754 3168 Dé¬

2726 3178 2862 3218 vouée
2881 3190 2990 3228 pour
3007 3182 3225 3222 autruimè
3240 3195 3310 3224 me
3331 3196 3436 3226 sans
3458 3189 3664 3239 espoirde
3691 3203 3754 3231 re¬

2726 3242 2833 3279 tour.
2858 3240 3031 3283 Grande
3051 3243 3248 3285 douceur
3271 3248 3372 3287 unie
3394 3250 3416 3287 à
3440 3262 3523 3290 une
3540 3251 3755 3295 adorable

2724 3306 2899 3343 naïveté
2919 3308 2958 3343 et
2974 3307 2994 3343 à
3019 3318 3103 3346 une
3126 3308 3258 3348 réelle
3275 3311 3502 3353 modestie.
3530 3316 3754 3356 Personne

2723 3364 2795 3412 qui
2819 3364 2909 3405 doit
2930 3368 3019 3407 être
3043 3371 3131 3408 très
3155 3371 3299 3412 aimée
3323 3374 3375 3414 de
3391 3386 3470 3415 son
3492 3380 3751 3428 entourage.

2723 3427 2777 3467 Ni
2797 3439 2944 3474 avare,
2970 3431 3011 3468 ni
3034 3432 3261 3483 hypocrite
3286 3448 3295 3474 :
3321 3438 3411 3476 très
3431 3436 3624 3480 franche.

2780 3491 2992 3532 Volonté.
3020 3517 3068 3523 —
3098 3496 3262 3545 Faible,
3291 3498 3448 3549 sujette
3480 3503 3503 3540 à
3539 3503 3754 3553 quelques

2722 3559 3082 3603 emportements,
3115 3559 3228 3598 mais
3260 3561 3420 3610 jamais
3455 3574 3507 3602 en
3542 3567 3755 3614 présence

2724 3613 2804 3657 des
2822 3615 3070 3667 étrangers,
3096 3631 3147 3658 en
3178 3620 3342 3663 famille
3363 3624 3611 3667 seulement
3630 3628 3754 3678 (gare

2723 3678 2746 3716 à
2771 3678 2810 3716 la
2832 3678 3126 3734 belle-mère!)
3152 3683 3259 3723 Bien
3284 3685 3413 3726 d’une
3432 3691 3753 3734 nature.enlre-

2724 3746 2935 3791 prenante
2961 3756 2968 3780 :
2995 3745 3030 3783 A
3049 3744 3198 3786 besoin
3222 3746 3359 3788 d’être
3378 3751 3552 3799 guidée.

2778 3804 3148 3854 Tempérament
3192 3832 3242 3838 •—
3290 3810 3504 3864 Sanguin,
3556 3815 3753 3867 quelque

2722 3873 2807 3917 peu
2842 3866 3159 3920 lymphat'que.
3199 3872 3327 3912 Santé
3363 3875 3567 3922 générale
3603 3878 3750 3919 excel¬

2724 3928 2837 3968 lente
2868 3930 3074 3983 .Fatigue
3103 3934 3419 3977 intellectuelle
3444 3943 3484 3979 et
3503 3945 3752 3982 momenta¬

2722 3992 2818 4030 née.

2776 4055 3070 4097 Conclusion.
3097 4082 3130 4086 —
3172 4060 3266 4099 Doit
3288 4063 3554 4106 rechercher
3569 4079 3623 4107 un
3642 4069 3751 4111 mari

2723 4118 2986 4168 affectueux,
3011 4119 3331 4172 débrouillard,
3351 4125 3394 4164 et
3407 4124 3520 4167 doué
3543 4127 3672 4170 d’une
3686 4143 3751 4171 vo¬

2726 4179 2839 4219 lonté
2863 4179 2970 4222 forte
2996 4184 3111 4224 mais
3132 4196 3214 4225 non
3236 4186 3440 4231 violente.

3362 4251 3409 4291 G.
3440 4254 3695 4295 Lefranck.

2755 4427 3010 4482 Lettres
3052 4431 3130 4483 de
3170 4432 3715 4492 Remerciements

2780 4564 2838 4606 Le
2858 4567 2990 4608 cadre
3012 4569 3066 4608 de
3088 4570 3214 4611 notre
3234 4571 3416 4622 journal
3440 4587 3494 4616 ne
3516 4587 3630 4618 nous
3651 4590 3747 4628 per¬

2727 4625 2918 4666 mettant
2940 4639 3020 4678 pas
3071 4628 3287 4671 d’insérer
3338 4633 3402 4674 les
3453 4635 3749 4679 nombreuses

2727 4683 2879 4727 lettres
2910 4686 2965 4727 de
2998 4687 3289 4732 félicitations
3322 4694 3552 4735 adressées
3583 4708 3640 4736 au
3675 4697 3747 4737 Di¬

2727 4744 2900 4787 recteur
2927 4746 3088 4797 depuis
3116 4748 3159 4790 la
3186 4751 3380 4792 création
3410 4752 3464 4795 de
3491 4755 3603 4796 cette
3630 4768 3747 4798 com¬

2729 4802 2953 4852 binaison,
2992 4817 3105 4847 ceux
3142 4807 3195 4850 de
3232 4821 3313 4851 nos
3350 4812 3551 4854 abonnés
3586 4815 3664 4867 qui
3704 4815 3743 4858 le

2726 4862 3018 4907 désireraient
3046 4871 3267 4918 pourront
3292 4883 3343 4912 en
3400 4871 3594 4923 prendre
3646 4888 3747 4917 con¬

2727 4923 2960 4966 naissance
2994 4926 3108 4967 dans
3141 4940 3223 4968 nos
3256 4930 3474 4982 bureaux,
3512 4946 3590 4975 rue
3624 4936 3747 4977 d’As-

2725 4980 2838 5032 torg,
2866 4984 2930 5032 26,
2959 4985 3200 5028 Toulouse.

2725 5148 3021 5255 OFFICE
3093 5151 3201 5256 DE
3277 5152 3749 5264 LOCATIONS

2780 5343 2814 5379 A
2878 5344 3020 5384 Louer
3082 5347 3276 5394 meublé,
3339 5351 3542 5400 quartier
3604 5352 3749 5395 Saint-

2723 5402 2928 5453 Etienne,
2959 5406 3176 5449 chambre
3232 5411 3276 5450 et
3331 5411 3456 5452 salon
3514 5424 3571 5455 ou
3629 5416 3747 5457 deux

2724 5466 2964 5508 chambres
3027 5468 3384 5522 indépendantes
3419 5475 3534 5516 dans
3571 5477 3744 5519 maison

2722 5527 2933 5578 sérieuse,
2965 5531 3161 5580 prendre
3191 5532 3402 5576 l’adresse
3458 5548 3516 5578 au
3574 5539 3714 5580 burea
3735 5554 3744 5580 i

2723 5580 2785 5620 du
2806 5582 2987 5631 journal
3012 5585 3052 5627 le
3074 5588 3200 5627 Trait
3222 5590 3432 5631 d’Union.

3902 530 3934 566 A
3967 528 4123 577 Louer,
4156 529 4270 570 local
4327 543 4406 571 sur
4462 543 4584 580 cour,
4618 544 4675 574 au
4704 534 4870 575 rez-de-

3847 581 4077 630 chaussée,
4116 592 4231 631 pour
4295 584 4484 635 bureau,
4523 585 4865 635 garde-meuble

3844 653 3900 683 au
3931 643 4066 694 dépôt
4094 643 4147 684 de
4176 646 4534 688 marchandises.
4566 647 4768 689 Prendre
4795 647 4870 689 l’a¬

3844 704 3995 745 dresse
4020 718 4076 746 au
4103 706 4285 755 journal
4311 707 4351 748 le
4375 709 4502 748 Trait
4528 710 4736 751 d'Union.

3902 774 4090 815 Famille
4121 775 4179 818 de
4223 777 4382 826 quatre
4428 788 4675 828 personnes
4721 780 4867 822 désire

3843 831 3970 872 louer
3998 834 4132 884 petite
4159 834 4334 875 maison
4364 836 4526 878 remise
4552 838 4578 879 à
4604 838 4728 880 neuf.
4756 842 4782 880 8
4808 851 4864 882 ou

3846 894 3895 931 10
3926 891 4086 942 pièces,
4122 904 4203 935 rue
4235 894 4496 944 tranquille,
4532 898 4735 947 quartier
4767 910 4866 939 cen¬

3843 950 3943 990 tral.
3971 950 4079 991 Prix
4102 952 4155 993 de
4179 955 4203 992 8
4224 952 4251 992 à
4272 954 4350 992 900
4375 952 4428 992 fr.

3909 1094 4223 1192 Annonces
4277 1101 4341 1193 et
4391 1096 4537 1194 Avis
4591 1099 4797 1198 divers

3895 1262 3928 1302 1.
3968 1262 4034 1302 On
4070 1263 4292 1315 demande
4326 1265 4438 1315 petit
4470 1266 4636 1318 capital
4671 1267 4863 1321 payable

3838 1331 3892 1360 en
3934 1323 4060 1362 rente
4083 1322 4277 1374 viagère.
4307 1324 4436 1366 Faire
4460 1326 4597 1367 offres
4622 1327 4665 1367 et
4689 1327 4810 1368 donr
4846 1342 4864 1366 r

3839 1379 3938 1420 tous
3984 1380 4371 1434 renseignements
4416 1395 4474 1426 au
4520 1383 4755 1428 Directeur
4800 1388 4859 1428 du

3839 1438 3965 1480 Trait
3988 1439 4202 1482 d’Union.

3895 1510 3934 1548 2.
3975 1510 4030 1547 —
4071 1510 4332 1551 Professeur
4372 1511 4506 1552 dame
4546 1514 4866 1556 recommandé

3838 1576 3951 1616 pour
3995 1566 4138 1616 leçon:
4190 1568 4243 1608 de
4290 1581 4392 1620 pi.iu
4415 1582 4422 1608 >
4487 1570 4592 1611 Piix
4639 1586 4666 1612 u
4687 1574 4858 1614 odérés.

3837 1623 4015 1667 Bureau
4039 1626 4102 1666 du
4124 1625 4324 1675 journal.

3888 1695 3927 1732 3.
3954 1695 4008 1732 —
4036 1695 4303 1738 Demoiselle
4331 1696 4454 1739 seule
4479 1700 4530 1738 45
4556 1711 4652 1748 ans,
4682 1701 4859 1752 adopte¬

3835 1752 3922 1792 rait
3942 1752 4076 1802 jeune
4099 1754 4191 1795 fille
4213 1754 4420 1797 fortunée
4441 1768 4499 1798 ou
4521 1758 4680 1802 enfant
4699 1766 4859 1811 orphe¬

3835 1811 3926 1851 line
3946 1823 4003 1852 ou
4026 1814 4335 1855 abandonnée.
4360 1815 4560 1857 Prendre
4580 1818 4760 1860 adresse
4782 1819 4860 1859 bu¬

3834 1879 3943 1910 reau
3963 1870 4027 1911 du
4049 1871 4176 1912 Trait
4195 1871 4406 1914 d’Union.

3886 1931 3924 1968 4.
3944 1931 3999 1970 —
4020 1932 4208 1972 Famille
4230 1932 4318 1974 très
4339 1935 4602 1985 honorable,
4624 1937 4860 1988 prendrait

3835 1988 4154 2039 pensionnaire
4196 1991 4330 2032 dame
4372 2004 4430 2034 ou
4472 1995 4707 2038 Monsieur
4750 1996 4857 2048 aisé,

3834 2047 4075 2090 s’adresser
4095 2050 4268 2091 bureau
4289 2051 4348 2092 du
4374 2051 4571 2103 journal.

3886 2119 3924 2156 5.
3952 2139 4007 2146 —
4031 2118 4096 2156 On
4126 2117 4351 2160 demande
4378 2120 4525 2162 bonne
4554 2124 4807 2166 couturière
4834 2124 4860 2167 à

3833 2174 3875 2216 la
3935 2174 4139 2224 journée.
4203 2175 4311 2218 Voir
4374 2178 4546 2222 bureau
4608 2182 4670 2223 du
4732 2183 4860 2226 Trait

3834 2234 4043 2275 d’Union.

3893 2294 3935 2336 6.
3952 2296 4007 2334 —
4031 2296 4140 2335 Fille
4181 2296 4235 2338 de
4275 2299 4504 2350 militaire,
4531 2300 4783 2353 orpheline,
4810 2306 4860 2343 17

3836 2363 3931 2401 ans,
3970 2353 4072 2395 bien
4108 2355 4271 2406 élevée,
4310 2358 4466 2408 active,
4503 2361 4731 2412 économe,
4769 2363 4856 2404 bon

3836 2414 4074 2463 caractère,
4116 2415 4340 2458 demande
4380 2418 4508 2469 place
4547 2423 4859 2472 gouvernante

3834 2470 3942 2511 chez
3982 2471 4215 2516 Monsieur
4257 2478 4379 2526 veuf,
4423 2490 4538 2530 pour
4579 2480 4759 2531 soigner
4785 2492 4859 2522 en¬

3835 2530 3955 2571 fants
3972 2531 4014 2574 et
4031 2532 4199 2587 diriger
4216 2535 4259 2576 la
4277 2536 4468 2579 maison.
4491 2539 4691 2582 Prendre
4710 2542 4859 2582 adres¬

3835 2602 3881 2631 se
3902 2591 4076 2634 bureau
4099 2594 4304 2635 Journal.

3886 2668 3924 2707 7.
3949 2671 4004 2708 —
4028 2671 4166 2711 Dame
4191 2675 4327 2723 ayant
4350 2674 4499 2716 loisirs
4523 2675 4747 2719 demande
4772 2679 4858 2719 tra¬

3835 2738 3955 2767 vaux
3984 2728 4223 2772 d’écriture
4251 2743 4311 2774 ou
4341 2735 4503 2775 travail
4534 2739 4719 2779 manuel
4750 2739 4858 2779 chez

3836 2786 3935 2827 elle.

3885 2865 3923 2904 8.
3954 2867 4009 2904 —
4039 2867 4302 2910 Professeur
4346 2870 4401 2910 de
4446 2871 4646 2923 français
4690 2872 4855 2914 donne¬

3835 2923 3922 2963 rait
3952 2923 4103 2976 leçons
4134 2926 4187 2967 de
4220 2931 4558 2971 conversations
4590 2934 4631 2972 et
4663 2932 4856 2974 d’ortho¬

3832 2983 4005 3034 graphe
4064 2986 4089 3025 à
4146 2996 4370 3038 personne
4428 2991 4677 3043 étrangère.
4741 2992 4855 3045 Cinq

3835 3040 3986 3083 francs
4010 3055 4091 3095 par
4116 3046 4246 3087 mois.

3886 3120 3923 3158 9.
3954 3123 4007 3160 —
4038 3123 4203 3171 Leçons
4232 3123 4287 3165 de
4318 3124 4515 3176 français
4546 3128 4587 3168 et
4615 3128 4852 3179 d’anglais.

3835 3178 3896 3219 De
3919 3180 3966 3218 15
3986 3179 4011 3220 à
4031 3183 4082 3220 30
4103 3181 4254 3223 francs
4275 3195 4358 3235 par
4377 3186 4507 3227 mois.

3888 3258 3948 3295 10.
3975 3259 4027 3298 —
4052 3259 4196 3299 Jeune
4221 3260 4319 3300 fille
4344 3263 4481 3312 ayant
4506 3264 4674 3315 emploi
4702 3263 4855 3306 Sténo-

3832 3314 4208 3368 Dactylographe,
4231 3318 4364 3360 ferait
4383 3322 4544 3363 travail
4565 3323 4855 3374 supplémen¬

3832 3372 3944 3414 taire
3969 3386 4084 3426 pour
4111 3378 4412 3427 particuliers.

3886 3456 3947 3494 11.
3970 3476 4024 3483 —
4045 3455 4272 3499 Véritable
4295 3460 4515 3502 occasion.
4539 3464 4591 3504 —
4615 3463 4852 3504 GRANDE

3830 3512 4195 3556 CHAPELIERE
4228 3518 4344 3557 osier
4377 3520 4520 3567 verni,
4555 3521 4580 3560 à
4612 3523 4854 3573 comparti¬

3828 3572 3989 3620 ments,
4015 3574 4206 3615 doublée
4230 3575 4348 3626 toile,
4374 3578 4514 3619 belles
4535 3590 4739 3621 serrures
4762 3581 4853 3622 cui¬

3828 3642 3918 3679 vre,
3958 3634 4136 3674 vendue
4175 3635 4328 3678 moitié
4352 3638 4468 3688 prix.
4496 3639 4751 3682 S’adresser
4775 3640 4852 3682 bu¬

3828 3700 3935 3731 reau
3963 3691 4088 3734 Trait
4114 3694 4323 3735 d’Union.

3885 3763 3946 3802 12.
3975 3764 4030 3802 —
4056 3764 4186 3814 Veuf,
4216 3769 4539 3819 commerçant,
4570 3770 4715 3812 désire
4743 3772 4854 3812 s’en¬

3831 3819 3986 3862 tendre
4011 3835 4118 3863 avec
4140 3835 4363 3875 personne
4388 3826 4442 3868 de
4465 3831 4516 3868 30
4540 3842 4623 3870 ans
4646 3831 4851 3880 environ,

3830 3880 4038 3931 honnête,
4085 3884 4349 3935 présentant
4391 3886 4511 3935 bien,
4543 3888 4691 3930 bonne
4720 3888 4852 3931 cuisi¬

3831 3939 3970 3990 nière,'
3990 3943 4091 3994 apte
4111 3943 4136 3983 à
4156 3944 4324 3996 diriger
4345 3946 4549 3998 ménage.

3884 3999 4075 4043 Adresse
4103 4015 4111 4042 :
4138 4005 4317 4047 Bureau
4343 4006 4541 4056 journal.

4015 4183 4423 4218 EXCELLENTE
4475 4191 4670 4222 PRIME

4276 4251 4324 4276 1>E
4352 4252 4399 4278 LA

3887 4309 4795 4430 MICHELINE

3864 4508 3908 4536 La
3938 4507 4067 4538 Maison
4107 4510 4248 4539 Michel
4285 4512 4490 4543 .Sabatier,
4528 4512 4569 4542 do
4606 4514 4856 4551 Carcassonne,

3829 4542 3922 4571 viouL
3935 4544 3976 4572 de
3991 4547 4090 4574 créer
4104 4553 4172 4575 une
4187 4547 4298 4576 caisse
4314 4555 4496 4583 composée
4515 4547 4557 4576 de
4575 4548 4627 4576 six
4642 4550 4838 4580 bouteilles.

3938 4610 3970 4635 1*
4000 4611 4044 4637 La
4074 4612 4266 4643 Micheline,
4295 4615 4398 4640 Reine
4424 4616 4480 4642 des
4508 4615 4688 4647 Liqueurs.

3936 4646 3969 4672 2*
4005 4648 4112 4674 Cacao
4147 4650 4438 4677 Puerto-Cabello.

3936 4681 3952 4706 3
3959 4681 3969 4691 -
4002 4683 4111 4708 Rhum
4140 4685 4331 4711 St-Michel.

3938 4716 3969 4742 4*
4008 4719 4087 4744 Fine
4126 4719 4276 4746 Martoli.

3936 4752 3969 4778 5°
3995 4754 4076 4780 L’Or
4100 4755 4186 4782 Kina
4208 4757 4403 4791 Sabathier,
4427 4758 4488 4786 Vin
4510 4759 4651 4791 apéritf.

3936 4788 3970 4812 6*
3996 4789 4112 4816 Grand
4138 4792 4328 4824 Mousseux,
4351 4794 4455 4822 cuvée
4476 4795 4640 4828 réservée,
4663 4795 4740 4830 plus
4760 4795 4852 4830 quel¬

3937 4829 4020 4855 ques
4040 4824 4168 4855 primes
4187 4832 4231 4854 au
4252 4827 4355 4855 choix
4376 4828 4422 4856 du
4443 4830 4562 4858 client.

3938 4869 4020 4896 Prix
4044 4870 4164 4899 franco
4187 4874 4227 4902 de
4251 4875 4328 4906 port
4349 4875 4382 4903 et
4404 4876 4482 4904 tous
4504 4878 4613 4907 droits
4636 4880 4742 4912 payés
4766 4880 4851 4908 dans

3830 4904 3863 4932 la
3886 4905 4016 4933 France
4036 4906 4176 4935 entière.

4172 4960 4369 4999 Vliigt-cinq
4392 4966 4509 4996 francs

4081 5029 4208 5058 Panier
4230 5031 4339 5063 prime
4360 5031 4402 5060 de
4422 5034 4498 5063 vins
4519 5035 4599 5064 fins.

3935 5086 3951 5112 2
3976 5087 4068 5114 bout.
4094 5087 4291 5120 St-Estèphe
4315 5087 4580 5122 (Haut-Médoc!■

3934 5122 3952 5147 2
3979 5123 4072 5150 bout.
4103 5122 4235 5156 Volnay
4263 5122 4507 5158 (Bourgogne).

3935 5158 3951 5183 2
3978 5158 4071 5186 bout.
4099 5159 4214 5186 Grand
4243 5160 4420 5195 Mousseux
4448 5160 4499 5195 (1"
4523 5162 4651 5196 choix).

3937 5195 3950 5219 1
3983 5195 4132 5220 Couteau
4166 5196 4266 5223 Lou>s
4296 5198 4364 5223 XV.

3937 5231 3951 5255 1
3983 5229 4083 5255 Glace
4112 5232 4195 5258 trois
4224 5234 4328 5260 faces.

3937 5267 3949 5291 1
3988 5266 4096 5292 Elixir
4132 5268 4328 5296 dentifrice.

3936 5300 3980 5326 Le
4002 5301 4078 5327 tout
4099 5299 4222 5330 franco
4253 5303 4295 5331 de
4315 5304 4404 5336 port,
4427 5306 4470 5334 de
4491 5307 4600 5335 droits
4635 5307 4667 5335 et
4690 5307 4851 5337 d’embal¬

3936 5335 4014 5368 lage
4038 5336 4124 5363 dans
4150 5336 4184 5364 la
4209 5338 4340 5368 France
4364 5342 4506 5370 entière.

4166 5394 4376 5426 Vingt-deux
4394 5398 4512 5426 francs

4212 5487 4267 5523 Le
4299 5490 4454 5527 Gérant
4484 5503 4494 5527 :
4522 5492 4776 5530 ROUSSEL.

3872 5599 4135 5644 Imprimerie
4164 5602 4347 5647 spéciale
4375 5603 4430 5639 du
4462 5606 4578 5643 Trait
4607 5607 4798 5644 d'Union.

580 3491 701 3531 6114.
726 3491 984 3531 Sud-ouest.
1006 3515 1058 3520 —
1079 3491 1424 3532 Fonctionnaire
1444 3491 1548 3539 état,

528 3552 700 3599 41.ans,
725 3551 936 3600 honnête,
963 3551 1175 3599 sérieuse,
1200 3551 1471 3601 distinguée,
1497 3551 1551 3591 si¬

531 3608 703 3650 tuation
728 3611 853 3650 3.500
878 3607 934 3651 fr.
964 3610 1068 3659 l’an,
1096 3610 1242 3651 désire
1269 3610 1470 3660 mariage
1496 3622 1549 3651 en

532 3667 732 3720 rapport.

576 3767 696 3807 6121.
726 3766 938 3807 Gironde.
960 3790 1016 3795 —
1038 3768 1182 3807 Jeune
1203 3767 1303 3809 fille
1327 3768 1380 3808 de
1406 3768 1552 3807 bonne

527 3820 716 3869 famille,
751 3823 803 3860 23
835 3832 931 3868 ans,
967 3822 1148 3868 blonde,
1183 3822 1291 3871 jolie
1323 3823 1364 3862 et
1396 3822 1554 3862 distin¬

524 3875 651 3923 guée,
684 3874 774 3914 très
804 3874 1028 3916 instruite,
1089 3875 1243 3915 brevet
1298 3874 1550 3925 supérieur,

526 3927 716 3977 anglais,
747 3928 978 3979 espagnol,
1010 3927 1155 3969 désire
1183 3928 1374 3978 épouser
1428 3940 1554 3969 mon¬

525 3981 647 4022 sieur
666 3982 721 4022 de
739 3983 791 4021 25
809 3983 835 4020 à
854 3983 905 4021 36
923 3993 1019 4030 ans,
1042 3982 1178 4032 ayant
1198 3982 1428 4023 situation.
1477 3982 1555 4022 Sé¬

526 4032 669 4074 rieux.

578 4133 695 4172 6123.
754 4133 995 4172 Toulouse.
1023 4157 1076 4161 —
1106 4132 1214 4172 Père
1270 4132 1323 4171 ds
1376 4134 1554 4172 famille

526 4186 635 4227 dont
667 4186 922 4230 l’influence
952 4187 995 4228 et
1024 4186 1089 4227 les
1119 4187 1280 4227 hautes
1339 4186 1554 4228 relations

526 4240 673 4279 seront
701 4240 789 4280 très
812 4239 947 4280 utiles
969 4240 994 4279 à
1016 4251 1096 4281 son
1122 4240 1249 4280 futur
1270 4242 1454 4291 gendre,
1483 4241 1553 4280 dé¬

526 4292 615 4332 sire
645 4292 812 4332 marier
870 4303 919 4333 sa
950 4293 1056 4341 fille,
1090 4295 1140 4332 38
1172 4304 1267 4340 ans,
1302 4294 1458 4342 douce,
1490 4295 1554 4334 sé¬

527 4346 687 4392 rieuse,
715 4346 818 4388 bien
844 4346 1007 4394 élevée,
1035 4347 1111 4388 dot
1141 4350 1284 4388 10.009
1311 4347 1384 4396 fr.,
1412 4347 1553 4388 mobi¬

525 4399 608 4438 lier
631 4399 673 4440 et
698 4401 948 4447 trousseau,
1002 4411 1109 4440 avec
1131 4400 1367 4446 monsieur
1417 4401 1555 4452 ayant

523 4452 739 4494 situation
770 4454 888 4502 sûre,
921 4455 1000 4504 âge
1030 4454 1205 4495 assorti.

579 4548 696 4595 0126.
801 4552 990 4591 Famille
1031 4546 1279 4592 honorable
1317 4552 1553 4593 désirerait
1588 4562 1592 4612 j

527 4610 696 4650 marier
736 4610 872 4659 jeune
915 4611 1020 4659 fille,
1047 4636 1100 4647 —^
1124 4612 1175 4651 24
1218 4624 1312 4661 ans,
1359 4611 1552 4663 qualités

527 4670 723 4710 morales
775 4671 818 4710 et
871 4671 1135 4721 physiques,
1181 4671 1550 4723 libre-penseuse,

526 4729 658 4780 goûts
703 4728 904 4782 simples,
938 4730 1062 4771 avoir
1091 4734 1240 4772 20.000
1271 4731 1326 4772 fr.
1359 4732 1402 4772 et
1430 4732 1532 4784 espé
1539 4756 1551 4780 :

527 4800 686 4830 rances
726 4791 853 4831 sûres
876 4814 907 4819 -
955 4791 979 4830 à
1020 4803 1243 4844 personne
1287 4792 1548 4840 honorable,

528 4850 664 4900 ayant
690 4850 838 4892 bonne
864 4850 1078 4892 situation
1105 4851 1219 4892 dans
1245 4851 1286 4892 le
1311 4851 1441 4892 Midi.

579 4954 604 4991 6
655 4953 780 4992 Lisez
800 4963 855 4995 en
877 4956 918 4992 4°
939 4963 1052 5003 page
1077 4956 1115 4995 Is
1137 4956 1338 4996 courrier
1359 4957 1551 5006 grapho¬

530 5011 723 5062 logique.

578 5116 696 5158 6128.
729 5116 971 5158 Toulouse.
998 5119 1052 5156 —
1098 5118 1366 5160 Demoiselle
1410 5119 1547 5168 seule,

527 5177 572 5214 5.
599 5186 695 5224 ans,
720 5177 856 5227 ayant
879 5176 1093 5219 situation
1118 5188 1171 5218 en
1195 5178 1316 5226 ville,
1342 5179 1551 5220 mobilier

526 5235 567 5276 et
605 5235 766 5285 petites
802 5238 1072 5286 économies,
1096 5238 1352 5288 épouserait
1390 5238 1552 5280 céliba¬

528 5294 639 5335 taire
665 5306 722 5335 ou
748 5295 870 5344 veuf,
901 5297 983 5346 âge
1011 5296 1285 5338 indifférent.

578 5390 696 5429 6130.
722 5390 846 5430 Gers.
866 5412 918 5419 —
942 5392 1209 5432 Diîmoiselle
1227 5394 1280 5431 30
1299 5403 1395 5440 ans,
1418 5394 1551 5442 goûts

526 5447 727 5499 simples,
768 5448 926 5499 douce,
970 5450 1182 5502 aimante,
1223 5451 1435 5502 sérieuse,
1477 5464 1551 5504 pa¬

527 5507 648 5547 rents
672 5507 884 5548 situation
911 5511 1242 5562 commerciale,
1268 5512 1547 5563 espérances,

523 5567 780 5618 épouserait
807 5568 1067 5614 célibataire
1091 5583 1150 5611 ou
1179 5571 1300 5620 veuf,
1332 5572 1467 5623 ayant
1495 5572 1550 5614 si¬

524 5627 697 5667 tuation
748 5630 866 5668 sûre.
894 5629 948 5670 Se
998 5630 1286 5682 déplacerait.
1328 5632 1438 5672 Très
1486 5632 1547 5672 sé¬

524 5684 666 5727 rieux.

575 5794 694 5833 6135.
721 5795 972 5836 Bordeaux.
995 5819 1033 5823 --
1070 5799 1352 5847 Demoiselle,
1375 5800 1428 5838 30
1447 5811 1544 5848 ans,

524 5852 794 5895 institutrice
850 5855 974 5904 libre,
1027 5855 1279 5907 orpheline,
1323 5858 1546 5911 physique

522 5913 746 5965 agréable,
791 5916 976 5963 grande,
1007 5916 1276 5966 distirtguée,
1308 5918 1547 5961 musicien¬

522 5972 927 6016 nehonorabilité
958 5975 1167 6027 parfaite.

576 6071 631 6110 Le
664 6088 682 6106 «
711 6072 836 6112 Trait
890 6056 1132 6114 d’Union^
1160 6079 1224 6116 est
1251 6087 1310 6115 un
1363 6078 1544 6124 journal

521 6132 714 6174 honnête
743 6136 784 6175 et
815 6136 1039 6184 n’accepte
1071 6137 1156 6185 que
1187 6138 1264 6178 des
1319 6148 1546 6181 annonces

518 6198 754 6238 sérieuses.

571 6303 698 6343 6135.,
715 6305 770 6343 —
791 6305 868 6343 850
892 6304 948 6345 fr.
975 6304 1030 6345 de
1056 6317 1251 6347 revenus
1271 6320 1326 6348 en
1356 6310 1543 6349 immeu¬

519 6359 614 6405 bles
638 6362 893 6411 épouserait
916 6364 1177 6406 célibataire
1201 6379 1257 6407 ou
1284 6368 1405 6417 veuf,
1435 6368 1544 6408 hon¬

518 6421 631 6468 nête,
679 6421 871 6471 sérieux,
918 6427 1054 6476 ayant
1096 6426 1311 6468 situation
1355 6431 1459 6471 sûre
1499 6431 1542 6470 et

518 6479 666 6520 lionne
689 6483 830 6523 santé.

568 6582 686 6622 6139.
742 6583 1128 6627 Lot-et-Garonne.
1177 6610 1232 6616 —
1284 6590 1436 6639 Dame,
1490 6592 1540 6631 35

515 6650 613 6687 ans,
635 6652 741 6682 sans
761 6643 957 6693 enfants,
980 6645 1084 6687 bien
1107 6658 1216 6689 sous
1233 6648 1335 6689 tous
1354 6648 1419 6691 les
1440 6663 1540 6701 rap¬

515 6700 654 6751 ports,
682 6700 820 6755 petite
842 6703 932 6755 dot,
959 6706 1215 6758 épouserait
1241 6708 1539 6751 fonctionnai¬

515 6772 562 6802 re
585 6771 642 6801 ou
666 6760 848 6803 ouvrier
872 6764 1048 6806 sérieux
1074 6769 1211 6818 ay-ant
1232 6769 1463 6810 situation.

1680 3588 1798 3627 Deux
1831 3589 2067 3638 prochains
2100 3591 2319 3640 mariages
2355 3596 2455 3632 sont
2488 3604 2651 3632 annon¬

1631 3654 1702 3694 cés
1724 3652 1748 3692 à
1771 3653 1816 3694 la
1836 3653 2080 3696 Direction.

1684 3722 1807 3764 Nous
1858 3720 2015 3774 jpfrions
2041 3724 2104 3764 les
2160 3724 2395 3767 intéressés
2450 3727 2649 3778 d’agréer

1632 3802 1712 3832 nos
1735 3790 1930 3833 sincères
1952 3792 2256 3835 félicitations.

2215 3864 2289 3903 LA
2312 3864 2646 3908 DIRECTION.

1709 4080 2022 4158 ABONNÉS
2083 4093 2164 4159 ET
2223 4093 2568 4162 LECTEURS

1945 4210 2075 4251 Lisez
2105 4211 2214 4253 bien
2244 4213 2341 4254 ceci

1682 4306 1823 4347 Toute
1847 4319 2070 4358 personne
2094 4310 2170 4360 qui
2196 4318 2440 4362 procurera
2464 4312 2489 4352 à
2514 4312 2555 4352 la
2580 4312 2652 4352 Di¬

1632 4366 1799 4406 rection
1824 4367 1941 4408 deux
1967 4368 2167 4409 abonnés
2191 4382 2444 4419 nouveaux,
2472 4372 2655 4423 n’ayant

1627 4424 1792 4473 jamais
1813 4426 1880 4466 été
1902 4427 2082 4468 inscrits
2103 4428 2149 4467 ni
2171 4429 2197 4468 à
2216 4428 2260 4468 la
2285 4430 2454 4478 Rapide
2476 4432 2651 4480 Agence

1630 4483 1760 4524 ni-au
1790 4486 1915 4524 Trait
1944 4487 2158 4536 d’Union,
2189 4499 2300 4527 aura
2328 4488 2447 4530 droit
2479 4503 2487 4529 :
2515 4490 2600 4531 soit
2628 4491 2653 4531 à

1637 4554 1723 4582 une
1782 4543 2099 4595 prolongation
2159 4546 2512 4589 d’abonnement
2569 4550 2626 4591 de

1644 4603 1759 4642 deux
1790 4603 1919 4652 mois,
1948 4605 2034 4646 soit
2060 4606 2086 4646 à
2111 4619 2172 4647 un
2202 4607 2507 4658 abonnement
2534 4619 2631 4658 gra¬

1656 4662 1743 4703 tuit
1770 4663 1823 4704 de
1851 4666 1999 4706 même
2024 4663 2176 4707 durée.

1679 4771 1727 4775 —
1761 4751 1884 4790 Tous
1916 4760 2000 4792 nos
2027 4752 2238 4795 abonnés
2264 4758 2372 4796 sont
2399 4754 2527 4804 priés
2554 4755 2652 4796 t!'a-

1626 4811 1815 4853 tlrOïser
1847 4814 2015 4855 lettres
2043 4820 2091 4855 et
2123 4816 2472 4864 observations,
2503 4828 2595 4859 non
2624 4819 2650 4858 à

1624 4872 1674 4915 la
1694 4887 1722 4910 «
1745 4876 1811 4915 lia
1819 4875 1858 4922 pi
1870 4876 1920 4916 île
1956 4881 2130 4921 Agence
2151 4892 2196 4924 «,
2223 4879 2340 4920 niais
2364 4890 2427 4920 au
2452 4882 2650 4930 journal

1626 4938 1688 4976 tîu
1710 4950 1736 4971 «
1760 4939 1892 4978 Trait
1918 4939 2113 4980 d’Liiion
2139 4954 2184 4988 «,
2215 4942 2283 4988 26,
2305 4952 2390 4982 rue
2418 4944 2524 4984 d*As
2548 4952 2649 4990 org,

1624 4999 1870 5040 Toulouse.

1807 5099 1887 5139 Les
1906 5100 2108 5141 bureaux
2131 5102 2192 5141 du
2213 5103 2395 5142 TRAIT
2417 5103 2650 5144 D’UNION

1628 5170 1682 5199 ne
1704 5163 1806 5201 sent
1828 5166 2009 5202 ouverts
2034 5173 2118 5213 que
2144 5164 2454 5214 l’après-midi,
2482 5167 2534 5207 de
2558 5167 2581 5206 2
2604 5168 2647 5207 h.

1627 5220 1652 5260 à
1672 5224 1695 5260 5
1718 5222 1893 5272 heures,
1918 5226 1980 5271 26,
2007 5235 2086 5264 rue
2108 5226 2330 5276 d’Astorg.

1814 5322 1934 5360 Tous
1966 5322 2027 5361 les
2056 5324 2443 5372 renseignements
2475 5335 2650 5365 concer¬

1627 5384 1737 5420 nant
1771 5382 1812 5422 la
1844 5383 2156 5424 combinaison
2190 5386 2405 5435 mariage,
2443 5387 2505 5426 les
2539 5388 2651 5428 loca¬

1626 5442 1759 5491 tions,
1818 5444 1971 5492 offtes,
2031 5447 2278 5487 demandes
2306 5451 2347 5488 et
2375 5448 2472 5488 avis
2502 5450 2651 5490 divers

1626 5507 1726 5543 sent
1758 5505 1930 5546 donnés
1960 5508 2283 5555 gratuitement
2315 5511 2428 5551 dans
2460 5521 2540 5551 nos
2572 5512 2650 5551 bu¬

1626 5576 1779 5615 reaux,
1812 5568 2123 5619 l’après-midi,
2155 5571 2208 5611 de
2238 5574 2262 5611 2
2290 5572 2334 5612 h.
2364 5571 2390 5612 à
2418 5575 2440 5611 5
2471 5574 2646 5622 heures,

1626 5631 1688 5674 26,
1718 5639 1796 5668 rue
1823 5630 2044 5680 d’Astorg,
2074 5632 2315 5674 Toulouse.

1675 6174 1731 6213 Le
1756 6173 1988 6215 Directeur
2010 6177 2078 6218 est
2098 6179 2301 6219 heureux
2323 6179 2596 6222 d’annoncer
2619 6182 2643 6222 à

1618 6243 1689 6272 ses
1712 6234 1915 6277 abonnés
1937 6235 2047 6286 qu’il
2062 6247 2089 6276 a
2103 6249 2156 6276 eu
2174 6237 2218 6276 la
2231 6238 2379 6279 bonne
2395 6240 2575 6280 fortune
2589 6242 2644 6282 de

1619 6292 1836 6334 s’assurer
1879 6295 1918 6336 le
1959 6307 2179 6337 concours
2204 6298 2258 6338 de
2287 6299 2516 6340 l’éiûinent
2543 6312 2642 6352 pro¬

1622 6352 1794 6394 fesseur
1838 6354 1892 6396 de
1940 6355 2257 6408 Graphologie,
2308 6360 2356 6399 G.
2391 6360 2640 6408 Lefranck,

1617 6412 1696 6462 qui
1723 6415 1827 6454 veut
1851 6414 1952 6456 bien
1980 6416 2140 6457 mettre
2166 6418 2411 6460 sa'science
2435 6419 2460 6460 à
2485 6420 2528 6462 la
2553 6421 2640 6463 dis¬

1616 6470 1796 6522 position
1820 6474 1897 6515 des
1922 6475 2115 6516 lecteurs
2136 6477 2198 6519 du
2224 6479 2352 6519 Trait
2375 6479 2584 6520 d’Union.

1671 6531 1897 6575 Personne
1922 6535 2123 6583 n’ignore
2147 6536 2211 6578 les
2225 6539 2418 6579 services
2432 6550 2518 6590 que
2531 6540 2641 6591 peut

1615 6591 1779 6635 rendre
1832 6603 1920 6635 une
1960 6595 2093 6635 étude
2134 6598 2494 6650 graphologique
2536 6600 2638 6640 bien

1613 6650 1736 6694 faite.
1762 6652 1995 6704 L’analyse
2014 6655 2069 6695 de
2090 6656 2313 6699 l’écriture
2335 6659 2480 6699 révèle
2501 6659 2544 6700 la
2565 6672 2638 6701 va¬

1616 6710 1714 6750 leur
1759 6711 1917 6755 intime
1944 6715 1999 6755 de
2027 6716 2283 6768 l’individu,
2315 6728 2383 6759 ses
2411 6720 2639 6770 aptitudes

1617 6770 1959 6814 intellectuelles
1983 6775 2023 6815 et
2048 6776 2256 6818 morales.

3100 5728 3592 5800 BULLETIN
3680 5738 4480 5812 D’ABONNEMENT

2807 5863 2855 5903 ■lô
2891 5867 3098 5920 soussigné
3135 5867 3292 5911 déclare
3326 5875 3527 5914 souscrire
3563 5876 3590 5916 à
3627 5888 3684 5916 un
3722 5876 3994 5920 abonnement
4031 5880 4079 5921 de
4123 5884 4240 5923 trois
4288 5884 4412 5926 mois
4458 5898 4512 5926 au
4555 5887 4740 5931 Journal
4779 5888 4811 5930 le

2754 5939 3187 5992 TRAIT-D’UNïON,
3210 5952 3318 5992 pour
3335 5942 3378 5983 la
3397 5955 3548 5986 somme
3565 5944 3612 5987 de
3630 5959 3730 5989 onze
3748 5948 3905 6003 francs.

2807 6043 2919 6084 Nom
2938 6050 2978 6084 et
3001 6047 3248 6097 profession
3284 6072 3336 6079 .-
3623 6079 4808 6095 .

2807 6134 2995 6176 Adresse
3248 6163 4807 6186 ...

3737 6260 3914 6266 .
3924 6238 3995 6286 Je
4587 6246 4636 6284 10
4715 6279 4722 6286 .

2752 6322 2916 6359 Libellé
2948 6323 3000 6360 de
3031 6325 3272 6365 l'Annonce
3302 6331 3324 6366 à
3354 6331 3524 6378 insérer
4270 6338 4528 6387 SIGNATURE,

2748 6694 2987 6734 Détacher
3018 6708 3071 6736 ce
3102 6699 3203 6739 Bon
3235 6706 3282 6738 et
3312 6701 3570 6752 l’envoyer
3590 6705 3615 6743 à
3646 6708 3690 6743 M
3743 6708 3787 6747 J.
3828 6710 3992 6750 BACH
4028 6723 4148 6751 avec
4186 6712 4232 6751 le
4271 6721 4491 6756 montant
4524 6718 4583 6758 de
4622 6718 4803 6759 l'abon¬

3135 6759 3343 6803 nement,
3376 6767 3435 6794 en
3466 6758 3567 6795 Bon
3598 6760 3657 6798 de
3686 6768 3840 6812 poste,
3872 6765 4066 6804 Mandat
4095 6778 4155 6806 ou
4187 6768 4431 6810 Timbres.
