5201 7168
2460 391 2532 431 LE
2564 391 2746 432 TRAIT
2778 392 3024 439 D’UNION

562 494 707 535 payées
730 493 751 527 à
775 494 908 527 raison
931 495 979 527 de
1000 495 1015 526 1
1040 495 1152 526 franc
1176 495 1212 526 la
1238 494 1342 532 ligne
1366 500 1464 531 pour
1487 494 1582 524 trois

556 543 671 575 mois.
703 542 751 574 Ce
783 541 886 575 délai
918 540 1064 579 écoulé,
1099 543 1152 574 les
1184 540 1395 572 intéressés
1426 541 1584 572 doivent

556 596 772 627 demander
804 596 838 627 le
868 595 1207 627 renouvellement
1240 602 1248 630 ;

598 652 638 683 6°
676 652 722 683 Le
759 654 938 684 montant
971 651 1039 684 des
1071 650 1358 682 abonnements
1391 648 1472 679 doit
1506 647 1584 679 être

558 704 716 736 adressé
735 712 784 736 au
807 703 1007 735 Directeur
1027 703 1078 734 du
1098 700 1390 735 Trait-d’Union
1412 708 1459 732 en
1481 707 1587 731 man¬

559 759 659 795 dats,
686 759 783 788 bons
810 758 858 788 de
884 758 992 794 poste
1019 763 1067 787 ou
1095 755 1256 787 timbres
1286 762 1295 792 ;

599 815 639 844 7°
668 815 719 846 La
746 812 943 844 Direction
972 812 1167 848 n’accepte
1192 816 1267 848 que
1291 810 1360 842 des
1384 814 1587 844 annonces

559 867 636 899 très
658 866 867 904 sérieuses,
888 866 1006 896 celles
1027 864 1123 896 dont
1146 864 1182 895 la
1204 863 1406 895 rédaction
1430 868 1478 894 ne
1499 867 1587 894 con¬

562 920 724 951 viendra
752 926 822 957 pas
851 919 983 950 seront
1011 915 1187 948 refusées
1216 923 1226 954 ;

599 976 640 1007 9°
668 976 726 1011 On
751 976 846 1016 peut
867 974 1154 1011 correspondre
1175 972 1202 1010 à
1226 974 1262 1007 la
1286 971 1363 1002 fois
1387 976 1482 1002 avec
1505 970 1588 1008 plu¬

560 1028 687 1065 sieurs
716 1026 894 1060 abonnés
923 1032 933 1066 ;

600 1085 660 1121 10°
700 1084 750 1116 La
788 1083 878 1120 plus
912 1080 1168 1115 élémentaire
1206 1080 1390 1119 politesse
1424 1079 1498 1111 fait
1534 1084 1586 1110 un

559 1136 696 1174 devoir
723 1143 804 1168 aux
835 1134 1012 1168 abonnés
1043 1135 1091 1166 de
1120 1132 1315 1171 répondre
1342 1139 1422 1166 aux
1455 1132 1587 1163 lettres

559 1196 707 1230 reçues.
743 1191 818 1220 Pas
850 1188 947 1222 n'est
978 1187 1115 1219 besoin
1146 1187 1194 1218 de
1227 1187 1391 1226 longues
1424 1184 1587 1223 phrases

559 1244 660 1279 dans
680 1242 854 1276 certains
875 1247 956 1276 cas.
983 1242 1091 1274 Deux
1116 1242 1216 1272 mots
1240 1238 1428 1273 suffisent
1455 1244 1464 1275 ;

592 1300 662 1334 Al»
691 1299 814 1332 Toute
844 1299 955 1331 lettre
984 1295 1051 1335 qui
1082 1302 1183 1328 nous
1210 1296 1268 1328 est
1294 1292 1478 1327 adressée
1504 1299 1588 1331 per¬

559 1352 850 1387 sonnellement
868 1351 904 1383 et
923 1350 988 1388 qui
1008 1348 1204 1383 demande
1224 1354 1302 1379 une
1320 1346 1488 1384 réponse
1506 1344 1588 1377 doit

559 1404 640 1439 être
660 1402 952 1442 accompagnée
975 1403 1066 1434 d’un
1088 1402 1231 1435 timbre
1251 1402 1300 1432 de
1322 1400 1360 1431 10
1382 1398 1586 1432 centimes.

600 1462 660 1492 12°
694 1462 744 1493 Ne
768 1466 843 1499 pas
872 1458 1026 1492 oublier
1055 1458 1111 1492 les
1139 1456 1303 1491 timbres
1332 1454 1587 1494 obligatoires

558 1516 659 1552 pour
679 1514 715 1546 la
736 1511 930 1551 première
951 1512 987 1543 et
1008 1511 1046 1543 la
1066 1508 1274 1542 deuxième
1294 1508 1544 1544 enveloppes.

602 1570 662 1600 14°
687 1570 735 1600 Le
758 1568 972 1605 Directeur,
992 1566 1182 1598 soucieux
1204 1566 1252 1596 de
1272 1570 1483 1596 conserver
1504 1562 1527 1594 à
1551 1563 1587 1592 la

559 1618 835 1650 combinaison
867 1616 918 1647 du
950 1614 1058 1647 Trait
1087 1614 1255 1646 d’Union
1286 1619 1358 1643 son
1388 1610 1586 1643 caractère

559 1664 894 1703 d’irréprochable
915 1662 1162 1705 délicatesse,
1186 1660 1268 1698 prie
1292 1662 1347 1691 les
1371 1664 1586 1698 personnes

561 1712 627 1752 qui
667 1711 979 1750 correspondent
1016 1711 1064 1744 de
1090 1708 1244 1746 vouloir
1268 1706 1358 1740 bien
1384 1707 1539 1744 joindre
1562 1704 1587 1740 à

560 1763 646 1799 leur
664 1759 830 1796 numéro
849 1759 1059 1799 personnel
1082 1759 1167 1794 leur
1187 1763 1278 1793 nom
1298 1763 1347 1792 ou
1367 1755 1587 1792 seulement

562 1810 666 1840 leurs
694 1807 879 1840 initiales.
907 1807 994 1839 Ceci
1020 1806 1106 1838 afin
1132 1804 1294 1840 d’éviter
1320 1804 1358 1835 la
1383 1802 1587 1836 transmis¬

559 1856 647 1890 sion
667 1856 715 1890 de
734 1856 866 1891 lettres
884 1853 1090 1887 adressées
1108 1852 1132 1887 à
1152 1853 1188 1885 la
1208 1851 1406 1887 Direction
1427 1856 1499 1890 par
1518 1851 1586 1884 des

559 1911 658 1944 gens
687 1903 962 1936 malhonnêtes
990 1904 1028 1934 et
1054 1908 1132 1934 non
1159 1898 1348 1932 abonnés.

602 1962 724 1997 Toute
754 1962 866 1994 lettre
895 1966 943 1994 ne
972 1959 1131 1998 portant
1159 1964 1230 1998 pas
1259 1963 1336 1992 une
1365 1954 1583 1991 indication

560 2008 711 2047 précise
731 2008 778 2040 de
799 2007 1055 2050 l’expéditeur
1074 2014 1163 2039 sera
1182 2004 1364 2039 détruite.

602 2067 660 2101 15°
699 2067 822 2100 Toute
856 2063 1114 2103 suppression
1148 2063 1383 2099 d’annonce,
1418 2060 1586 2097 change¬

560 2116 668 2147 ment
708 2120 759 2148 ou
802 2112 1078 2147 modification
1120 2110 1354 2146 d’insertion
1395 2115 1443 2142 en
1468 2114 1586 2142 cours

559 2163 878 2199 d’abonnement,
910 2160 1072 2192 nuisant
1102 2159 1126 2190 à
1158 2160 1194 2192 la
1224 2159 1355 2192 bonne
1384 2156 1586 2195 organisa¬

558 2211 643 2243 tion
663 2210 712 2243 de
731 2216 798 2243 ma
818 2208 1094 2243 combinaison
1115 2206 1328 2244 mariages,
1351 2204 1407 2238 les
1427 2210 1586 2242 person¬

560 2264 630 2290 nes
670 2256 736 2296 qui
776 2263 824 2288 en
864 2256 996 2288 feront
1020 2256 1058 2287 la
1082 2254 1276 2287 demande
1300 2258 1499 2291 expresse,
1524 2251 1587 2282 de¬

559 2308 675 2339 vront
698 2312 739 2339 se
760 2306 987 2340 conformer
1010 2310 1062 2336 au
1086 2302 1180 2336 tarif
1203 2302 1364 2334 suivant
1390 2308 1399 2331 :

599 2362 864 2399 Suppression
898 2360 1406 2394 d’annonoe...
1454 2356 1472 2387 5
1495 2355 1543 2387 fr.

602 2410 874 2448 Changement
906 2408 1403 2446 complet.
1452 2404 1470 2434 3
1494 2404 1543 2435 fr.

602 2456 860 2495 Supplément
888 2456 1004 2488 d’une
1034 2455 1280 2492 ligne..
1292 2475 1404 2484 —..
1452 2451 1468 2482 1
1494 2452 1543 2483 fr.

598 2514 724 2546 Toute
747 2518 943 2551 personne
963 2511 1143 2544 abonnée
1164 2516 1259 2542 sans
1280 2514 1474 2547 annonce,
1498 2514 1586 2539 con¬

559 2568 671 2594 serva
703 2568 775 2592 son
809 2560 915 2595 droit
947 2559 1180 2591 d’insertion
1214 2558 1375 2596 gratuit,
1411 2555 1586 2595 pendant

558 2611 666 2644 toute
682 2610 721 2643 la
736 2608 859 2643 durée
875 2608 924 2640 de
942 2614 1014 2640 son
1031 2607 1312 2640 abonnement.

1175 2672 1231 2704 LC
1255 2670 1544 2703 DIRECTEUR.

558 2850 926 2958 OFFRES
986 2850 1194 2954 AUX
1258 2850 1586 2950 DAMES

612 3083 732 3124 6077.
796 3082 968 3125 Guinée
1031 3080 1284 3130 Française,
1318 3080 1372 3118 —
1406 3079 1586 3119 Institu¬

558 3143 658 3182 teur
684 3141 892 3190 colonial,
918 3143 971 3184 24
996 3152 1092 3190 ans,
1120 3139 1280 3191 grand,
1311 3139 1444 3187 brun,
1472 3138 1584 3190 phy¬

556 3200 687 3258 sique
719 3200 930 3256 agréable
987 3200 1204 3245 situation
1240 3198 1431 3242 actuelle
1462 3198 1584 3239 5.000

558 3260 726 3308 francs,
788 3260 936 3304 rentes
966 3262 1044 3300 500
1090 3260 1256 3308 francs,
1318 3258 1583 3308 espérances

556 3323 706 3368 50.000
736 3320 904 3369 francs,
954 3318 1210 3371 épouserait
1267 3316 1468 3368 collègue
1523 3327 1583 3357 ou

555 3380 694 3430 jeune
724 3379 820 3426 fille
852 3379 1027 3423 aimant
1083 3390 1292 3430 voyager.
1356 3376 1579 3423 Situation

556 3450 610 3486 en
644 3440 844 3495 rapport.

686 3526 746 3566 Ne
772 3525 982 3574 craignez
1007 3535 1087 3574 pas
1128 3524 1182 3564 de
1224 3534 1336 3564 vous
1376 3532 1579 3571 compro¬

547 3588 714 3626 mettre
743 3595 800 3626 en
832 3586 984 3626 disant
1018 3594 1104 3635 que
1136 3594 1248 3624 vous
1276 3583 1370 3623 êtes
1402 3582 1579 3624 abonné

551 3655 611 3686 au
634 3644 762 3684 Trait
784 3646 814 3684 d
816 3646 828 3663 f
831 3644 996 3684 Unîon.

606 3728 724 3772 6089.
751 3728 948 3772 Canada.
970 3730 1023 3770 —
1042 3730 1187 3770 Jeune
1208 3728 1392 3768 homme
1406 3728 1458 3767 33
1479 3738 1575 3774 ans,

552 3787 762 3832 habitant
784 3787 1083 3832 merveilleux
1106 3797 1231 3840 pays,
1258 3786 1415 3828 climat
1438 3784 1578 3826 excel¬

553 3848 659 3902 lent,
693 3848 782 3894 bon
813 3848 974 3892 métier
1002 3846 1272 3902 rapportant
1299 3848 1352 3887 20
1382 3846 1407 3888 à
1435 3847 1488 3888 22
1519 3844 1574 3885 fr.

552 3920 635 3959 par
655 3908 775 3958 jour,
802 3907 947 3950 désire
971 3906 1172 3958 mariage
1195 3916 1302 3948 avec
1324 3906 1463 3955 jeune
1484 3904 1578 3944 fille

552 3967 608 4010 de
627 3968 679 4007 24
702 3967 727 4007 à
750 3968 802 4008 30
823 3978 919 4016 ans,
946 3978 1052 4008 avec
1074 3978 1132 4010 ou
1156 3976 1263 4008 sans
1284 3964 1375 4010 dot,

608 4046 727 4087 6097.
759 4043 1147 4084 Lot-et-Garonne,
1172 4043 1229 4083 —
1251 4040 1398 4083 Jeune
1452 4040 1578 4081 hom¬

552 4115 639 4152 me,
664 4103 740 4148 fils
764 4103 951 4155 unique,
975 4104 1026 4146 28
1048 4114 1144 4152 ans,
1171 4102 1306 4151 brun,
1331 4102 1446 4143 beau
1468 4100 1579 4151 phy¬

551 4163 694 4214 sique,
723 4163 847 4203 taille
900 4166 918 4202 1
947 4176 1007 4203 m.
1035 4164 1100 4212 70,
1155 4162 1231 4204 dot
1254 4163 1403 4207 50,000
1455 4162 1510 4200 fr.
1539 4159 1580 4199 et

548 4223 746 4279 grandes
772 4223 1038 4276 espérances
1063 4220 1320 4274 épouserait
1344 4219 1579 4271 demoisel¬

552 4283 592 4326 le
615 4283 671 4325 de
698 4286 746 4325 18
770 4283 796 4323 à
818 4286 870 4324 22
894 4295 990 4334 ans,
1018 4282 1120 4324 bien
1146 4283 1308 4332 élevée,
1336 4282 1511 4323 aimant
1536 4280 1580 4322 la

551 4355 802 4394 campagne
828 4343 871 4385 et
895 4343 1034 4395 ayant
1058 4342 1290 4387 situation,

603 4422 708 4461 6098
735 4420 776 4460 et
800 4420 919 4460 6099.
951 4420 1344 4459 Haute-Garonne.
1371 4419 1426 4456 —
1452 4419 1576 4458 Deux

551 4479 706 4527 frères,
731 4479 903 4527 nobles,
927 4479 989 4519 le*
1015 4479 1214 4530 premier
1260 4480 1314 4518 20
1334 4488 1428 4527 ans,
1454 4478 1494 4518 le
1512 4488 1578 4519 se¬

550 4539 664 4581 cond
687 4541 738 4579 24
760 4548 856 4587 ans,
884 4540 1022 4590 ayant
1044 4539 1136 4579 l’un
1160 4540 1203 4579 et
1226 4538 1384 4579 l’autre
1407 4536 1575 4590 emploi

550 4598 747 4648 lucratif,
776 4598 975 4639 désirent
1024 4599 1227 4648 mariage
1278 4610 1386 4639 avec
1407 4598 1578 4639 demoi¬

548 4658 656 4699 selle
680 4668 738 4699 ou
764 4658 899 4698 dame
923 4659 1059 4710 ayant
1086 4658 1280 4699 fortune.
1312 4659 1432 4699 Pour
1458 4659 1498 4699 le
1524 4660 1540 4698 i
1547 4664 1578 4682 ei

547 4718 688 4759 écrire
710 4730 766 4758 au
791 4724 846 4758 n°
870 4720 990 4767 6098,
1014 4731 1130 4770 pour
1152 4719 1191 4759 le
1211 4722 1254 4759 2®
1274 4719 1418 4760 écrire
1438 4731 1494 4759 au
1519 4724 1571 4758 n°

547 4778 664 4820 6099.

676 4854 799 4894 Lisez
819 4864 874 4895 en
896 4858 920 4894 4
923 4860 936 4876 e
959 4866 1071 4906 page
1095 4856 1134 4896 le
1156 4856 1358 4896 courrier
1372 4858 1571 4907 grapho¬

548 4912 743 4964 logique.

592 4991 712 5031 6102.
770 4991 991 5032 Charente
1011 5014 1024 5022 -
1048 4991 1311 5035 inférieure.
1331 4994 1387 5032 —
1439 4994 1568 5040 Veuf,

543 5051 648 5086 sans
671 5039 866 5095 ènfants,
891 5040 943 5084 39
967 5056 1063 5093 ans,
1119 5046 1137 5087 1
1164 5058 1224 5087 m.
1251 5047 1318 5096 58,
1370 5043 1568 5094 châtain,

542 5106 751 5154 charron,
784 5107 920 5151 établi
952 5104 1114 5159 depuis
1146 5110 1194 5148 10
1224 5120 1320 5159 ans,
1354 5107 1567 5152 situation

539 5160 662 5199 2.000
690 5158 746 5199 fr.
778 5158 966 5215 liquide,
996 5159 1142 5202 désire
1170 5157 1359 5213 épouser
1388 5172 1568 5212 person¬

541 5224 595 5254 ne
623 5212 811 5254 environ
839 5215 891 5254 30
919 5224 1015 5262 ans,
1046 5214 1194 5255 bonne
1223 5214 1400 5265 santé,"
1419 5215 1567 5257 bonne

539 5266 766 5327 conduite,
802 5268 938 5318 ayant
970 5267 1079 5318 petit
1111 5268 1235 5308 avoir
1294 5268 1335 5308 et
1365 5269 1568 5319 pouvant

539 5316 579 5362 le
603 5320 834 5362 seconder.
863 5319 1051 5361 Sérieux
1075 5320 1116 5362 et
1142 5322 1308 5370 pressé.

595 5383 712 5421 6106.
732 5383 1172 5423 Tarn-et-Garonne.
1195 5407 1237 5411 —
1237 5407 1251 5411 -
1271 5383 1415 5423 Jeune
1439 5384 1564 5424 hom¬

543 5451 614 5480 me
636 5442 690 5479 33
715 5452 810 5488 ans,
838 5440 1014 5482 famille
1032 5442 1286 5484 honorable
1310 5444 1354 5487 et
1376 5454 1482 5484 sans
1507 5443 1564 5484 tâ¬

541 5500 636 5549 che,
668 5491 892 5552 physique
919 5500 1143 5552 agréable,
1172 5502 1398 5543 caractère
1424 5503 1560 5551 doux,

540 5559 630 5604 très
646 5560 843 5615 sérieux,
868 5562 1146 5611 agriculteur
1166 5563 1222 5603 de
1244 5565 1264 5605 i
1269 5567 1298 5587 Gf
1319 5563 1464 5611 ordre,
1490 5574 1562 5614 pe¬

539 5616 617 5662 tite
643 5619 734 5671 dot,
759 5617 983 5667 sérieuses
1004 5622 1276 5672 économies,
1306 5623 1562 5675 épouserait

534 5679 795 5723 demoiselle
848 5692 906 5722 ou
934 5692 1091 5728 veuve,
1146 5682 1202 5723 de
1227 5683 1278 5722 24
1304 5683 1330 5722 à
1356 5686 1407 5723 35
1460 5695 1555 5730 ans,

519 5739 670 5794 ,ayant
694 5739 810 5780 belle
831 5739 1047 5788 situation
1070 5752 1128 5787 ou
1151 5740 1259 5791 jolie
1283 5740 1510 5792 propriété
1534 5742 1559 5784 à

534 5796 575 5838 la
606 5808 871 5848 campagne.

588 5875 707 5915 6107.
738 5875 952 5919 Gironde,
980 5876 1033 5919 —
1059 5876 1292 5920 Monsieur
1315 5876 1427 5923 veuf
1450 5888 1558 5920 sans

536 5944 754 5975 annonce.

587 6002 704 6048 6108.
731 6007 840 6051 Gers
859 6030 913 6036 —
934 6006 1203 6054 Célibataire
1223 6010 1274 6048 40
1292 6019 1391 6060 ans,
1415 6020 1471 6052 ne
1492 6010 1555 6051 les

533 6063 791 6122 paraissant
872 6079 967 6119 pas,
1024 6066 1234 6111 habitant
1311 6068 1552 6119 propriété,

532 6124 670 6175 ayant
696 6124 772 6166 dot
799 6126 842 6166 et
867 6127 1147 6176 espérances,
1178 6127 1282 6168 bien
1312 6127 1554 6179 physique¬

527 6187 668 6234 ment,
703 6184 915 6239 .uuudpile
963 6186 1291 6236 irréprochable
1313 6219 1322 6235 »
1368 6187 1556 6230 catholi¬

530 6258 616 6296 que
667 6246 948 6298 pratiquant,
1000 6247 1148 6291 désire
1199 6248 1400 6299 mariage
1451 6250 1551 6290 reli¬

527 6304 664 6356 gieux
689 6307 796 6348 avec
823 6306 1086 6348 demoiselle
1112 6318 1170 6348 ou
1199 6318 1340 6350 veuve
1367 6308 1551 6350 catholi¬

527 6375 630 6415 que,
654 6367 792 6415 ayant
812 6367 954 6407 avoir.

579 6443 696 6482 6109.
726 6443 819 6482 Lot.
844 6440 896 6483 —
919 6440 1038 6484 Veuf
1087 6443 1190 6487 seul
1207 6446 1259 6485 50
1310 6456 1404 6494 ans,
1458 6446 1544 6487 bon

517 6512 655 6551 cœur,
692 6502 783 6545 très
822 6501 1010 6552 sérieux,
1045 6502 1248 6554 honnête,
1284 6503 1371 6547 bon
1404 6516 1550 6552 carac¬

518 6561 623 6611 tère,
645 6563 776 6609 brun,
803 6564 819 6602 1
848 6575 904 6604 m.
935 6568 1000 6614 65,
1032 6566 1275 6617 possédant
1307 6568 1358 6608 20
1375 6557 1544 6616 0ÔQfr..,

518 6624 784 6673 immeubles
802 6638 856 6667 ou
878 6627 1100 6678 capitaux,
1118 6629 1371 6678 épouserait
1384 6630 1547 6670 demoi¬

514 6690 623 6730 selle
648 6688 703 6727 du
724 6699 863 6727 veuve
888 6690 1027 6738 seule,
1058 6691 1264 6730 situation
1296 6703 1351 6730 ou
1383 6695 1464 6742 âge
1490 6704 1542 6731 en

512 6751 707 6806 rapport.
728 6750 787 6791 Se
808 6750 1079 6800 déplacerait
1100 6765 1155 6792 au
1179 6752 1347 6794 besoin,

1910 427 1924 450 ü
1937 426 1943 475 ■
1953 426 1994 475 jf
2027 427 2063 455 '*■
2104 427 2134 455 m

1718 498 1835 538 6113.
1871 495 2304 540 Tarn-ebGarotincu
2339 518 2392 527 —
2452 494 2686 539 Monsieur

1667 558 1856 604 abonné,
1880 568 1987 596 sans
2006 567 2223 595 annonce.

1718 636 1835 674 6115.
1859 635 1984 674 Gers.
2003 656 2056 662 —
2075 631 2358 680 Célibataire,
2380 634 2431 672 30
2450 643 2546 679 ans,
2568 643 2686 671 com-

1664 691 2196 742 merçanl.-prOiiriPlabe.
2224 702 2411 730 revenus
2432 691 2544 730 deux
2568 691 2691 730 mille

1655 747 1771 786 deux
1786 750 1908 786 cents
1927 746 1995 795 fr.,
2018 744 2112 785 bien
2132 744 2486 795 physiquement,
2505 743 2640 794 pariai
2651 740 2691 782 1%

1667 807 1983 856 honorabilité,
2014 807 2271 858 épouserait
2323 807 2460 855 jeune
2486 804 2582 850 fille
2632 806 2686 846 de

1665 870 1716 908 20
1743 868 1767 907 à
1793 870 1843 907 27
1871 879 1966 916 ans,
1996 866 2207 918 sérieuse,
2235 866 2450 907 situation
2469 877 2531 907 -en
2586 876 2687 915 rap¬

1667 928 1780 979 port,
1810 928 2011 979 pouvant
2038 926 2194 968 l’aider
2220 927 2334 966 dans
2360 936 2440 967 son
2468 929 2686 968 commer¬

1666 999 1728 1030 ce.

1714 1069 1830 1104 Gil().
1853 1065 1996 1106 Tarn,
2019 1087 2070 1091 —
2107 1064 2338 1106 Monsieur
2372 1072 2478 1105 sans
2499 1060 2670 1106 famille

1662 1131 1711 1171 60
1728 1142 1824 1179 ans,
1858 1130 1952 1170 n’en
1988 1130 2239 1185 paraissant
2275 1140 2361 1180 que
2399 1130 2463 1176 50,
2508 1127 2688 1166 robuste

1662 1198 1802 1242 santé,
1867 1195 2174 1238 universitaire
2230 1194 2406 1234 retraité
2480 1194 2583 1234 2000
2634 1192 2684 1233 fr.

1662 1262 1715 1308 de
1735 1266 1880 1303 rentes
1902 1266 1939 1303 et
1976 1262 2153 1312 capital,
2191 1262 2336 1302 désire
2368 1259 2687 1310 correspondre

1662 1340 1766 1369 avec
1803 1329 1932 1369 dame
1970 1339 2123 1378 veuve,
2158 1326 2412 1375 honorable,
2468 1326 2685 1375 instruite,

1662 1395 1711 1435 50
1727 1396 1750 1434 à
1772 1395 1823 1434 C.O
1840 1405 1934 1442 ans,
1960 1396 2090 1448 ayant
2115 1403 2319 1432 revenus.
2342 1391 2544 1431 Sérieux.

1714 1458 1819 1500 6117
1874 1456 2259 1498 Lot-et-Garonne.
2296 1479 2350 1483 —
2382 1456 2526 1496 Jeune
2564 1454 2688 1492 hom¬

1662 1512 1732 1550 me
1754 1512 1804 1550 25
1827 1520 1923 1559 ans,
1950 1508 2240 1561 agriculteur,
2267 1507 2464 1555 instruit,
2490 1519 2570 1567 pas
2591 1507 2688 1547 vul¬

1660 1564 1798 1615 gaire,
1855 1564 1990 1616 ayant
2043 1572 2235 1606 avances
2287 1562 2331 1603 et
2354 1559 2582 1612 propriété
2634 1560 2688 1599 de

1664 1620 1808 1658 15.000
1831 1616 1903 1666 fr.,
1927 1616 2183 1667 épouserait
2203 1615 2338 1666 jeûné
2358 1621 2595 1666 personne,
2620 1624 2688 1654 ca¬

1662 1671 1844 1720 ractère,
1876 1671 1958 1722 âge
1987 1671 2028 1714 et
2058 1668 2270 1714 situation
2303 1680 2356 1712 en
2387 1668 2576 1721 rapport
2630 1678 2686 1708 ou

1662 1725 1784 1766 riche
1810 1735 1915 1764 sans
1939 1722 2167 1775 préjugés.

1715 1807 1754 1844 2°
1775 1806 1830 1844 Le
1848 1803 1974 1844 Trait
1994 1803 2188 1844 d’Union
2208 1803 2272 1842 est
2294 1812 2352 1843 un
2374 1802 2555 1850 journal
2578 1802 2684 1843 hon¬

1663 1866 1763 1904 nête
1791 1867 1832 1904 et
1862 1866 2086 1912 n’accepte
2118 1874 2203 1911 que
2259 1862 2336 1902 des
2366 1869 2592 1900 annonces
2622 1859 2684 1902 sé¬

1662 1926 1846 1964 rieuses.

1714 2003 1830 2043 6118.
1862 2002 2248 2042 Lot-et-Garonne.
2274 2023 2327 2027 —
2352 1998 2483 2047 Veuf,
2511 1999 2562 2038 49
2588 2007 2683 2045 ans,

1659 2055 1952 2107 agriculteur,
1980 2052 2206 2094 chevalier
2232 2054 2294 2092 du
2320 2050 2480 2092 Mérite
2506 2050 2686 2100 Agrico¬

1656 2107 1715 2158 le,
1742 2108 1858 2150 belle
1882 2106 2110 2159 propriété
2135 2106 2190 2147 de
2215 2107 2402 2156 rapport
2452 2104 2494 2147 et
2518 2103 2687 2155 d’agré¬

1660 2163 1798 2211 ment,
1823 2160 1967 2203 désire
1988 2160 2128 2202 union
2151 2169 2258 2200 avec
2278 2168 2500 2210 personne
2522 2159 2686 2200 sérieu¬

1659 2227 1719 2265 se,
1744 2216 1798 2258 de
1820 2218 1872 2256 38
1894 2216 1920 2256 à
1942 2218 1992 2255 50
2015 2226 2112 2262 ans,
2139 2214 2240 2264 apte
2263 2214 2290 2254 à
2312 2212 2480 2263 diriger
2504 2223 2554 2252 sa
2576 2210 2687 2251 mai¬

1659 2282 1739 2310 son
1764 2270 1807 2310 et
1830 2270 1967 2323 ayant
1991 2270 2067 2308 dot
2094 2270 2239 2307 10.000
2264 2267 2320 2306 fr.

1711 2342 1830 2381 6119.
1856 2340 2096 2380 Toulouse.
2119 2362 2174 2367 —
2196 2338 2328 2386 Veuf,
2352 2339 2404 2378 59
2427 2347 2523 2390 ans,
2550 2335 2687 2387 ayant

1661 2394 1928 2446 profession,
1953 2392 2128 2435 maison
2152 2404 2206 2434 en
2228 2391 2335 2434 ville
2356 2392 2398 2435 et
2418 2400 2682 2442 campagne,

1662 2458 1854 2487 revenus
1887 2448 2011 2486 2.500
2046 2446 2102 2497 fr,
2140 2444 2407 2486 sentiments
2443 2441 2679 2492 religieux,

1659 2500 1804 2542 désire
1828 2499 2031 2550 mariage
2055 2510 2160 2539 avec
2186 2508 2411 2550 personne
2434 2498 2523 2538 très
2547 2498 2684 2539 hono¬

1660 2554 1798 2603 rable,
1824 2554 1951 2604 d’âge
1975 2552 2150 2600 assorti,
2176 2552 2307 2603 goûts
2330 2551 2531 2602 simples.
2558 2548 2686 2590 Réfé¬

1660 2619 1812 2648 rences
1846 2607 2036 2656 exigées.

1711 2680 1830 2719 6120.
1864 2675 2291 2727 Basses-Pyrénées^
2310 2678 2364 2715 —
2392 2676 2522 2724 Veuf,
2571 2674 2683 2722 seul,

1659 2732 1827 2774 certain
1884 2731 1980 2783 âge,
2039 2730 2371 2771 fonctionnaire
2427 2730 2480 2768 de
2536 2727 2682 2775 l’Etat,

1658 2788 1780 2828 2.000
1807 2786 1863 2826 fr.
1892 2786 2074 2848 jusqu’à
2100 2786 2144 2826 la
2171 2784 2236 2823 fin
2266 2784 2319 2826 de
2346 2795 2415 2824 ses
2442 2783 2583 2834 jours,
2614 2780 2683 2822 bel

1660 2842 1856 2888 homme,
1891 2851 2016 2879 avoir
2047 2838 2302 2890 personnel,
2363 2838 2488 2878 santé
2546 2835 2687 2876 excel¬

1660 2895 1792 2943 lente,
1830 2892 2038 2934 habitant
2071 2892 2180 2934 ville
2215 2891 2391 2940 d’eaux,
2427 2888 2686 2942 épouserait

1660 2948 1930 2992 Demoiselle
1955 2960 2012 2990 ou
2038 2948 2179 2988 Dame
2204 2947 2259 2988 de
2284 2948 2335 2988 40
2360 2946 2386 2987 à
2410 2947 2462 2987 56
2486 2955 2582 2992 ans,
2610 2944 2686 2986 ho¬

1659 3002 1844 3043 norable
1870 3002 1912 3043 et
1939 3002 2042 3042 bien
2070 3000 2232 3050 élevée,
2263 2999 2400 3051 ayant
2426 2998 2574 3038 rentes
2626 3008 2683 3039 ou

1658 3055 1926 3100 économies,

1710 3128 1827 3170 6122.
1863 3127 2202 3167 Haute-Marne.
2231 3126 2284 3164 —
2310 3124 2499 3164 Officier
2528 3124 2683 3164 minis¬

1656 3182 1799 3231 tériel,
1827 3183 1875 3223 31
1903 3192 1999 3228 ans,
2030 3179 2331 3223 honorabilité
2358 3178 2566 3230 parfaite,
2596 3178 2684 3220 très

1658 3235 1926 3287 intelligent,
1958 3235 2182 3276 caractère
2211 3232 2299 3284 gai,
2332 3232 2575 3284 possédant
2603 3242 2682 3272 son

1656 3288 1790 3331 étude
1811 3287 1968 3329 valeur
1988 3288 2138 3328 30.000
2159 3286 2215 3327 fr.
2240 3286 2282 3327 et
2303 3286 2455 3327 autres
2476 3284 2683 3338 espéran¬

1656 3352 1742 3390 ces,
1770 3340 2006 3383 désirerait
2029 3340 2231 3393 mariage
2256 3351 2362 3382 avec
2414 3336 2683 3381 Demoiselle

1658 3396 1775 3444 bien,
1812 3395 1867 3436 de
1899 3395 2048 3435 bonne
2108 3392 2298 3442 famille,
2332 3395 2383 3432 20
2416 3392 2442 3432 à
2472 3395 2524 3432 25
2586 3402 2680 3439 ans,

1658 3448 1794 3502 ayant
1822 3448 1898 3490 dot
1926 3448 1982 3490 de
2007 3450 2059 3487 25
2087 3447 2114 3487 à
2142 3448 2290 3488 30.000
2318 3446 2375 3487 fr.
2407 3446 2450 3486 et
2476 3444 2683 3497 espéran¬

1655 3514 1740 3544 ces.

1707 3576 1826 3614 6124.
1858 3576 2079 3624 Aveyron.
2103 3574 2160 3612 —
2182 3574 2327 3612 Jeune
2376 3572 2578 3619 homme,
2629 3572 2683 3610 27

1656 3639 1751 3676 ans,
1783 3628 1886 3668 bien
1918 3639 2023 3668 sous
2049 3627 2151 3667 tous
2180 3624 2404 3678 rapports,
2463 3623 2682 3666 ancienne

1658 3680 1847 3730 famille,
1884 3682 2032 3720 50.000
2070 3679 2124 3719 fr.
2163 3679 2436 3719 immeubles
2498 3687 2680 3730 person¬

1655 3735 1752 3775 nels
1775 3735 1818 3775 et
1839 3735 2104 3784 espérances
2127 3735 2268 3780 sûres,
2294 3732 2551 3783 épouserait
2600 3732 2682 3771 De¬

1655 3788 1872 3837 moiselle,
1900 3788 2036 3839 ayant
2061 3787 2138 3827 dot
2163 3787 2399 3836 analogue.
2430 3787 2498 3826 Au
2525 3784 2679 3826 besoin

1654 3854 1698 3883 se
1724 3842 1978 3894 déplacera.

1707 3908 1824 3946 6125.
1858 3907 2262 3947 Haute-Garonne*
2283 3906 2332 3944 —
2353 3904 2487 3952 Veuf,
2510 3907 2558 3942 44
2582 3915 2676 3954 ans,

1655 3967 1871 4020 physique
1900 3971 2043 4019 jeune,
2080 3967 2256 4008 retraité
2283 3967 2336 4007 de
2360 3967 2502 4015 l’Etat,
2527 3967 2604 4007 800
2626 3966 2675 4004 fr.

1656 4031 1846 4071 Possède
1878 4032 1952 4080 joli
1986 4031 2225 4071 immeuble
2253 4030 2355 4070 neuf
2383 4034 2426 4068 et
2456 4030 2679 4079 propriété

1652 4084 1782 4124 d’une
1804 4084 1956 4124 valeur
1976 4084 2031 4126 de
2052 4084 2200 4123 20.000
2223 4083 2382 4124 francs.
2416 4083 2678 4133 Epouserait

1654 4159 1791 4188 veuve
1814 4159 1868 4187 ou
1891 4147 2148 4188 demoiselle
2171 4147 2244 4196 qui
2270 4147 2414 4186 aurait
2433 4144 2678 4186 l’intention

1652 4210 1706 4250 de
1728 4214 1932 4260 partager
1955 4210 2023 4248 vie
2040 4208 2266 4259 agréable.

1706 4283 1823 4322 6127.
1856 4282 2260 4322 Haute-Garonne.
2292 4280 2344 4320 —
2375 4279 2551 4320 Gélifiai
2559 4280 2676 4327 aire,

1651 4347 1699 4382 42
1734 4355 1828 4391 ans,
1863 4343 2017 4392 grand,
2056 4343 2184 4391 brun,
2216 4342 2387 4382 famille
2421 4343 2509 4382 très
2538 4342 2678 4380 hono¬

1651 4406 1787 4455 rable,
1812 4407 1935 4446 avoir
1963 4408 2010 4446 25
2032 4406 2111 4446 000
2133 4406 2200 4455 fr.,
2232 4404 2442 4444 situation
2468 4404 2678 4454 indépen¬

1651 4470 1780 4508 dante
1803 4471 2060 4523 rapportant
2078 4468 2199 4508 4.000
2219 4467 2271 4506 fr.
2290 4478 2370 4518 par
2388 4478 2458 4516 an,
2474 4466 2678 4508 s’unirait

1650 4543 1758 4572 avec
1792 4530 2051 4571 demoiselle
2086 4542 2142 4571 ou
2176 4540 2315 4571 veuve
2351 4532 2482 4583 ayant
2515 4530 2596 4579 âge
2636 4532 2678 4570 et

1651 4594 1838 4650 position
1859 4592 2150 4644 équivalente.

1702 4675 1819 4716 6129.
1851 4674 2052 4716 Hérault.
2076 4674 2131 4715 —
2157 4674 2426 4716 Célibataire
2467 4671 2579 4723 seul,
2622 4675 2674 4714 38

1650 4746 1744 4784 ans,
1776 4735 1878 4775 n’en
1908 4733 2166 4786 paraissant
2192 4746 2282 4784 que
2310 4735 2376 4783 30,
2406 4732 2671 4784 propriétai¬

1648 4807 1695 4836 re
1716 4794 1992 4844 viticulteur,
2019 4793 2218 4844 instruit,
2243 4792 2347 4836 bien
2368 4792 2507 4843 élevé,
2534 4792 2672 4836 musi¬

1647 4854 1759 4904 cien,
1795 4854 1968 4896 famille
2017 4854 2280 4899 honorable,
2312 4852 2570 4904 épouserait
2599 4852 2671 4894 de¬

1648 4912 1850 4956 moiselle
1872 4914 1927 4955 de
1948 4914 2099 4956 bonne
2122 4912 2298 4955 famille
2319 4926 2377 4955 ou
2400 4923 2543 4955 veuve
2566 4923 2671 4954 sans

1646 4974 1840 5022 enfants,
1866 4986 1974 5016 avec
1991 4974 2083 5015 dot.
2108 4974 2171 5015 De
2192 4974 2454 5024 préférence
2476 4974 2671 5014 Toulou¬

1646 5044 1690 5075 se
1711 5044 1771 5076 ou
1791 5032 2019 5076 environs.
2047 5034 2103 5075 Se
2126 5032 2414 5086 déplacerait.

1696 5120 1814 5160 6131.
1859 5120 1983 5160 Gers.
2024 5143 2078 5147 —
2130 5119 2414 5168 Célibataire,
2467 5120 2515 5158 41
2570 5131 2664 5167 ans,

1644 5182 1791 5219 15.000
1819 5180 1875 5219 fr.
1908 5191 1960 5220 en
1991 5180 2184 5231 espèces,
2218 5179 2366 5220 bonne
2396 5178 2664 5220 instruction

1643 5239 1684 5279 et
1726 5239 1979 5288 éducation,
2010 5238 2188 5280 sérieux
2215 5240 2258 5280 et
2283 5240 2511 5288 économe,
2540 5240 2666 5279 hom¬

1643 5311 1714 5340 me
1768 5299 1823 5340 de
1876 5311 2015 5347 cœur,
2063 5298 2204 5340 solide
2248 5298 2474 5348 affection,
2519 5298 2667 5338 désire

1642 5358 1780 5399 union
1830 5370 1936 5399 avec
1980 5358 2243 5400 demoiselle
2271 5371 2330 5399 ou
2358 5369 2500 5399 veuve
2531 5358 2664 5408 ayant

1640 5419 1789 5458 bonne
1822 5418 2038 5459 situation
2075 5419 2116 5459 et
2149 5418 2420 5459 excellentes
2452 5416 2660 5468 qualités.

1641 5478 1722 5518 Lui
1743 5478 1899 5519 écrire.

1694 5566 1900 5612 Envoyez
1931 5563 1958 5603 à
1989 5565 2032 5603 la
2064 5563 2291 5603 Direction
2325 5564 2403 5603 des
2434 5572 2663 5602 annonces

1638 5623 1871 5672 sérieuses,
1895 5624 2055 5676 vraies,
2079 5623 2290 5672 sincères,
2315 5622 2523 5672 précises,
2547 5634 2660 5672 pour

1636 5683 1775 5724 éviter
1801 5684 1880 5723 des
1903 5684 2132 5732 surprises
2160 5683 2419 5731 imprévues
2443 5687 2486 5723 et
2538 5683 2660 5724 désa¬

1635 5743 1855 5792 gréables.

1688 5830 1806 5870 6132.
1830 5830 1968 5868 Tarn.
1988 5852 2043 5856 —
2062 5830 2205 5870 Jeune
2228 5828 2426 5878 homme,
2451 5830 2584 5876 brun,
2607 5830 2658 5868 27

1635 5899 1730 5939 ans,
1751 5886 2006 5939 négociant,
2030 5887 2244 5930 situation
2263 5890 2290 5928 7
2309 5888 2335 5930 à
2354 5890 2475 5928 8.000
2494 5887 2551 5928 fr.
2572 5899 2658 5939 par

1634 5962 1706 5998 an,
1728 5950 1994 6000 espérances
2015 5950 2115 5988 cent
2134 5948 2275 5988 mille.
2296 5948 2567 5999 Epouserait
2584 5948 2656 5988 de¬

1633 6007 1835 6048 moiselle
1856 6008 1911 6048 de
1931 6011 1982 6048 20
2002 6008 2028 6047 à
2047 6010 2098 6047 25
2119 6018 2215 6056 ans,
2238 6007 2359 6058 jolie,
2384 6006 2652 6058 distinguée,

1631 6071 1762 6118 ayant
1783 6068 1857 6107 dot
1880 6068 1934 6107 de
1954 6068 2004 6106 20
2027 6068 2050 6106 à
2066 6067 2116 6104 50
2136 6067 2215 6107 €00
2234 6068 2396 6107 francs.

1683 6140 1800 6178 6133.
1828 6139 1956 6179 Midi.
1976 6140 2031 6178 —
2051 6140 2180 6190 Veuf,
2206 6140 2252 6180 41
2276 6150 2372 6191 ans,
2396 6148 2458 6179 un
2479 6132 2650 6187 enfant,

1632 6198 1778 6244 16.000
1816 6198 1855 6236 fr
1915 6207 2107 6238 revenus
2153 6198 2340 6236 annuels
2388 6207 2439 6236 en
2492 6199 2651 6246 rentes,

1628 6256 1774 6299 désire
1794 6258 1995 6308 mariage
2014 6268 2123 6298 avec
2139 6256 2403 6298 demoiselle
2420 6267 2479 6298 ou
2502 6256 2648 6306 dame,

1628 6328 1734 6358 sans
1755 6318 1951 6367 enfants,
1976 6316 2095 6367 bien,
2120 6318 2252 6372 goûts
2275 6316 2476 6370 simples,
2503 6316 2651 6358 bonne

1627 6377 1848 6426 moralité,
1895 6378 2032 6430 ayant
2075 6379 2294 6429 quelques
2338 6387 2544 6418 revenus.
2576 6375 2651 6416 Sé¬

1626 6435 1770 6476 rieux.

1671 6515 1788 6552 6134.
1819 6514 2055 6554 Charente.
2078 6536 2142 6543 —
2168 6514 2315 6554 Jeune
2358 6514 2555 6562 homme,
2598 6514 2647 6552 35

1623 6584 1719 6620 ans,
1766 6571 1927 6624 grand,
1977 6572 2111 6620 brun,
2160 6572 2335 6616 famille
2382 6571 2643 6620 honorable,

1622 6632 1848 6683 propriété
1890 6635 2039 6674 20.000
2084 6632 2139 6672 fr.
2171 6632 2279 6683 qu'il
2324 6631 2520 6683 exploite
2564 6630 2646 6672 lui-

1622 6692 1783 6740 même,
1826 6692 2082 6743 épouserait
2122 6692 2382 6732 demoiselle
2422 6703 2478 6731 ou
2504 6702 2644 6731 veuve

1620 6751 1807 6794 voulant
1850 6752 2026 6794 habiter
2068 6751 2112 6792 la
2136 6760 2388 6803 campagne
2414 6751 2456 6792 et
2480 6751 2644 6791 s’occu¬

2763 507 2839 546 per
2883 495 2944 536 du
2987 496 3176 547 ménage
3218 507 3276 537 ou
3303 498 3358 539 de
3383 496 3519 549 petite
3546 497 3782 539 industrie.

2765 555 2848 594 Pas
2867 555 3075 606 exigeant
3095 568 3175 596 sur
3192 556 3283 596 dot.
3308 556 3510 598 Sérieux.

2814 624 2931 662 6136.
2971 624 3397 674 Hautes-Pyrénées.
3430 648 3484 654 —
3518 626 3784 667 Célibataire

2760 684 2810 720 37
2831 694 2928 733 ans,
2954 682 3075 724 idées
3095 684 3256 734 larges,
3282 684 3358 726 dot
3378 687 3500 724 5.000
3523 684 3578 727 fr.
3603 686 3786 736 épouse¬

2762 743 2847 782 rait
2872 742 3132 786 demoiselle
3158 755 3215 784 ou
3240 755 3383 786 veuve
3407 744 3462 786 de
3484 746 3536 784 26
3560 744 3587 784 à
3610 747 3660 784 35
3686 756 3782 786 ans.

2762 801 2964 848 Sérieux.

2814 879 2931 919 6137.
2967 879 3091 919 Gers.
3122 904 3176 908 —
3206 882 3452 930 Monsieur,
3484 883 3538 922 50
3566 892 3662 930 ans,
3695 882 3784 923 très

2760 936 2952 987 sérieux,
2980 939 3107 979 santé
3132 939 3326 990 parfaite
3350 940 3392 983 et
3415 939 3646 994 situation,
3672 940 3786 982 dési¬

2762 1008 2807 1038 re
2856 998 3046 1054 épouser
3098 998 3230 1039 dame
3268 1011 3326 1039 ou
3366 999 3627 1042 demoiselle
3650 1002 3788 1051 ayant,

2760 1056 2958 1107 éprouvé
3001 1056 3156 1114 peines
3202 1059 3410 1101 morales.
3440 1060 3599 1102 Bonne
3642 1059 3783 1110 santé,

2759 1116 2891 1167 goûts
2935 1116 3136 1168 simples,
3168 1118 3318 1159 rentes
3360 1119 3403 1160 et
3445 1130 3638 1163 revenus
3667 1120 3782 1168 sûrs,

2760 1175 2863 1215 d’au
2887 1178 3035 1218 moins
3058 1179 3179 1218 3.000
3202 1178 3258 1218 fr.

2814 1254 2931 1293 6138.
2957 1254 3267 1297 Haute-Loire.
3288 1278 3342 1283 —
3363 1256 3479 1296 Veuf
3500 1266 3608 1301 avec
3628 1255 3786 1302 enfant

2760 1312 2815 1352 de
2835 1314 2859 1351 6
2880 1323 2975 1363 ans,
2999 1314 3339 1364 entrepreneur,
3362 1318 3414 1355 39
3435 1327 3531 1363 ans,
3555 1315 3658 1358 bien
3680 1328 3785 1358 sous

2760 1372 2860 1412 tous
2891 1372 3114 1424 rapports,
3147 1374 3271 1415 taille
3302 1376 3320 1414 1
3352 1387 3412 1416 m.
3444 1376 3510 1422 71,
3543 1376 3786 1427 possédant

2763 1431 2908 1471 12.000
2932 1431 3004 1480 fr.,
3048 1432 3194 1474 désire
3235 1434 3438 1486 mariage
3487 1446 3594 1476 avec
3643 1446 3784 1477 veuve

2762 1502 2866 1531 sans
2886 1491 3067 1532 enfants
3086 1504 3143 1532 ou
3164 1492 3424 1535 demoiselle
3446 1495 3710 1536 au-dessous
3731 1496 3784 1538 de

2759 1551 2810 1588 35
2834 1559 2928 1600 ans,
2955 1552 3092 1602 ayant
3113 1552 3192 1594 dot
3211 1552 3448 1603 analogue.

2814 1620 2930 1668 6140.
2966 1628 3178 1668 Gironde.
3207 1630 3260 1670 --
3291 1628 3572 1682 Célibataire,
3603 1634 3655 1672 38
3684 1644 3780 1682 ans,

2760 1686 2863 1731 bien
2887 1698 2995 1727 sous
3018 1688 3118 1729 tous
3142 1688 3367 1739 rapports,
3410 1690 3624 1732 situation
3664 1703 3786 1734 com¬

2760 1746 2986 1794 merciale,
3012 1747 3138 1787 avoir
3159 1748 3203 1787 et
3224 1748 3503 1799 espérances,
3528 1751 3784 1800 épouserait

2759 1804 3022 1850 demoiselle
3042 1818 3099 1847 ou
3120 1818 3262 1848 veuve
3283 1810 3420 1859 ayant
3440 1807 3655 1851 situation
3679 1822 3783 1854 ana¬

2759 1863 2891 1912 logue
2916 1876 2974 1904 ou
3000 1864 3090 1907 dot.
3119 1866 3330 1908 Pourrait
3356 1880 3401 1910 se
3427 1867 3651 1918 déplacer.

2812 1942 2928 1983 6141.
2956 1942 3192 1983 Charente.
3214 1967 3268 1972 —
3291 1944 3382 1986 Fils
3402 1944 3588 2002 unique,
3611 1947 3663 1986 26
3684 1958 3779 1996 ans,

2759 2000 2954 2050 qualités
2979 2003 3228 2059 physiques
3255 2003 3298 2043 et
3324 2004 3534 2055 morales,
3563 2004 3782 2048 ancienne

2760 2059 2948 2110 famille,
2995 2062 3072 2105 dot
3115 2064 3287 2106 100.000
3328 2063 3386 2110 fr.
3416 2064 3526 2110 dont
3551 2067 3700 2108 55.000
3727 2078 3779 2108 en

2759 2120 2952 2174 espèces,
2982 2121 3130 2165 désire
3156 2122 3358 2175 mariage
3387 2135 3494 2166 avec
3522 2124 3782 2169 demoiselle

2759 2179 3023 2232 honorable,
3067 2180 3284 2224 situation
3313 2184 3440 2239 égale
3466 2195 3523 2224 ou
3552 2184 3784 2240 supérieu¬

2760 2248 2820 2279 re.

2814 2327 2870 2368 Le
2898 2328 3024 2367 Trait
3052 2328 3247 2370 d’Union
3276 2332 3342 2371 est
3387 2339 3447 2372 un
3491 2330 3672 2379 journal
3718 2331 3782 2373 sé¬

2760 2380 2886 2420 rieux
2910 2383 2951 2419 et
2974 2380 3080 2422 utile
3102 2380 3127 2420 à
3148 2384 3263 2423 tous.

2810 2464 2927 2504 6143.
2940 2464 3082 2504 Tarn.
3106 2466 3147 2504 —
3175 2464 3470 2514 Célibataire,
3487 2470 3535 2507 32
3551 2478 3647 2516 ans,
3664 2466 3780 2515 bien,

2756 2534 2862 2564 sous
2883 2528 2982 2565 tous
3004 2526 3067 2569 les
3088 2520 3307 2578 rapports,
3330 2528 3639 2582 propriétaire,
3656 2531 3767 2579 négo

2756 2584 2886 2637 eiant,
2926 2587 3172 2638 industriel,
3215 2590 3428 2632 situation
3467 2592 3780 2635 commerciale

2760 2648 2903 2688 10.000
2943 2650 3102 2700 francs,
3142 2651 3395 2702 épouserait
3431 2652 3591 2698 femme
3628 2654 3782 2696 d’inté¬

2759 2710 2874 2752 rieur
2895 2711 2948 2751 de
2978 2715 3028 2754 20
3050 2715 3074 2752 à
3095 2715 3146 2754 30
3167 2726 3262 2764 ans,
3295 2716 3424 2764 goûts
3447 2716 3646 2767 simples,
3679 2727 3782 2759 con¬

2759 2772 2955 2816 naissant
2976 2787 3238 2820 commerce.
3266 2778 3484 2820 Situation
3507 2790 3560 2822 en
3583 2783 3779 2832 rapport.

2810 2839 2926 2879 6145.
2950 2840 3195 2882 Charente.
3216 2842 3267 2879 —
3288 2838 3588 2888 Célibataire,
3614 2844 3663 2883 23
3684 2854 3779 2890 ans,

2758 2899 2811 2942 de
2835 2900 2996 2943 famille
3026 2903 3111 2943 très
3133 2902 3392 2954 honorable,
3416 2903 3516 2944 bien
3547 2904 3782 2955 physique¬

2758 2967 2875 3003 ment
2911 2967 2952 3003 et
2991 2964 3116 3013 libre,
3164 2964 3310 3004 désire
3356 2970 3534 3016 prompt
3583 2967 3782 3016 mariage

2758 3038 2862 3069 avec
2880 3026 3014 3078 jeune
3047 3026 3136 3068 fille
3175 3038 3228 3067 ou
3271 3039 3410 3070 veuve
3447 3031 3578 3078 ayant
3607 3030 3694 3070 dot.
3727 3031 3782 3070 Se

2756 3088 3023 3139 déplacerait
3046 3100 3098 3128 au
3131 3088 3300 3132 besoin.

2808 3147 2926 3194 6146.
2943 3154 3039 3192 Lot.
3051 3151 3227 3199 —Veuf,
3243 3152 3354 3200 seul,
3368 3151 3467 3194 titre
3487 3152 3539 3195 de
3555 3156 3712 3203 comte,
3731 3158 3782 3195 06

2756 3226 2850 3263 ans,
2874 3215 2999 3254 santé
3020 3212 3220 3264 parfaite,
3259 3215 3480 3264 propriété
3511 3216 3566 3256 de
3598 3219 3780 3267 rapport

2755 3280 2796 3316 et
2816 3275 3102 3328 d’agrément,
3126 3275 3271 3319 désire
3294 3278 3486 3327 épouser
3519 3278 3779 3321 demoiselle

2756 3350 2810 3379 ou
2831 3338 2960 3380 dame
2982 3350 3139 3387 veuve,
3162 3350 3270 3380 avec
3291 3350 3344 3379 ou
3367 3350 3475 3380 sans
3495 3339 3682 3380 enfants.

2808 3408 2911 3451 6146
2943 3408 3024 3452 bis,
3048 3411 3243 3453 Landes*
3274 3431 3326 3442 —-
3351 3410 3575 3452 Monsieur
3607 3411 3779 3454 abonné

2755 3495 2776 3523 s
2780 3484 2860 3512 ans
2878 3483 3091 3514 annonce.

2807 3547 2926 3587 6147.
2959 3547 3171 3587 Gironde.
3198 3570 3253 3576 —
3294 3550 3439 3587 Jeune
3483 3550 3682 3596 homme,
3727 3550 3779 3587 32

2756 3616 2851 3654 ans,
2899 3606 3096 3658 châtain,
3144 3606 3338 3656 sérieux,
3386 3607 3491 3650 bien
3535 3607 3778 3659 physique^

2756 3666 2894 3714 ment,
2922 3668 2976 3708 de
3004 3666 3178 3708 famille
3204 3667 3466 3708 honorable.
3496 3667 3774 3708 Mécanicien

2754 3726 2906 3774 établi,
2932 3738 3054 3768 assez
3079 3727 3164 3768 bon
3191 3726 3391 3778 rapport,
3418 3727 3563 3770 désire
3586 3728 3776 3778 épouser

2755 3784 3015 3828 demoiselle
3055 3786 3110 3828 de
3132 3788 3184 3831 24
3207 3787 3234 3828 à
3258 3788 3308 3827 30
3334 3798 3430 3835 ans,
3472 3786 3684 3835 aimable,
3712 3787 3775 3827 in¬

2754 3844 2996 3899 telligente,
3026 3844 3279 3890 couturière
3304 3846 3358 3888 de
3384 3846 3644 3898 préférence
3671 3858 3776 3889 avec

2754 3903 2888 3955 petite
2919 3906 3008 3947 dot.

2807 3983 2923 4023 6153.
2958 3983 3144 4024 Vienne.
3172 3984 3219 4024 —
3256 3984 3488 4024 Monsieur
3515 3986 3638 4032 veuf,
3670 3994 3775 4024 sans

2752 4040 2948 4090 enfants,
2974 4043 3244 4092 catholique,
3272 4043 3466 4086 honnête
3488 4044 3530 4086 et
3550 4044 3606 4084 de
3627 4044 3775 4087 bonne

2752 4100 2942 4151 famille,
2968 4104 3103 4152 ayant
3126 4102 3340 4146 situation
3366 4103 3620 4152 épouserait
3643 4104 3774 4144 dame

2752 4171 2892 4203 veuve
2920 4174 2978 4202 ou
3004 4162 3266 4203 demoiselle
3294 4162 3415 4212 âgée,
3460 4164 3598 4214 ayant
3640 4162 3774 4204 situa¬

2752 4218 2858 4261 tion.
2886 4220 3090 4264 Sérieux,

2803 4308 2922 4347 6154.
2952 4308 3188 4348 Charente.
3211 4331 3266 4336 —
3288 4308 3374 4356 Qui
3397 4307 3611 4348 voudrait
3632 4319 3679 4347 se
3703 4307 3775 4348 dé¬

2751 4364 2903 4416 placer
2945 4379 3059 4418 pour
3100 4368 3291 4419 épouser
3344 4368 3586 4416 charmant
3638 4368 3774 4416 jeune

2752 4427 2948 4476 homme,
2972 4428 3024 4466 32
3044 4439 3140 4475 ans,
3167 4436 3272 4468 sans
3295 4427 3523 4476 relations,
3548 4427 3774 4479 physique

2751 4486 2974 4535 agréable,
3032 4486 3302 4536 affectueux,
3356 4487 3579 4527 caractère
3634 4487 3771 4535 doux,

2750 4544 2956 4596 employé
2988 4546 3401 4587 d’administration
3434 4547 3490 4587 de
3519 4546 3666 4595 l’Etat,
3699 4558 3773 4596 ga¬

2750 4606 2892 4654 gnant
2910 4607 3031 4644 2.000
3054 4606 3108 4645 fr.
3133 4616 3214 4656 par
3236 4619 3308 4654 an,
3332 4606 3470 4658 ayant
3490 4606 3768 4656 espérances.

2750 4662 2831 4704 Lui
2851 4663 3006 4705 écrire.
3027 4664 3138 4706 Très
3156 4664 3348 4707 sérieux.

2800 4744 2860 4783 La
2875 4742 3200 4783 combinaison
3222 4742 3438 4790 mariage
3461 4742 3642 4792 répond
3662 4740 3690 4782 à
3708 4752 3771 4782 un

2748 4804 2907 4846 besoin
2930 4804 3095 4844 social.

2799 4882 2916 4923 6155.
2951 4886 3340 4924 Haute-Garonne.
3367 4907 3420 4912 —
3450 4884 3538 4926 Fils
3582 4884 3767 4934 unique,

2747 4943 3020 4994 célibataire,
3047 4947 3098 4984 39
3123 4958 3218 4994 ans,
3247 4946 3384 4997 ayant
3408 4944 3634 4996 propriété
3660 4943 3769 4986 mai¬

2746 5014 2824 5044 son
2851 5004 2894 5044 et
2918 5004 3186 5054 économies,
3216 5004 3362 5044 désire
3403 5004 3592 5058 épouser
3632 5004 3768 5058 jeune

2746 5062 2836 5104 fille
2862 5064 2916 5104 de
2939 5066 2990 5103 25
3014 5064 3039 5104 à
3062 5067 3112 5104 38
3136 5076 3232 5112 ans,
3260 5064 3396 5119 ayant
3420 5063 3475 5106 de
3500 5067 3548 5104 15
3571 5064 3598 5104 à
3619 5064 3768 5106 20,000

2746 5122 2799 5163 fr.
2823 5124 2878 5166 de
2899 5124 2988 5164 dot.

2795 5210 2912 5250 6156.
2940 5210 3082 5250 Aude.
3103 5210 3158 5251 —
3180 5207 3482 5258 Propriétaire
3505 5210 3766 5252 viticulteur

2742 5268 2911 5311 certain
2968 5270 3064 5321 âge,
3138 5268 3486 5312 d’honorabilité
3553 5270 3763 5321 parfaite,

2740 5339 2864 5368 cœur
2887 5330 3130 5382 généreux,
3155 5328 3291 5379 jeune
3315 5330 3514 5382 d’esprit,
3540 5330 3595 5375 de
3618 5340 3766 5370 carac¬

2740 5388 2846 5438 tère,
2874 5390 2931 5434 de.
2954 5388 3096 5428 forces
3122 5388 3384 5443 physiques,
3411 5391 3548 5439 ayant
3572 5400 3764 5431 revenus

2739 5448 2794 5488 de
2816 5450 2919 5490 3000
2944 5448 2998 5490 fr.
3024 5448 3170 5491 désire
3192 5450 3342 5490 entrer
3366 5459 3418 5488 en
3443 5448 3632 5488 relation
3657 5459 3764 5490 avec

2739 5507 3000 5548 demoiselle
3026 5519 3083 5548 ou
3110 5510 3242 5550 dame
3267 5519 3408 5549 veuve
3435 5510 3571 5558 ayant
3596 5507 3762 5560 capital

2739 5566 2995 5618 disponible
3022 5568 3079 5610 de
3108 5570 3255 5608 15.000
3284 5568 3339 5607 fr.

2790 5654 2907 5694 6157.
2931 5655 3068 5694 Tarn.
3087 5655 3139 5692 —
3159 5654 3416 5703 Négociant,
3438 5655 3488 5691 40
3507 5664 3602 5702 ans,
3624 5655 3760 5695 hono¬

2738 5711 2890 5760 rable,,
2912 5712 3104 5762 sérieux,
3139 5712 3262 5760 actif,
3298 5714 3368 5752 bel
3400 5712 3599 5759 homme,
3634 5714 3759 5754 santé

2736 5772 2943 5822 parfaite,
3003 5773 3090 5814 très
3134 5772 3470 5824 sympathique,
3517 5772 3760 5824 possédant

2735 5832 2884 5871 30.000
2920 5831 2994 5880 fr.,
3034 5832 3139 5883 plus
3172 5843 3424 5872 commerce
3460 5830 3674 5882 prospère
3708 5834 3751 5871 et

2735 5891 2908 5940 ancien,
2940 5891 3208 5947 rapportant
3236 5892 3359 5931 5.000
3388 5891 3443 5931 fr.
3476 5891 3580 5938 l’an,
3612 5888 3758 5931 désire

2735 5952 2934 6000 mariage
2968 5963 3076 5993 avec
3108 5948 3370 5991 demoiselle
3403 5963 3460 5991 ou
3494 5951 3627 5992 dame
3659 5960 3756 5991 seu¬

2734 6011 2786 6059 le,
2815 6011 2906 6051 très
2948 6011 3051 6054 bien
3079 6011 3120 6052 et
3175 6010 3310 6059 ayant
3336 6009 3426 6050 dot.
3484 6011 3530 6050 Si
3558 6007 3754 6060 possible

2732 6070 3027 6118 musicienne,
3087 6070 3202 6111 mais
3257 6070 3436 6110 surtout
3490 6082 3571 6120 pas
3627 6067 3752 6116 sotte,

2732 6130 2898 6171 femme
2943 6130 3220 6175 d’intérieur,
3267 6130 3440 6168 aimant
3484 6136 3751 6168 commerce.

2731 6188 2776 6228 Si
2808 6188 2934 6240 plait,
2967 6188 3175 6239 qualités,
3208 6199 3307 6231 sera
3336 6199 3416 6239 pas
3447 6187 3670 6239 exigeant.

2782 6275 2898 6314 6158.
2932 6274 3206 6323 Cambodge.
3235 6275 3288 6314 —
3316 6275 3459 6314 Jeune
3490 6272 3674 6314 homme
3700 6272 3752 6311 27

2728 6344 2824 6382 ans,
2856 6332 3016 6385 grand,
3067 6332 3202 6382 brun,
3252 6333 3476 6386 physique
3524 6329 3748 6383 agréable,

2727 6391 3060 6434 fonctionnaire
3136 6392 3427 6442 Indo-Chine,
3491 6391 3751 6432 traitement

2726 6454 2847 6492 7.000
2879 6451 2951 6502 fr.,
2986 6451 3175 6492 brillant
3206 6451 3376 6501 avenir,
3410 6449 3655 6492 excellente
3687 6448 3749 6488 fa¬

2726 6510 2864 6560 mille,
2892 6511 3132 6553 recherche
3158 6523 3272 6562 pour
3296 6511 3498 6562 mariage
3520 6512 3658 6560 jeune
3683 6507 3750 6547 fil¬

2724 6570 2763 6610 le
2786 6572 2840 6612 de
2867 6574 2914 6610 18
2938 6572 2962 6611 à
2984 6574 3036 6611 24
3060 6583 3155 6619 ans,
3183 6571 3332 6612 bonne
3355 6571 3610 6618 éducation,
3637 6568 3747 6607 fem¬

2724 6642 2794 6671 me
2816 6630 3080 6671 d’intérieur
3104 6631 3240 6684 ayant
3262 6630 3458 6682 qualités
3479 6631 3534 6671 de
3558 6638 3682 6668 cœur
3704 6636 3746 6668 et

2722 6690 2920 6742 d’esprit.
2952 6691 3039 6730 Dot
3068 6684 3319 6730 nécessaire
3347 6701 3462 6740 pour
3492 6687 3660 6730 asseoir
3690 6687 3744 6727 si¬

2722 6748 2893 6790 tuation
2916 6748 3034 6791 dans
3052 6748 3243 6791 finance.
3267 6748 3479 6790 Timbrer
3499 6748 3527 6787 à
3547 6748 3572 6786 0
3595 6746 3650 6787 fr.
3675 6748 3739 6788 25.
3780 6734 3786 6780 (

3807 451 3812 452 -
3832 450 3843 454 .
3897 450 3900 454 .
3971 431 4049 460 im-i
4088 431 4111 460 jj'
4137 432 4146 459 i,
4172 450 4175 456 .
4212 448 4335 455 -
4479 434 4539 456 mm
4570 454 4702 462 .

3920 499 4018 540 Lire
4048 511 4100 540 en
4132 503 4156 539 4
4159 506 4171 522 e
4203 511 4314 548 page
4347 502 4386 540 le
4415 502 4615 542 courrier
4644 502 4883 551 grapholo¬

3863 560 4012 608 gique.

3915 654 4032 692 6159.
4060 654 4252 695 Vendée.
4273 655 4327 696 —
4346 655 4488 696 Jeune
4511 656 4696 696 homme
4715 658 4766 695 30
4787 668 4882 706 ans,

3863 711 4072 753 moralité
4123 714 4332 764 parfaite,
4390 714 4481 755 très
4520 715 4714 766 sérieux,
4760 718 4886 758 avoir

3864 772 4008 810 10.000
4040 772 4114 822 fr.,
4147 771 4403 823 épouserait
4430 774 4567 828 jeune
4597 775 4690 819 fille
4722 774 4887 819 sérieu¬

3862 842 3922 878 se,
3946 830 4160 873 situation
4183 846 4237 874 en
4262 835 4460 884 rapport,
4486 836 4711 888 physique
4735 835 4886 887 agréa¬

3859 888 3946 931 ble*

3907 978 4024 1019 6161.
4072 978 4284 1019 Gironde.
4327 979 4382 1018 —
4422 979 4552 1029 Veuf,
4595 983 4647 1023 50
4672 991 4767 1028 ans,
4795 991 4886 1020 em¬

3862 1035 3992 1086 ployé
4011 1036 4072 1076 de
4100 1036 4233 1079 l’Etat
4258 1038 4372 1079 dans
4395 1039 4572 1091 grande
4596 1039 4719 1090 ville,
4750 1040 4886 1091 ayant

3862 1095 3979 1138 droit
4006 1095 4031 1134 à
4058 1096 4240 1140 retraite
4266 1099 4319 1139 de
4360 1100 4483 1138 2.400
4511 1099 4584 1148 fr.,
4628 1099 4886 1151 épouserait

3860 1166 4098 1206 personne,
4123 1158 4204 1207 âge
4226 1158 4267 1198 et
4288 1156 4503 1199 situation
4524 1171 4579 1200 en
4601 1159 4802 1211 rapport.

3914 1242 4031 1285 6163.
4080 1243 4302 1291 Aveyron.
4330 1266 4383 1271 —
4411 1244 4540 1292 Veuf,
4585 1246 4637 1284 40
4680 1255 4776 1292 ans,
4822 1244 4886 1286 sé¬

3862 1300 4004 1350 rieux,
4032 1304 4058 1342 2
4099 1302 4280 1343 enfants
4324 1304 4370 1342 11
4399 1304 4440 1344 et
4466 1306 4490 1342 5
4532 1315 4627 1345 ans.
4659 1303 4883 1344 Situation

3862 1363 3980 1402 1.200
4003 1362 4058 1402 fr..
4080 1374 4167 1412 par
4191 1374 4246 1400 an
4272 1362 4312 1402 et
4336 1362 4434 1413 logé
4456 1364 4482 1403 à
4504 1366 4588 1404 vie.
4616 1363 4882 1404 Economies

3858 1422 3979 1460 4.000
4004 1420 4060 1462 fr.
4087 1420 4258 1471 Depuis
4280 1422 4333 1465 20
4356 1434 4438 1465 ans
4462 1423 4576 1466 dans
4600 1423 4748 1464 même
4800 1423 4882 1464 im¬

3859 1479 4088 1530 primerie.
4119 1480 4384 1530 Epouserait
4411 1481 4671 1523 demoiselle
4698 1494 4754 1523 ou
4780 1495 4886 1524 veu¬

3860 1551 3911 1580 ve
3935 1539 3991 1579 de
4011 1542 4062 1578 30
4083 1539 4108 1578 à
4130 1540 4179 1579 40
4202 1551 4298 1591 ans,
4323 1554 4428 1583 sans
4450 1542 4646 1591 enfants,
4670 1543 4882 1592 honnête,

3860 1598 4071 1647 dévouée,
4098 1599 4139 1638 et
4162 1600 4363 1650 pouvant
4387 1614 4432 1642 se
4456 1600 4680 1652 déplacer.

3914 1687 4030 1724 6164.
4055 1686 4736 1735 Hautes-Alpes*—Lieutenant
4755 1688 4882 1727 chas¬

3863 1755 3988 1783 seurs
4016 1743 4180 1794 alpins,
4210 1747 4263 1784 35
4288 1758 4384 1792 ans,
4416 1756 4523 1786 sans
4550 1746 4744 1795 fortune,
4775 1756 4882 1786 sans

3863 1802 4090 1850 relations,
4119 1804 4358 1848 éducation
4386 1806 4427 1847 et
4455 1804 4711 1855 réputation
4739 1804 4880 1850 excel¬

3862 1862 4018 1910 lentes,
4052 1862 4287 1903 désirerait
4319 1862 4519 1914 mariage
4578 1875 4684 1906 avec
4743 1864 4879 1923 jeune

3861 1920 3952 1962 fille
3976 1932 4031 1960 ou
4058 1932 4214 1970 veuve,
4240 1922 4512 1973 catholique,
4539 1924 4687 1966 bonne
4735 1923 4876 1971 santé,

3862 1980 3950 2028 dot,
3983 1978 4195 2020 situation
4226 1983 4267 2022 et
4295 1980 4534 2023 éducation
4563 1994 4616 2023 en
4675 1983 4876 2038 rapport,

3859 2039 3991 2088 goûts
4016 2038 4218 2090 simples,
4248 2040 4424 2083 famille
4450 2042 4711 2084 honorable.
4770 2043 4879 2082 Très

3860 2096 4051 2138 sérieux.

3911 2184 4031 2224 6167.
4068 2184 4512 2226 Lot-et-Garonne.—
4533 2186 4879 2227 Fonctionnaire

3862 2240 3975 2291 Etat,
4010 2243 4131 2292 veuf,
4164 2246 4215 2283 40
4247 2256 4342 2292 ans,
4376 2244 4479 2284 bien
4512 2256 4618 2287 sous
4648 2247 4748 2287 tous
4779 2259 4879 2298 rap¬

3860 2301 3998 2351 ports,
4027 2302 4286 2343 traitement
4310 2306 4432 2343 2.000
4459 2304 4532 2354 fr.,
4560 2316 4666 2346 avec
4694 2318 4879 2347 avance¬

3862 2360 3999 2410 ment,
4038 2360 4294 2412 épouserait
4328 2363 4591 2406 demoiselle
4624 2376 4682 2404 ou
4718 2376 4875 2414 veuve,

3860 2431 3966 2462 sans
3988 2420 4183 2470 enfants,
4207 2422 4262 2462 de
4283 2424 4336 2462 34
4356 2423 4382 2462 à
4403 2426 4456 2462 38
4478 2435 4574 2471 ans,
4599 2425 4736 2474 ayant
4784 2426 4875 2466 dot.

3860 2479 4024 2519 Inutile
4046 2480 4082 2521 si
4102 2491 4182 2531 pas
4203 2480 4395 2523 sérieux,

3912 2566 4030 2604 6171.
4080 2566 4496 2607 Lot-et-Garonne.
4546 2591 4596 2596 —
4646 2570 4879 2614 Monsieur

3859 2623 4050 2674 abonné,
4075 2635 4179 2672 sans
4202 2636 4419 2670 annonce.

3911 2710 4028 2750 6172.
4082 2710 4471 2752 Haute-Garonne.
4491 2735 4545 2740 —
4591 2711 4875 2764 Célibataire,

3859 2768 3908 2808 60
3927 2779 4024 2816 ans,
4046 2768 4235 2810 d’allure
4254 2770 4358 2820 plus
4376 2770 4528 2820 jeune,
4550 2771 4662 2820 seul,
4682 2771 4875 2822 sérieux',

3860 2826 3945 2866 bon
3963 2827 4202 2875 caractère,
4219 2830 4356 2879 ayant
4370 2830 4623 2871 économies
4640 2834 4787 2871 10.000
4800 2831 4874 2881 fr.,

3860 2886 4006 2927 rentes
4036 2888 4158 2927 1.000
4184 2888 4240 2927 fr.
4274 2888 4378 2939 l'an,
4411 2890 4558 2931 désire
4588 2891 4798 2944 partager
4828 2903 4878 2931 sa

3859 2946 4051 2988 solitude
4074 2958 4179 2987 avec
4200 2947 4462 2992 demoiselle
4484 2962 4542 2991 ou
4563 2950 4698 2992 dame
4716 2963 4875 3001 veuve,

3859 3004 4120 3055 honorable,
4148 3016 4256 3048 avec
4279 3018 4336 3048 ou
4363 3019 4468 3049 sans
4494 3008 4688 3062 enfants,
4716 3010 4878 3062 petites

3859 3065 4019 3107 rentes.
4044 3066 4099 3111 Se
4120 3066 4408 3116 déplacerait.

3907 3151 4024 3188 6174.
4056 3151 4198 3190 Aude.
4223 3175 4278 3179 —
4310 3152 4542 3194 Monsieur
4568 3154 4744 3197 abonné
4771 3164 4876 3196 sans

3854 3219 4071 3250 annonce.

3906 3296 4010 3334 6175
4051 3295 4175 3335 Gers.
4198 3296 4252 3335 —
4274 3296 4404 3346 Veuf,
4430 3299 4480 3338 42
4503 3310 4598 3342 ans,
4651 3299 4876 3350 régisseur

3854 3354 4014 3404 depuis
4034 3358 4084 3396 dO
4106 3367 4188 3399 ans
4208 3356 4322 3400 dans
4344 3359 4492 3402 même
4514 3358 4755 3408 propriété,
4807 3370 4876 3402 ca¬

3852 3415 4020 3456 ractère
4043 3415 4164 3457 doux
4186 3416 4228 3456 et
4248 3416 4338 3466 gai,
4362 3418 4618 3467 épouserait
4639 3418 4875 3463 demoisel¬

3851 3472 3892 3514 le
3916 3484 3975 3517 ou
3999 3484 4156 3526 veuve,
4184 3476 4323 3526 ayant
4374 3476 4463 3519 bon
4488 3488 4628 3528 cœur,
4684 3490 4790 3522 avec
4815 3491 4874 3522 ou

3851 3543 3955 3574 sans
3975 3534 4066 3583 dot,
4090 3534 4172 3584 âge
4192 3535 4467 3582 indifférent-

3903 3614 4022 3651 6178.
4048 3614 4291 3655 Toulouse.
4315 3618 4370 3655 —
4395 3616 4627 3656 Monsieur
4678 3618 4870 3670 abonné,

3848 3682 3954 3712 sans
3974 3682 4215 3712 annonces.

3902 3759 4019 3801 6179.
4079 3759 4468 3803 Lot-et-Garonne,
4494 3763 4544 3802 —
4574 3763 4716 3803 Jeune
4747 3763 4872 3803 hom¬

3850 3819 3935 3866 me,
3963 3816 4014 3860 32
4038 3829 4134 3866 ans,
4162 3816 4316 3868 blond,
4344 3820 4434 3860 très
4474 3820 4578 3864 bien
4629 3820 4871 3875 physique¬

3850 3879 3987 3926 ment,
4042 3878 4344 3922 honorabilité
4392 3878 4602 3930 parfaite,
4658 3880 4872 3932 indépen¬

3850 3935 3972 3983 dant,
4003 3936 4127 3979 avoir
4154 3940 4303 3979 80.000
4330 3936 4403 3987 fr',
4434 3939 4591 3979 autant
4618 3938 4875 3990 d’espéran¬

3848 4004 3935 4042 ces,
3963 3995 4219 4045 épouserait
4246 3996 4506 4038 demoiselle
4531 3996 4790 4051 catholique
4818 3999 4871 4040 de

3847 4055 3898 4094 20
3919 4052 3944 4092 à
3966 4055 4016 4092 30
4040 4066 4135 4103 ans,
4190 4056 4414 4108 physique
4463 4056 4687 4106 agréable,
4740 4056 4874 4100 affec¬

3850 4115 4019 4159 tueuse,
4046 4112 4122 4154 dot
4144 4114 4392 4155 minimum
4414 4115 4563 4156 25.000
4586 4116 4640 4159 fr.

3902 4205 4043 4244 Toute
4068 4204 4194 4246 lettre
4219 4204 4383 4246 devant
4407 4207 4498 4246 être
4520 4207 4762 4248 transmise
4788 4216 4870 4255 par

3851 4266 3912 4303 les
3928 4267 4051 4306 soins
4071 4266 4124 4307 de
4146 4266 4187 4305 la
4208 4266 4432 4306 Direction
4452 4268 4494 4306 et
4510 4278 4567 4307 ne
4588 4270 4769 4315 portant
4790 4276 4870 4314 pas

3851 4324 3888 4362 le
3911 4334 4018 4363 nom
4042 4326 4096 4364 de
4122 4323 4415 4372 l’expéditeur
4438 4336 4536 4366 sera
4560 4326 4768 4366 détruite.

3900 4410 4018 4450 6180.
4043 4410 4222 4450 Creuse.
4242 4434 4295 4438 —-
4313 4410 4547 4452 Monsieur
4567 4411 4743 4451 abonné
4764 4422 4871 4456 sans

3847 4478 4065 4507 annonce.

3900 4547 4018 4587 6181.
4051 4547 4303 4596 Dordogne,
4328 4550 4384 4594 -r-
4412 4550 4651 4591 industriel
4706 4547 4870 4591 céliba¬

3847 4604 3958 4649 taire
3975 4607 4027 4645 36
4047 4616 4142 4652 ans,
4163 4606 4419 4655 paraissant
4439 4608 4602 4656 moins,
4624 4608 4714 4651 très
4732 4610 4870 4651 hono¬

3847 4664 3986 4715 rable,
4019 4664 4122 4706 bien
4152 4676 4258 4707 sous
4313 4666 4414 4707 tous
4471 4668 4694 4718 rapports,
4743 4666 4870 4708 avoir

3847 4727 4019 4768 100.000
4045 4724 4196 4768 francs
4223 4724 4264 4766 et
4290 4730 4568 4776 espérances,
4596 4739 4765 4774 revenu
4792 4736 4866 4768 an¬

3846 4786 3950 4826 nuel
3984 4786 4128 4824 10.000
4186 4783 4227 4823 fr
4251 4819 4259 4835 ,
4292 4784 4550 4835 épouserait
4606 4784 4882 4832 demoiselle,

3846 4844 4015 4890 femme
4042 4843 4322 4894 d’intérieur,
4358 4844 4580 4896 instruite,
4615 4848 4775 4887 nature
4807 4844 4867 4886 ai¬

3846 4906 4011 4954 mante,
4044 4904 4224 4947 fortune
4282 4903 4408 4955 égale
4438 4915 4495 4945 ou
4526 4904 4771 4950 Inférieure
4828 4915 4866 4947 si

3819 5000 3823 5004 ,
3844 4974 4066 5012 personne
4088 4964 4215 5016 plaît.

3895 5050 4012 5091 6182.
4044 5051 4287 5090 Toulouse,
4316 5071 4370 5076 —
4426 5047 4755 5099 Commerçant,
4819 5051 4868 5088 33

3843 5120 3938 5156 ans,
3970 5110 4102 5159 brun,
4134 5112 4222 5151 très
4251 5108 4462 5159 aimable,
4492 5111 4583 5151 fort
4608 5108 4696 5162 gai,
4728 5111 4863 5159 ayant

3842 5167 4055 5210 situation
4075 5170 4130 5211 de
4151 5171 4200 5210 12
4219 5168 4246 5208 à
4267 5170 4412 5207 15.000
4432 5170 4583 5211 francs
4603 5182 4686 5222 par
4706 5179 4777 5216 an,
4798 5178 4863 5208 es¬

3842 5228 4055 5279 pérances
4076 5231 4226 5270 50.000
4249 5227 4322 5275 fr.,
4347 5227 4492 5271 désire
4515 5232 4706 5282 épouser
4726 5227 4865 5278 jeune

3839 5287 3947 5335 fille,
3980 5299 4120 5330 veuve
4150 5300 4207 5330 ou
4239 5288 4488 5338 orpheline,
4548 5290 4685 5340 ayant
4714 5288 4864 5327 30.000
4886 5300 4888 5308 1

3842 5348 3895 5387 fr.
3919 5347 3995 5387 dot
4015 5348 4275 5390 minimum-
4299 5346 4408 5388 Très
4430 5350 4622 5391 sérieux.

3891 5424 4008 5464 6183.
4043 5426 4254 5466 Gironde.
4284 5447 4338 5451 —
4367 5423 4650 5475 Célibataire,
4680 5427 4732 5466 40
4760 5435 4858 5475 ans,

3838 5484 3910 5524 fils
3931 5482 4116 5536 unique,
4140 5484 4332 5535 sérieux,
4358 5484 4491 5536 brun,
4516 5486 4723 5538 employé
4746 5484 4859 5524 dans

3838 5542 4074 5591 industrie,
4098 5544 4268 5596 grande
4290 5543 4411 5594 ville,
4436 5544 4736 5586 honorabilité
4758 5554 4859 5600 par¬

3836 5602 3958 5651 faite,
3987 5600 4240 5648 économies
4266 5604 4387 5646 3.000
4414 5601 4486 5651 fr-,
4516 5604 4782 5655 espérances
4810 5603 4860 5646 18

3835 5664 3860 5703 à
3884 5662 4032 5702 20.000
4059 5662 4131 5712 fr.,
4159 5662 4415 5720 épouserait
4440 5674 4664 5713 personne
4690 5663 4856 5707 honnê¬

3835 5723 3890 5771 te,
3917 5732 3999 5775 pas
4024 5720 4370 5767 fonctionnaire.

3886 5808 4003 5848 6185.
4036 5808 4466 5850 Tarn-et-Garonne.
4494 5831 4537 5840 —
4577 5810 4707 5860 Veuf,
4738 5810 4851 5858 seul,

3831 5871 3882 5908 56
3907 5878 4003 5915 ans,
4032 5866 4120 5907 très
4144 5870 4323 5911 sérieux
4348 5868 4391 5908 et
4415 5867 4642 5919 économe,
4670 5871 4758 5911 bon
4786 5882 4856 5912 ca¬

3832 5928 4015 5975 ractère,
4043 5927 4226 5971 homme
4254 5927 4531 5975 d’intérieur,
4562 5938 4855 5971 ex-commer¬

3831 5989 3948 6038 çant,
3980 5985 4284 6030 continuerait
4311 5996 4580 6039 commerce,
4611 5988 4735 6031 étant
4763 5990 4854 6031 très

3828 6045 3931 6088 actif
3942 6048 3984 6086 et
3996 6051 4126 6095 ayant
4143 6047 4284 6087 bonne
4300 6046 4439 6094 santé,
4456 6046 4643 6096 possède
4668 6052 4784 6089 1.000
4802 6047 4854 6087 fr.

3828 6100 3881 6140 de
3939 6102 4079 6145 renie,
4130 6104 4171 6139 et
4228 6102 4437 6140 intérieur
4489 6100 4578 6138 très
4632 6103 4856 6142 conforta¬

3828 6164 3913 6204 ble.
3942 6163 4208 6214 Epouserait
4230 6164 4362 6206 dame
4386 6175 4442 6203 ou
4467 6160 4742 6214 demoiselle,
4768 6164 4850 6214 âge

3827 6224 3868 6265 et
3890 6222 4103 6264 situation
4124 6232 4178 6262 en
4200 6224 4399 6275 rapport.
4423 6222 4535 6262 Peut
4556 6235 4602 6263 se
4620 6224 4846 6276 déplacer.

3880 6308 3998 6350 6190.
4039 6307 4462 6356 Alpes-Maritimes.
4496 6330 4551 6335 —
4584 6311 4702 6352 Veuf
4735 6308 4848 6356 seul,

3826 6366 3876 6403 47
3902 6362 4155 6411 ans,retour
4179 6363 4258 6403 des
4280 6360 4492 6408 colonies,
4522 6374 4626 6404 sans
4651 6363 4847 6409 enfants,

3827 6427 4019 6458 revenus
4040 6415 4234 6456 annuels
4256 6418 4402 6456 18.000
4423 6414 4494 6460 fr-,
4519 6415 4664 6458 désire
4686 6416 4850 6458 maria¬

3824 6480 3876 6519 ge
3906 6480 4011 6511 avec
4055 6468 4315 6512 demoiselle
4370 6480 4426 6511 ou
4455 6479 4611 6518 veuve,
4643 6483 4748 6514 sans
4775 6482 4848 6510 en¬

3825 6524 3959 6571 fants,
3987 6522 4040 6562 de
4062 6523 4112 6560 30
4134 6522 4159 6562 à
4180 6524 4231 6563 35
4254 6535 4348 6570 ans,
4376 6522 4543 6564 femme
4566 6523 4846 6570 d’intérieur,

3822 6576 3954 6628 goûts
3979 6574 4180 6627 simples,
4210 6576 4346 6628 ayant
4371 6575 4426 6616 de
4451 6576 4475 6616 4
4500 6575 4524 6616 à
4550 6579 4671 6619 5.000
4697 6578 4752 6619 fr.
4783 6586 4847 6618 re¬

3822 6640 3966 6671 venus
3992 6630 4270 6680 personnels.

3874 6700 3991 6741 6191.
4023 6700 4160 6740 Tarn.
4187 6703 4240 6742 —
4266 6703 4409 6742 Jeune
4438 6699 4635 6748 homme,
4664 6704 4718 6743 24
4744 6711 4842 6747 ans,

3820 6756 3968 6795 bonne
4014 6751 4202 6803 famille,
4251 6751 4519 6803 intelligent,
4551 6754 4743 6807 sérieux,
4775 6763 4844 6793 ca-
