5132 7504
2361 447 2433 486 LE
2467 447 2647 486 TRAIT
2680 447 2928 487 D’UNION

518 564 765 636 AVIS
812 564 1442 641 IMPORTANT

526 791 648 832 Pour
680 803 921 832 conserver
955 791 979 831 à
1015 795 1143 831 notre
1177 791 1498 832 combinaison

466 876 549 904 son
607 863 832 904 caractère
890 861 1278 917 d’irréprochable
1336 875 1500 904 conve¬

468 948 613 976 nance
639 939 682 975 et
707 934 762 976 de
787 935 1058 983 correction,
1090 947 1204 976 nous
1232 935 1390 988 prions
1418 947 1499 975 nos

467 1004 850 1060 correspondants
884 1006 939 1046 de
972 1004 1154 1047 vouloir
1187 1003 1292 1047 bien
1328 1004 1500 1046 confier

467 1076 568 1119 leur
590 1075 810 1119 véritable
836 1090 947 1118 nom
974 1079 1016 1116 et
1040 1075 1217 1116 adresse
1243 1076 1264 1116 à
1292 1075 1332 1115 la
1359 1075 1501 1116 direc¬

468 1148 581 1189 tion.

527 1219 668 1260 Toute
695 1232 922 1272 personne
947 1218 1152 1259 refusant
1177 1218 1231 1259 de
1256 1218 1369 1259 faire
1395 1231 1500 1259 con¬

470 1291 615 1332 naître
670 1303 754 1332 son
807 1290 998 1331 identité
1052 1289 1187 1331 serait
1240 1288 1503 1331 considérée

470 1375 652 1404 comme
678 1362 803 1402 étant
828 1360 882 1402 de
908 1361 1142 1402 mauvaise
1168 1359 1247 1402 foi.

528 1432 649 1475 Nous
706 1432 951 1487 rappelons
979 1433 1003 1473 à
1032 1444 1115 1473 nos
1172 1430 1391 1481 abonnés,
1424 1444 1503 1472 an¬

470 1506 594 1546 ciens
630 1510 673 1547 et
710 1518 966 1553 nouveaux,
1007 1504 1062 1544 de
1098 1503 1203 1544 bien
1240 1502 1421 1545 vouloir
1456 1516 1501 1543 se

503 1576 767 1618 conformer
804 1589 892 1616 aux
928 1574 1381 1616 recommandations
1419 1573 1493 1627 gé¬

471 1648 644 1690 nérales
673 1647 735 1690 du
764 1647 885 1688 Trait
914 1646 1130 1688 (TUnion.

530 1720 588 1760 La
617 1719 851 1760 Direction
880 1719 978 1774 prie
1007 1731 1074 1759 ses
1104 1718 1295 1759 lecteurs
1323 1740 1382 1746 —
1410 1716 1499 1758 afin

471 1792 658 1833 d’éviter
688 1804 751 1832 un
783 1791 943 1831 travail
973 1790 1100 1844 long,
1164 1788 1328 1831 inutile
1356 1795 1399 1831 et
1428 1789 1502 1830 dé¬

471 1863 704 1918 sagréable
726 1886 786 1891 —
809 1863 863 1904 de
918 1862 1098 1903 vouloir
1151 1860 1260 1904 bien
1312 1860 1455 1904 écrire
1479 1864 1502 1902 à

471 1935 638 1976 l’encre
674 1934 786 1975 dans
822 1931 1076 1974 l’intérieur
1111 1932 1166 1972 de
1200 1931 1242 1972 la
1278 1931 1502 1986 première

471 2006 738 2060 enveloppe,
803 2004 914 2047 celle
975 2006 1055 2058 qui
1115 2008 1180 2045 est
1211 2004 1414 2047 adressée
1447 2023 1499 2044 nu

472 2078 709 2120 Directeur
741 2082 783 2118 et
818 2076 913 2118 doit
946 2076 1038 2117 être
1072 2074 1282 2117 déchirée
1312 2099 1372 2103 —
1406 2075 1503 2115 leur

472 2164 583 2191 nom
603 2154 646 2192 et
664 2150 705 2190 le
726 2148 921 2190 numéro
942 2147 1120 2188 d’ordre
1140 2147 1195 2187 de
1215 2148 1256 2188 la
1277 2160 1503 2201 personne

471 2235 579 2263 avec
614 2219 810 2275 laquelle
844 2220 899 2260 ils
934 2218 1120 2261 veulent
1155 2219 1498 2272 correspondre.

530 2292 608 2333 Ex.
637 2292 827 2346 Dupont
850 2291 998 2338 5.4oo.

532 2363 600 2404 En
636 2376 683 2405 se
718 2362 1029 2411 conformant,
1070 2362 1159 2403 très
1195 2366 1495 2410 exactement,

470 2450 559 2478 aux
583 2435 862 2476 indications
887 2448 975 2488 que
1002 2447 1118 2475 nous
1144 2434 1242 2475 leur
1268 2433 1498 2483 donnons,

470 2508 524 2549 ils
552 2520 667 2548 nous
692 2507 917 2548 éviteront
942 2519 1032 2547 une
1058 2510 1182 2559 perte
1207 2505 1262 2546 de
1287 2510 1435 2559 temps
1460 2508 1503 2544 et

470 2593 562 2620 une
586 2578 914 2632 complication
939 2581 1146 2631 pouvant
1170 2576 1401 2617 entraîner
1426 2579 1502 2616 des

468 2663 660 2692 erreurs.

502 2852 1100 2928 Recommandations
1148 2852 1462 2931 Générales

536 3066 575 3104 i°
615 3063 846 3106 Personne
911 3078 966 3106 ne
1031 3069 1139 3118 peut
1174 3064 1502 3119 correspondre

471 3149 576 3176 avec
608 3136 670 3176 les
700 3135 904 3178 abonnés
964 3148 1067 3176 sans
1127 3137 1252 3176 avoir
1282 3136 1408 3178 versé
1438 3136 1499 3176 les

476 3223 518 3248 ii
548 3207 701 3249 francs
725 3207 1098 3262 réglementaires
1127 3222 1135 3256 ;

530 3292 552 3319 2
559 3282 575 3298 °
610 3279 688 3320 Les
718 3291 951 3320 annonces
980 3279 1059 3320 des
1087 3279 1331 3321 nouveaux
1359 3279 1499 3321 abon¬

470 3351 548 3392 nés
581 3350 768 3392 doivent
830 3351 1043 3404 parvenir
1074 3351 1097 3391 à
1130 3350 1171 3391 la
1203 3351 1426 3392 direction
1459 3351 1498 3392 le

467 3420 595 3475 jeudi
629 3420 683 3462 de
715 3420 892 3475 chaque
923 3420 1126 3462 semaine
1158 3434 1274 3474 pour
1306 3420 1398 3462 être
1430 3422 1495 3462 in¬

467 3494 611 3533 sérées
639 3492 679 3534 le
707 3492 896 3534 samedi.
930 3491 1054 3534 Dans
1084 3491 1123 3534 le
1152 3505 1224 3532 cas
1254 3494 1494 3542 contraire,

466 3563 573 3606 elles
607 3576 663 3604 ne
694 3563 949 3618 paraîtront
979 3576 1068 3620 que
1100 3563 1141 3603 la
1174 3564 1376 3604 semaine
1408 3564 1496 3604 sui¬

467 3640 603 3678 vante
639 3648 648 3684 ;

527 3708 573 3747 3°
610 3706 868 3748 L’annonce
903 3706 979 3748 des
1014 3706 1216 3749 abonnés
1251 3707 1346 3749 doit
1380 3707 1495 3748 indi¬

467 3791 580 3833 quer
608 3779 707 3818 leur
735 3778 832 3830 âge,
866 3778 964 3818 leur
994 3778 1227 3827 situation,
1260 3778 1352 3819 s’ils
1383 3779 1494 3819 dési¬

466 3854 567 3891 rent
598 3862 657 3890 ou
689 3862 783 3890 non
816 3863 905 3890 une
936 3848 1028 3890 dot.
1064 3847 1158 3890 Elle
1188 3848 1281 3891 doit
1316 3849 1495 3891 fournir

466 3920 660 3961 certains
690 3919 850 3960 détails
880 3919 934 3961 de
963 3920 1167 3962 manière
1196 3921 1219 3960 à
1250 3922 1390 3962 éviter
1419 3921 1495 3962 des

466 3991 880 4046 correspondances
913 3991 1099 4033 inutiles
1136 4005 1144 4041 ;

482 4083 489 4088 •
524 4063 571 4108 4°
600 4063 687 4103 Dès
714 4063 857 4116 qu’un
886 4063 1068 4104 abonné
1094 4077 1116 4103 a
1144 4064 1302 4105 trouvé
1328 4063 1369 4104 la
1397 4077 1492 4118 per¬

468 4148 612 4176 sonne
643 4134 697 4176 de
727 4147 810 4176 son
840 4134 991 4184 choix,
1027 4134 1058 4175 il
1088 4134 1183 4176 doit
1212 4135 1426 4190 prévenir
1456 4135 1495 4176 le

470 4206 703 4251 Directeur
728 4206 820 4247 afin
847 4219 935 4260 que
960 4219 1043 4247 son
1070 4219 1279 4248 annonce
1304 4208 1391 4248 soit
1415 4220 1492 4248 en¬

467 4278 603 4320 levée.
642 4278 675 4319 11
708 4278 875 4320 évitera
908 4279 1023 4319 ainsi
1056 4278 1223 4320 l’envoi
1255 4279 1310 4320 de
1342 4279 1492 4320 lettres

466 4350 543 4402 qui
575 4348 832 4391 n’auraient
860 4348 963 4404 plus
992 4362 1144 4390 aucun
1175 4349 1256 4391 but
1285 4355 1326 4391 et
1386 4364 1492 4390 aux¬

466 4420 654 4474 quelles,
687 4434 768 4475 par
798 4420 954 4462 devoir
983 4420 1038 4462 de
1068 4420 1292 4474 politesse,
1328 4422 1358 4462 il
1419 4422 1492 4463 de¬

467 4492 581 4534 vrait
608 4491 835 4546 répondre
868 4506 878 4542 ;

523 4564 567 4605 5°
594 4564 672 4606 Les
699 4578 931 4606 annonces
958 4570 1060 4606 sont
1086 4564 1140 4606 de
1167 4565 1234 4606 six
1260 4565 1407 4619 lignes
1435 4580 1491 4607 au

462 4635 737 4676 maximum.
780 4635 858 4676 Les
895 4635 1042 4689 lignes
1078 4636 1490 4690 supplémentaires

462 4711 615 4747 seront
644 4707 805 4760 payées
835 4707 858 4747 à
888 4707 1041 4748 raison
1071 4707 1125 4747 de
1160 4722 1174 4747 i
1209 4708 1339 4748 franc
1367 4708 1409 4748 la
1440 4708 1491 4748 li¬

460 4791 551 4831 gne
583 4791 699 4831 pour
730 4776 848 4819 deux
879 4778 1012 4819 mois.
1076 4777 1138 4819 Cé
1167 4778 1283 4820 délai
1315 4778 1484 4830 écoulé,

461 4849 523 4891 les
560 4850 799 4891 intéressés
835 4850 1023 4891 doivent
1059 4850 1309 4892 demander
1347 4851 1387 4892 le
1422 4864 1487 4892 re¬

460 4920 804 4962 nouvellement
841 4934 850 4970 ;

519 4993 542 5032 G
550 4995 564 5011 0
596 4992 654 5034 Le
680 4997 895 5034 montant
924 4992 1000 5034 des
1029 4993 1364 5036 abonnements
1394 4995 1489 5035 doit

458 5063 549 5105 être
575 5063 752 5106 adressé
777 5078 833 5106 au
859 5063 1095 5106 Directeur
1121 5065 1183 5107 du
1239 5067 1358 5107 Trait
1385 5066 1488 5106 d’U-

458 5136 570 5176 nion
596 5150 652 5176 en
680 5136 907 5186 mandats,
939 5136 1054 5177 bons
1082 5136 1136 5178 de
1163 5143 1288 5190 poste
1314 5152 1373 5179 ou
1402 5139 1485 5179 tim

456 5206 557 5248 bres
595 5220 603 5255 ;

516 5294 538 5334 7
546 5280 560 5298 °
591 5279 648 5318 La
675 5278 907 5319 Direction
935 5278 1166 5333 n’accepte
1191 5294 1279 5333 que
1305 5280 1381 5322 des
1407 5295 1483 5320 an¬

456 5363 624 5391 nonces
654 5351 743 5391 très
774 5350 1006 5401 sérieuses,
1041 5351 1174 5393 celles
1205 5352 1318 5394 dont
1348 5352 1388 5393 la
1419 5354 1483 5394 ré¬

454 5420 636 5462 daction
664 5435 720 5463 ne
746 5423 1026 5463 conviendra
1081 5436 1159 5476 pas
1186 5429 1338 5465 seront
1363 5424 1483 5465 refu¬

452 5492 546 5534 sées
584 5506 592 5542 ;

510 5564 556 5604 8°
590 5564 655 5604 En
686 5564 890 5606 écrivant
919 5578 1006 5606 aux
1064 5564 1283 5616 abonnés,
1319 5580 1375 5609 ne
1404 5580 1481 5621 pas

451 5640 644 5678 omettre
675 5635 728 5678 de
760 5636 938 5678 donner
998 5642 1124 5679 votre
1156 5639 1351 5680 numéro
1383 5652 1481 5694 per¬

448 5707 611 5748 sonnel
640 5707 754 5748 ainsi
786 5720 874 5762 que
903 5707 1113 5750 l’adresse
1140 5715 1294 5751 exacte
1322 5715 1364 5752 et
1392 5711 1480 5752 très

450 5779 599 5820 lisible
617 5783 659 5820 et
678 5779 718 5820 le
739 5794 849 5820 nom
870 5780 930 5821 du
952 5779 1348 5834 département.Le
1370 5796 1480 5823 nom

448 5850 502 5891 de
529 5848 744 5892 l’abonné
772 5856 814 5892 et
843 5851 882 5891 le
912 5851 1107 5893 numéro
1135 5866 1242 5894 avec
1270 5854 1419 5907 lequel
1447 5854 1478 5895 il

452 5926 559 5962 veut
595 5922 927 5975 correspondre
963 5922 1059 5963 doit
1095 5922 1187 5963 être
1224 5924 1335 5964 écrit
1370 5924 1393 5964 à
1432 5924 1472 5964 la

448 5991 608 6044 plume
643 5991 758 6032 dans
794 5991 1045 6034 l’intérieur
1080 5994 1136 6034 de
1170 5994 1213 6035 la
1250 5996 1475 6049 première

443 6063 711 6118 enveloppe,
745 6063 855 6106 celle
886 6066 962 6118 qui
995 6070 1060 6107 est
1090 6066 1292 6108 adressée
1322 6081 1378 6109 au
1410 6068 1475 6108 di¬

442 6139 619 6175 recteur
641 6140 683 6175 et
707 6135 802 6175 doit
826 6135 917 6176 être
941 6135 1150 6178 déchirée
1178 6150 1186 6186 ;

502 6220 526 6260 9
534 6208 548 6224 °
579 6204 650 6247 On
680 6211 790 6260 peut
844 6207 1172 6260 correspondre
1230 6209 1253 6250 à
1314 6208 1355 6250 la
1385 6209 1471 6251 fois

442 6289 547 6317 avec
574 6276 801 6330 plusieurs
828 6278 1031 6319 abonnés
1069 6291 1078 6327 ;

508 6351 578 6388 io°
611 6347 667 6388 La
695 6348 799 6402 plus
828 6348 1122 6392 élémentaire
1150 6351 1360 6404 politesse
1388 6352 1471 6394 fait

440 6432 502 6460 un
530 6419 686 6462 devoir
710 6434 798 6462 aux
823 6420 1026 6463 abonnés
1051 6422 1106 6464 de
1130 6423 1355 6478 répondre
1382 6439 1468 6467 aux

438 6490 588 6532 lettres
617 6506 788 6543 reçues.
850 6491 932 6534 Pas
961 6492 1074 6535 n’est
1102 6494 1259 6536 besoin
1288 6496 1343 6538 de
1370 6496 1467 6538 lon¬

436 6576 547 6616 gues
583 6563 768 6616 phrases
803 6563 916 6605 dans
980 6565 1176 6607 certains
1210 6580 1298 6608 cas.
1338 6568 1466 6610 Deux

436 6638 555 6675 mots
583 6634 794 6676 suffisent
831 6649 839 6684 ;

502 6707 572 6744 ii°
609 6706 750 6747 Toute
786 6706 914 6748 lettre
950 6709 1028 6762 qui
1066 6722 1180 6750 nous
1215 6716 1281 6752 est
1315 6711 1463 6754 adres¬

431 6776 502 6818 sée
535 6777 956 6832 personnellement
1018 6786 1060 6822 et
1122 6782 1200 6836 qui
1235 6783 1460 6827 demande

1568 563 1659 590 une
1691 550 1884 603 réponse
1947 550 2044 590 doit
2106 549 2198 591 être
2260 550 2598 604 accompagnée

1568 620 1680 662 d’un
1710 620 1876 662 timbre
1906 621 1959 662 de
1995 635 2043 662 io
2071 622 2307 662 centimes.

1622 692 1682 731 Ne
1706 702 1786 739 pas
1810 692 1984 730 oublier
2010 692 2071 730 les
2092 692 2282 731 timbres
2306 691 2595 739 obligatoires

1567 767 1680 804 pour
1711 758 1751 796 la
1782 755 2003 804 première
2032 759 2074 795 et
2104 757 2144 796 la
2174 755 2411 796 deuxième
2467 766 2596 794 enve¬

1570 823 1738 870 loppes.

1572 1031 2040 1131 Immeubles
2090 1040 2164 1132 et
2218 1032 2598 1132 Terrains

1874 1194 1923 1246 A
1974 1194 2300 1247 VENDRE

1572 1382 1683 1415 Tous
1714 1379 1771 1414 lés
1804 1379 2163 1419 renseignements
2191 1380 2286 1412 sont
2316 1375 2476 1410 donnés
2504 1382 2598 1416 gra¬

1618 1434 1841 1468 tuitement
1867 1431 1892 1466 à
1919 1432 1960 1466 la
1984 1439 2004 1464 «
2034 1432 2374 1472 Rapide-Agence
2401 1438 2436 1471 »,
2462 1430 2498 1470 9,
2527 1435 2598 1462 rue

1619 1487 1668 1520 de
1696 1487 1736 1519 la
1766 1487 1899 1520 Poste.

1739 1604 1799 1643 De
1831 1604 2006 1651 100,000
2038 1603 2095 1642 fr.
2129 1605 2171 1643 et
2203 1601 2441 1642 au-dessus

1629 1692 1855 1732 MAISON
1884 1691 2027 1732 située
2055 1703 2135 1732 rue
2164 1691 2323 1732 Alsace
2355 1703 2364 1738 ;
2392 1690 2483 1730 très
2512 1687 2602 1728 bel¬

1574 1754 1615 1794 le
1642 1752 1948 1794 construction
1978 1751 2032 1791 de
2058 1751 2203 1802 grand
2230 1751 2430 1801 rapport,
2462 1748 2603 1790 située

1575 1814 1600 1853 à
1626 1812 1790 1863 l’angle
1814 1812 1868 1852 de
1893 1811 2012 1851 deux
2038 1822 2155 1851 rues.
2184 1811 2368 1851 Revenu
2394 1810 2542 1856 22,000
2567 1807 2598 1847 f.

1630 1872 1692 1912 M.
1720 1874 1786 1912 69.
2135 1870 2258 1919 Prix,
2287 1871 2463 1917 400,000
2491 1868 2546 1907 fr.

1766 1968 1826 2007 De
1863 1967 1983 2015 1,060
2018 1964 2044 2006 à
2079 1966 2227 2015 20,000
2260 1964 2415 2004 francs

1630 2060 1963 2102 PROPRIÉTÉ
1999 2062 2024 2100 à
2062 2061 2298 2112 Cugnaux,
2336 2059 2512 2099 maison
2548 2068 2602 2098 ae

1576 2123 1762 2163 maîtres
1790 2121 2020 2162 meublées
2052 2133 2060 2168 ;
2090 2120 2266 2161 maison
2295 2119 2350 2159 de
2404 2118 2531 2159 colon
2560 2116 2603 2158 et

1576 2182 1906 2232 dépendances,
2003 2179 2119 2227 chai,
2186 2179 2360 2228 foudre,
2426 2178 2598 2226 cheval,

1576 2242 1756 2290 breack,
1787 2240 1895 2282 char
1900 2240 2042 2287 reton,
2071 2239 2223 2287 outils,
2252 2239 2334 2280 etc.
2366 2238 2480 2288 Cinq
2535 2248 2601 2278 ar¬

1576 2300 1707 2352 pents
1739 2300 1762 2352 \
1793 2300 1903 2340 dont
1933 2299 2038 2350 cinq
2070 2310 2124 2339 en
2156 2299 2290 2349 vigne
2320 2298 2444 2348 plein
2503 2308 2602 2347 rap¬

1574 2363 1690 2412 port.

1631 2422 1752 2470 Prix,
1783 2422 1933 2468 20,000
1963 2419 2018 2459 fr.
2374 2418 2422 2458 P.
2453 2418 2543 2457 210.

1629 2497 1855 2538 MAISON
1889 2507 1995 2536 avec
2026 2495 2195 2546 jardin,
2230 2495 2255 2535 à
2287 2492 2600 2535 Tournefeuil-

1575 2559 1630 2606 le,
1662 2570 1719 2598 au
1747 2557 1914 2604 centre,
1944 2555 2344 2602 rez-de-chaussée,
2375 2554 2484 2594 trois
2512 2554 2601 2603 piè¬

1575 2628 1647 2658 ces
1682 2630 1690 2666 ;
1720 2616 1934 2667 premier,
1967 2615 2076 2655 trois
2106 2615 2267 2667 pièces.
2303 2614 2458 2654 Grand
2514 2612 2599 2662 jar¬

1576 2678 1670 2726 din,
1704 2678 1859 2716 arbres
1890 2675 2107 2722 fruitiers,
2142 2675 2392 2724 fourrages,
2424 2674 2601 2712 ombra¬

1574 2747 1642 2787 ge.

1630 2796 1678 2836 P.
1710 2798 1802 2835 212.
2183 2794 2306 2842 Prix,
2338 2795 2460 2841 9,500
2490 2791 2544 2832 fr.

1615 3003 2543 3130 PROPRIÉTÉS

1875 3168 1924 3222 A
1969 3169 2296 3224 VENDRE

1763 3331 1823 3370 De
1853 3331 1999 3378 21,000
2028 3330 2055 3370 à
2083 3332 2230 3380 40,000
2259 3332 2413 3371 francs

1627 3422 1975 3472 PROPRIÉTÉ,
2036 3423 2062 3464 à
2120 3427 2168 3464 10
2226 3425 2487 3466 kilomètres
2543 3426 2598 3466 de

1574 3484 1815 3531 Toulouse,
1850 3484 2024 3523 maison
2084 3484 2139 3525 de
2171 3485 2332 3526 maître
2363 3486 2404 3525 et
2435 3485 2598 3536 dépen¬

1572 3543 1751 3591 dances,
1782 3546 1831 3583 12
1855 3544 2038 3594 arpents
2063 3541 2173 3584 dont
2196 3544 2220 3596 8
2246 3544 2268 3596 \
2293 3556 2347 3584 en
2373 3544 2531 3596 vignes
2555 3559 2598 3585 et,

1571 3603 1711 3644 terres
1737 3603 1912 3643 labour.

1627 3662 1674 3702 P.
1710 3664 1798 3702 146.
2152 3663 2274 3712 Prix,
2306 3666 2455 3712 35,000
2485 3663 2540 3704 fr.

1625 3740 1662 3778 A
1691 3739 1944 3789 VENDRE,
1977 3739 2146 3780 terrain
2178 3743 2299 3788 8,200
2328 3742 2494 3782 mètres
2523 3752 2597 3782 en¬

1571 3798 1715 3847 viron,
1744 3799 1770 3838 à
1795 3799 2044 3839 l’intérieur
2071 3799 2126 3840 de
2151 3800 2195 3840 la
2219 3800 2342 3847 ville,
2371 3811 2477 3840 avec
2504 3811 2596 3839 ma¬

1570 3858 1697 3899 tériel
1722 3858 1919 3910 complet
1942 3859 2143 3909 pouvant
2168 3859 2310 3901 servir
2335 3872 2424 3900 aux
2449 3859 2595 3910 repré¬

1570 3918 1818 3958 sentations
1883 3918 2139 3968 théâtrales,
2178 3919 2592 3970 cinématographe,

1568 3976 1739 4027 cirque,
1770 3978 1850 4018 etc.

1624 4036 1672 4076 P.
1703 4039 1791 4076 167.
2137 4037 2244 4077 Prix
2270 4038 2296 4078 à
2320 4038 2538 4079 débattre.

1759 4151 1819 4190 De
1848 4152 1996 4198 41,000
2024 4150 2050 4190 à
2078 4152 2226 4199 60,000
2253 4152 2408 4191 francs

1620 4243 1906 4293 DOMAINE,
1935 4243 1990 4285 de
2016 4246 2217 4296 rapport,
2246 4244 2362 4286 situé
2387 4247 2491 4297 près
2518 4254 2593 4286 ^.e-

1566 4303 1748 4352 guevin,
1772 4306 1823 4343 65
1846 4304 2048 4344 hectares
2070 4305 2236 4345 terrain
2260 4306 2314 4346 de
2336 4307 2482 4346 toutes
2502 4306 2594 4346 cul¬

1567 4363 1703 4403 tures.
1765 4363 1935 4403 Affaire
1993 4363 2071 4403 des
2130 4364 2234 4415 plus
2266 4364 2592 4416 avantageuses

1566 4434 1673 4463 avec
1699 4422 1906 4463 facilités.

1620 4482 1668 4522 P.
1703 4482 1791 4522 121.
2144 4483 2268 4532 Prix,
2301 4486 2450 4532 45,000
2479 4483 2535 4524 fr.

1620 4559 1895 4599 CHATEAU
1923 4559 2038 4600 dans
2064 4559 2104 4601 le
2134 4561 2258 4609 Gers,
2287 4572 2340 4602 en
2370 4562 2456 4602 bon
2484 4563 2588 4610 état,

1564 4620 1615 4658 48
1643 4619 1859 4667 hectares,
1890 4619 2007 4670 prés,
2038 4619 2196 4671 vignes
2228 4634 2236 4669 ;
2287 4620 2507 4668 phef-lieu
2536 4620 2591 4660 de

1564 4679 1727 4718 canton
1754 4679 1779 4719 à
1804 4678 2062 4730 proximité.

1619 4738 1727 4776 Prix
1754 4750 1762 4776 :
1784 4740 1934 4786 50,000
1956 4739 2030 4786 fr.,
2055 4739 2164 4780 dont
2186 4742 2336 4788 35,000
2359 4740 2414 4780 fr,
2440 4752 2591 4790 comp¬

1564 4797 1674 4838 tant.
2359 4799 2406 4840 P.
2444 4803 2534 4840 153.

1726 4903 1786 4942 De
1815 4904 1963 4950 61,000
1991 4902 2016 4942 à
2047 4904 2220 4951 100,000
2248 4905 2403 4944 francs

1616 4995 1964 5046 PROPRIÉTÉ,
1991 4998 2016 5038 à
2041 4999 2089 5038 12
2112 4999 2373 5039 kilomètres
2396 4999 2451 5039 de
2475 5000 2588 5039 Tou¬

1563 5056 1702 5104 louse,
1732 5068 1837 5096 avec
1891 5057 2096 5106 château,
2126 5070 2234 5109 parc
2260 5070 2367 5099 avec
2419 5059 2588 5110 grands

1560 5116 1715 5156 arbres
1746 5130 1754 5163 ;
1780 5116 1896 5164 chai,
1926 5118 2090 5165 écurie,
2119 5119 2296 5167 remise,
2326 5119 2502 5168 cheptel
2528 5131 2586 5158 au

1559 5175 1755 5226 complet
1787 5188 1795 5223 ;
1850 5178 1902 5215 50
1956 5176 2159 5217 hectares
2214 5179 2352 5218 terres
2407 5178 2582 5226 labour,

1559 5235 1765 5284 prairies,
1795 5235 1906 5284 bois,
1934 5235 2092 5286 vignes
2119 5248 2234 5287 pour
2287 5238 2331 5276 la
2383 5248 2585 5278 consom¬

1559 5295 1748 5343 mation;
1779 5296 1804 5334 2
1835 5295 2038 5335 hectares
2070 5296 2323 5337 arrosables
2382 5308 2464 5347 par
2495 5308 2584 5336 une

1558 5354 1701 5395 noria.

1612 5414 1660 5454 P.
1695 5415 1783 5454 123.
2138 5415 2260 5464 Prix,
2292 5418 2442 5464 90,000
2471 5416 2526 5456 fr.

1611 5490 1944 5531 PROPRIÉTÉ
1978 5503 2067 5531 non
2127 5492 2219 5533 loin
2252 5492 2307 5534 de
2339 5493 2580 5542 Toulouse,

1556 5551 1732 5591 maison
1758 5551 1811 5591 de
1836 5552 1998 5591 maître
2023 5551 2076 5591 de
2100 5553 2168 5592 six
2192 5553 2340 5603 pièces
2364 5564 2470 5592 avec
2492 5554 2582 5603 jar¬

1555 5610 1650 5659 din,
1680 5620 1788 5651 cour
1815 5610 1856 5651 et
1884 5610 2047 5651 remise
2074 5610 2099 5650 à
2128 5613 2146 5651 1
2176 5611 2414 5654 kilomètre
2442 5612 2484 5652 et
2510 5612 2582 5652 de¬

1555 5671 1618 5710 mi
1643 5671 1704 5710 du
1728 5670 1942 5710 domaine
1971 5683 1979 5718 ;
2004 5671 2279 5711 contenance
2304 5674 2355 5711 40
2379 5672 2576 5722 arpents,

1554 5728 1643 5770 très
1669 5730 1757 5770 bon
1811 5729 1996 5778 terrain,
2024 5741 2131 5771 avec
2184 5731 2357 5772 laiterie
2383 5731 2576 5780 montée,

1557 5791 1604 5828 14
1627 5790 1791 5830 vaches
1815 5801 1870 5830 en
1896 5790 2095 5840 rapport.
2124 5791 2350 5832 Affermée
2374 5792 2496 5840 4,000
2520 5792 2576 5832 fr.

1715 5914 1775 5952 De
1808 5914 1982 5960 100,000
2014 5912 2068 5951 fr.
2107 5916 2148 5954 et
2180 5914 2418 5955 au-dessus

1604 6005 1953 6055 PROPRIÉTÉ,
1978 6007 2093 6048 dans
2115 6008 2156 6048 le
2179 6008 2314 6058 Tarn,
2339 6008 2367 6048 à
2386 6011 2465 6048 800
2486 6010 2575 6050 mè¬

1550 6067 1639 6107 tres
1667 6067 1802 6107 d’une
1830 6078 1951 6117 gare,
1985 6067 2159 6108 maison
2191 6070 2246 6110 de
2275 6070 2452 6116 maître,
2486 6070 2574 6110 mé¬

1548 6126 1678 6166 tairie
1710 6127 1751 6166 et
1809 6127 2139 6177 dépendances,
2200 6128 2439 6178 superficie
2499 6131 2574 6168 105

1548 6186 1765 6235 hectares,
1798 6186 1966 6227 terrain
1999 6186 2052 6227 de
2082 6187 2279 6238 premier
2309 6187 2458 6235 choix,
2491 6187 2572 6228 ter¬

1546 6256 1616 6286 res
1643 6246 1819 6293 labour,
1876 6246 2067 6295 prairies
2094 6248 2136 6287 et
2190 6247 2300 6296 bois,
2358 6247 2571 6287 affermée

1544 6307 1666 6352 6.000
1695 6304 1750 6344 fr.
1783 6304 1858 6346 net
1912 6304 2140 6356 d’impôts,
2171 6307 2279 6357 peut
2335 6306 2571 6358 rapporter

1543 6366 1666 6411 9.000
1694 6364 1748 6404 fr.

1598 6423 1646 6463 P.
1676 6424 1764 6463 187.
2105 6424 2227 6475 Prix,
2259 6427 2431 6475 150,000
2458 6424 2512 6465 fr.

1596 6608 1750 6648 Grand
1804 6610 1934 6648 choix
1988 6610 2042 6649 de
2084 6619 2094 6650 :
2136 6610 2280 6659 Cafés,
2340 6611 2563 6660 Buvettes,

1542 6669 1666 6715 Bars,
1695 6669 2002 6715 Restaurants,
2030 6669 2194 6718 Hôtels,
2222 6670 2422 6710 Maisons
2444 6680 2566 6710 meu¬

1539 6726 1674 6775 blées,
1716 6727 1954 6776 Epiceries,
1996 6729 2250 6778 Merceries,
2318 6730 2560 6779 Lingeries,

1540 6788 1748 6828 Bureaux
1786 6788 1839 6828 de
1872 6788 2037 6837 Tabac,
2078 6788 2331 6839 Pâtisserie,
2372 6791 2563 6830 Boulan¬

2670 548 2806 597 gerie,
2871 548 3113 598 Coiffeurs,
3178 551 3495 599 Associations,
3534 551 3700 591 OfRces

2673 607 2966 647 ministériels
2999 612 3041 648 et
3078 610 3363 650 Commerces
3398 611 3563 651 divers.

2726 667 2978 707 S’adresser
3023 678 3031 707 :
3081 669 3294 707 RAPIDE
3354 670 3598 718 AGENCE,
3657 671 3695 718 9,

2672 736 2751 766 rue
2780 727 2834 766 de
2864 728 2906 766 la
2936 728 3079 775 Poste,
3111 728 3352 767 Toulouse.

2672 922 3038 1023 OFFRES
3102 923 3304 1025 AUX
3370 925 3700 1025 DAMES

2727 1134 2862 1180 5.753.
2889 1134 2943 1171 —
2970 1134 3099 1183 Veuf,
3128 1136 3180 1175 28
3207 1147 3302 1184 ans,
3332 1135 3576 1186 possédant
3602 1147 3702 1187 pro¬

2675 1191 2840 1240 priétés
2868 1203 2922 1232 en
2952 1192 3111 1243 vignes
3140 1195 3345 1235 donnant
3374 1195 3562 1235 environ
3594 1196 3648 1236 de
3678 1198 3702 1235 5

2674 1251 2699 1290 à
2723 1252 2800 1290 600
2852 1251 3019 1299 hectos,
3047 1253 3304 1303 épouserait
3329 1254 3591 1295 demoiselle
3643 1266 3700 1295 ou

2674 1320 2816 1350 veuve
2842 1322 2947 1350 sans
2972 1312 3167 1361 enfants,
3196 1312 3392 1354 sérieuse
3418 1314 3460 1354 et
3484 1322 3621 1364 ayant
3647 1325 3702 1354 si¬

2675 1369 2864 1409 tuation.
2903 1370 2939 1408 A
2977 1382 3063 1411 une
3098 1372 3364 1412 charmante
3399 1372 3555 1412 fillette
3590 1374 3644 1414 de
3678 1384 3702 1413 ô

2675 1439 2771 1467 ans.

2727 1507 2862 1554 5.754.
2887 1507 2942 1544 —
2967 1507 3095 1556 Veuf,
3125 1519 3230 1548 sans
3255 1519 3432 1548 aucune
3457 1508 3622 1559 charge
3646 1510 3700 1550 de

2675 1564 2864 1614 famille,
2892 1567 2943 1605 39
2967 1577 3064 1615 ans,
3091 1568 3228 1619 ayant
3252 1567 3368 1608 belle
3394 1567 3609 1608 situation
3637 1568 3702 1607 in¬

2674 1624 2909 1665 dustrielle
2933 1626 2975 1666 et
2999 1627 3227 1676 capitaux,
3254 1627 3510 1676 épouserait
3533 1627 3702 1667 demoi¬

2675 1684 2782 1724 selle
2807 1684 2863 1724 de
2886 1686 2937 1723 25
2962 1684 2988 1724 à
3012 1686 3063 1724 35
3088 1697 3184 1735 ans,
3214 1686 3316 1725 bien
3344 1696 3450 1727 sous
3475 1688 3575 1727 tous
3602 1699 3700 1738 rap¬

2675 1745 2813 1794 ports,
2842 1755 2947 1784 avec
2971 1744 3062 1785 dot.

2727 1823 2862 1869 5.755.
2895 1822 2948 1861 —
3006 1822 3150 1863 Jeune
3183 1824 3380 1871 homme,
3416 1823 3527 1871 seul,
3564 1823 3698 1871 brun,

2678 1880 2871 1928 sérieux,
2908 1883 2962 1919 30
2998 1892 3094 1929 ans,
3134 1883 3282 1922 bonne
3320 1882 3511 1930 famille,
3550 1883 3698 1932 possé¬

2675 1939 2784 1979 dant
2812 1951 2900 1979 une
2927 1940 3154 1991 propriété
3183 1940 3403 1980 excellent
3430 1941 3519 1980 état
3546 1942 3700 1982 valant

2674 2000 2823 2047 70.000
2854 1999 2927 2047 fr.,
2961 2000 3050 2044 très
3082 2000 3186 2040 bien
3218 2000 3374 2050 située,
3408 2000 3554 2043 désire
3584 2013 3700 2052 pour

2675 2058 2876 2108 mariage
2905 2059 3042 2109 jeune
3072 2060 3167 2100 fille
3224 2063 3274 2099 18
3303 2060 3328 2099 à
3356 2062 3408 2100 28
3439 2072 3534 2108 ans,
3595 2062 3699 2100 bien

2674 2130 2779 2158 sous
2804 2118 2903 2159 tous
2928 2120 3153 2170 rapports,
3181 2120 3318 2170 ayant
3342 2119 3418 2159 dot
3442 2119 3701 2170 équivalen¬

2674 2178 2715 2216 te
2739 2177 2848 2216 dont
2872 2188 2960 2216 une
2984 2177 3130 2226 partie
3154 2178 3360 2227 pourrait
3383 2179 3475 2219 être
3499 2190 3554 2218 en
3579 2179 3700 2229 espé¬

2675 2247 2823 2284 rance,
2854 2235 3027 2276 aimant
3053 2236 3179 2276 vivre
3207 2236 3232 2276 à
3259 2236 3302 2276 la
3328 2248 3580 2288 campagne
3606 2239 3648 2279 et
3675 2239 3700 2278 à

2674 2295 2902 2346 s’occuper
2930 2295 2984 2335 de
3012 2306 3092 2336 son
3123 2296 3354 2337 intérieur.

2726 2374 2861 2419 5.759.
2886 2374 2939 2411 —
2961 2374 3106 2414 Jeune
3130 2374 3327 2423 homme,
3354 2376 3405 2414 34
3428 2386 3523 2423 ans,
3550 2376 3699 2415 catho¬

2674 2431 2811 2482 lique,
2839 2432 3064 2483 physique
3090 2434 3314 2484 agréable,
3343 2435 3431 2474 bon
3457 2435 3696 2483 caractère,

2673 2492 2810 2542 ayant
2842 2491 3058 2532 situation
3091 2492 3309 2532 d’officier
3342 2494 3611 2534 ministériel
3645 2500 3699 2534 de

2673 2552 2795 2599 3.000
2816 2551 2890 2599 fr.,
2915 2551 3027 2602 petit
3048 2552 3173 2592 avoir
3195 2552 3238 2592 et
3259 2553 3539 2603 espérances,
3565 2554 3699 2603 épou¬

2673 2611 2810 2651 serait
2838 2610 3098 2652 demoiselle
3127 2623 3235 2652 avec
3263 2612 3352 2652 dot.

2727 2690 2862 2735 5.760.
2899 2687 2952 2727 —
2990 2687 3272 2736 Célibataire,
3311 2691 3363 2728 50
3398 2700 3494 2738 ans,
3532 2702 3586 2730 en
3623 2702 3699 2740 pa¬

2674 2746 2868 2786 raissant
2888 2748 2954 2795 40,
2978 2747 3152 2789 famille
3175 2748 3438 2796 honorable,
3463 2748 3566 2788 bien
3588 2750 3699 2799 phy¬

2674 2806 2944 2856 siquement,
2982 2806 3130 2848 bonne
3162 2807 3416 2855 éducation,
3454 2807 3696 2857 bachelier,

2674 2865 2910 2914 musicien,
2943 2867 3091 2914 40,000
3123 2867 3178 2906 fr.
3211 2867 3266 2907 de
3296 2867 3562 2918 propriétés,
3594 2867 3698 2918 plus

2674 2924 2888 2966 situation
2926 2926 3276 2977 indépendante,
3315 2927 3460 2967 désire
3497 2927 3699 2978 mariage

2672 2995 2726 3023 en
2756 2985 2956 3035 rapport.

2725 3064 2860 3110 5,76t.
2889 3062 2944 3100 —
2972 3062 3101 3112 Veuf,
3132 3065 3183 3103 49
3211 3075 3307 3111 ans,
3339 3063 3458 3112 bien,
3488 3066 3610 3112 3,000
3639 3064 3694 3104 fr.

2672 3132 2755 3171 par
2783 3134 2855 3170 an,
2888 3134 2948 3160 un
2980 3121 3052 3162 fils
3082 3124 3217 3174 ayant
3244 3123 3439 3163 carrière
3468 3124 3510 3163 et
3537 3136 3618 3174 pas
3647 3125 3672 3163 à

2672 3182 2851 3232 charge,
2876 3182 3133 3231 épouserait
3156 3194 3379 3232 personne
3403 3184 3540 3234 ayant
3562 3183 3699 3224 situa¬

2673 3242 2766 3280 tion
2796 3252 2848 3280 en
2880 3243 3080 3291 rapport.
3115 3241 3236 3282 Offre
3266 3244 3307 3282 et
3336 3243 3560 3283 demande
3591 3244 3697 3284 bon¬

2671 3311 2749 3340 nes
2776 3299 3042 3340 références.

2723 3379 2859 3426 6,000.
2881 3378 2934 3415 —
2958 3377 3214 3427 Négociant,
3238 3381 3288 3418 30
3310 3391 3406 3427 ans,
3431 3380 3564 3427 brun,
3590 3382 3696 3420 bon¬

2671 3449 2726 3478 ne
2755 3437 2986 3486 situation,
3017 3438 3262 3479 excellente
3292 3439 3482 3487 famille,
3514 3439 3603 3480 très
3633 3439 3695 3479 sé¬

2672 3498 2814 3544 rieux,
2846 3497 2991 3538 désire
3020 3499 3222 3547 mariage
3251 3510 3358 3538 avec
3387 3498 3480 3538 fille
3508 3499 3563 3539 de
3591 3500 3642 3539 20
3670 3499 3695 3539 à

2669 3559 2719 3596 25
2739 3567 2835 3606 ans,
2858 3556 2911 3597 de
2931 3557 3079 3598 bonne
3100 3556 3290 3607 famille,
3312 3559 3448 3609 ayant
3467 3570 3525 3599 au
3546 3559 3695 3599 moins

2670 3618 2818 3665 50.000
2842 3615 2896 3655 fr.
2924 3616 2978 3657 de
3000 3616 3091 3657 dot.

2722 3695 2858 3742 5,763.
2887 3693 2940 3732 -—
2970 3692 3252 3742 Célibataire,
3286 3694 3398 3742 seul,
3430 3694 3611 3743 rentier,
3644 3697 3691 3734 51

2670 3763 2764 3799 ans,
2798 3751 3042 3793 excellente
3071 3752 3211 3802 santé,
3243 3752 3376 3802 brun,
3409 3752 3526 3794 belle
3554 3754 3691 3802 taille,

2668 3811 2758 3850 très
2779 3811 2916 3851 alerte
2939 3811 2980 3851 et
3002 3811 3120 3860 bien,
3144 3812 3234 3852 très
3256 3812 3503 3854 honorable
3524 3813 3566 3854 et
3587 3814 3694 3854 bon¬

2670 3882 2724 3910 ne
2756 3870 2946 3919 famille,
3006 3872 3142 3923 ayant
3171 3872 3294 3920 8,800
3324 3871 3379 3911 fr.
3439 3872 3494 3912 de
3524 3883 3692 3913 revenu

2668 3930 2835 3968 annuel
2870 3941 2947 3969 sur
2979 3932 3155 3971 contrat
3212 3932 3267 3972 de
3299 3931 3523 3983 première
3556 3932 3694 3983 hypo¬

2668 3990 2835 4039 thèque
2870 3989 2912 4030 et
2947 4000 3024 4029 sur
3063 3991 3311 4031 immeuble
3346 3991 3424 4031 des
3459 3991 3564 4043 plus
3600 4003 3692 4032 mo¬

2667 4050 2844 4097 dernes,
2880 4050 3137 4099 épouserait
3172 4050 3432 4090 demoiselle
3467 4063 3524 4091 ou
3551 4052 3692 4091 -dame

2667 4119 2808 4148 veuve
2834 4108 2888 4148 de
2914 4108 3122 4148 moralité
3149 4108 3487 4160 irréprochable
3512 4110 3567 4150 de
3592 4112 3643 4149 30
3668 4111 3692 4150 à

2666 4170 2716 4206 45
2746 4179 2842 4215 ans,
2875 4168 3011 4218 ayant
3040 4179 3207 4208 revenu
3238 4170 3344 4219 quoi
3375 4168 3689 4219 qu’inférieur,

2664 4227 2795 4276 goûts
2819 4226 3021 4278 simples.

2718 4306 2853 4352 5.766.
2881 4305 2935 4343 —
2960 4305 3103 4344 Jeune
3132 4307 3330 4352 homme,
3359 4307 3410 4344 29
3436 4318 3532 4355 ans,
3563 4307 3691 4347 culti¬

2664 4364 2822 4403 vateur
2879 4363 2994 4403 dans
3023 4364 3063 4404 le
3095 4364 3526 4414 Tarn-et-Garonne,
3587 4366 3688 4406 bien

2664 4435 2770 4463 sous
2798 4424 2898 4463 tous
2927 4423 2990 4462 les
3047 4425 3270 4475 rapports,
3328 4424 3594 4464 travailleur
3650 4426 3691 4465 et

2663 4483 2891 4530 économe,
2926 4482 3182 4532 épouserait
3212 4483 3475 4524 demoiselle
3506 4495 3563 4523 ou
3595 4484 3690 4534 jeu¬

2664 4553 2719 4582 ne
2747 4551 2903 4582 veuve.

2715 4620 2851 4666 5.767.
2878 4619 2931 4658 —
2955 4619 3099 4659 Jeune
3126 4620 3323 4670 homme,
3352 4621 3486 4670 brun,
3512 4623 3564 4660 26
3591 4634 3686 4671 ans,

2663 4678 2975 4728 propriétaire,
3039 4679 3283 4722 excellente
3319 4680 3494 4722 famille
3554 4682 3686 4731 aisée,

2662 4738 2919 4788 épouserait
2946 4738 3083 4788 jeune
3111 4739 3204 4779 fille
3232 4742 3368 4790 ayant
3396 4740 3474 4782 dot
3502 4752 3556 4780 ou
3589 4754 3688 4791 pro¬

2663 4796 2819 4848 priété.
2854 4797 2908 4839 Se
2939 4798 3178 4850 déplacera
3206 4799 3248 4839 et
3279 4810 3335 4839 au
3367 4799 3520 4840 besoin
3552 4802 3688 4840 chan¬

2660 4868 2768 4907 gera
2795 4856 2850 4896 de
2878 4857 3108 4898 situation.

2713 4935 2848 4982 5,771.
2882 4934 2936 4973 —
2996 4934 3212 4984 Employé
3272 4934 3685 4978 d’administration

2660 4994 2895 5044 publique,
2920 4994 3194 5043 célibataire,
3218 4998 3269 5035 39
3290 5007 3386 5044 ans,
3411 4996 3683 5047 catholique,

2660 5052 2784 5093 taille
2815 5064 3052 5105 moyenne,
3112 5055 3310 5104 châtain,
3344 5055 3559 5096 situation
3618 5068 3687 5097 ac¬

2659 5112 2795 5152 tuelle
2821 5114 2875 5154 de
2901 5115 3024 5161 3,000
3049 5114 3152 5155 fr.et
3178 5116 3456 5166 espérances,
3486 5116 3682 5164 retraite,

2660 5172 2918 5223 épouserait
2953 5172 3230 5222 demoiselle,
3270 5175 3405 5224 jeune
3441 5186 3583 5215 veuve
3619 5187 3676 5215 ou

2658 5232 2879 5279 divorcée,
2914 5231 3015 5271 bien
3074 5232 3236 5281 élevée,
3298 5232 3466 5275 femme
3523 5235 3683 5275 d’inté¬

2658 5291 2794 5339 rieur,
2819 5291 2956 5342 ayant
2978 5292 3118 5341 avoir,
3144 5292 3225 5344 âge
3247 5304 3302 5332 en
3327 5295 3526 5344 rapport.

2709 5370 2843 5418 5,773.
2866 5370 2920 5407 —-
2940 5370 3071 5419 Veuf,
3094 5372 3143 5411 57
3166 5383 3262 5419 ans,
3285 5372 3407 5419 4,000
3428 5370 3483 5410 fr.
3508 5371 3564 5411 de
3584 5383 3682 5411 ren¬

2655 5428 2695 5468 te
2723 5439 2778 5467 en
2807 5428 2965 5478 argent
2992 5428 3035 5468 et
3063 5429 3348 5477 immeubles,
3380 5428 3451 5470 bel
3479 5430 3678 5479 homme,

2655 5488 2744 5527 très
2768 5487 2978 5536 honnête,
3006 5486 3176 5539 fatigué
3200 5488 3255 5529 de
3279 5488 3404 5530 vivre
3428 5488 3540 5539 seul,
3567 5489 3680 5531 dési¬

2655 5559 2700 5586 re
2736 5548 3062 5598 correspondre
3098 5560 3204 5588 avec
3239 5560 3463 5599 personne
3498 5550 3602 5590 bien
3638 5551 3680 5591 et

2654 5606 2708 5646 de
2744 5606 2891 5647 bonne
2926 5607 3152 5648 conduite.
3218 5607 3462 5659 Répondra
3496 5604 3522 5648 â
3558 5608 3679 5648 toute

2652 5676 2876 5715 personne
2908 5666 3118 5708 sérieuse.
3155 5691 3207 5695 —
3239 5667 3390 5707 Ecrire
3423 5678 3476 5707 en
3511 5667 3679 5708 faisant

2652 5724 2884 5766 connaître
2914 5725 3143 5766 situation.

2704 5803 2840 5850 5.775.
2868 5802 2923 5841 —
2951 5801 3232 5854 Célibataire,
3264 5806 3315 5844 46
3342 5816 3438 5854 ans,
3471 5807 3590 5854 1,000
3619 5804 3674 5845 fr.

2651 5860 2705 5900 de
2739 5862 2876 5910 rente,
2914 5861 3059 5904 désire
3091 5875 3232 5904 veuve
3267 5876 3371 5904 sans
3403 5864 3584 5904 enfants
3618 5876 3675 5904 ou

2651 5920 2912 5963 demoiselle
2942 5922 2996 5963 de
3026 5926 3076 5963 40
3107 5924 3132 5963 à
3161 5926 3212 5963 44
3242 5936 3338 5972 ans,
3372 5935 3478 5966 avec
3507 5927 3586 5964 800
3616 5924 3672 5964 fr.

2649 5980 2704 6020 de
2732 5982 2857 6022 rente
2890 5995 2899 6030 ;
2928 5983 3128 6032 prendra
3158 5982 3326 6024 femme
3355 5984 3484 6024 tâche
3512 5984 3568 6024 de
3596 5983 3672 6024 vin

2647 6051 2705 6080 ou
2739 6040 3014 6091 légèrement
3046 6041 3260 6083 boiteuse.

2699 6119 2834 6166 5.776.
2858 6119 2912 6158 —
2937 6119 3263 6168 Fonctionaire,
3289 6122 3339 6160 43
3362 6132 3459 6170 ans,
3486 6120 3670 6171 appoin¬

2646 6178 2839 6219 tements
2895 6179 3018 6227 3,000
3050 6179 3104 6219 fr.
3140 6179 3328 6220 environ
3388 6182 3668 6232 espérances,

2645 6236 2790 6278 désire
2822 6238 3054 6279 connaître
3087 6240 3362 6288 demoiselle,
3397 6240 3451 6280 de
3482 6243 3533 6280 30
3563 6240 3589 6280 à
3619 6243 3670 6280 36

2644 6307 2739 6344 ans,
2763 6296 2865 6338 bien
2886 6308 2991 6338 sous
3011 6298 3111 6339 tous
3131 6299 3340 6350 rapports
3358 6299 3400 6340 et
3420 6300 3556 6351 ayant
3576 6300 3666 6340 dot.

2643 6356 2911 6398 Références
2936 6357 3127 6408 exigées.

2639 6435 2888 6482 —5,777.—
2911 6435 3040 6483 Veuf,
3067 6436 3167 6487 trop
3190 6436 3302 6486 seul,
3328 6439 3379 6476 59
3402 6447 3498 6486 ans,
3524 6448 3580 6478 ne
3603 6436 3667 6478 les

2648 6493 2907 6543 paraissant
2940 6505 3036 6544 pas,
3078 6495 3148 6536 bel
3186 6496 3386 6544 homme,
3425 6496 3652 6548 physique

2640 6552 2864 6602 agréable,
2892 6553 3224 6595 fonctionnaire
3248 6556 3303 6595 de
3327 6555 3460 6595 l’Etat
3483 6556 3666 6607 jusqu’à

2639 6611 2682 6651 la
2708 6611 2774 6651 fin
2800 6612 2856 6654 de
2879 6624 2950 6654 ses
2974 6612 3116 6663 jours,
3144 6614 3252 6665 jolie
3279 6615 3509 6664 situation,
3539 6615 3664 6656 habi¬

2638 6671 2734 6711 tant
2756 6671 2862 6712 ville
2884 6673 3059 6722 d’eaux,
3086 6675 3211 6715 avoir
3232 6675 3488 6724 personnel,
3515 6675 3663 6716 bonne

2638 6731 2779 6779 santé,
2818 6731 3075 6783 épouserait
3108 6733 3371 6775 demoiselle
3407 6746 3464 6775 ou
3500 6747 3657 6784 veuve,

2637 6802 2743 6831 sans
2778 6792 2959 6832 enfants
2996 6794 3144 6834 même
3179 6794 3386 6836 divorcée
3420 6806 3475 6835 en
3512 6807 3562 6836 sa
3598 6795 3660 6836 fa¬

3774 562 3898 598 veur,
3923 551 4056 602 goûts
4077 551 4278 603 simples,
4303 551 4360 591 de
4380 553 4432 590 40
4453 552 4479 592 à
4498 554 4550 591 54
4571 563 4667 601 ans,
4693 554 4800 594 bon¬

3774 622 3828 650 ne
3862 610 4100 650 éducation
4135 612 4178 652 et
4211 611 4495 659 instruction,
4533 613 4669 662 ayant
4702 624 4799 653 ren¬

3773 669 3838 710 tes
3862 681 3919 709 ou
3945 671 4214 711 économies.
4244 671 4400 710 Pressé
4425 671 4467 711 et
4491 672 4579 711 très
4603 671 4796 712 sérieux.

3826 747 3962 793 5.778.
3987 747 4043 786 —
4064 747 4208 787 Jeune
4236 748 4434 795 homme,
4461 748 4512 787 23
4538 759 4634 796 ans,
4664 747 4796 797 brun,

3776 804 3876 844 bien
3908 816 4013 846 sous
4044 807 4143 846 tous
4174 808 4398 858 rapports,
4431 807 4728 858 propriétaire
4759 810 4800 848 et

3774 866 3984 914 exerçant
4011 864 4264 915 profession
4294 866 4407 907 dans
4436 866 4798 915 l’alimentation,

3778 923 3946 974 unique
3966 924 4079 964 dans
4100 936 4150 964 sa
4171 926 4415 974 résidence,
4439 926 4628 966 secondé
4650 938 4731 976 par
4752 938 4802 966 sa

3776 982 3951 1024 famille
3987 995 4094 1024 avec
4130 984 4208 1034 qui
4246 986 4276 1024 il
4314 984 4480 1032 habite,
4519 985 4627 1035 jolie
4663 986 4799 1026 situa¬

3775 1042 3882 1091 tion,
3915 1043 4151 1084 désirerait
4179 1044 4380 1095 mariage
4408 1056 4516 1084 avec
4543 1044 4679 1094 jeune
4708 1046 4800 1085 fille

3774 1102 4011 1151 orpheline
4031 1115 4087 1142 ou
4108 1103 4244 1152 jeune
4263 1115 4419 1152 veuve,
4443 1104 4497 1144 de
4519 1106 4567 1143 18
4587 1104 4612 1143 à
4631 1106 4682 1143 25
4700 1115 4797 1154 ans,

3775 1171 3880 1200 avec
3907 1162 3984 1203 dot
4011 1162 4065 1203 de
4092 1165 4116 1202 6
4144 1162 4170 1202 à
4200 1164 4344 1211 10,000
4374 1163 4428 1203 fr.

3827 1239 3962 1285 5.779.
4015 1238 4069 1276 —
4123 1238 4312 1280 Ouvrier
4340 1240 4454 1281 dans
4478 1240 4650 1291 grande
4676 1241 4797 1290 ville,

3774 1298 3824 1335 52
3852 1309 3948 1347 ans,
3982 1299 4099 1339 brun
4132 1300 4149 1336 l
4155 1304 4180 1319 m
4210 1300 4275 1347 61,
4307 1300 4543 1350 prendrait
4571 1311 4714 1340 veuve
4742 1313 4799 1342 ou

3775 1356 4051 1407 demoiselle,
4087 1358 4142 1398 de
4172 1360 4224 1396 40
4256 1359 4282 1398 à
4314 1362 4365 1399 50
4397 1371 4493 1407 ans,
4530 1359 4608 1410 qui
4642 1359 4800 1410 éprou¬

3774 1416 3917 1455 verait
3943 1419 4091 1458 même
4118 1416 4196 1456 des
4221 1417 4469 1459 difficultés
4495 1431 4610 1471 pour
4636 1430 4682 1459 se
4708 1431 4801 1459 ma¬

3775 1475 3877 1523 rier,
3902 1478 4018 1518 mais
4042 1476 4286 1527 possédant
4306 1478 4385 1518 des
4407 1490 4662 1519 ressources
4686 1491 4801 1530 pour

3774 1534 3898 1574 aider
3927 1535 3951 1575 à
3979 1546 4159 1576 assurer
4187 1536 4410 1578 existence
4438 1538 4555 1579 aisée
4583 1538 4609 1578 à
4635 1538 4768 1578 deux.

3827 1614 3962 1659 5.780.
3988 1614 4043 1652 —
4066 1614 4210 1652 Jeune
4236 1614 4434 1663 homme,
4462 1616 4512 1655 38
4538 1626 4634 1663 ans,
4663 1615 4797 1663 brun,

3774 1671 4086 1722 propriétaire,
4114 1673 4250 1723 ayant
4273 1675 4422 1722 40,000
4447 1674 4502 1714 fr.
4530 1675 4718 1715 environ
4744 1686 4799 1714 en

3775 1730 3916 1779 biens,
3975 1743 4235 1783 possesseur
4264 1743 4422 1774 source
4450 1734 4671 1774 minérale
4726 1747 4799 1784 ap¬

3774 1790 3898 1840 pelée
3931 1803 4012 1843 par
4047 1791 4262 1831 situation
4296 1793 4338 1832 et
4370 1794 4600 1844 principes
4634 1794 4659 1832 à
4692 1794 4799 1834 don¬

3774 1862 3852 1890 ner
3876 1851 4088 1892 résultats
4111 1851 4371 1900 immenses,
4396 1853 4542 1894 désire
4564 1865 4610 1894 se
4632 1853 4799 1893 marier

3774 1920 3879 1948 avec
3915 1910 4176 1950 demoiselle
4212 1922 4270 1950 ou
4306 1923 4462 1960 veuve,
4502 1908 4796 1963 intelligente,

3772 1970 3852 2019 âge
3887 1968 4226 2020 proportionné,
4288 1970 4504 2011 situation
4538 1971 4799 2023 pécuniaire

3772 2029 4011 2069 suffisante
4040 2042 4155 2079 pour
4183 2030 4307 2071 aider
4335 2031 4360 2070 à
4388 2031 4714 2082 l’exploitation
4744 2031 4799 2071 de

3772 2088 3883 2127 cette
3911 2099 4068 2128 source
4095 2088 4330 2130 minérale.

3826 2166 3962 2212 5,782.
3994 2167 4048 2205 —
4078 2167 4222 2206 Jeune
4255 2167 4437 2207 homme
4470 2168 4523 2208 de
4556 2168 4704 2208 bonne
4736 2167 4799 2207 fa¬

3774 2224 3914 2272 mille,
3944 2227 3996 2264 29
4026 2236 4121 2274 ans,
4154 2226 4466 2277 propriétaire,
4498 2228 4635 2279 ayant
4664 2227 4799 2267 situa¬

3775 2284 3882 2331 tion,
3915 2284 3996 2334 joli
4028 2284 4125 2333 site,
4160 2286 4438 2335 agriculteur
4470 2290 4488 2326 1
4495 2291 4524 2308 er
4553 2288 4700 2335 ordre,
4736 2287 4799 2326 in¬

3775 2343 3993 2393 telligent,
4060 2345 4331 2393 affectueux,
4396 2346 4520 2386 taille
4556 2358 4794 2396 moyenne,

3773 2403 3906 2450 brun,
3942 2404 4030 2444 très
4060 2404 4216 2455 gentil,
4251 2404 4507 2456 épouserait
4538 2406 4674 2456 jeune
4706 2406 4798 2446 fille

3772 2463 4038 2503 charmante
4065 2465 4107 2504 et
4134 2464 4223 2504 très
4251 2466 4460 2514 honnête,
4493 2468 4541 2504 18
4568 2466 4594 2504 à
4619 2467 4671 2504 25
4698 2477 4795 2514 ans,

3773 2522 3936 2571 simple
3964 2523 4190 2572 ,sérieuse,
4219 2524 4432 2574 aimante,
4459 2526 4568 2575 goût
4593 2536 4708 2575 pour
4735 2526 4799 2564 in¬

3772 2582 3954 2631 térieur,
3989 2584 4126 2633 ayant
4156 2584 4292 2633 petite
4324 2584 4401 2624 dot
4432 2584 4604 2635 argent.

3824 2659 3960 2706 5.786.
3986 2658 4040 2698 —
4064 2658 4264 2708 Officier,
4291 2663 4343 2700 36
4367 2672 4463 2710 ans,
4490 2661 4637 2711 grand
4662 2662 4795 2710 brun,

3775 2718 3955 2758 homme
4018 2719 4210 2768 d’ordre,
4275 2731 4328 2759 en
4392 2722 4586 2772 Algérie,
4652 2722 4798 2762 désire

3771 2777 3962 2827 épouser
4012 2778 4148 2828 jeune
4174 2779 4266 2819 fille
4290 2791 4347 2819 ou
4400 2792 4543 2820 veuve
4568 2792 4674 2822 sans
4724 2792 4798 2822 en¬

3772 2837 3907 2885 fants,
3935 2838 3990 2878 de
4014 2840 4066 2878 22
4090 2839 4115 2879 à
4138 2840 4190 2878 30
4214 2851 4310 2888 ans,
4339 2840 4475 2890 ayant
4499 2840 4714 2880 situation
4742 2853 4794 2882 en

3771 2897 3971 2947 rapport.

3823 2987 3958 3026 5.787.
3986 2988 4039 3027 —
4063 2988 4207 3027 Jeune
4234 2989 4431 3036 homme,
4459 2991 4510 3028 24
4535 3002 4631 3038 ans,
4660 2990 4794 3038 brun,

3772 3045 3908 3094 taille,
3940 3049 3958 3086 l
3964 3052 3990 3068 m
4016 3048 4080 3095 58,
4138 3047 4336 3096 instruit,
4367 3048 4439 3090 fils
4493 3049 4679 3100 unique,
4711 3050 4798 3089 for¬

3774 3106 3879 3145 tune
3911 3107 4060 3154 80,000
4093 3107 4166 3155 fr.,
4203 3108 4278 3147 dot
4310 3108 4364 3147 de
4399 3111 4447 3147 15
4480 3109 4506 3147 à
4536 3111 4687 3156 20,000
4720 3110 4793 3158 fr.,

3771 3164 3916 3204 désire
3948 3166 4149 3217 mariage
4182 3178 4288 3207 avec
4319 3167 4455 3218 jeune
4487 3167 4580 3208 fille
4612 3169 4796 3210 catholi¬

3771 3235 3872 3274 que,
3898 3226 4131 3276 employée
4154 3227 4208 3267 de
4231 3227 4378 3275 l’Etat,
4404 3239 4462 3267 ou
4486 3227 4578 3267 fille
4600 3227 4656 3268 de
4679 3239 4797 3269 com¬

3771 3286 3976 3334 merçant
4010 3296 4067 3324 ou
4106 3285 4347 3326 industriel
4383 3287 4491 3327 chez
4528 3287 4724 3338 laquelle
4763 3288 4792 3327 il

3771 3343 4068 3384 s’associerait
4103 3356 4210 3385 avec
4247 3356 4326 3386 son
4364 3347 4483 3396 père.

3822 3430 3956 3477 5.790.
4019 3430 4074 3469 —
4136 3429 4419 3479 Célibataire,
4458 3434 4509 3471 60
4544 3443 4640 3480 ans,
4679 3432 4791 3482 seul,

3770 3488 3870 3528 bien
3898 3490 4126 3538 conservé,
4156 3491 4304 3531 bonne
4331 3491 4471 3539 santé,
4501 3503 4794 3532 ex-commer¬

3767 3549 3871 3597 çant
3925 3549 4059 3588 retiré
4088 3549 4166 3590 des
4222 3550 4417 3598 affaires,
4476 3552 4614 3600 ayant
4667 3551 4792 3591 rente

3767 3608 3844 3646 850
3867 3606 3940 3657 fr.,
3966 3609 4144 3659 espèces
4167 3611 4314 3657 10,000
4336 3610 4409 3658 fr.,
4435 3610 4580 3650 désire
4604 3610 4743 3651 union
4768 3612 4794 3651 à

3767 3667 4028 3707 demoiselle
4048 3680 4106 3708 ou
4127 3679 4267 3708 veuve
4288 3670 4426 3719 seule,
4450 3670 4503 3710 de
4523 3671 4574 3709 40
4594 3670 4672 3710 à55
4692 3682 4788 3719 ans,

3767 3727 3904 3776 ayant
3927 3726 4018 3768 dot.

3819 3804 3954 3851 5.791.
3990 3804 4044 3843 —
4106 3804 4449 3846 Fonctionnaire
4484 3804 4674 3847 colonial
4738 3805 4791 3847 de

3767 3862 4090 3912 i’Indo-Chine,
4119 3865 4170 3903 43
4198 3875 4292 3913 ans,
4323 3864 4447 3906 solde
4474 3867 4596 3914 5,000
4624 3865 4679 3906 fr.
4709 3878 4791 3918 par

3766 3933 3838 3970 an,
3874 3924 4152 3973 espérances,
4215 3923 4471 3974 épouserait
4531 3926 4792 3965 demoiselle

3766 3991 3823 4019 ou
3843 3991 3986 4022 veuve
4006 3984 4060 4023 de
4079 3986 4130 4023 25
4150 3984 4175 4023 à
4194 3986 4244 4023 35
4264 3995 4360 4032 ans,
4384 3983 4522 4034 ayant
4541 3983 4678 4034 petite
4697 3985 4788 4024 dot.

3767 4040 3875 4080 Très
3901 4040 4094 4081 sérieux.

3796 4119 3952 4166 .5,792.
3979 4119 4032 4158 —
4056 4119 4186 4167 Veuf,
4212 4120 4263 4159 49
4287 4132 4383 4170 ans,
4409 4119 4667 4171 catholique
4692 4132 4791 4171 pra¬

3764 4176 3957 4227 tiquant,
4018 4180 4108 4220 très
4138 4179 4260 4228 actif,
4295 4180 4367 4220 bel
4425 4179 4623 4227 homme,
4685 4181 4788 4220 bien

3763 4246 3869 4275 sous
3895 4237 3995 4277 tous
4022 4236 4086 4278 les
4111 4240 4336 4290 rapports,
4366 4238 4462 4280 seul
4488 4251 4595 4280 avec
4621 4250 4690 4280 ses
4716 4251 4791 4280 en¬

3766 4295 3885 4336 fants
3911 4297 3953 4337 et
3978 4296 4298 4347 domestiques.
4327 4302 4449 4348 7,000
4476 4299 4530 4339 fr.
4560 4300 4614 4340 de
4641 4300 4790 4340 rentes

3764 4358 3975 4406 reposant
4003 4368 4080 4397 sur
4109 4356 4322 4407 capitaux
4350 4359 4392 4398 et
4419 4359 4686 4408 propriétés,
4717 4359 4788 4399 dé¬

3763 4415 3851 4455 sire
3885 4417 4024 4456 union
4059 4428 4167 4459 avec
4199 4427 4423 4468 personne
4483 4417 4631 4458 bonne
4665 4419 4790 4459 chré¬

3764 4474 3927 4522 tienne,
3954 4476 4008 4516 de
4031 4479 4082 4516 40
4104 4477 4130 4516 à
4152 4479 4203 4516 52
4226 4488 4322 4524 ans,
4348 4475 4464 4515 belle
4488 4476 4656 4517 femme
4679 4490 4788 4529 pou¬

3763 4534 3870 4574 vant
3894 4545 3939 4576 se
3964 4536 4172 4587 déplacer
4198 4536 4240 4576 et
4264 4536 4356 4576 être
4380 4535 4422 4576 le
4446 4535 4551 4576 luxe
4575 4538 4618 4578 et
4642 4537 4787 4588 l’ange

3760 4593 3948 4643 gardien
3978 4596 4032 4636 de
4059 4607 4139 4635 son
4168 4596 4283 4636 beau
4312 4596 4438 4647 foyer
4468 4608 4476 4645 ;
4506 4598 4643 4647 ayant
4669 4608 4787 4638 com¬

3763 4663 3834 4692 me
3860 4652 4112 4706 largement
4138 4666 4252 4706 pour
4279 4667 4326 4696 se
4351 4655 4524 4698 suffire.

3814 4732 3950 4778 5,793.
4007 4733 4062 4770 —
4119 4733 4235 4772 Veuf
4263 4734 4426 4783 depuis
4456 4734 4576 4774 deux
4607 4746 4703 4783 ans,
4736 4736 4787 4774 44

3761 4800 3856 4838 ans,
3891 4801 3996 4831 sans
4055 4791 4250 4840 enfants,
4285 4792 4419 4834 retiré
4451 4792 4530 4834 des
4587 4794 4783 4843 affaires,

3762 4850 3908 4888 rentes
3937 4852 4083 4899 18,000
4111 4851 4183 4900 fr.,
4211 4852 4300 4902 gai,
4330 4854 4418 4892 bon
4446 4853 4683 4902 caractère,
4714 4855 4786 4894 dé¬

3760 4907 3847 4948 sire
3872 4908 4064 4950 alliance
4088 4911 4284 4951 sérieuse
4310 4922 4416 4952 avec
4440 4911 4702 4954 demoiselle
4727 4924 4784 4954 ou

3759 4980 3900 5010 veuve
3927 4970 3981 5011 de
4008 4970 4156 5011 bonne
4183 4971 4373 5019 famille,
4403 4971 4456 5011 de
4482 4974 4532 5011 30
4559 4972 4584 5011 à
4608 4975 4659 5012 35
4684 4984 4781 5022 ans,

3759 5030 3895 5079 ayant
3924 5030 4151 5081 propriété
4179 5042 4237 5070 ou
4268 5031 4416 5070 rentes
4446 5030 4500 5071 de
4529 5033 4553 5071 8
4582 5031 4607 5071 à
4637 5034 4784 5082 10,000

3758 5089 3813 5128 fr.
3846 5090 4050 5131 environ.
4083 5090 4311 5131 Toulouse
4340 5090 4396 5130 de
4424 5090 4699 5139 préférence.

3808 5167 3931 5214 5,585
3983 5168 4038 5207 —
4092 5168 4282 5216 Garçon,
4312 5167 4364 5204 48
4391 5178 4487 5215 ans,
4518 5170 4655 5219 ayant
4683 5181 4782 5220 pro¬

3758 5224 3922 5266 fession
3950 5227 4138 5267 libérale
4163 5227 4430 5276 rapportant
4480 5228 4603 5276 2,500
4629 5227 4684 5268 fr.
4740 5229 4783 5270 et

3754 5285 3879 5325 avoir
3898 5286 3953 5326 de
3971 5288 4120 5333 25,000
4141 5284 4213 5334 fr.,
4235 5286 4491 5336 épouserait
4511 5287 4780 5327 Demoiselle

3754 5344 3888 5384 d’une
3914 5344 4136 5384 trentaine
4160 5344 4372 5386 d’années
4396 5358 4503 5387 avec
4526 5347 4662 5398 petite
4687 5347 4776 5388 dot.

3806 5430 3942 5478 5,609.
3971 5453 4026 5458 —
4082 5447 4099 5466 «
4134 5430 4304 5472 Guinée
4338 5434 4371 5472 ».
4434 5433 4779 5474 Fonctionnaire

3754 5489 3962 5540 colonial,
3999 5492 4051 5532 29
4086 5503 4182 5542 ans,
4220 5492 4368 5534 bonne
4403 5492 4635 5543 situation,
4674 5496 4776 5535 bien

3754 5562 3859 5590 sous
3895 5551 3995 5591 tous
4032 5552 4256 5603 rapports,
4296 5552 4535 5592 désirerait
4569 5554 4771 5604 mariage

3752 5619 3858 5649 avec
3887 5608 4171 5653 institutrice.

3803 5687 3939 5734 5,685.
3970 5690 4025 5728 —
4055 5690 4184 5738 Veuf,
4216 5691 4268 5728 48
4298 5699 4394 5736 ans,
4427 5700 4483 5728 ne
4512 5688 4576 5730 les
4606 5691 4776 5742 parais¬

3750 5746 3851 5786 sant
3876 5758 3971 5798 pas,
4002 5748 4104 5788 bien
4134 5748 4187 5790 de
4214 5760 4263 5789 sa
4289 5759 4527 5799 personne,
4556 5750 4676 5791 deux
4703 5762 4776 5790 en¬

3751 5806 3886 5855 fants,
3916 5808 4032 5848 mais
4060 5820 4208 5848 aucun
4238 5808 4339 5848 à-sa
4366 5808 4544 5858 charge,
4575 5810 4775 5861 proprié¬

3748 5866 3860 5907 taire
3890 5868 3932 5908 et
3961 5868 4168 5920 employé
4198 5867 4628 5919 d’administration,
4662 5868 4775 5910 dési¬

3749 5938 3795 5966 re
3824 5927 3963 5968 union
3992 5940 4098 5968 avec
4125 5927 4388 5968 demoiselle
4415 5939 4472 5967 ou
4499 5940 4641 5971 veuve
4668 5940 4774 5970 sans

3748 5986 3943 6035 enfants,
3977 5988 4031 6027 de
4062 5990 4112 6027 35
4143 5988 4169 6028 à
4199 5990 4250 6027 45
4280 5998 4376 6034 ans,
4412 5987 4499 6027 bon
4531 5990 4769 6035 caractère,

3746 6046 3877 6095 goûts
3914 6047 4115 6098 simples,
4155 6047 4258 6088 bien
4297 6046 4351 6086 de
4386 6057 4435 6086 sa
4471 6059 4694 6098 personne
4729 6047 4771 6087 et

3746 6106 3882 6155 ayant
3906 6106 3982 6147 dot
4006 6119 4063 6147 ou
4090 6107 4229 6147 rente.

3797 6184 3931 6231 5,661.
3966 6186 4019 6224 —
4050 6186 4194 6224 Jeune
4228 6183 4424 6231 homme,
4458 6186 4510 6224 25
4541 6198 4637 6235 ans,
4673 6186 4768 6227 seul

3775 6254 3850 6282 vec
3877 6255 3926 6282 sa
3955 6245 4091 6291 mère,
4122 6242 4276 6290 blond,
4310 6243 4428 6291 bien,
4459 6244 4697 6287 éducation
4727 6244 4770 6284 et

3775 6302 4014 6343 ustruction
4051 6302 4270 6352 soignées,
4310 6300 4484 6344 famille
4522 6304 4599 6346 des
4662 6303 4766 6356 plus

3775 6362 4027 6411 onorables,
4062 6360 4306 6412 possédant
4337 6372 4390 6402 en
4424 6364 4590 6414 plaine,
4652 6366 4767 6406 dans

3775 6432 3800 6459 n
3863 6422 4103 6462 charmant
4163 6432 4288 6472 pays,
4351 6423 4578 6475 propriété
4611 6424 4766 6466 valant

3775 6482 3887 6528 ),000
3920 6482 3992 6530 fr.,
4028 6480 4306 6522 mécanicien
4340 6482 4555 6534 diplômé,
4616 6484 4766 6526 bonne

3783 6540 3958 6589 ientèle,
3988 6540 4214 6580 demande
4240 6540 4376 6591 jeune
4403 6543 4496 6584 fille
4524 6544 4672 6584 bonne
4702 6543 4764 6584 fa¬

3775 6599 3878 6647 illie,
3908 6599 4187 6649 charmante,
4243 6602 4323 6652 âge
4351 6602 4631 6655 réciproque,
4687 6604 4764 6644 dot

3778 6659 3919 6696 livant,
3943 6659 4007 6697 lui
4031 6671 4083 6697 en
4110 6663 4279 6697 argent,.

3791 6736 3926 6783 5,683.
3963 6736 4018 6778 —
4054 6736 4222 6787 Comte,
4260 6739 4383 6788 veuf,
4422 6739 4534 6788 seul,
4572 6742 4623 6781 64
4660 6752 4756 6789 ans,

3736 6795 3863 6835 santé
3899 6796 4107 6848 parfaite,
4174 6798 4296 6848 actif,
4334 6802 4457 6850 2,000
4494 6799 4548 6841 fr.
4616 6803 4755 6854 rente,
