5228 7176
2202 342 2275 379 LE
2305 340 2488 379 TRAIT
2519 342 2768 383 D'UNION

347 435 464 475 6263.
491 435 666 475 Centre.
687 459 742 463 —
762 436 995 477 Monsieur
1015 438 1191 479 abonné
1212 448 1318 480 sans

295 504 512 535 annonce.

344 581 462 622 6266.
524 581 714 623 Vienne.
767 584 809 623 —
850 581 968 623 Veuf
991 583 1104 631 seul,
1142 587 1192 622 49
1226 595 1319 632 ans,

296 645 415 682 1.400
436 644 486 683 fr.
511 653 716 692 revenus,
758 643 1011 695 épouserait
1031 643 1160 684 dame
1184 656 1320 686 veuve

292 715 348 744 ou
370 705 628 746 demoiselle
659 707 782 756 âgée,
808 709 940 758 ayant
962 707 1187 747 situation.
1211 708 1323 748 Très

292 767 479 807 sérieux.

353 848 434 890 Les
458 850 702 890 messieurs
746 850 947 891 abonnés
970 852 1071 891 sont
1122 851 1243 899 priés
1266 852 1319 891 de

298 908 522 956 répondre
539 908 566 950 à
583 912 731 951 toutes
751 910 814 950 les
834 912 986 951 lettres
1003 910 1079 960 qui
1103 911 1200 951 leur
1218 915 1319 951 sont

298 968 542 1009 adressées.

347 1055 464 1095 6271.
506 1056 650 1096 Aude.
676 1055 716 1094 —
752 1055 987 1096 Monsieur
1015 1052 1187 1095 abonné
1215 1067 1320 1095 sans

292 1126 504 1156 annonce.

345 1199 463 1238 6272.
491 1199 627 1239 Gard.
652 1197 699 1237 —
723 1196 991 1248 Négociant,
1015 1198 1319 1248 propriétaire,

291 1259 566 1310 célibataire,
591 1263 636 1299 47
659 1270 755 1308 ans,
777 1259 903 1299 santé
923 1259 1180 1310 excellente,
1203 1260 1321 1300 taille

294 1322 311 1360 1
334 1327 359 1343 m
380 1326 444 1371 70,
478 1322 740 1374 corpulence
763 1331 816 1361 en
839 1325 1034 1372 rapport,
1064 1324 1154 1363 très
1175 1323 1319 1362 bonne

292 1383 471 1432 famille,
500 1383 752 1436 épouserait
787 1383 1044 1424 demoiselle
1079 1398 1134 1426 ou
1163 1395 1316 1433 veuve,

291 1456 396 1486 sans
422 1447 608 1492 enfants,
632 1450 918 1498 protestante,
950 1446 1002 1486 de
1027 1451 1076 1488 33
1100 1451 1124 1487 à
1151 1451 1201 1487 38
1220 1458 1316 1495 ans,

291 1513 487 1558 pouvant
509 1519 556 1549 se
579 1508 800 1559 déplacer,
835 1508 982 1548 bonne
1012 1510 1146 1555 taille,
1171 1509 1319 1560 physi¬

291 1581 374 1620 que
396 1571 952 1622 agréable,aimante,apte
975 1583 1029 1612 au
1051 1582 1315 1621 commerce,

290 1631 366 1672 dot
390 1635 437 1672 10
460 1636 484 1674 à
506 1634 655 1674 20.C00
676 1634 726 1672 fr.
751 1633 964 1683 garantis.

343 1716 462 1755 6273.
495 1716 747 1756 Toulouse.
772 1737 813 1745 —
835 1714 969 1763 Veuf,
994 1715 1047 1755 30
1067 1726 1162 1763 ans,
1187 1718 1320 1765 ayant

290 1778 452 1828 emploi
475 1778 566 1826 sûr,
588 1775 822 1817 désirerait
840 1775 1039 1827 mariage
1062 1788 1168 1817 avec
1188 1776 1318 1826 jeune

291 1838 378 1879 fille
408 1851 464 1879 ou
503 1850 642 1879 veuve
675 1850 779 1879 sans
815 1838 1002 1887 enfants,
1026 1840 1227 1880 ouvrière
1262 1851 1315 1879 ou

289 1902 342 1941 de
364 1901 587 1942 condition
611 1900 826 1950 modeste,
849 1903 929 1950 âge
948 1911 1002 1940 en
1026 1903 1222 1954 rapport.

343 1983 459 2022 6274.
486 1981 1024 2032 Pyrénées-Oiieiitales.
1049 1983 1099 2022 —
1130 1982 1314 2023 Céliba¬

288 2045 431 2091 taire,
452 2046 500 2083 25
522 2054 618 2094 ans,
639 2047 772 2094 ayant
787 2043 863 2096 joli
884 2043 1142 2094 immeuble,
1162 2043 1319 2083 valeur

287 2110 436 2147 80.000
472 2106 522 2145 fr.
550 2111 592 2147 et
634 2107 795 2147 faisant
823 2116 1075 2147 commerce
1103 2108 1171 2146 de-
1202 2106 1314 2156 vins,

286 2167 521 2208 désirerait
559 2172 736 2219 prompt
771 2170 972 2219 mariage
1007 2180 1116 2208 avec
1146 2168 1316 2208 demoi¬

286 2231 410 2280 selle,
434 2231 688 2280 préférence
719 2231 950 2281 orpheline
983 2242 1038 2271 ou
1070 2231 1159 2270 fille
1190 2236 1314 2272 natu¬

288 2293 394 2332 relle
415 2297 551 2344 ayant
571 2294 646 2332 dot
668 2303 719 2331 en
746 2296 939 2345 rapport.

343 2366 478 2404 Aider
499 2375 556 2406 au
576 2364 851 2406 relèvement
871 2365 1006 2406 social
1029 2368 1070 2406 et
1092 2367 1234 2406 moral
1259 2367 1311 2405 de

290 2423 330 2463 la
354 2426 507 2464 nation
534 2435 587 2464 en
615 2426 779 2464 luttant
804 2428 955 2466 contre
982 2426 1019 2465 le
1044 2424 1221 2474 célibat,
1247 2427 1310 2464 fa¬

287 2484 432 2524 ciliter
467 2486 528 2525 les
562 2486 786 2534 mariages
820 2496 900 2534 par
935 2495 995 2526 un
1029 2486 1223 2535 système
1258 2486 1310 2524 de

288 2544 399 2584 mise
428 2555 483 2584 en
515 2546 704 2584 relation
735 2546 911 2586 sérieux
944 2548 984 2583 et
1015 2547 1179 2586 discret
1211 2555 1220 2583 :
1251 2546 1307 2584 tel

287 2607 352 2643 est
378 2606 415 2644 le
439 2606 519 2645 but
541 2605 594 2645 de
620 2606 661 2643 la
687 2606 928 2644 Direction.

339 2691 456 2730 6270.
488 2691 619 2730 Eure.
722 2691 851 2738 Veuf,
879 2691 930 2728 46
956 2702 1052 2739 ans,
1107 2700 1212 2730 sans
1238 2699 1311 2729 en¬

287 2747 422 2797 fants,
455 2751 591 2799 ayant
620 2748 846 2799 propriété
876 2748 1156 2799 d’agrément
1184 2747 1227 2787 et
1256 2748 1310 2787 de

287 2808 486 2858 rapport,
523 2810 668 2847 15.000
699 2808 754 2847 fr.
790 2807 1058 2856 économies,
1092 2818 1310 2847 commer¬

283 2876 332 2907 ce
359 2867 625 2918 rapportant
649 2870 673 2906 5
698 2867 723 2906 à
746 2868 868 2906 6.000
891 2867 947 2907 fr.
1003 2867 1107 2915 l’an,
1163 2865 1309 2906 désire

286 2923 398 2967 faire
419 2927 458 2967 le
479 2926 611 2966 choix
633 2927 767 2966 d’une
788 2937 1039 2976 compagne
1060 2924 1308 2975 sympathi¬

283 2995 385 3035 que,
407 2986 460 3026 de
479 2985 611 3035 goûts
631 2983 818 3034 simples
837 2985 974 3036 ayant
992 2984 1104 3036 petit
1122 2983 1247 3024 avoir
1267 2987 1308 3023 et

284 3044 471 3084 voulant
497 3045 619 3084 créer
649 3044 773 3094 foyer
802 3046 994 3086 sérieux.
1027 3043 1196 3083 Pressé.

334 3131 451 3170 0280.
479 3131 720 3168 Toulouse.
745 3152 798 3159 —
823 3130 1105 3178 Célibataire,
1131 3131 1183 3167 37
1207 3139 1303 3176 ans,

282 3189 659 3239 sous-inspecteur
678 3188 755 3228 des
774 3190 980 3230 chemins
999 3187 1054 3228 de
1073 3188 1139 3228 fer
1159 3188 1183 3227 à
1203 3187 1304 3227 Haï-

282 3248 435 3299 phong
463 3246 783 3289 actuellement
810 3260 864 3290 en
895 3249 1032 3298 congé
1088 3246 1304 3287 adminis¬

281 3307 420 3355 tratif,
450 3306 664 3347 situation
691 3310 812 3348 6.000
839 3308 894 3347 fr.
922 3318 1004 3356 par
1031 3318 1103 3354 an,
1159 3306 1304 3347 désire

279 3365 468 3416 épouser
491 3364 752 3407 demoiselle
775 3379 833 3408 ou
855 3366 991 3416 jeune
1016 3376 1172 3413 veuve,
1198 3376 1306 3407 sans

279 3425 450 3472 enfant,
474 3427 611 3475 ayant
631 3427 722 3475 dot,
746 3426 826 3475 âge
847 3423 1023 3467 assorti.
1048 3424 1219 3464 Pressé.

331 3511 448 3550 6281.
511 3511 705 3551 Vendée.
735 3512 788 3550 —
820 3510 1067 3559 Monsieur,
1126 3510 1303 3551 abonné

278 3579 383 3610 sans
405 3582 622 3611 annonce.

330 3654 448 3694 6282.
480 3654 583 3693 Côte
610 3654 815 3693 d’ivoire.
839 3655 895 3694 —
950 3654 1187 3703 Ingénieur
1240 3655 1300 3694 du

280 3712 658 3760 Gouvernement,
686 3712 736 3750 34
760 3723 856 3762 ans,
883 3712 1127 3754 excellente
1154 3711 1302 3752 famil¬

278 3770 318 3811 le
339 3772 383 3811 et
403 3771 658 3818 éducation,
684 3772 911 3824 physique
933 3772 1158 3823 agréable,
1184 3783 1303 3823 sym¬

277 3831 475 3881 patique,
535 3829 727 3879 sérieux,
762 3832 851 3873 très
882 3831 1069 3879 aimant,
1130 3830 1298 3879 artiste,

276 3890 412 3939 doux,
446 3890 534 3928 bon
564 3891 803 3940 caractère,
836 3902 922 3943 peu
979 3890 1212 3938 mondain,
1247 3891 1299 3931 si¬

278 3948 449 3989 tuation
477 3950 599 3987 8.500
626 3948 682 3990 fr.
712 3950 816 4000 plus
843 3951 966 3990 2.000
992 3947 1046 3988 fr.
1078 3948 1300 3989 indemni¬

275 4007 355 4055 tés,
382 4008 494 4058 logé,
519 4007 591 4048 bel
615 4010 786 4058 avenir,
813 4007 1000 4060 possède
1023 4007 1151 4047 avoir
1171 4007 1215 4047 et
1236 4020 1300 4048 es¬

275 4067 506 4116 pérances,
534 4076 664 4117 passe
691 4080 746 4108 en
776 4068 946 4108 France
974 4066 999 4107 à
1026 4067 1147 4107 demi
1174 4066 1298 4108 solde

274 4124 315 4168 le
338 4125 446 4166 tiers
458 4126 512 4167 de
527 4135 606 4165 son
622 4127 783 4179 temps,
799 4126 945 4168 désire
968 4124 1169 4177 mariage
1192 4136 1300 4167 avec

274 4183 536 4227 demoiselle
556 4184 708 4235 jeune,
735 4188 824 4228 très
845 4184 967 4235 jolie,
996 4186 1164 4227 femme
1187 4185 1298 4227 d’in¬

274 4243 454 4292 térieur,
478 4244 599 4287 toute
619 4246 816 4288 dévouée
835 4243 878 4284 et
897 4244 1121 4286 confiante
1141 4255 1196 4284 en
1215 4257 1296 4287 son

273 4303 403 4351 mari,
463 4302 638 4346 aimant
665 4304 735 4345 vie
791 4302 1047 4344 ensoleillée
1078 4303 1119 4343 et
1174 4315 1297 4356 spor¬

271 4359 358 4400 tive
414 4360 526 4402 dans
583 4364 752 4404 colonie
808 4363 956 4410 saine,
1015 4362 1182 4413 proche
1244 4364 1298 4403 de

272 4420 453 4470 France,
527 4423 602 4463 dot
674 4424 879 4462 assurant
943 4421 1122 4463 aisance
1188 4434 1300 4474 pour

270 4479 407 4520 vieux
432 4482 560 4531 jours
587 4483 629 4523 et
655 4480 837 4522 enfants
863 4480 889 4520 à
914 4482 1058 4524 venir.
1089 4483 1295 4533 Réponse

270 4540 466 4583 certaine
495 4554 576 4594 par
607 4539 803 4592 premier
858 4541 1060 4583 courrier
1088 4542 1116 4582 à
1173 4542 1294 4583 toute

270 4600 549 4651 proposition
578 4598 810 4642 conforme
836 4599 1052 4640 émanant
1079 4600 1159 4640 des
1184 4600 1293 4639 inté¬

270 4660 452 4700 ressées.
477 4661 659 4700 Donner
680 4659 780 4699 tous
795 4659 958 4700 détails
970 4671 1024 4700 en
1046 4659 1290 4706 confiance,

268 4717 406 4766 photo
439 4719 623 4760 rendue.
660 4716 912 4760 Discrétion
946 4719 1144 4760 absolue.
1182 4719 1292 4759 Très

267 4776 459 4819 sérieux.

320 4855 439 4894 6283.
480 4852 867 4894 Lot-et-Garonne.
902 4854 955 4894 —
1018 4854 1287 4894 Célibataire

265 4912 316 4951 25
346 4926 441 4963 ans,
499 4912 798 4966 propriétaire
852 4912 1143 4964 agriculteur,
1204 4912 1290 4952 ins¬

266 4970 390 5022 truit,
420 4973 600 5022 cultivé,
632 4982 855 5022 moyenne
883 4974 1075 5021 aisance,
1106 4972 1289 5023 épouse¬

265 5031 351 5071 rait
372 5032 508 5083 jeune
533 5041 770 5084 personne,
798 5033 1035 5082 caractère,
1063 5032 1143 5083 âge
1168 5031 1210 5073 et
1234 5032 1288 5074 si¬

265 5090 439 5132 tuation
463 5103 516 5134 en
542 5091 742 5142 rapport,
767 5103 824 5132 ou
847 5091 971 5132 riche
994 5092 1035 5132 et
1058 5090 1288 5143 préférant

264 5147 582 5203 l’intelligence
612 5150 637 5190 à
666 5147 710 5188 la
741 5149 936 5191 fortune.

315 5228 434 5270 6286.
467 5226 679 5268 Gironde.
707 5250 761 5255 —
790 5228 920 5275 Veuf,
966 5229 1013 5266 41
1046 5239 1142 5278 ans,
1189 5228 1285 5268 seul

262 5283 423 5338 depuis
446 5287 525 5329 dix
548 5296 644 5334 ans,
671 5286 982 5337 propriétaire,
1008 5286 1282 5331 viticulteur,

267 5346 567 5387 honorabilité
602 5346 811 5395 parfaite,
829 5346 1043 5387 Situation
1059 5348 1207 5386 60.000
1222 5347 1277 5387 fr.

261 5404 372 5446 dont
399 5408 548 5447 20.000
604 5404 831 5455 capitaux,
891 5405 1038 5447 désire
1094 5407 1285 5456 épouser

262 5475 484 5514 personne
543 5464 738 5506 sérieuse
771 5468 907 5516 ayant
964 5464 1179 5507 situation
1215 5466 1286 5506 Gi¬

263 5526 403 5567 ronde
426 5536 480 5566 ou
535 5524 848 5574 département
870 5524 1031 5566 voisin.
1086 5526 1198 5567 Très
1222 5525 1285 5567 sé¬

261 5582 404 5628 rieux.

314 5663 431 5703 6289.
471 5660 740 5705 Sud-Ouest.
775 5662 828 5702 —
880 5662 1163 5712 Célibataire,
1230 5665 1278 5703 41

260 5732 356 5771 ans,
392 5722 614 5774 employé,
667 5721 779 5771 petit
810 5722 974 5772 capital
1024 5721 1279 5772 personnel,

258 5783 522 5830 espérances
551 5782 691 5827 sûres,
723 5780 918 5822 honnête
947 5780 1136 5831 famille,
1167 5781 1282 5823 dési¬

259 5850 306 5880 re
331 5840 655 5891 correspondre
681 5851 796 5890 pour
824 5840 1024 5892 mariage
1051 5851 1159 5881 avec
1183 5851 1281 5891 per¬

258 5908 396 5940 sonne
424 5900 684 5942 honorable.

307 5975 443 6018 6.291.
483 5978 680 6019 Landes.
732 5978 780 6016 —
834 5978 1064 6019 Monsieur
1109 5975 1280 6016 abonné

254 6039 360 6068 sans
383 6041 595 6072 annonce.

303 6111 423 6150 6292.
455 6112 595 6151 Aude.
622 6135 676 6139 —
704 6110 832 6156 Veuf,
887 6112 940 6151 52
967 6122 1063 6161 ans,
1091 6111 1278 6152 catholi¬

253 6179 355 6218 que,
419 6171 610 6218 sérieux,
648 6168 862 6210 situation
925 6170 1274 6222 indépendante,

254 6227 378 6267 avoir
408 6231 650 6278 personnel
683 6239 848 6268 revenu
883 6230 1048 6270 annuel
1082 6231 1186 6267 4600
1218 6229 1274 6270 fr.

252 6286 508 6336 épouserait
538 6286 799 6330 demoiselle
827 6300 883 6330 ou
914 6300 1056 6330 veuve
1087 6288 1278 6330 honora¬

251 6343 337 6394 ble,
370 6347 450 6396 âge
506 6348 682 6395 assorti,
714 6347 981 6388 sentiments
1036 6346 1271 6399 religieux,

252 6404 387 6456 petite
411 6407 500 6455 dot,
527 6408 657 6459 goûts
680 6406 882 6458 simples,
909 6408 1111 6459 pouvant
1134 6420 1180 6451 se
1203 6407 1275 6450 dé¬

252 6463 416 6515 placer.

301 6552 418 6591 6293.
450 6550 874 6602 Hautes-Pyrénées.
900 6578 954 6582 —
977 6554 1122 6595 Jeune
1148 6554 1273 6593 hom¬

251 6612 335 6656 me,
360 6612 410 6650 27
431 6622 527 6657 ans,
551 6612 748 6658 châtain,
772 6611 898 6654 taille
920 6616 937 6652 1
963 6625 1022 6655 m.
1047 6615 1111 6662 70,
1137 6613 1272 6663 ayant

251 6669 364 6711 belle
390 6671 615 6720 propriété
640 6671 696 6712 de
719 6672 867 6711 30.000
892 6671 947 6713 fr.
975 6675 1016 6714 et
1044 6674 1188 6712 12.000
1215 6672 1268 6714 fr.

1398 451 1450 479 en
1479 442 1672 488 espèces,
1727 440 1875 482 désire
1900 440 2102 490 mariage
2158 451 2263 482 avec
2288 442 2425 491 jeune

1400 498 1492 540 fille
1511 500 1566 540 de
1592 503 1634 538 17
1657 499 1682 538 à
1703 501 1755 540 24
1776 512 1871 544 ans,
1896 500 2070 540 aimant
2091 500 2135 540 la
2155 511 2420 551 campagne,

1399 556 1607 599 instruite
1633 556 1674 598 et
1726 561 1931 606 pouvant
1954 560 1995 601 le
2047 560 2263 600 seconder
2287 560 2424 610 ayant

1397 616 1475 657 dot
1506 620 1554 656 15
1583 618 1610 657 à
1638 619 1787 657 20.000
1818 619 1859 658 et
1890 619 2141 659 au-dessus.
2178 617 2424 659 Honorabi¬

1398 674 1474 716 lité
1504 676 1855 728 irréprochable.
1888 679 1998 720 Très
2026 678 2219 719 sérieux.

1450 763 1567 802 6296.
1597 762 1907 802 Toulouse.—
1936 763 2279 803 Fonctionnaire
2309 762 2420 811 Etat,

1397 822 1503 861 veuf
1559 832 1666 862 sans
1719 822 1915 870 enfants,
1973 826 2024 862 35
2053 835 2148 869 ans,
2207 822 2419 862 situation

1395 882 1519 920 3.500
1550 880 1715 929 francs,
1747 882 2004 931 épouserait
2034 892 2256 932 personne
2287 883 2424 922 hono¬

1398 939 1536 988 rable,
1566 940 1646 987 âge
1670 939 1712 979 et
1739 940 1952 980 situation
1979 952 2034 980 en
2063 941 2263 991 rapport.

1449 1025 1566 1064 6298.
1601 1024 1730 1065 Midi.
1759 1026 1813 1063 —
1845 1025 2076 1064 Monsieur
2120 1026 2232 1074 seul,
2281 1025 2418 1074 riche,

1396 1083 1706 1132 désintéressé,
1734 1084 1991 1132 épouserait
2014 1084 2146 1125 dame
2171 1096 2227 1125 ou
2255 1085 2422 1126 demoi¬

1395 1142 1503 1183 selle
1535 1143 1670 1192 ayant
1700 1143 1896 1192 qualités
1926 1143 2174 1194 physiques
2204 1144 2247 1184 et
2279 1155 2420 1184 mora¬

1397 1200 1474 1241 les.

1447 1288 1566 1327 6299.
1599 1287 1791 1327 Vendée.
1820 1311 1875 1316 —
1903 1287 2186 1336 Célibataire,
2243 1291 2294 1328 50
2322 1299 2417 1337 ans,

1395 1347 1520 1386 avoir
1548 1348 1692 1387 10,000
1718 1347 1791 1396 fr.,
1818 1347 1963 1388 désire
1988 1347 2190 1399 mariage
2215 1359 2322 1389 avec
2347 1348 2420 1388 da¬

1395 1415 1466 1444 me
1495 1417 1553 1446 ou
1582 1406 1857 1454 demoiselle,
1888 1405 2103 1447 situation
2134 1418 2187 1447 en
2217 1407 2416 1459 rapport,

1393 1475 1511 1512 pour
1536 1466 1714 1506 monter
1739 1475 2004 1506 commerce.
2035 1466 2302 1516 Epouserait
2324 1466 2420 1515 jeu¬

1394 1534 1450 1563 ne
1479 1523 1570 1564 fille
1601 1535 1706 1564 avec
1736 1524 1865 1564 tache
1894 1524 2031 1575 ayant
2059 1524 2150 1565 dot.

1447 1610 1564 1648 6300.
1595 1610 2026 1650 Tarn-et-Garonne.
2052 1635 2107 1639 —
2134 1611 2416 1660 Célibataire,

1393 1670 1444 1707 48
1475 1680 1570 1718 ans,
1631 1670 1887 1719 paraissant
1942 1671 2046 1720 plus
2075 1670 2227 1720 jeune,
2287 1672 2420 1721 agent

1392 1727 1639 1774 d’affaires,
1696 1727 1934 1770 conseiller
1989 1728 2256 1780 municipal,
2315 1730 2418 1771 bien

1393 1797 1499 1829 sous
1522 1788 1622 1827 tous
1647 1787 1712 1828 les
1735 1788 1960 1837 rapports,
1988 1789 2172 1832 homme
2198 1791 2252 1831 de
2275 1800 2415 1839 cœur,

1395 1846 1480 1885 bon
1514 1846 1752 1894 caractère,
1786 1848 1895 1895 goût
1927 1847 2128 1898 simples,
2163 1848 2420 1900 épouserait

1394 1904 1654 1944 demoiselle
1676 1916 1733 1944 ou
1758 1906 1892 1947 dame
1915 1908 2060 1948 même
2086 1910 2223 1956 ayant
2244 1908 2415 1950 enfant.

1392 1964 1635 2014 Répondra
1659 1975 1766 2005 sans
1791 1965 1954 2006 retard.
2397 1986 2415 2004 »

1443 2050 1560 2088 6301.
1623 2050 2131 2092 Charente-Inférieurs.
2176 2077 2230 2082 —
2284 2054 2414 2102 Veuf,

1392 2119 1496 2150 sans
1520 2108 1715 2155 enfants,
1767 2110 1819 2150 39
1842 2121 1938 2156 ans,
1967 2114 1983 2150 1
2011 2123 2071 2150 m.
2098 2113 2163 2160 58,
2217 2112 2414 2163 châtain,

1391 2168 1601 2216 charron,
1634 2170 1770 2211 établi
1799 2170 1963 2218 depuis
1994 2172 2042 2210 10
2071 2182 2167 2220 ans,
2200 2171 2416 2214 situation

1390 2227 1512 2267 2.000
1539 2228 1595 2268 fr.
1626 2228 1812 2276 liquide,
1843 2229 1992 2270 désire
2016 2231 2207 2279 épouser
2235 2243 2418 2283 person¬

1391 2296 1446 2326 ne
1475 2288 1660 2327 environ
1688 2289 1740 2327 30
1768 2299 1863 2333 ans,
1920 2289 2071 2330 bonne
2096 2291 2238 2339 santé,
2267 2292 2415 2331 bonne

1391 2346 1616 2395 conduite,
1644 2347 1782 2395 ayant
1804 2347 1915 2395 petit
1938 2348 2062 2388 avoir
2087 2351 2130 2390 et
2151 2351 2354 2400 pouvant
2376 2350 2418 2391 le

1390 2406 1619 2446 seconder.
1657 2405 1846 2446 Sérieux
1876 2407 1919 2446 et
1949 2407 2114 2458 pressé.

1444 2491 1560 2531 6302.
1626 2491 1895 2532 Sud-Ouest.
1955 2518 2010 2523 —
2071 2495 2416 2535 Fonctionnaire

1391 2548 1504 2599 Etat,
1532 2550 1652 2596 veuf,
1706 2552 1856 2594 bonne
1879 2554 2019 2602 santé,
2073 2554 2284 2595 conduite
2310 2554 2415 2596 irré¬

1391 2610 1651 2657 prochable,
1715 2611 1973 2660 épouserait
2032 2612 2295 2655 demoiselle
2355 2625 2412 2655 ou

1389 2679 1545 2717 veuve,
1578 2668 1918 2719 enseignement
1945 2683 2002 2712 ou
2032 2672 2195 2723 postes,
2227 2674 2282 2715 de
2308 2676 2360 2714 35
2390 2675 2415 2714 à

1388 2727 1439 2766 55
1463 2739 1559 2775 ans,
1586 2739 1644 2767 ou
1668 2727 1771 2770 bien
1799 2742 2020 2780 personne
2046 2732 2182 2782 ayant
2207 2732 2331 2784 large
2355 2732 2415 2774 ai¬

1388 2796 1535 2835 sance,
1565 2786 1667 2826 bien
1696 2800 1802 2828 sous
1827 2790 1927 2830 tous
1954 2791 2176 2842 rapports.

1438 2864 1540 2903 6303
1561 2864 1608 2903 —
1631 2864 1898 2906 Bordeaux.
1938 2867 2064 2916 Veuf,
2095 2867 2147 2906 40
2178 2879 2274 2916 ans,
2309 2879 2416 2908 sans

1383 2915 1547 2966 enfant,
1583 2916 1826 2966 exploitant
1866 2921 2007 2959 môme
2050 2931 2300 2962 commerce
2343 2923 2415 2962 de¬

1384 2969 1484 3019 puis
1514 2970 1562 3010 20
1582 2979 1678 3018 ans,
1703 2983 1864 3011 revenu
1902 2972 2043 3013 10.000
2063 2972 2131 3019 fr.,
2163 2975 2415 3016 économies

1388 3023 1560 3064 100.000
1582 3023 1650 3071 fr.,
1669 3023 1779 3066 forte
1795 3026 2074 3076 corpulence,
2106 3027 2248 3068 bonne
2271 3030 2410 3078 santé,

1383 3078 1634 3126 épouserait
1688 3078 1948 3119 demoiselle
1998 3091 2054 3120 ou
2103 3091 2256 3131 veuve,
2304 3086 2353 3122 25
2392 3086 2414 3122 à

1380 3130 1431 3167 40
1463 3142 1558 3180 ans,
1590 3132 1719 3179 goûts
1755 3132 1956 3183 simples,
1990 3134 2199 3175 situation
2231 3147 2284 3178 en
2320 3147 2412 3187 rap¬

1380 3188 1479 3232 port
1500 3183 1667 3234 exigée.
1686 3186 1796 3226 Très
1816 3186 2007 3227 sérieux.

1752 3396 2048 3467 AVIS

1431 3583 1489 3624 Le
1516 3584 1764 3632 Directeur,
1794 3586 2092 3643 soucieux^de
2115 3599 2354 3630 conserver
2380 3588 2406 3629 à

1379 3642 1423 3680 la
1451 3643 1763 3684 combinaison
1819 3646 1883 3686 du
1915 3647 2042 3687 Trait
2097 3647 2292 3688 d’Union
2324 3660 2404 3689 son

1379 3700 1608 3749 caractère
1667 3703 2054 3754 d'irréprochable
2118 3707 2396 3757 délicatesse,

1377 3760 1476 3810 prie
1500 3762 1567 3802 les
1591 3774 1839 3812 personnes
1864 3765 1943 3815 qui
1971 3768 2324 3817 correspondent
2351 3768 2404 3807 de

1375 3821 1553 3861 vouloir
1579 3821 1682 3862 bien
1709 3823 1887 3870 joindre
1915 3823 1940 3864 à
1966 3824 2066 3866 leur
2091 3827 2282 3867 numéro
2307 3838 2404 3878 per¬

1376 3880 1532 3920 sonnel
1560 3880 1659 3920 leur
1683 3892 1790 3920 nom
1815 3894 1872 3923 ou
1899 3884 2151 3926 seulement
2175 3886 2298 3928 leurs
2322 3885 2404 3926 ini¬

1376 3938 1519 3980 tiales.
1551 3939 1651 3979 Ceci
1680 3940 1770 3980 afin
1799 3941 1984 3983 d’éviter
2012 3943 2056 3983 la
2084 3944 2400 3986 transmission

1375 3998 1430 4039 de
1457 3998 1609 4040 lettres
1663 4000 1892 4040 adressées
1916 4000 1943 4040 à
1968 4002 2012 4042 la
2064 4002 2292 4044 Direction
2320 4016 2403 4055 par

1375 4058 1454 4098 des
1475 4070 1585 4108 gens
1609 4058 1926 4102 malhonnêtes
1949 4062 1992 4103 et
2015 4074 2106 4102 non
2130 4063 2344 4104 abonnés.

1430 4116 1572 4159 Toute
1590 4116 1720 4159 lettre
1742 4131 1798 4159 ne
1818 4120 2000 4168 portant
2019 4133 2102 4171 pas
2122 4135 2211 4163 une
2234 4122 2402 4163 indica¬

1374 4175 1466 4216 tion
1498 4176 1667 4227 précise
1696 4177 1752 4218 de
1782 4178 2078 4228 l’expéditeur
2107 4191 2206 4222 sera
2234 4181 2402 4223 détrui¬

1374 4235 1430 4274 te.

1413 4462 1672 4591 Offres
1721 4498 1880 4568 aux
1927 4467 2360 4568 Messieurs

1424 4736 1541 4776 6105.
1570 4735 1811 4779 Toulouse.
1838 4762 1886 4768 —
1914 4736 2198 4788 Demoiselle,
2223 4742 2274 4780 27
2299 4751 2395 4791 ans,

1371 4795 1473 4836 bien
1504 4796 1667 4845 élevée,
1699 4798 1863 4839 établie
1894 4810 1999 4839 avec
2028 4798 2144 4839 belle
2174 4799 2394 4850 clientèle,

1368 4854 1516 4896 désire
1592 4855 1919 4907 correspondre
1980 4867 2087 4899 avec
2164 4860 2396 4900 monsieur

1371 4915 1507 4963 ayant
1542 4914 1756 4955 situation
1795 4916 1995 4958 assortie.
2035 4918 2304 4970 Impossible
2340 4919 2394 4960 de

1368 4984 1413 5015 se
1438 4973 1660 5024 déplacer.

1419 5060 1537 5100 6121.
1566 5059 1778 5102 Gironde.
1800 5083 1858 5091 —
1876 5063 2022 5103 Jeune
2043 5063 2142 5105 fille
2166 5064 2222 5106 de
2244 5064 2394 5106 bonne

1367 5111 1556 5163 famille,
1591 5115 1643 5154 23
1675 5126 1771 5163 ans,
1807 5115 1987 5164 blonde,
2022 5115 2130 5166 jolie
2160 5118 2203 5159 et
2235 5118 2394 5159 distin¬

1364 5166 1490 5215 guée,
1523 5166 1614 5208 très
1643 5167 1867 5216 instruite,
1926 5169 2082 5210 brevet
2136 5171 2388 5223 supérieur,

1364 5219 1555 5271 anglais,
1586 5220 1818 5272 espagnol,
1847 5221 1992 5263 désire
2020 5223 2212 5273 épouser
2266 5236 2391 5265 mon¬

1366 5271 1486 5314 sieur
1506 5272 1560 5314 de
1578 5275 1630 5314 25
1648 5274 1675 5315 à
1694 5276 1744 5315 36
1763 5286 1858 5324 ans,
1882 5276 2016 5328 ayant
2036 5276 2267 5319 situation.
2319 5277 2392 5319 Sé¬

1366 5323 1508 5367 rieux.

1415 5407 1534 5446 6123.
1591 5407 1833 5448 Toulouse.
1860 5431 1914 5439 —
1942 5408 2051 5450 Père
2106 5410 2160 5449 de
2214 5411 2391 5451 famille

1363 5458 1474 5500 dont
1503 5459 1759 5502 l’influence
1790 5462 1832 5502 et
1861 5462 1926 5503 les
1956 5464 2116 5503 hautes
2175 5463 2390 5506 relations

1363 5512 1515 5552 seront
1536 5514 1627 5554 très
1648 5514 1786 5555 utiles
1806 5515 1831 5554 à
1854 5527 1934 5555 son
1958 5516 2084 5556 futur
2107 5518 2290 5568 gendre,
2318 5518 2390 5558 dé¬

1362 5563 1451 5605 sire
1482 5566 1648 5606 marier
1706 5579 1756 5607 sa
1785 5567 1892 5616 fille,
1926 5571 1977 5609 38
2007 5579 2103 5618 ans,
2137 5570 2293 5619 douce,
2327 5571 2390 5611 sé¬

1363 5618 1523 5668 rieuse,
1552 5619 1655 5660 bien
1680 5620 1844 5671 élevée,
1871 5623 1948 5663 dot
1974 5626 2121 5664 10.000
2146 5625 2219 5675 fr.,
2247 5626 2389 5667 mobi¬

1360 5671 1443 5711 lier
1467 5672 1509 5713 et
1534 5674 1783 5722 trousseau,
1838 5686 1944 5716 avec
1968 5675 2202 5719 monsieur
2253 5680 2391 5730 ayant

1360 5723 1575 5767 situation
1606 5726 1724 5777 sûre,
1756 5728 1836 5778 âge
1866 5730 2040 5770 assorti.

1414 5807 1531 5846 6126.
1555 5807 1610 5846 —
1634 5807 1822 5848 Famille
1862 5808 2111 5850 honorable
2150 5810 2386 5853 désirerait

1361 5863 1528 5906 marier
1567 5866 1704 5917 jeune
1746 5865 1853 5918 fille,
1879 5891 1934 5898 —
1955 5870 2008 5908 24
2049 5879 2148 5921 ans,
2190 5868 2384 5922 qualités

1356 5924 1550 5964 morales
1580 5925 1623 5964 et
1678 5925 1941 5977 physiques,
1975 5927 2091 5968 libre
2146 5940 2379 5980 penseuse,

1355 5981 1488 6032 goûts
1510 5983 1712 6032 simples,
1766 5986 1894 6026 avoir
1914 5988 2063 6027 20.000
2086 5988 2143 6030 fr.
2195 5990 2239 6031 et
2260 5990 2383 6040 espé¬

1356 6053 1515 6083 rances
1564 6044 1695 6087 sûres
1714 6068 1768 6073 —
1791 6046 1817 6084 à
1842 6057 2064 6094 personne
2116 6048 2379 6100 honorable,

1355 6103 1492 6150 ayant
1517 6103 1666 6143 bonne
1691 6104 1907 6146 situation
1934 6106 2048 6147 dans
2074 6106 2116 6148 le
2141 6107 2270 6149 Midi.

1486 6188 1610 6227 Lisez
1630 6199 1683 6229 en
1707 6192 1731 6229 4
1734 6196 1746 6212 (
1770 6199 1882 6239 page
1906 6191 1943 6232 le
1966 6192 2167 6235 courrier
2187 6194 2380 6243 grapho¬

1359 6246 1554 6297 logique.

1403 6332 1519 6374 6144.
1547 6334 1765 6376 Gironde.
1789 6336 1839 6376 —
1862 6336 2004 6378 Dame
2031 6336 2198 6384 veuve,
2234 6336 2379 6380 désire

1351 6385 1513 6426 marier
1528 6398 1578 6426 sa
1598 6387 1702 6435 fille,
1724 6391 1774 6427 28
1803 6399 1896 6435 ans,
1923 6390 2088 6430 famille
2117 6391 2376 6441 honorable,

1350 6439 1494 6479 bonne
1531 6440 1782 6491 éducation,
1823 6442 1984 6484 femme
2014 6444 2286 6494 d'intérieur,
2318 6447 2379 6486 sé¬

1354 6492 1512 6538 rieuse,
1532 6495 1762 6544 économe,
1784 6495 1859 6536 dot
1887 6498 1911 6536 5
1931 6499 1953 6536 à
1984 6498 2133 6538 10.000
2155 6500 2223 6549 fr.,
2260 6501 2379 6550 espé¬

1347 6556 1505 6587 rances
1525 6550 1674 6596 sûres;
1686 6560 1793 6590 avec
1802 6550 2031 6591 Monsieur
2047 6551 2102 6591 de
2116 6553 2168 6592 30
2179 6555 2203 6592 à
2215 6552 2268 6591 40
2279 6563 2376 6604 ans,

1347 6604 1482 6651 ayant
1498 6600 1721 6642 situation.

1402 6680 1518 6723 6149.
1547 6683 1815 6724 Sud-Ouest.
1834 6706 1876 6714 —
1886 6686 2083 6727 Famille
2100 6687 2377 6739 honorable,

2499 443 2704 484 voudrait
2725 446 2887 487 marier
2916 447 3032 488 belle
3062 451 3192 499 jeune
3218 451 3319 499 fille,
3350 453 3398 492 24
3428 463 3526 503 ans,

2500 498 2551 536 50
2572 498 2650 539 000
2672 499 2719 538 fr.
2744 499 2797 539 de
2816 499 2904 547 dot,
2922 512 3102 551 grosses
3120 507 3399 556 espérances,
3419 518 3528 547 avec

2503 550 2725 591 Monsieur
2759 559 2892 603 ayant
2926 556 3137 598 situation
3186 562 3304 599 sûre,
3350 559 3405 599 de
3444 564 3468 599 5
3504 562 3530 600 à

2500 604 2648 645 10.000
2670 606 2719 646 fr.
2744 618 2826 656 par
2846 619 2915 649 an.
2939 610 3160 652 Toulouse
3186 612 3239 652 de
3254 612 3524 663 préférence.

2552 695 2668 735 6150.
2711 696 2846 736 Word.
2899 699 2946 739 —
2995 699 3135 742 Dame
3180 710 3336 740 encore
3378 702 3524 751 jeune,

2499 747 2674 789 600.000
2695 748 2763 796 fr.,
2795 749 2967 791 fortune
2996 754 3288 803 personnelle,
3323 755 3529 795 voudrait

2499 804 2648 841 entrer
2657 814 2708 842 en
2723 802 2908 844 relation
2922 807 3526 858 avecpersonnedistinguée

2498 866 2603 895 sans
2626 856 2810 904 fortune,
2832 863 2967 908 ayant
2987 859 3102 901 belle
3119 861 3343 902 situation.

2552 946 2668 987 6151.
2694 947 2842 987 Hante
2864 949 3095 991 Garonne.
3118 972 3165 978 —
3191 950 3304 990 Très
3324 951 3526 992 honora¬

2500 999 2575 1039 ble
2599 999 2800 1047 famille,
2823 999 2970 1042 désire
2987 1004 3150 1042 marier
3172 1002 3260 1042 fille
3280 1002 3458 1054 unique,
3476 1008 3524 1043 22

2496 1054 2815 1104 ans,65.000fr.
2835 1059 3075 1106 comptant,
3087 1067 3194 1096 avec
3205 1055 3335 1115 jeune
3346 1058 3524 1098 homme

2498 1106 2552 1144 de
2576 1111 2623 1146 25
2643 1119 2666 1146 a
2684 1110 2734 1146 28
2757 1119 2851 1155 ans,
2863 1114 2996 1160 ayant
3015 1110 3159 1149 bonne
3180 1110 3390 1150 situation
3414 1112 3526 1151 dans

2498 1159 2538 1199 le
2575 1160 2840 1211 professorat
2863 1175 2919 1203 ou
2942 1163 3052 1203 dans
3068 1163 3264 1204 T'armée.

2554 1250 2671 1290 6168.
2716 1250 3104 1291 Lot-et-Garonne.
3129 1275 3184 1280 —
3235 1254 3519 1302 Demoiselle,

2500 1311 2551 1348 33
2580 1319 2675 1355 ans,
2733 1311 2984 1360 orpheline,
3016 1311 3241 1363 physique
3295 1312 3519 1363 agréable,

2500 1367 2723 1408 caractère
2747 1370 2838 1409 très
2860 1369 2948 1420 gai,
2976 1371 3114 1420 ayant
3135 1382 3388 1414 commerce
3414 1371 3522 1411 don¬

2499 1426 2608 1466 nant
2662 1427 2768 1475 jolis
2824 1427 3060 1478 bénéfices,
3119 1430 3266 1471 désire
3322 1442 3525 1481 mariage

2498 1495 2604 1526 avec
2660 1487 2895 1527 monsieur
2947 1487 3140 1533 sérieux,
3199 1488 3255 1529 de
3309 1491 3362 1528 30
3390 1488 3416 1528 à
3471 1491 3524 1529 35

2500 1555 2595 1593 ans,
2619 1547 2942 1597 commerçant,
2965 1558 3208 1599 voyageur,
3234 1549 3440 1600 employé
3462 1560 3519 1590 ou

2503 1603 2847 1646 fonctionnaire.
2870 1607 2934 1647 Ne
2956 1607 3064 1658 peut
3084 1619 3130 1649 se
3151 1607 3375 1659 déplacer.

2552 1696 2670 1736 6169.
2695 1696 2832 1736 Gard.
2851 1719 2905 1727 —
2927 1699 3065 1738 Dame
3084 1698 3223 1747 seule,
3247 1710 3351 1740 sans
3371 1699 3520 1739 famil¬

2500 1755 2555 1804 le,
2576 1755 2627 1795 45
2646 1767 2742 1804 ans,
2764 1755 2900 1807 petite
2919 1756 3124 1808 pension,
3147 1757 3372 1810 physique
3391 1759 3434 1800 et
3451 1770 3520 1799 ca¬

2502 1813 2693 1855 ractères
2715 1815 2890 1864 jeunes,
2915 1816 3126 1865 sérieuse,
3152 1816 3398 1859 excellente
3420 1830 3519 1859 san¬

2502 1874 2555 1920 té,
2582 1871 2684 1912 bien
2709 1874 2872 1923 élevée,
2900 1875 3188 1926 affectueuse,
3216 1876 3385 1916 femme
3408 1878 3519 1918 d’in¬

2502 1930 2680 1980 térieur,
2713 1932 2887 1975 aimant
2914 1934 2984 1976 vie
3012 1934 3157 1976 calme
3185 1935 3228 1975 et
3255 1935 3516 1987 tranquille,

2500 1990 2739 2032 recherche
2767 1991 2992 2041 affection,
3020 1992 3176 2034 amitié
3229 1994 3426 2035 sérieuse
3478 1995 3519 2034 et

2500 2050 2638 2090 union
2695 2051 2900 2100 durable,
2930 2063 3038 2092 avec
3066 2052 3298 2095 monsieur
3327 2054 3434 2103 aisé,
3464 2054 3518 2095 de

2498 2111 2548 2148 50
2571 2110 2596 2149 à
2619 2111 2671 2150 70
2695 2122 2776 2152 ans
2802 2110 2966 2160 (même
2989 2111 3245 2163 souffrant),
3272 2114 3389 2155 mais
3414 2113 3515 2154 bien

2498 2167 2619 2208 élevé
2642 2170 2685 2210 et
2703 2170 2899 2211 honnête
2919 2170 3119 2212 homme.
3145 2170 3255 2211 Irait
3276 2172 3519 2224 n’importe

2499 2226 2570 2266 où.
2599 2226 2710 2268 Très
2735 2227 2927 2268 sérieux.

2550 2314 2668 2354 6170.
2699 2314 3119 2355 Seine-Inférieure.
3147 2340 3199 2344 —
3244 2316 3516 2357 Institutrice

2500 2371 2612 2419 Etat,
2642 2374 2692 2412 25
2719 2384 2816 2421 ans,
2847 2373 2994 2415 bonne
3022 2375 3163 2423 santé,
3193 2375 3283 2415 très
3308 2375 3424 2427 gaie,
3455 2375 3517 2416 fa¬

2498 2430 2624 2473 mille
2652 2431 2915 2480 honorable,
2947 2432 3227 2483 espérances,
3261 2434 3519 2487 épouserait

2498 2490 2828 2533 fonctionnaire
2846 2491 3018 2544 grande
3037 2491 3143 2531 ville
3163 2494 3292 2534 ouest
3335 2506 3392 2535 ou
3414 2494 3515 2535 sud-

2496 2548 2636 2591 ouest.

2544 2633 2662 2675 6176.
2687 2635 2931 2676 Toulouse.
2952 2638 3007 2675 —
3029 2638 3183 2683 Dame,
3206 2647 3351 2680 veuve
3373 2637 3514 2679 d’offi¬

2491 2692 2582 2734 cier
2612 2692 2895 2743 ministériel,
2927 2698 2978 2736 38
3007 2707 3103 2745 ans,
3136 2695 3274 2744 seule,
3306 2708 3412 2739 sans
3440 2709 3512 2738 en¬

2496 2752 2628 2803 fants,
2667 2755 2803 2804 ayant
2840 2755 3015 2796 maison
3052 2768 3103 2796 en
3142 2755 3263 2800 ville,
3303 2767 3510 2806 revenus,

2491 2812 2665 2855 aimant
2688 2812 2760 2854 vie
2784 2812 2944 2863 calme,
2972 2815 3118 2856 désire
3143 2816 3334 2866 épouser
3388 2828 3514 2858 mon¬

2490 2871 2612 2913 sieur
2633 2873 2687 2914 de
2707 2874 2761 2912 50
2779 2871 2807 2912 à
2827 2874 2879 2912 60
2899 2884 2996 2923 ans,
3022 2874 3289 2926 intelligent,
3315 2875 3509 2925 sérieux,

2490 2933 2626 2982 ayant
2647 2932 2796 2973 bonne
2818 2931 3047 2973 situation.

2544 3020 2686 3062 Toute
2711 3020 2838 3062 lettre
2862 3023 3027 3062 devant
3051 3023 3143 3064 être
3166 3024 3407 3064 transmise
3434 3033 3515 3074 par

2492 3082 2554 3121 les
2572 3083 2695 3123 seins
2715 3082 2768 3122 de
2789 3082 2830 3121 la
2851 3083 3076 3122 Direction
3099 3088 3139 3124 et
3159 3096 3214 3126 ne
3234 3086 3414 3134 portant
3433 3095 3514 3132 pas

2491 3140 2528 3182 le
2554 3151 2660 3182 nom
2684 3141 2738 3180 de
2763 3140 3058 3191 l’expéditeur
3079 3155 3179 3184 sera
3203 3143 3411 3186 détruite.

2538 3236 2658 3276 6184.
2684 3235 2927 3276 Toulouse.
2948 3236 3001 3274 --
3028 3236 3311 3288 Demoiselle,
3336 3240 3388 3278 30
3411 3248 3506 3286 ans,

2486 3294 2699 3343 sérieuse,
2736 3294 2890 3344 douce,
2933 3295 3032 3334 bien
3071 3295 3234 3346 élevée,
3274 3298 3514 3337 excellente

2487 3356 2782 3407 musicienne,
2818 3358 3042 3409 physique
3078 3359 3303 3408 agréable,
3340 3360 3508 3400 femme

2486 3416 2763 3464 d’intérieur,
2795 3418 2927 3466 goûts
2956 3417 3159 3467 simples,
3192 3421 3330 3468 ayant
3358 3432 3414 3460 eu
3444 3432 3507 3460 re¬

2485 3487 2586 3515 vers
2610 3474 2664 3516 de
2691 3474 2886 3524 fortune,
2942 3475 3087 3516 désire
3138 3478 3331 3528 épouser
3384 3491 3508 3519 mon¬

2486 3534 2621 3584 sieur,
2652 3535 2921 3578 sentiments
2950 3535 3186 3587 religieux,
3219 3538 3300 3588 âge
3329 3538 3505 3587 assorti,

2483 3594 2690 3645 employé
2716 3606 2775 3634 ou
2804 3594 3150 3643 fonctionnaire,
3179 3596 3316 3647 ayant
3369 3598 3506 3638 situa¬

2484 3652 2576 3694 tion
2596 3654 2716 3695 sûre.

2536 3742 2654 3782 6186.
2710 3740 2922 3780 Gironde.
2970 3763 3028 3770 —
3076 3740 3344 3784 Demoiselle
3396 3740 3510 3782 dans

2482 3812 2531 3840 sa
2556 3799 2745 3851 famille,
2770 3802 2823 3842 32
2846 3812 2942 3851 ans,
2970 3802 3107 3854 ayant
3128 3801 3205 3842 dot
3230 3803 3376 3842 10.000
3426 3800 3500 3850 fr.,

2481 3860 2736 3911 épouserait
2755 3860 2988 3902 monsieur
3008 3862 3146 3912 ayant
3162 3860 3376 3903 situation
3392 3860 3504 3902 ville

2480 3931 2538 3959 ou
2558 3924 2824 3972 Campagne,

2532 4015 2650 4053 6187.
2681 4014 3108 4064 Hautes-Pyrénées.
3162 4040 3212 4044 —
3235 4019 3400 4068 Veuve,
3453 4020 3503 4058 46

2480 4083 2575 4122 ans,
2600 4071 2655 4114 de
2678 4072 2767 4114 très
2790 4073 2938 4115 bonne
2962 4073 3150 4125 famille,
3175 4078 3363 4128 grande,
3416 4079 3502 4119 dis¬

2480 4130 2675 4183 tinguée,
2700 4132 2782 4183 joli
2834 4135 3074 4186 physique,
3127 4134 3296 4176 femme
3347 4138 3503 4179 d’inté¬

2480 4190 2615 4240 rieur,
2651 4192 2742 4232 très
2775 4194 3122 4246 commerçante,
3158 4195 3304 4236 désire
3336 4208 3502 4239 corres¬

2478 4250 2652 4302 pondre
2675 4263 2783 4292 avec
2803 4254 3039 4294 monsieur
3085 4259 3394 4307 commerçant
3443 4270 3499 4298 ou

2478 4310 2823 4361 fonctionnaire,
2851 4314 3047 4363 sérieux,
3078 4314 3286 4364 honnête,
3316 4316 3500 4359 homme

2476 4368 2531 4410 de
2552 4379 2691 4410 cœur.

2531 4458 2649 4500 6188.
2680 4458 3099 4511 Basses-Pyrénées.
3124 4487 3180 4494 —
3204 4464 3326 4507 Belle
3367 4464 3503 4514 jeune

2476 4514 2575 4553 fille
2598 4515 2646 4554 18
2667 4525 2763 4564 ans,
2789 4512 3014 4564 instruite,
3038 4515 3142 4557 bien
3164 4518 3327 4567 élevée,
3354 4518 3502 4559 famil¬

2477 4566 2518 4606 le
2546 4567 2808 4615 honorable,
2839 4568 2976 4618 petite
3003 4570 3094 4618 dot,
3127 4570 3266 4610 belles
3294 4574 3502 4622 espéran¬

2475 4624 2562 4667 ces,
2619 4618 2875 4671 épouserait
2931 4623 3240 4674 commerçant
3295 4634 3355 4666 ou
3412 4635 3500 4666 em¬

2476 4670 2607 4723 ployé
2634 4672 2828 4726 sérieux,
2856 4676 2908 4715 26
2934 4675 2960 4715 à
2983 4676 3036 4714 30
3063 4686 3160 4727 ans,
3190 4678 3327 4728 ayant
3352 4678 3500 4719 bonne

2475 4723 2706 4767 situation.

2526 4816 2643 4855 6205.
2674 4815 2916 4858 Marseille.
2940 4819 2994 4857 —
3020 4819 3174 4867 Dame,
3200 4821 3251 4860 34
3274 4831 3370 4868 ans,
3395 4832 3502 4861 veu¬

2473 4885 2525 4916 ve
2557 4886 2664 4916 sans
2693 4875 2888 4925 enfants,
2939 4878 3241 4920 honorabilité
3288 4880 3496 4931 parfaite,

2472 4932 2576 4974 bien
2606 4945 2714 4976 sous
2741 4935 2842 4977 tous
2870 4935 2936 4976 les
2979 4938 3205 4988 rapports,
3251 4939 3501 4980 excellente

2471 4991 2661 5043 famille,
2694 4994 2802 5044 jolie
2831 4994 2922 5043 dot,
2951 4995 3211 5046 épouserait
3238 4998 3498 5040 célibataire

2470 5063 2527 5092 ou
2562 5054 2668 5094 veuf
2716 5054 2910 5101 sérieux,
2962 5054 3176 5096 situation
3226 5060 3408 5099 assurée
3456 5059 3499 5100 et

2470 5111 2647 5152 homme
2671 5111 2726 5151 de
2747 5122 2880 5151 cœur.

2519 5191 2637 5232 6207.
2662 5192 2914 5235 Toulouse.
2933 5195 2982 5235 —
3001 5195 3299 5244 Demoiselle,
3323 5200 3375 5236 39
3399 5210 3495 5247 ans,

2466 5252 2567 5292 bien
2599 5264 2706 5294 sous
2734 5258 2833 5295 tous
2859 5256 2922 5296 les
2950 5260 3168 5307 rapports,
3203 5259 3494 5312 musicienne,

2466 5315 2626 5356 femme
2644 5316 2915 5368 d’intérieur,
2938 5320 3011 5359 dot
3034 5319 3176 5362 10.000
3195 5320 3231 5360 fr
3255 5354 3263 5371 ,
3288 5323 3498 5366 mobilier

2464 5368 2519 5408 de
2545 5371 2687 5410 même
2718 5372 2887 5422 valeur,
2919 5374 3120 5413 habitant
3148 5387 3255 5416 avec
3283 5387 3332 5416 sa
3360 5387 3495 5426 sœur,

2467 5440 2623 5481 veuve,
2647 5434 2785 5484 ayant
2803 5434 3034 5485 situation,
3056 5437 3099 5479 et
3118 5447 3200 5478 son
3219 5440 3327 5491 père
3345 5442 3493 5491 possé¬

2467 5490 2578 5531 dant
2600 5493 2722 5535 4.500
2748 5492 2803 5534 fr.
2831 5495 2956 5535 rente
2980 5495 3174 5547 viagère,
3228 5498 3374 5540 désire
3400 5511 3492 5540 ma¬

2470 5550 2590 5602 riage
2610 5564 2716 5594 avec
2734 5555 2967 5595 monsieur
2984 5555 3039 5596 de
3056 5557 3108 5597 45
3126 5556 3151 5598 à
3170 5559 3220 5598 50
3238 5570 3334 5608 ans,
3356 5559 3492 5611 ayant

2468 5611 2635 5663 emploi
2664 5624 2722 5656 ou
2751 5623 3007 5657 ressources
3032 5618 3356 5668 personnelles.

2518 5703 2636 5743 6214.
2676 5705 3066 5748 Haute-Garonne.
3113 5711 3168 5748 —
3218 5711 3490 5751 Institutrice

2467 5760 2579 5810 Etat,
2610 5764 2661 5800 24
2690 5774 2786 5812 ans,
2818 5764 2919 5803 bien
2974 5766 3342 5819 physiquement,
3374 5770 3490 5810 belle

2466 5819 2648 5871 femme,
2678 5822 2837 5873 brune-,
2865 5824 2980 5876 petit
3002 5828 3172 5875 avenir,
3224 5828 3374 5870 désire
3398 5841 3489 5870 ma¬

2464 5879 2587 5931 riage
2611 5892 2717 5923 avec
2740 5883 2877 5932 jeune
2901 5886 3085 5928 homme
3110 5887 3164 5928 de
3187 5888 3239 5927 25
3263 5887 3290 5927 à
3313 5890 3366 5927 35
3389 5902 3486 5938 ans,

2463 5938 2670 5990 employé
2696 5940 3127 5987 d’administration.

2515 6034 2632 6074 6216.
2664 6035 2947 6088 Demoiselle,
2974 6040 3026 6078 24
3050 6051 3146 6088 ans,
3174 6040 3267 6082 fille
3290 6041 3346 6084 de
3370 6055 3487 6084 com¬

2462 6094 2688 6142 merçants
2707 6106 2763 6136 en
2782 6108 2902 6147 gros,
2925 6098 3049 6139 taille
3071 6102 3090 6139 1
3113 6111 3174 6140 m.
3197 6102 3262 6147 60,
3284 6100 3483 6150 châtain,

2462 6151 2671 6203 sérieuse,
2734 6155 3003 6208 distinguée,
3066 6158 3362 6210 musicienne,
3399 6162 3487 6203 ins¬

2461 6210 2611 6260 truite,
2635 6212 2792 6258 brevet
2811 6216 3062 6267 supérieur,
3087 6219 3224 6267 ayant
3244 6219 3322 6261 dot
3342 6232 3400 6262 ou
3423 6232 3486 6264 es¬

2463 6271 2679 6320 pérances
2740 6275 2869 6319 sûres
2902 6276 3050 6316 50.000
3087 6276 3160 6326 fr.,
3224 6278 3480 6330 épouserait

2459 6330 2706 6383 monsieur,
2729 6335 2811 6386 âge
2829 6335 2872 6377 et
2889 6334 3104 6376 situation
3123 6348 3179 6378 en
3199 6342 3400 6391 rapport.

2515 6426 2571 6467 Le
2598 6426 2727 6467 Trait
2755 6428 2947 6468 d’Union
2978 6432 3043 6470 est
3088 6442 3148 6472 un
3192 6432 3374 6481 journal
3420 6434 3484 6475 sé¬

2460 6480 2587 6519 rieux
2610 6483 2652 6520 et
2674 6482 2782 6522 utile
2802 6480 2828 6521 à
2848 6485 2964 6523 tous.

2509 6568 2627 6608 6217.
2690 6570 3079 6615 Haute-Garonne.
3110 6598 3163 6602 —
3195 6575 3478 6626 Demoiselle,

2456 6627 2503 6665 41
2531 6637 2624 6677 ans,
2652 6627 2910 6680 paraissant
2931 6631 3035 6683 plus
3058 6632 3208 6684 jeune,
3235 6634 3480 6678 excellente

2458 6684 2626 6726 femme
2660 6686 2939 6739 d’intérieur,
2978 6690 3206 6742 économe,
3246 6692 3471 6744 instruite,

3607 451 3684 492 dot
3707 455 3831 495 5.000
3856 454 3908 494 fr-
3959 466 4016 495 en
4043 459 4236 508 espèces,
4266 459 4344 508 joli
4398 460 4634 503 trousseau

3608 512 3650 551 et
3673 511 3834 562 petites
3859 515 4124 564 espérances
4151 519 4292 566 sûres,
4322 519 4467 562 désire
4491 522 4635 563 s’unir

3606 570 3632 608 à
3655 569 3888 614 monsieur
3911 573 4172 617 célibataire
4196 588 4254 618 ou
4279 579 4400 627 veuf,
4430 591 4536 622 sans
4560 594 4635 622 en¬

3607 629 3742 679 fants,
3770 634 3907 683 ayant
3931 632 4147 676 situation
4174 639 4370 679 assurée.
4400 638 4456 680 Se
4481 640 4634 692 dépla¬

3604 690 3755 730 cerait.

3658 774 3775 815 6219.
3808 775 4133 818 Deux-Sèvres.
4159 781 4214 818 —
4242 782 4527 834 Demoiselle,
4583 788 4634 826 32

3606 843 3700 883 ans,
3727 833 3874 873 bonne
3899 834 4090 886 famille,
4115 839 4247 888 goûts
4271 841 4475 894 simples,
4500 857 4632 896 gran¬

3604 891 3672 939 de,
3710 892 3868 942 brune,
3931 896 4070 945 ayant
4100 898 4334 954 situation,
4396 903 4632 946 désirerait

3603 953 3928 1003 correspondre
3955 967 4062 998 avec
4114 960 4350 1004 monsieur
4375 962 4430 1003 de
4455 963 4506 1003 35
4531 963 4556 1003 à
4582 963 4634 1003 45

3605 1022 3700 1058 ans,
3730 1010 4062 1058 fonctionnaire
4087 1016 4145 1059 de
4167 1019 4446 1070 préférence.

3656 1097 3771 1136 6225.
3806 1098 4198 1143 Haute-Garonne.
4221 1127 4278 1132 —
4304 1106 4446 1146 Dame
4471 1118 4627 1155 veuve,

3604 1154 3782 1203 blonde,
3826 1158 3878 1196 45
3903 1170 3999 1209 ans,
4043 1160 4268 1212 physique
4310 1164 4534 1215 agréable,
4562 1179 4631 1207 ca¬

3604 1215 3772 1254 ractère
3799 1215 3923 1256 doux
3950 1219 3994 1259 et
4016 1219 4288 1271 affectueux,
4318 1226 4456 1274 ayant
4482 1236 4536 1267 eu
4566 1238 4631 1270 re¬

3602 1284 3717 1322 vers,
3746 1276 3992 1323 possédant
4043 1279 4205 1330 petites
4257 1283 4527 1335 économies,
4558 1286 4631 1327 de¬

3604 1331 3767 1373 mande
3795 1335 4000 1386 mariage
4026 1350 4082 1379 ou
4109 1339 4238 1389 place
4264 1342 4320 1381 de
4344 1355 4630 1392 gouvernan¬

3603 1392 3643 1432 te
3676 1391 3783 1431 chez
3818 1395 4052 1437 monsieur
4084 1408 4142 1438 ou
4176 1398 4310 1442 dame
4342 1402 4481 1444 seule.
4519 1404 4631 1444 Très

3600 1448 3793 1491 sérieux.

3654 1535 3771 1576 6229.
3811 1539 4064 1582 Bordeaux.
4122 1566 4176 1570 —
4236 1544 4520 1597 Demoiselle,
4578 1551 4630 1588 45

3602 1604 3698 1642 ans,
3727 1596 3876 1647 noble,
3906 1600 4102 1648 grandes
4127 1602 4338 1654 qualités,
4367 1606 4471 1647 bien
4500 1607 4554 1648 de
4580 1619 4631 1648 sa

3603 1663 3841 1705 personne,
3871 1658 4020 1700 bonne
4048 1659 4347 1714 musicienne,
4377 1666 4455 1706 dot
4480 1668 4631 1707 22.000

3603 1712 3657 1751 fr.
3690 1714 3780 1755 bon
3811 1718 4050 1767 caractère,
4109 1719 4368 1770 épouserait
4395 1726 4631 1767 monsieur

3602 1772 3682 1820 âge
3711 1775 3887 1824 assorti,
3918 1776 4191 1830 catholique,
4221 1781 4324 1823 titré
4351 1794 4409 1823 ou
4438 1783 4495 1826 de
4522 1786 4630 1826 bon¬

3602 1842 3656 1874 ne
3684 1831 3875 1882 famille,
3904 1835 4167 1882 célibataire
4191 1851 4248 1882 ou
4275 1842 4384 1883 veuf
4411 1846 4548 1895 ayant
4574 1852 4631 1886 si¬

3600 1890 3791 1933 tuation.

3653 1979 3771 2018 6231.
3811 1980 4063 2024 Bordeaux,
4117 2004 4172 2012 —
4232 1986 4515 2038 Demoiselle,
4578 1992 4628 2031 28

3600 2046 3698 2086 ans,
3756 2039 4030 2092 catholique,
4088 2043 4192 2084 bien
4222 2045 4386 2096 élevée,
4443 2048 4626 2099 blonde,

3599 2095 3800 2147 gentille,
3835 2099 4123 2151 affectueuse,
4158 2107 4295 2153 ayant
4324 2106 4460 2156 petite
4491 2109 4627 2151 situa¬

3602 2152 3710 2204 tion,
3766 2156 4024 2207 épouserait
4077 2163 4312 2205 monsieur
4364 2166 4422 2207 de
4446 2169 4499 2208 30
4524 2171 4551 2208 à
4576 2171 4629 2208 35

3599 2222 3695 2262 ans,
3732 2214 4066 2263 fonctionnaire
4097 2232 4155 2264 ou
4189 2226 4396 2275 employé
4429 2226 4626 2276 sérieux,

3600 2271 3839 2316 Bordeaux
3863 2275 3917 2315 de
3940 2279 4218 2327 préférence.

3655 2360 3716 2402 Ne
3740 2361 3950 2402 déchirez
3973 2375 4056 2411 pas
4080 2376 4128 2407 ce
4152 2367 4352 2415 journal.
4383 2372 4627 2412 Donnez-le

3595 2415 3623 2456 à
3645 2428 3724 2460 vos
3746 2420 3876 2460 amis.

3650 2504 3768 2545 6233.
3799 2507 4040 2551 Toulouse.
4069 2534 4124 2538 —
4151 2512 4420 2554 Demoiselle
4446 2516 4499 2555 29
4526 2527 4623 2566 ans,

3596 2563 3735 2611 ayant
3763 2575 4030 2609 commerce.
4066 2570 4183 2611 Jolie
4212 2571 4444 2623 situation,
4479 2575 4627 2616 désire

3596 2623 3801 2676 mariage
3825 2636 3930 2666 avec
3956 2627 4218 2672 célibataire
4241 2632 4296 2674 de
4320 2634 4372 2672 30
4397 2633 4424 2674 à
4447 2635 4500 2675 35
4526 2647 4624 2684 ans,

3596 2679 3943 2734 fonctionnaire,
4002 2698 4232 2740 voyageur
4290 2703 4347 2733 ou
4404 2703 4625 2735 commer¬

3592 2740 3710 2788 çant.

3647 2827 3764 2870 6238.
3792 2831 4062 2873 Sud-Ouest.
4084 2835 4139 2872 —
4160 2835 4430 2878 Demoiselle
4451 2839 4504 2878 34
4524 2851 4621 2888 ans,

3595 2884 3929 2932 fonctionnaire
3962 2892 4076 2943 Etat,
4112 2892 4375 2935 traitement
4405 2898 4531 2937 2.500
4562 2899 4620 2939 fr.

3595 2955 3701 2984 avec
3723 2952 4036 3000 avancement,
4063 2954 4309 2996 excellente
4348 2955 4490 3005 santé,
4534 2958 4623 2998 ins¬

3594 3004 3743 3053 truite,
3767 3008 3899 3056 goûts
3920 3010 4123 3062 simples,
4150 3014 4319 3056 femme
4340 3015 4619 3066 d’intérieur,

3594 3064 3803 3107 conduite
3832 3067 4186 3123 irréprochable,
4219 3075 4366 3116 désire
4420 3075 4624 3127 mariage

3591 3123 3699 3164 civil
3725 3136 3831 3168 avec
3856 3126 4091 3170 Monsieur
4118 3130 4388 3184 intelligent,
4419 3134 4619 3184 instruit,

3591 3183 3682 3226 très
3710 3186 3902 3236 sérieux,
3935 3185 4150 3228 situation
4180 3188 4479 3241 équivalente.

3644 3270 3763 3312 6241.
3792 3271 3994 3315 Hérault,
4018 3276 4071 3314 —
4098 3276 4238 3317 Dame
4260 3287 4417 3326 veuve,
4443 3279 4496 3319 40
4520 3291 4616 3327 ans,

3590 3327 3862 3380 catholique,
3891 3333 4031 3383 ayant
4055 3332 4250 3384 fortune,
4280 3335 4430 3378 désire
4454 3338 4619 3379 maria¬

3590 3399 3643 3438 ge
3674 3399 3780 3430 avec
3812 3391 4046 3432 monsieur
4077 3392 4198 3443 bien,
4234 3396 4371 3446 ayant
4403 3396 4618 3439 brillante

3591 3446 3804 3490 situation
3838 3450 3951 3491 dans
3982 3451 4026 3492 la
4059 3452 4382 3504 magistrature
4412 3466 4470 3496 ou
4503 3456 4619 3497 dans

3591 3508 3786 3551 l’armée.
3817 3511 3928 3552 Très
3952 3511 4148 3555 sérieux.

3644 3595 3779 3634 Aider
3799 3605 3856 3635 au
3879 3595 4155 3638 relèvement
4174 3600 4311 3640 social
4334 3604 4375 3640 et
4395 3604 4539 3641 moral
4563 3603 4618 3644 de

3590 3652 3632 3691 la
3655 3653 3809 3694 nation
3835 3664 3888 3694 en
3915 3655 4083 3696 luttant
4106 3659 4256 3699 contre
4284 3660 4323 3699 le
4347 3659 4526 3710 célibat,
4551 3663 4616 3702 fa¬

3588 3711 3731 3750 ciliter
3767 3713 3828 3752 les
3862 3714 4088 3764 mariages
4122 3726 4204 3764 par
4238 3729 4299 3758 un
4331 3717 4527 3767 système
4562 3720 4615 3759 de

3588 3772 3701 3811 mise
3719 3780 3772 3811 en
3795 3772 3984 3814 relation
4007 3774 4184 3815 sérieux
4206 3780 4247 3816 et
4269 3778 4448 3818 discret:
4470 3780 4527 3819 tel
4550 3783 4616 3822 est

3588 3832 3626 3871 le
3648 3831 3728 3871 but
3751 3832 3803 3872 de
3828 3834 3870 3872 la
3892 3835 4135 3875 Direction.

3635 3915 3754 3956 6249.
3788 3916 3939 3958 Veuve
3998 3918 4218 3959 d’officier
4276 3920 4530 3972 supérieur,
4563 3923 4611 3962 41

3583 3986 3679 4023 ans,
3711 3975 3826 4018 belle
3855 3975 4039 4026 femme,
4087 3978 4359 4032 distinguée,
4388 3983 4614 4024 caractère

3581 4032 3704 4074 doux
3750 4036 3794 4076 et
3838 4035 4110 4084 affectueux,
4159 4039 4407 4083 excellente
4453 4042 4615 4084 éduca¬

3582 4092 3691 4143 tion,
3720 4095 3831 4145 goût
3855 4094 4059 4147 simples,
4091 4098 4230 4148 ayant
4256 4110 4452 4142 revenus
4480 4102 4523 4143 et
4550 4114 4614 4143 es¬

3580 4152 3799 4202 pérances
3820 4155 3910 4196 très
3931 4155 4074 4204 sûres,
4098 4156 4358 4206 épouserait
4378 4163 4614 4203 monsieur

3580 4211 3774 4259 sérieux,
3820 4215 4004 4256 homme
4031 4216 4087 4258 de
4127 4227 4267 4268 cœur,
4296 4220 4435 4268 ayant
4476 4222 4614 4263 situa¬

3578 4268 3687 4310 tion.
3717 4271 3811 4320 Age
3835 4272 4111 4315 indifférent.

3631 4366 3751 4404 6250.
3780 4367 3962 4407 Nantes.
3986 4391 4041 4397 —
4066 4370 4219 4413 Veuve
4258 4372 4314 4413 de
4354 4374 4608 4425 magistrat,

3578 4424 3628 4463 48
3652 4435 3747 4472 ans,
3773 4424 3998 4476 instruite,
4024 4428 4295 4481 distinguée,
4320 4431 4446 4472 santé
4468 4439 4612 4476 excel¬

3579 4482 3711 4532 lente,
3742 4484 3903 4535 petites
3931 4487 4094 4538 rentes,
4126 4491 4266 4539 ayant
4291 4491 4490 4544 éprouvé
4518 4492 4611 4535 très

3575 4543 3747 4591 grands
3791 4544 4020 4595 chagrins,
4070 4548 4328 4599 épouserait
4375 4554 4610 4595 monsieur

3576 4600 3631 4643 de
3655 4604 3707 4642 50
3732 4603 3758 4643 à
3783 4606 3834 4644 60
3858 4615 3954 4650 ans,
3983 4604 4316 4651 fonctionnaire
4342 4611 4523 4654 retraité
4548 4624 4608 4655 ou

3576 4666 3885 4714 commerçant
3940 4663 4073 4706 retiré
4128 4670 4267 4719 ayant
4322 4671 4520 4724 quelque
4548 4683 4610 4715 ai¬

3575 4731 3723 4762 sance.

3628 4808 3746 4848 6252.
3812 4809 4084 4854 Sud-Ouest.
4144 4838 4200 4843 —
4259 4816 4610 4859 Fonctionnaire

3576 4866 3690 4914 Etat,
3718 4868 3767 4907 31
3796 4879 3892 4918 ans,
3951 4871 4071 4911 1.700
4099 4871 4155 4914 fr.
4185 4874 4447 4917 traitement
4500 4890 4610 4920 avec

3575 4928 3884 4978 avancement,
3944 4930 4204 4981 épouserait
4249 4937 4484 4980 monsieur
4540 4950 4607 4979 ro¬

3575 4985 3718 5034 buste,
3778 4988 3989 5039 honnête,
4038 4991 4371 5038 fonctionnaire
4428 5008 4486 5039 ou
4518 5003 4605 5038 tra¬

3574 5044 3767 5087 vailleur
3798 5047 3996 5092 instruit.
4032 5051 4246 5096 Pourrait
4274 5064 4319 5095 se
4350 5055 4575 5107 déplacer.

3626 5134 3744 5171 6255.
3774 5133 3916 5174 Aude.
3941 5159 3995 5164 —
4039 5138 4308 5183 Demoiselle
4360 5143 4498 5192 seule,
4552 5146 4604 5183 48

3571 5200 3667 5238 ans,
3691 5192 3906 5231 ancienne
3927 5194 4137 5238 noblesse
4158 5198 4215 5236 du
4247 5200 4344 5240 côté
4371 5202 4600 5251 maternel,

3572 5243 3866 5286 honorabilité
3894 5247 4098 5300 parfaite,
4121 5256 4255 5302 ayant
4286 5264 4339 5294 eu
4370 5263 4520 5296 revers
4550 5255 4604 5295 de

3572 5296 3758 5348 fortune,
3800 5299 3948 5342 désire
3987 5303 4178 5355 épouser
4226 5308 4452 5348 monsieur
4492 5320 4603 5360 pour

3572 5350 3611 5388 Ja
3631 5352 3850 5391 seconder
3877 5355 3988 5394 dans
4016 5368 4096 5396 son
4128 5370 4392 5402 commerce.
4424 5363 4600 5402 Promet

3569 5414 3740 5451 amour,
3765 5404 4063 5450 dévouement
4081 5414 4122 5450 et
4143 5412 4268 5454 soins
4297 5415 4544 5455 affectueux
4575 5419 4600 5455 à

3569 5467 3650 5496 son
3673 5458 3800 5500 mari.

3627 5542 3688 5582 Ne
3720 5544 3928 5594 craignez
3960 5557 4040 5595 pas
4072 5548 4124 5590 de
4159 5560 4271 5592 vous
4303 5556 4601 5602 compromet¬

3571 5604 3636 5642 tre
3659 5611 3712 5640 en
3736 5603 3886 5643 disant
3936 5616 4021 5655 que
4044 5618 4156 5648 vous
4204 5610 4295 5651 êtes
4316 5614 4493 5654 abonné
4542 5624 4600 5654 au

3570 5659 3696 5700 Trait
3723 5662 3933 5703 d’Union.

3619 5757 3736 5796 6256.
3786 5758 4178 5802 Haute-Garonne.
4219 5768 4275 5804 —
4330 5767 4600 5807 Demoiselle

3564 5811 3616 5854 24
3642 5826 3738 5865 ans,
3793 5816 4147 5872 irréprochable,
4202 5823 4363 5875 brune,
4393 5828 4412 5866 1
4440 5838 4500 5867 m.
4530 5829 4596 5876 65,

3565 5874 3643 5914 dot
3671 5875 3819 5916 10.000
3846 5878 3919 5926 fr.,
3950 5880 4111 5922 autant
4136 5884 4418 5934 espérances,
4447 5886 4600 5928 bonne

3564 5932 3802 5975 éducation
3850 5939 3892 5978 et
3949 5938 4235 5989 instruction,
4295 5943 4594 5995 musicienne,

3563 5994 3674 6043 goût
3702 5994 3903 6046 simples,
3938 5996 4107 6042 femme
4138 6001 4415 6051 d’intérieur,
4450 6005 4599 6046 désire

3565 6052 3767 6102 mariage
3811 6054 3916 6095 civil
3947 6068 4056 6099 avec
4096 6060 4235 6108 jeune
4262 6063 4447 6105 homme
4490 6067 4543 6106 27
4572 6066 4598 6106 à

3563 6112 3615 6148 35
3634 6120 3729 6159 ans,
3754 6115 3893 6161 ayant
3911 6115 4143 6159 situation.

3618 6195 3735 6235 6260.
3767 6187 4020 6254 Bordeaux.
4043 6187 4098 6254 ^
4123 6203 4396 6247 Demoiselle
4418 6209 4470 6248 35
4495 6220 4590 6256 ans,

3567 6252 3667 6292 bien
3700 6254 3864 6303 élevée,
3914 6260 4138 6302 caractère
4184 6262 4456 6316 affectueux,
4491 6275 4596 6319 apte

3564 6323 3621 6352 au
3648 6323 3915 6364 commerce,
3944 6320 4135 6361 sachant
4159 6320 4330 6375 diriger
4356 6323 4589 6375 intérieur,

3562 6372 3695 6421 goûts
3723 6374 3926 6426 simplés,
3973 6377 4231 6427 épouserait
4274 6384 4507 6427 monsieur
4535 6384 4590 6424 de

3562 6432 3614 6470 35
3638 6432 3663 6471 à
3688 6435 3740 6474 45
3766 6447 3860 6483 ans,
3918 6437 4053 6484 ayant
4079 6439 4295 6483 situation
4350 6445 4392 6483 et
4418 6443 4591 6483 aimant

3563 6490 3632 6532 vie
3662 6492 3716 6532 de
3744 6493 3933 6535 famille.
3966 6496 4075 6538 Très
4103 6500 4296 6543 sérieux.

3614 6579 3731 6619 6264.
3763 6579 4006 6623 Toulouse.
4034 6608 4089 6612 —
4119 6587 4387 6629 Demoiselle
4414 6587 4470 6631 de
4498 6591 4590 6632 très

3563 6638 3710 6679 bonne
3739 6638 3928 6687 famille,
3962 6643 4064 6684 bien
4095 6656 4202 6686 sous
4228 6647 4328 6688 tous
4358 6651 4584 6703 rapports,

3559 6696 3809 6748 orpheline,
3836 6700 3912 6740 dot
3936 6703 4112 6743 300.000
4135 6704 4302 6755 francs,
4328 6706 4587 6759 épouserait
