5194 7176
2431 439 2504 478 LE
2535 435 2717 476 TRAIT
2747 435 2996 476 D’UNION
3015 456 3023 478 ,

533 556 676 595 payées
699 555 723 588 à
746 555 878 587 raison
902 554 949 586 de
971 554 986 583 1
1010 552 1123 584 fra'no
1147 552 1183 583 la
1207 550 1312 588 ligne
1336 555 1435 587 pour
1458 548 1553 580 trois

530 606 643 636 mois.
674 604 724 635 Ce
754 602 856 634 délai
889 599 1037 637 écoulé,
1069 600 1124 631 les
1155 596 1367 631 intéressés
1397 596 1556 627 doivent

528 658 744 691 demander
776 656 810 687 le
840 652 1179 686 renouvellement
1211 659 1219 687 ;

570 715 609 746 6°
647 714 695 745 Le
731 711 911 743 montant
941 708 1012 740 des
1042 706 1331 740 abonnements
1363 703 1445 734 doit
1478 702 1557 733 être

530 763 691 799 adressé
708 771 758 798 au
780 763 980 796 Directeur
1000 760 1051 794 du
1071 749 1364 793 Trait-d’Unlon
1386 762 1434 787 en
1455 760 1560 786 man¬

532 820 632 856 dats,
659 819 756 850 bons
783 818 830 848 de
857 818 966 854 poste
992 820 1041 846 ou
1067 812 1231 845 timbres
1259 818 1267 848 ;

572 876 612 905 7°
643 876 694 906 La
720 871 916 904 Direction
946 870 1142 907 n’accepte
1167 874 1242 906 que
1265 867 1334 898 des
1359 868 1560 896 annonces

532 927 611 962 très
632 926 841 962 sérieuses,
863 924 980 956 celles
1002 923 1098 954 dont
1120 922 1158 952 la
1179 919 1380 951 rédaction
1404 923 1452 948 ne
1474 922 1562 948 con¬

535 980 699 1012 viendra
727 984 796 1016 pas
825 978 959 1009 seront
986 972 1162 1006 refusées
1191 980 1200 1011 ;

575 1038 615 1068 9°
643 1035 702 1070 On
727 1036 819 1072 peut
842 1031 1130 1069 correspondre
1151 1030 1176 1063 à
1200 1030 1238 1061 la
1260 1027 1338 1059 fois
1363 1031 1458 1057 avec
1482 1023 1564 1063 plu¬

535 1091 662 1122 sieurs
691 1085 870 1121 abonnés
897 1091 909 1124 ;

577 1145 636 1176 10°
676 1144 727 1176 La
764 1143 854 1182 plus
888 1137 1143 1172 élémentaire
1181 1135 1366 1176 politesse
1400 1133 1474 1166 fait
1510 1138 1562 1163 un

536 1198 672 1231 devoir
702 1204 780 1232 aux
811 1191 988 1227 abonnés
1019 1192 1067 1224 de
1096 1190 1292 1228 répondre
1320 1194 1399 1220 aux
1432 1187 1563 1219 lettres

536 1256 686 1289 reçues.
719 1251 795 1280 Pas
828 1247 924 1279 n’est
955 1246 1091 1278 besoin
1123 1244 1171 1275 de
1203 1244 1368 1280 longues
1401 1239 1565 1276 phrases

536 1307 636 1339 dans
659 1304 831 1336 certains
855 1306 934 1333 cas.
962 1299 1068 1331 Deux
1095 1299 1195 1330 mots
1218 1294 1407 1328 suffisent
1432 1299 1442 1330 ;

578 1362 639 1391 11°
670 1359 792 1390 Toute
823 1357 934 1388 lettre
962 1354 1028 1393 qui
1059 1359 1160 1386 nous
1187 1352 1247 1383 est
1271 1347 1455 1382 adressée
1483 1352 1567 1385 per¬

538 1412 827 1447 sonnellement
846 1410 882 1441 et
902 1407 967 1447 qui
988 1405 1183 1439 demande
1203 1408 1280 1436 une
1299 1401 1467 1440 réponse
1484 1398 1568 1431 doit

538 1467 619 1500 être
640 1460 931 1502 accompagnée
954 1460 1046 1492 d'un
1067 1459 1211 1492 timbre
1231 1456 1279 1489 de
1302 1456 1339 1487 10
1362 1452 1566 1486 centimes.

579 1523 639 1552 12°
673 1522 723 1552 Ne
753 1526 823 1558 pas
852 1517 1004 1550 oublier
1035 1515 1091 1546 les
1119 1514 1283 1546 timbres
1312 1507 1568 1547 obligatoires

539 1582 638 1614 pour
659 1575 695 1606 la
716 1570 910 1611 première
931 1571 967 1602 et
988 1569 1026 1600 la
1046 1566 1254 1600 deuxième
1275 1562 1526 1599 enveloppes.

582 1632 643 1662 14°
667 1631 716 1661 Le
738 1628 952 1663 Directeur,
973 1624 1163 1655 soucieux
1185 1622 1233 1652 de
1252 1624 1464 1651 conserver
1483 1615 1508 1648 à
1531 1616 1568 1646 la

540 1676 816 1711 combinaison
848 1675 899 1706 du
932 1672 1039 1704 Trait
1068 1670 1236 1703 d’Union
1267 1675 1338 1699 son
1368 1663 1567 1698 caractère

542 1723 874 1763 d’irréprochable
897 1719 1143 1755 délicatesse,
1167 1715 1251 1754 prie
1275 1716 1329 1747 les
1352 1718 1567 1753 personnes

543 1775 608 1812 qui
649 1769 960 1808 correspondent
998 1766 1047 1799 de
1072 1764 1227 1798 vouloir
1250 1763 1340 1795 bien
1365 1760 1522 1799 joindre
1544 1759 1569 1790 à

543 1824 628 1855 leur
647 1818 812 1852 numéro
832 1816 1042 1857 personnel
1063 1816 1150 1846 leur
1167 1818 1260 1844 nom
1280 1818 1330 1843 ou
1348 1808 1571 1843 seulement

543 1872 649 1902 leurs
676 1867 863 1899 initiales.
890 1864 977 1896 Ceci
1003 1863 1088 1895 afin
1115 1860 1276 1894 d’éviter
1303 1860 1340 1890 la
1366 1855 1570 1888 transmis¬

543 1920 631 1951 sion
650 1918 698 1950 de
719 1916 851 1947 lettres
868 1911 1073 1946 adressées
1092 1910 1116 1943 à
1135 1910 1172 1940 la
1192 1907 1391 1939 Direction
1412 1911 1483 1943 par
1500 1903 1568 1934 des

543 1972 640 2005 gens
671 1960 944 1996 malhonnêtes
972 1961 1010 1991 et
1038 1964 1115 1990 non
1143 1954 1332 1987 abonnés.

585 2022 709 2054 Toute
738 2021 850 2051 lettre
880 2023 928 2048 ne
956 2015 1115 2055 portant
1143 2019 1214 2052 pas
1243 2018 1320 2043 une
1351 2007 1568 2041 indication

544 2068 695 2108 précise
715 2067 762 2099 de
782 2064 1039 2103 l’expéditeur
1059 2067 1147 2095 sera
1166 2059 1347 2092 détruite.

585 2125 646 2156 15°
683 2124 806 2156 Toute
842 2119 1098 2160 suppression
1134 2117 1367 2152 d’annonce,
1403 2114 1570 2151 change¬

547 2176 652 2206 ment
695 2178 745 2204 ou
788 2168 1063 2203 modification
1106 2163 1338 2196 d’insertion
1380 2167 1427 2191 en
1455 2166 1571 2192 cours

544 2221 862 2256 d’abonnement,
895 2217 1056 2248 nuisant
1087 2214 1111 2246 à
1143 2214 1179 2244 la
1210 2212 1339 2244 bonne
1370 2207 1571 2247 organisa¬

543 2271 628 2303 tion
650 2270 698 2300 de
719 2274 784 2299 ma
803 2264 1080 2299 combinaison
1102 2261 1314 2298 mariages,
1336 2259 1392 2290 les
1414 2260 1571 2295 person¬

547 2324 615 2349 nes
655 2315 722 2354 qui
763 2322 811 2346 en
851 2314 982 2344 feront
1007 2312 1043 2342 la
1068 2308 1262 2342 demande
1287 2311 1485 2344 expresse,
1511 2303 1572 2334 de¬

546 2364 661 2398 vront
683 2370 726 2396 se
747 2362 974 2395 conformer
998 2366 1048 2390 au
1072 2357 1166 2390 tarif
1190 2355 1351 2387 suivant
1376 2360 1384 2383 :

587 2418 852 2458 Suppression
887 2416 1392 2448 d’annonce.
1440 2408 1459 2439 5
1481 2407 1531 2438 fr.

588 2467 860 2507 Changement
894 2463 1391 2502 complet.
1439 2456 1458 2487 3
1481 2455 1531 2486 fr.

587 2514 847 2555 Supplément
875 2512 991 2544 d’une
1022 2510 1390 2548 ligne.
1441 2504 1455 2534 1
1482 2503 1530 2535 fr.

588 2574 711 2604 Toute
735 2575 930 2610 personne
951 2565 1131 2600 abonnée
1152 2570 1247 2596 sans
1268 2567 1463 2599 annonce,
1484 2566 1575 2592 con¬

546 2628 658 2654 serve
692 2626 763 2651 son
799 2616 903 2651 droit
936 2611 1167 2648 d’insertion
1202 2610 1364 2650 gratuit,
1399 2607 1574 2647 pendant

544 2668 654 2703 toute
672 2669 710 2700 la
727 2665 848 2699 durée
865 2665 913 2696 de
930 2669 1003 2696 son
1020 2660 1300 2695 abonnement.

1163 2727 1219 2758 LE
1244 2719 1532 2756 DIRECTEUR.

549 2883 918 2990 OFFRES
981 2876 1186 2982 AUX
1249 2874 1578 2980 DAMES

603 3118 724 3160 6077.
787 3115 959 3158 Guinée
1022 3112 1276 3163 Française.
1310 3131 1364 3138 —
1397 3105 1576 3146 Institu¬

550 3181 651 3220 teur
675 3176 884 3224 colonial,
911 3176 964 3215 24
989 3184 1086 3222 ans,
1112 3169 1275 3223 grand,
1303 3168 1438 3215 brun,
1466 3165 1578 3218 phy¬

551 3238 679 3291 sique
711 3235 922 3288 agréable
982 3231 1198 3274 situation
1235 3226 1424 3268 actuelle
1455 3224 1578 3265 5.000

528 3341 534 3348 ,
550 3300 720 3347 francs,
780 3295 932 3336 rentes
959 3294 1038 3334 500
1083 3291 1252 3338 francs,
1311 3286 1577 3338 espérances

550 3360 700 3402 50.000
730 3355 896 3402 francs,
947 3350 1206 3403 épouserait
1260 3347 1463 3396 collègue
1519 3354 1577 3383 ou

548 3419 687 3470 jeune
718 3415 814 3458 fille
845 3412 1022 3454 aimant
1078 3418 1287 3460 voyager.
1350 3402 1575 3447 Situation

551 3488 607 3519 en
639 3475 840 3527 rapport.

602 3551 720 3592 6089.
746 3550 945 3591 Canada.
966 3548 1021 3587 —
1038 3548 1183 3587 Jeune
1206 3542 1390 3583 homme
1403 3540 1454 3579 33
1476 3548 1573 3586 ans,

549 3611 759 3652 habitant
782 3606 1080 3647 merveilleux
1103 3615 1228 3655 pays,
1255 3599 1414 3642 climat
1436 3596 1577 3638 excel¬

549 3671 657 3719 lent,
690 3670 779 3711 bon
811 3667 971 3709 métier
1002 3662 1271 3716 rapportant
1298 3663 1350 3700 20
1380 3659 1406 3698 à
1434 3660 1486 3698 22
1516 3656 1572 3696 fr.

549 3743 632 3784 par
654 3731 773 3780 jour,
800 3727 947 3770 désire
970 3724 1172 3774 mariage
1195 3732 1303 3763 avec
1323 3720 1462 3771 jeune
1483 3715 1578 3756 fille

548 3792 605 3832 de
624 3792 677 3830 24
699 3789 726 3828 à
746 3791 798 3828 30
822 3798 916 3835 ans,
943 3795 1051 3826 avec
1072 3795 1130 3825 ou
1155 3791 1259 3823 sans
1283 3780 1374 3820 dot.

607 3866 726 3906 6097.
758 3862 1146 3904 Lot-et-Garonne.
1172 3880 1228 3886 —
1253 3852 1398 3898 Jeune
1451 3852 1578 3892 hom¬

549 3935 637 3975 me,
663 3920 739 3966 fils
763 3923 950 3974 unique,
974 3922 1027 3960 28
1048 3930 1144 3967 ans,
1171 3918 1304 3963 brun,
1331 3916 1446 3955 beau
1468 3911 1580 3964 phy¬

551 3986 695 4038 sique,
723 3983 847 4025 taille
899 3984 918 4020 1
947 3993 1008 4022 m.
1033 3980 1102 4030 70,
1155 3976 1232 4018 dot
1254 3974 1404 4016 50.000
1455 3972 1511 4012 fr.
1539 3970 1582 4010 et

548 4044 744 4098 grandes
771 4042 1038 4094 espérances
1064 4035 1322 4090 épouserait
1346 4030 1582 4075 demoisel¬

550 4107 592 4147 le
616 4102 672 4146 de
697 4105 746 4144 18
768 4103 795 4143 à
818 4103 871 4143 22
894 4111 991 4150 ans,
1017 4099 1122 4140 bien
1147 4096 1311 4144 élevée,
1339 4092 1512 4135 aimant
1536 4090 1583 4131 la

550 4175 802 4215 campagne
830 4162 872 4203 et
898 4160 1034 4212 ayant
1060 4155 1291 4200 situation.

603 4243 709 4282 6098
735 4240 777 4280 et
802 4238 922 4280 6099.
954 4235 1347 4276 Haute-Garonne.
1372 4254 1428 4259 —
1455 4230 1580 4268 Deux

552 4300 708 4351 frères;
734 4298 905 4347 nobles,
930 4295 971 4337 le
1019 4294 1218 4347 premier
1264 4294 1316 4331 20
1338 4302 1432 4339 ans,
1458 4288 1498 4332 le
1519 4299 1582 4329 se-

551 4360 667 4402 cônd
688 4359 740 4399 24
763 4364 862 4406 ans,
886 4355 1035 4408 ayant,
1046 4355 1140 4395 l’un
1163 4354 1207 4394 et
1227 4351 1388 4392 l’autre
1412 4346 1580 4401 emploi

552 4418 752 4470 lucratif,
780 4415 980 4459 désirent
1030 4412 1232 4463 mariage
1284 4420 1390 4452 avec
1415 4408 1584 4451 demoi¬

552 4479 660 4520 selle
685 4488 743 4519 ou
767 4475 904 4518 dame
927 4473 1065 4527 ayant
1090 4471 1287 4514 fortune.
1317 4471 1438 4511 Pour
1462 4468 1503 4510 le
1530 4471 1550 4508 1
1554 4474 1583 4490 er

552 4538 694 4580 écrire
716 4548 771 4578 au
796 4542 850 4579 n°
876 4536 995 4584 6098,
1019 4545 1135 4586 pour
1156 4532 1199 4574 le
1219 4534 1260 4573 2®
1280 4530 1422 4572 écrire
1444 4540 1501 4571 au
1524 4535 1578 4570 n°

551 4596 670 4639 6099.

683 4674 806 4715 Lisez
827 4683 880 4714 en
904 4675 943 4712 4°
967 4682 1080 4722 page
1104 4671 1142 4711 le
1164 4670 1366 4711 courrier
1387 4667 1579 4718 grapho¬

554 4735 751 4785 logique.

603 4820 722 4860 6102.
779 4820 1000 4860 Charente
1019 4838 1035 4847 -
1058 4815 1320 4856 Inférieure.
1342 4813 1400 4851 —
1448 4811 1578 4858 Veuf,

550 4884 659 4915 sans
679 4872 875 4919 enfants,
900 4874 953 4911 30
975 4882 1072 4918 ans,
1127 4874 1147 4907 1
1173 4880 1234 4908 m.
1261 4870 1327 4915 58,
1379 4864 1578 4911 châtain,

532 4966 536 4970 •
551 4936 760 4983 charron,
794 4934 930 4975 établi
963 4931 1124 4983 depuis
1158 4932 1204 4970 10
1234 4941 1330 4978 ans,
1364 4926 1579 4968 situation

531 4991 673 5030 .2.000
699 4989 756 5028 fr.
786 4987 976 5038 liquide,
1006 4985 1153 5026 désire
1179 4985 1370 5034 épouser
1399 4992 1580 5031 person¬

550 5048 606 5087 ne
634 5041 822 5083 environ
850 5043 901 5080 30
928 5051 1027 5087 ans,
1056 5039 1207 5080 bonne
1233 5036 1375 5085 santé,
1431 5036 1580 5075 bonne

527 5136 531 5142 .
550 5095 778 5143 conduite,
811 5095 949 5145 ayant
979 5092 1091 5143 petit
1122 5091 1247 5131 avoir
1306 5090 1346 5131 et
1377 5088 1580 5140 pouvant

549 5140 591 5192 le
615 5148 844 5191 seconder.
874 5146 1065 5187 Sérieux
1088 5145 1130 5185 et
1153 5144 1320 5196 pressé.

606 5218 725 5259 6107.
758 5216 970 5262 Gironde.
998 5239 1051 5244 —
1075 5215 1311 5258 Monsieur
1339 5212 1446 5255 veuf
1472 5222 1578 5253 sans

555 5288 774 5319 annonce.

607 5355 725 5396 6113.
762 5354 1194 5394 Tarn-et-Garonne.
1229 5374 1283 5380 —
1342 5348 1578 5391 Monsieur

555 5414 746 5463 abonné,
770 5423 876 5455 sans
895 5423 1114 5454 annonce.

601 5492 719 5535 6117.
760 5491 1149 5531 Lot-et-Garonne.
1184 5511 1239 5518 —
1272 5488 1415 5528 Jeune
1452 5488 1578 5527 hom¬

548 5548 619 5586 me
640 5548 692 5586 25
715 5556 811 5594 ans,
836 5543 1128 5594 agriculteur,
1155 5542 1354 5589 instruit,
1379 5552 1459 5590 pas
1482 5536 1578 5581 vul¬

529 5599 684 5650 gaire,
741 5598 878 5650 ayant
930 5607 1122 5638 avances
1174 5597 1218 5638 et
1242 5594 1469 5646 propriété
1523 5591 1578 5632 de

532 5656 696 5696 '15.000
716 5652 791 5699 fr.,
811 5651 1071 5703 épouserait
1089 5651 1227 5699 jeune
1246 5659 1484 5699 personne,
1509 5658 1578 5686 ca¬

548 5707 732 5755 ractère,
763 5707 844 5756 âge
874 5706 915 5746 et
943 5703 1159 5746 situation
1191 5714 1244 5743 en
1276 5701 1463 5752 rapport
1518 5711 1575 5739 ou

545 5760 670 5803 riche
695 5771 801 5802 sans
826 5758 1055 5810 préjugés.

600 5842 640 5878 2°
660 5840 718 5879 Le
735 5838 860 5876 Trait
882 5836 1074 5876 d’Union
1095 5838 1160 5876 est
1182 5846 1240 5875 un
1262 5835 1443 5883 journal
1467 5835 1574 5873 hon¬

547 5899 650 5941 nête
675 5903 719 5940 et
746 5899 976 5946 n’accepte
1003 5907 1092 5946 que
1147 5896 1227 5936 des
1253 5904 1482 5935 annonces
1510 5892 1574 5935 sé¬

547 5957 732 5999 rieuses.

531 6070 535 6072 -
576 6036 717 6090 ,6119.
743 6035 986 6076 Toulouse.
1007 6035 1061 6073 —
1084 6032 1216 6082 Veuf,
1240 6033 1294 6075 59
1316 6040 1413 6080 ans,
1438 6028 1577 6080 ayant

543 6088 814 6143 profession,
840 6087 1016 6131 maison
1039 6099 1094 6128 en
1116 6086 1223 6128 ville
1244 6084 1287 6127 et
1307 6094 1571 6135 campagne,

530 6140 740 6183 ‘revenus
774 6143 896 6182 2.500
933 6140 988 6190 fr,
1028 6136 1295 6180 sentiments
1332 6135 1568 6187 religieux,

544 6196 690 6238 désire
715 6196 916 6246 mariage
942 6206 1048 6235 avec
1073 6203 1299 6245 personne
1322 6191 1412 6232 très
1435 6191 1575 6230 hono¬

543 6248 683 6298 rable,
709 6248 836 6299 d’âge
860 6247 1036 6297 assorti,
1060 6246 1194 6299 goûts
1217 6243 1419 6296 simples.
1446 6242 1574 6286 Réfé¬

542 6313 698 6344 rences
730 6300 923 6352 exigées.

595 6375 714 6418 6120.
748 6371 1166 6423 Basses-Pyrénées.
1195 6394 1250 6400 —
1279 6370 1410 6418 Veuf,
1457 6367 1570 6415 seul,

539 6424 712 6470 certain
769 6423 865 6478 âge,
924 6424 1258 6469 fonctionnaire
1313 6424 1368 6464 de
1420 6420 1571 6468 l’Etat,

539 6475 663 6530 2.Q0P
691 6480 747 6521 fr.
775 6479 958 6542 jusqu’à
984 6478 1028 6520 la
1055 6478 1123 6521 fin
1151 6478 1204 6520 de
1232 6489 1302 6520 ses
1327 6476 1468 6527 jours,
1500 6474 1568 6516 bel

527 6527 738 6587 [h,anime,
774 6546 898 6575 avoir
929 6531 1186 6584 personnel,
1246 6529 1372 6572 santé
1430 6527 1571 6571 excel¬

527 6578 698 6648 lente,,
712 6587 920 6630 habitant
955 6586 1063 6628 ville
1097 6583 1275 6634 d’eaux,
1311 6579 1571 6636 épouserait

527 6639 818 6704 ^Demoiselle,
836 6653 893 6683 ou
919 6641 1062 6682 Dame
1087 6639 1143 6681 de
1167 6640 1218 6679 40
1243 6639 1274 6679 â
1294 6639 1344 6679 56
1370 6648 1465 6686 ans,
1494 6635 1570 6675 ho-

538 6686 725 6738 nôrabie
751 6696 794 6735 et
819 6693 923 6734 bien
951 6693 1114 6743 élevée,
1145 6691 1283 6743 ayant
1308 6691 1457 6732 rentes
1509 6700 1567 6730 ou

535 6748 806 6800 économies.

524 6854 535 6862 .
589 6823 707 6866 6122.
741 6823 1082 6863 Haute-Marne.
1111 6843 1166 6850 —
1194 6819 1382 6861 Officier
1410 6818 1567 6858 minis¬

1628 548 1770 597 tériel,
1799 550 1846 587 31
1876 559 1971 595 ans,
2001 542 2304 586 honorabilité
2331 539 2540 592 parfaite,
2570 538 2659 579 très

1631 602 1900 654 intelligent,
1932 602 2156 642 caractère
2186 598 2274 649 gai,
2306 595 2551 647 possédant
2579 603 2657 631 son

1631 659 1763 698 étude
1785 656 1943 696 valeur
1963 656 2112 695 30.000
2135 652 2190 691 fr.
2215 653 2256 692 et
2279 650 2431 690 autres
2453 647 2659 699 espéran¬

1631 722 1716 760 ces,
1743 708 1980 750 désirerait
2005 707 2207 755 mariage
2231 715 2339 744 avec
2390 699 2661 742 Demoiselle

1635 766 1752 813 bien,
1788 764 1843 804 de
1876 763 2024 803 bonne
2084 759 2275 807 famille,
2310 760 2362 798 20
2394 756 2420 796 à
2451 758 2503 795 25
2563 764 2659 800 ans,

1634 818 1770 870 ayant
1798 817 1874 858 dot
1903 816 1958 856 de
1985 817 2036 855 25
2065 815 2090 854 à
2119 814 2267 854 30.000
2296 811 2351 851 fr.
2385 810 2427 850 et
2455 807 2661 859 espéran¬

1632 883 1719 914 ces.

1687 944 1804 984 6124.
1836 944 2059 991 Aveyron.
2086 938 2140 979 —
2163 938 2307 979 Jeune
2362 935 2559 982 homme,
2612 933 2663 972 27

1636 1011 1732 1047 ans,
1764 996 1867 1038 bien
1898 1006 2003 1037 sous
2032 995 2132 1034 tous
2163 991 2387 1043 rapports,
2446 986 2664 1028 ancienne

1639 1050 1828 1099 famille,
1866 1049 2014 1088 50.000
2052 1047 2106 1087 fr.
2146 1043 2419 1086 immeubles
2481 1050 2663 1092 person¬

1638 1104 1734 1144 nels
1756 1102 1799 1143 et
1822 1102 2087 1154 espérances
2110 1099 2252 1146 sûres,
2277 1094 2535 1147 épouserait
2583 1094 2665 1132 De¬

1639 1156 1855 1205 moiselle,
1884 1155 2020 1206 ayant
2046 1154 2122 1194 dot
2147 1152 2384 1202 analogue.
2414 1150 2483 1190 Au
2509 1146 2663 1188 besoin

1638 1223 1683 1252 se
1709 1210 1961 1260 déplacera.

1691 1277 1810 1316 6125.
1843 1274 2247 1315 Ilaute-Garoime.
2268 1291 2316 1297 —
2339 1267 2474 1318 Veuf,
2495 1268 2544 1306 44
2567 1276 2661 1316 ans,

1639 1336 1856 1391 physique
1886 1338 2028 1387 jeune,
2064 1334 2242 1375 retraité
2268 1332 2323 1372 de
2346 1330 2489 1379 l’Etat,
2513 1330 2591 1371 800
2611 1328 2661 1367 fr.

1643 1400 1832 1442 Possède
1866 1399 1940 1450 joli
1971 1395 2212 1440 immeuble
2240 1395 2342 1435 neuf
2371 1396 2414 1435 et
2446 1390 2666 1443 propriété

1639 1455 1770 1495 d'une
1791 1454 1944 1493 valeur
1966 1453 2018 1492 de
2041 1451 2190 1491 20.000
2210 1450 2371 1489 francs.
2403 1444 2667 1498 Epouserait

1640 1526 1779 1558 veuve
1802 1528 1856 1556 ou
1879 1512 2136 1555 demoiselle
2160 1510 2235 1562 qui
2259 1510 2402 1551 aurait
2424 1506 2667 1549 l’intention

1639 1580 1694 1620 de
1718 1583 1922 1631 partager
1944 1578 2012 1618 vie
2032 1574 2255 1627 agréable.

1695 1651 1812 1691 6127.
1847 1650 2250 1691 Haute-Garonne.
2282 1644 2334 1684 —
2367 1639 2667 1688 Célibataire,

1640 1718 1692 1754 42
1723 1724 1819 1762 ans,
1852 1712 2009 1763 grand,
2048 1710 2176 1758 brun,
2213 1706 2379 1748 lamille
2411 1706 2500 1744 très
2530 1704 2668 1743 hono¬

1643 1776 1780 1825 rable,
1804 1775 1926 1817 avoir
1951 1777 2002 1816 25
2024 1774 2102 1814 000
2123 1772 2195 1820 fr.,
2224 1768 2436 1811 situation
2463 1766 2668 1815 indépen¬

1642 1839 1772 1879 dante
1796 1838 2052 1888 rapportant
2070 1836 2191 1874 4.000
2211 1832 2263 1872 fr.
2283 1843 2363 1882 par
2382 1841 2451 1880 an,
2468 1828 2668 1868 s’unirait

1642 1912 1750 1942 avec
1785 1897 2044 1940 demoiselle
2079 1908 2135 1938 ou
2167 1905 2307 1936 veuve
2344 1895 2475 1944 ayant
2507 1893 2588 1940 âge
2627 1892 2670 1930 et

1643 1963 1832 2020 position
1852 1959 2144 2013 équivalente.

1697 2043 1815 2086 6131.
1860 2042 1986 2083 Gers.
2025 2064 2079 2070 —
2132 2038 2414 2086 Célibataire,
2468 2038 2516 2075 41
2571 2046 2665 2083 ans,

1647 2106 1792 2144 15.000
1822 2103 1877 2143 fr.
1910 2115 1964 2143 en
1995 2102 2188 2152 espèces,
2220 2099 2369 2140 bonne
2399 2094 2667 2136 instruction

1644 2164 1687 2205 et
1728 2162 1983 2211 éducation,
2014 2160 2192 2203 sérieux
2219 2160 2260 2201 et
2286 2158 2515 2204 économe,
2543 2155 2669 2194 hom¬

1645 2236 1718 2266 me
1772 2223 1828 2264 de
1881 2234 2020 2270 cœur,
2066 2219 2208 2262 solide
2251 2216 2479 2266 affection,
2524 2214 2671 2256 désire

1647 2282 1787 2324 union
1835 2292 1943 2323 avec
1986 2276 2249 2322 demoiselle
2277 2290 2335 2318 ou
2364 2286 2507 2318 veuve
2535 2270 2671 2323 ayant

1647 2343 1795 2383 bonne
1830 2340 2046 2383 situation
2082 2340 2124 2380 et
2158 2336 2428 2379 excellentes
2460 2331 2665 2385 qualités.

1646 2403 1730 2443 Lui
1751 2402 1908 2442 écrire.

1703 2491 1910 2538 Envoyez
1940 2486 1967 2527 à
1999 2487 2042 2526 la
2076 2484 2300 2524 Direction
2336 2483 2412 2522 des
2445 2488 2672 2520 annonces

1647 2548 1882 2596 sérieuses,
1906 2548 2066 2596 vraies,
2091 2544 2300 2591 sincères,
2326 2540 2534 2591 précises,
2559 2550 2673 2588 pour

1647 2609 1787 2650 éviter
1814 2608 1892 2648 des
1915 2606 2144 2656 surprises
2172 2603 2431 2652 imprévues
2456 2604 2498 2640 et
2550 2599 2672 2639 désa¬

1647 2668 1868 2718 gréables.

1702 2752 1819 2795 6132.
1844 2751 1982 2791 Tarn.
2003 2773 2057 2780 —
2075 2752 2220 2791 Jeune
2243 2746 2441 2795 homme,
2464 2746 2599 2792 brun,
2621 2744 2672 2784 27

1650 2826 1746 2863 ans,
1770 2811 2022 2863 négociant,
2044 2810 2260 2851 situation
2280 2811 2306 2847 7
2325 2808 2351 2848 à
2370 2808 2492 2848 8.000
2510 2806 2567 2845 fr.
2591 2815 2673 2855 par

1650 2886 1722 2922 an,
1744 2874 2011 2924 espérances
2031 2871 2131 2911 cent
2151 2867 2292 2910 mille.
2315 2863 2583 2918 Epouserait
2601 2864 2673 2904 de¬

1651 2932 1855 2974 moiselle
1874 2931 1928 2972 de
1946 2933 2000 2972 20
2019 2930 2046 2970 à
2063 2932 2116 2970 25
2136 2939 2232 2978 ans,
2254 2926 2378 2979 jolie,
2401 2922 2671 2975 distinguée,

1648 2995 1779 3043 ayant
1800 2991 1875 3030 dot
1899 2990 1954 3030 de
1971 2990 2023 3028 20
2044 2991 2068 3027 à
2084 2990 2135 3028 50
2156 2988 2234 3027 000
2255 2988 2416 3024 francs.

1695 3062 1815 3103 6134.
1844 3062 2082 3102 Charente.
2105 3059 2160 3099 —
2198 3059 2343 3099 Jeune
2384 3055 2582 3103 homme,
2623 3055 2675 3093 35

1650 3135 1746 3171 ans,
1794 3121 1955 3174 grand,
2004 3120 2138 3168 brun,
2187 3115 2363 3160 famille
2408 3112 2671 3161 honorable,

1649 3182 1878 3235 propriété
1919 3179 2069 3220 20.000
2111 3179 2168 3219 fr.
2199 3175 2311 3228 qu’il
2355 3174 2548 3227 exploite
2592 3172 2676 3214 lui-

1650 3242 1814 3290 même,
1856 3238 2112 3291 épouserait
2152 3235 2412 3278 demoiselle
2452 3246 2508 3274 ou
2531 3242 2675 3273 veuve

1648 3302 1840 3343 voulant
1879 3292 2058 3341 habiter
2099 3298 2146 3338 la
2168 3303 2420 3347 campagne
2446 3294 2488 3335 et
2512 3292 2675 3334 s’occu¬

1651 3375 1730 3414 per
1772 3361 1833 3402 du
1876 3362 2067 3408 ménage
2108 3370 2166 3399 ou
2192 3358 2247 3398 de
2272 3355 2410 3408 petite
2435 3351 2672 3394 industrie.

1652 3422 1740 3462 Pas
1758 3420 1967 3472 exigeant
1986 3429 2063 3460 sur
2082 3416 2171 3458 dot.
2196 3414 2399 3457 Sérieux.

1703 3499 1823 3539 6136.
1860 3493 2288 3543 Hautes-Pyrénées.
2320 3515 2375 3520 —
2408 3491 2675 3532 Célibataire

1650 3560 1702 3598 37
1723 3570 1820 3608 ans,
1843 3555 1966 3598 idées
1985 3556 2148 3606 larges,
2171 3553 2251 3594 dot
2268 3553 2392 3595 5.000
2412 3550 2469 3592 fr.
2493 3549 2675 3600 épouse¬

1652 3619 1739 3660 rait
1763 3615 2024 3660 demoiselle
2050 3627 2107 3655 ou
2131 3624 2274 3655 veuve
2298 3612 2354 3652 de
2375 3612 2428 3651 26
2452 3610 2479 3650 à
2500 3610 2552 3649 35
2576 3619 2672 3648 ans.

1653 3677 1856 3720 Sérieux.

1704 3755 1823 3795 6137.
1858 3754 1983 3795 Gers.
2012 3752 2068 3791 —
2098 3750 2346 3795 Monsieur,
2375 3748 2428 3787 50
2458 3757 2554 3794 ans,
2586 3745 2676 3784 très

1651 3813 1847 3861 sérieux,
1872 3812 2000 3852 santé
2023 3808 2217 3862 parfaite
2240 3807 2283 3849 et
2305 3804 2537 3853 situation,
2562 3802 2675 3844 dési¬

1652 3887 1700 3915 re
1748 3874 1940 3923 épouser
1988 3870 2122 3912 dame
2160 3880 2218 3909 ou
2258 3864 2519 3908 demoiselle
2542 3862 2677 3914 ayant

1651 3932 1848 3984 éprouvé
1894 3928 2048 3982 peines
2092 3927 2302 3970 morales.
2335 3927 2491 3966 Bonne
2532 3921 2673 3969 santé,

1652 3991 1784 4043 goûts
1827 3990 2028 4042 simples,
2061 3987 2211 4030 rentes
2252 3986 2295 4027 et
2338 3995 2531 4027 revenus
2559 3983 2673 4029 sûrs,

1652 4052 1756 4092 d’au
1779 4052 1928 4091 moins
1950 4050 2072 4091 3.000
2094 4048 2150 4088 fr.

1706 4128 1825 4168 6138.
1852 4124 2160 4167 Haute-Loire.
2180 4147 2236 4152 —
2255 4123 2372 4163 Veuf
2394 4130 2500 4163 avec
2520 4118 2677 4160 enfant

1652 4190 1707 4228 de
1727 4191 1751 4227 6
1771 4198 1867 4238 ans,
1891 4187 2231 4235 entrepreneur,
2253 4184 2306 4222 39
2327 4191 2423 4230 ans,
2447 4180 2549 4220 bien
2571 4189 2677 4220 sous

1654 4248 1755 4288 tous
1783 4244 2008 4298 rapports,
2040 4243 2165 4286 taille
2195 4244 2214 4282 1
2246 4253 2307 4283 m.
2338 4242 2403 4289 71,
2435 4238 2679 4292 possédant

1656 4308 1801 4347 12.000
1825 4306 1899 4354 fr.,
1942 4304 2087 4346 désire
2127 4302 2331 4351 mariage
2380 4311 2487 4340 avec
2536 4306 2677 4338 veuve

1654 4377 1760 4407 sans
1779 4364 1962 4406 enfants
1979 4374 2036 4405 ou
2055 4360 2319 4404 demoiselle
2339 4359 2604 4400 au-dessous
2622 4356 2677 4397 de

1652 4428 1704 4466 35
1727 4436 1823 4475 ans,
1848 4424 1987 4476 ayant
2007 4423 2086 4464 dot
2106 4420 2343 4471 analogue.

1708 4503 1826 4543 6140.
1860 4499 2072 4543 Gironde.
2101 4498 2156 4538 —
2184 4495 2468 4546 Célibataire,
2498 4494 2550 4535 38
2580 4502 2676 4540 ans,

1654 4563 1758 4603 bien
1783 4571 1888 4602 sous
1911 4561 2012 4601 tous
2038 4558 2262 4611 rapports,
2306 4554 2519 4596 situation
2560 4563 2679 4594 com¬

1656 4620 1882 4669 merciale,
1908 4619 2034 4660 avoir
2055 4619 2098 4658 et
2118 4616 2399 4669 espérances,
2423 4611 2680 4666 épouserait

1655 4679 1916 4726 demoiselle
1936 4691 1994 4720 ou
2015 4687 2158 4720 veuve
2180 4675 2316 4727 ayant
2338 4672 2551 4716 situation
2575 4683 2679 4712 ana¬

1628 4738 1787 4795 logue
1811 4751 1869 4780 ou
1895 4738 1986 4779 dot.
2015 4736 2227 4779 Pourrait
2251 4745 2296 4777 se
2322 4731 2547 4784 déplacer.

1708 4827 1825 4867 6141.
1852 4826 2090 4866 Charente.
2110 4823 2164 4862 —
2186 4823 2279 4862 Fils
2299 4820 2484 4871 unique,
2507 4819 2559 4858 26
2579 4828 2675 4863 ans,

1655 4884 1851 4936 qualités
1876 4883 2124 4936 physiques
2151 4880 2196 4920 et
2220 4879 2431 4926 morales,
2460 4875 2679 4918 ancienne

1656 4943 1845 4995 famille,
1891 4944 1968 4985 dot
2011 4943 2184 4984 100.000
2228 4940 2283 4981 fr.
2314 4939 2423 4980 dont
2446 4938 2597 4979 55.000
2623 4947 2676 4976 en

1654 5006 1847 5056 espèces,
1878 5003 2024 5044 désire
2053 5000 2255 5052 mariage
2282 5010 2391 5039 avec
2418 4995 2678 5038 demoiselle

1656 5063 1918 5115 honorable,
1966 5060 2180 5104 situation
2210 5058 2335 5111 égale
2363 5070 2420 5100 ou
2448 5054 2677 5107 supérieu¬

1655 5135 1716 5164 re.

1712 5203 1768 5244 Le
1796 5200 1922 5240 Trait
1951 5198 2144 5239 d’Union
2175 5199 2239 5238 est
2284 5206 2345 5235 un
2390 5191 2570 5243 journal
2616 5190 2661 5232 sé

1655 5259 1783 5296 rieux
1806 5259 1848 5295 et
1870 5254 1979 5295 utile
1998 5251 2025 5292 à
2044 5255 2160 5292 tous.

1704 5338 1822 5379 6143.
1836 5338 1979 5379 Tarn.
2003 5336 2043 5375 —
2070 5331 2366 5380 Célibataire,
2384 5332 2434 5370 32
2448 5340 2543 5379 ans,
2560 5327 2676 5374 bien,

1652 5412 1758 5442 sous
1778 5403 1877 5440 tous
1898 5399 1963 5439 les
1982 5398 2203 5450 rapports,
2227 5392 2538 5446 propriétaire,
2554 5391 2665 5439 négo

1651 5464 1782 5513 ciant,
1820 5458 2070 5512 industriel,
2114 5455 2323 5499 situation
2364 5452 2676 5495 commerciale

1653 5527 1799 5567 10.000
1834 5526 1995 5572 francs,
2036 5520 2289 5573 épouserait
2328 5519 2491 5559 femme
2527 5515 2679 5556 d’inté¬

1652 5594 1768 5632 rieur
1790 5591 1844 5631 de
1872 5591 1923 5630 20
1944 5591 1970 5628 à
1990 5590 2040 5630 30
2062 5598 2159 5636 ans,
2191 5587 2320 5636 goûts
2343 5583 2543 5634 simples,
2575 5592 2677 5620 con¬

1651 5656 1851 5696 naissant
1871 5662 2136 5695 commerce.
2161 5650 2380 5690 Situation
2403 5658 2458 5687 en
2479 5647 2675 5696 rapport.

1703 5731 1821 5772 6146.
1836 5724 2123 5775 Lot.—Veuf,
2139 5724 2251 5772 seul,
2266 5722 2364 5763 titre
2384 5722 2436 5762 de
2452 5722 2609 5770 comte,
2628 5722 2677 5760 66

1650 5807 1744 5844 ans,
1770 5792 1895 5833 santé
1915 5790 2118 5842 parfaite,
2152 5787 2377 5838 propriété
2407 5785 2462 5824 de
2495 5785 2678 5833 rapport

1650 5860 1690 5897 et
1711 5855 1998 5905 d’agrément,
2022 5850 2167 5891 désire
2190 5851 2380 5899 épouser
2416 5843 2675 5884 demoiselle

1650 5931 1706 5959 ou
1726 5919 1856 5959 dame
1875 5926 2034 5962 veuve,
2057 5923 2165 5953 avec
2187 5922 2240 5950 ou
2265 5919 2372 5950 sans
2391 5906 2578 5948 enfants.

1702 5987 1806 6030 6146
1836 5987 1918 6027 bis.
1942 5986 2138 6027 Landes.
2170 6003 2220 6011 —
2246 5979 2471 6019 Monsieur
2503 5978 2675 6018 abonné

1648 6064 1755 6102 sans
1772 6060 1987 6091 annonce.

1703 6118 1820 6156 6153.
1855 6116 2040 6155 Vienne.
2070 6111 2115 6151 —
2154 6110 2386 6151 Monsieur
2416 6108 2535 6156 veuf,
2567 6115 2672 6147 sans

1649 6175 1845 6226 enfants,
1869 6174 2143 6224 catholique,
2169 6170 2364 6212 honnête
2386 6167 2428 6214 et
2447 6168 2504 6208 de
2523 6166 2672 6208 bonne

1650 6236 1838 6288 famille,
1866 6234 2002 6288 ayant
2024 6231 2238 6273 situation
2262 6226 2517 6280 épouserait
2540 6226 2671 6267 dame

1646 6307 1789 6338 veuve
1815 6307 1874 6336 ou
1900 6290 2163 6335 demoiselle
2190 6290 2311 6342 âgée,
2357 6287 2495 6339 ayant
2535 6283 2669 6327 situa¬

1648 6355 1754 6398 tion.
1782 6355 1986 6395 Sérieux.

1699 6435 1759 6476 La
1774 6431 2100 6474 combinaison
2121 6427 2339 6475 mariage
2359 6424 2540 6475 répond
2562 6422 2591 6464 à
2607 6431 2670 6463 un

1646 6498 1806 6539 besoin
1828 6494 1995 6538 social.

1697 6566 1816 6608 6155.
1849 6563 2240 6607 Haute-Garonne.
2267 6560 2320 6598 —
2347 6560 2438 6599 Fils
2481 6556 2665 6606 unique,

1644 6626 1919 6675 célibataire,
1946 6628 1996 6666 39
2022 6635 2118 6673 ans,
2146 6623 2283 6674 ayant
2307 6618 2534 6671 propriété
2559 6615 2666 6657 mai¬

1645 6699 1724 6728 son
1751 6687 1794 6728 et
1817 6684 2087 6731 économies,
2115 6682 2261 6724 désire
2302 6680 2493 6731 épouser
2531 6674 2669 6727 jeune

1645 6746 1736 6788 fille
1762 6743 1816 6788 de
1838 6747 1890 6786 25
1914 6744 1938 6784 à
1962 6745 2012 6784 38
2036 6755 2132 6792 ans,
2159 6742 2295 6794 ayant
2319 6739 2374 6782 de
2400 6741 2448 6779 15
2471 6738 2496 6779 à
2519 6736 2667 6779 20.000

1643 6807 1699 6848 fr.
1723 6806 1777 6851 de
1798 6807 1889 6847 dot.

2787 560 2905 604 6157.
2927 560 3065 603 Tarn.
3083 563 3135 603 —
3155 561 3414 611 Négociant,
3435 563 3485 602 40
3503 559 3757 607 ans,.hono¬

2735 623 2873 672 rable,
2909 622 3103 671 sérieux,
3137 622 3260 671 actif,
3296 622 3367 662 bel
3400 622 3597 667 homme,
3633 619 3757 659 santé

2734 682 2942 732 parfaite,
3000 682 3088 723 très
3132 680 3469 732 sympathique,
3516 678 3759 731 possédant

2737 743 2885 783 30.000
2921 742 2995 791 fr.,
3036 741 3140 792 plus
3173 751 3425 780 commerce
3460 739 3675 790 prospère
3711 737 3752 776 et

2735 800 2910 851 ancien,
2943 802 3210 853 rapportant
3238 802 3360 840 5.000
3389 799 3444 839 fr.
3477 799 3581 847 l'an,
3614 796 3759 838 désire

2733 862 2933 910 mariage
2973 861 3077 902 civil
3102 871 3208 900 avec
3247 858 3508 900 demoiselle
3545 869 3603 898 ou
3628 856 3760 896 dame

2733 922 2870 970 seule,
2899 920 2988 963 très
3013 920 3116 961 bien
3143 919 3186 960 et
3210 919 3347 970 ayant
3370 916 3460 959 dot.
3491 917 3536 958 Si
3563 915 3760 967 possible

2737 979 3033 1026 musicienne,
3092 977 3208 1018 mais
3264 977 3443 1019 surtout
3496 987 3578 1026 pas
3632 974 3759 1022 sotte,

2737 1035 2908 1081 femme
2949 1038 3228 1084 d’intérieur,
3275 1035 3448 1077 aimant
3493 1043 3760 1076 commerce.

2738 1098 2785 1139 Si
2816 1098 2944 1150 plait,
2974 1097 3184 1148 qualités,
3216 1107 3317 1137 sera
3344 1107 3427 1147 pas
3456 1092 3679 1146 exigeant.

2792 1175 2909 1216 6158.
2944 1175 3216 1223 Cambodge.
3245 1196 3299 1200 —
3327 1172 3471 1212 Jeune
3501 1172 3684 1211 homme
3712 1171 3764 1210 27

2739 1246 2836 1283 ans,
2868 1234 3029 1284 grand,
3079 1234 3213 1281 brun,
3264 1232 3490 1283 physique
3536 1228 3762 1280 agréable,

2740 1293 3073 1335 fonctionnaire
3151 1291 3441 1341 Indo-Chine,
3505 1288 3765 1331 traitement

2739 1355 2862 1395 7.000
2892 1354 2949 1393 fr.
2959 1385 2977 1403 v
3000 1352 3191 1394 brillant
3220 1351 3392 1400 avenir,
3424 1348 3671 1391 excellente
3702 1347 3764 1388 fa¬

2741 1411 2881 1462 mille,
2910 1412 3151 1454 recherche
3173 1423 3288 1463 pour
3313 1410 3515 1459 mariage
3538 1409 3675 1459 jeune
3700 1407 3766 1447 fil¬

2741 1474 2782 1514 le
2804 1473 2860 1514 de
2884 1475 2933 1513 18
2955 1474 2981 1512 à
3002 1474 3055 1512 24
3079 1483 3174 1520 ans,
3200 1472 3352 1512 bonne
3372 1468 3629 1519 éducation,
3656 1468 3764 1508 fem¬

2743 1545 2813 1573 me
2836 1532 3100 1574 d’intérieur
3124 1532 3261 1584 ayant
3283 1530 3477 1583 qualités
3500 1529 3555 1570 de
3577 1539 3701 1568 cœur
3725 1532 3767 1567 et

2743 1591 2940 1643 d’esprit.
2973 1591 3060 1633 Dot
3089 1590 3340 1632 nécessaire
3368 1600 3484 1640 pour
3512 1588 3680 1631 asseoir
3710 1587 3765 1627 si¬

2743 1651 2916 1692 tuation
2940 1650 3056 1692 dans
3075 1650 3265 1691 finance.
3292 1648 3501 1690 Timbrer
3525 1648 3549 1688 à
3571 1649 3595 1686 0
3617 1647 3672 1687 fr.
3697 1645 3763 1686 25.

2800 1730 2898 1771 Lire
2928 1738 2982 1770 en
3012 1731 3052 1767 4°
3083 1738 3196 1776 page
3227 1726 3268 1766 le
3295 1724 3496 1765 courrier
3524 1723 3764 1774 grapholo¬

2745 1791 2895 1839 gique.

2796 1863 2915 1903 6159.
2941 1862 3135 1903 Vendée.
3155 1884 3208 1891 —
3225 1862 3372 1902 Jeune
3393 1860 3578 1900 homme
3596 1860 3648 1898 30
3668 1867 3765 1904 ans,

2744 1923 2951 1964 moralité
3004 1922 3213 1975 parfaite,
3272 1921 3361 1962 très
3403 1919 3596 1969 sérieux,
3643 1916 3767 1958 avoir

2747 1983 2891 2023 10.000
2923 1982 2997 2031 fr.,
3029 1978 3285 2031 épouserait
3313 1979 3449 2030 jeune
3479 1976 3573 2019 fille
3603 1977 3767 2018 sérieu¬

2744 2054 2804 2090 se,
2828 2041 3044 2084 situation
3067 2052 3120 2082 en
3144 2040 3344 2091 rapport,
3369 2038 3593 2091 physique
3617 2036 3767 2087 agréa¬

2744 2102 2830 2143 ble.

2791 2178 2908 2219 6161.
2956 2176 3168 2218 Gironde.
3211 2176 3264 2214 —
3305 2173 3436 2221 Veuf,
3479 2175 3529 2215 50
3556 2183 3651 2220 ans,
3679 2182 3769 2212 em¬

2745 2238 2876 2289 ployé
2902 2238 2956 2278 de
2983 2237 3116 2278 l’Etat
3141 2237 3256 2276 dans
3283 2235 3455 2287 grande
3480 2232 3603 2282 ville,
3632 2232 3770 2282 ayant

2745 2298 2865 2338 droit
2889 2298 2916 2336 à
2943 2295 3124 2338 retraite
3150 2298 3204 2338 de
3245 2296 3368 2335 2.400
3396 2294 3468 2341 fr.,
3515 2290 3770 2343 épouserait

2745 2367 2984 2408 personne,
3008 2358 3089 2408 âge
3111 2356 3152 2396 et
3173 2352 3387 2396 situation
3408 2364 3463 2395 en
3487 2352 3686 2404 rapport.

2800 2434 2916 2475 6163.
2965 2434 3188 2481 Aveyron.
3215 2454 3269 2459 —
3296 2431 3427 2478 Veuf,
3471 2431 3524 2467 40
3567 2439 3663 2475 ans,
3708 2427 3771 2467 sé¬

2748 2494 2891 2543 rieux,
2919 2495 2943 2534 2
2985 2491 3167 2534 enfants
3211 2492 3255 2530 11
3284 2490 3327 2531 et
3351 2491 3375 2530 5
3417 2500 3513 2530 ans.
3544 2485 3767 2528 Situation

2748 2556 2867 2595 1.200
2890 2554 2945 2595 fr.
2971 2564 3053 2604 par
3077 2563 3133 2592 an
3159 2551 3199 2592 et
3223 2550 3321 2600 logé
3343 2551 3369 2590 à
3391 2550 3475 2591 vie.
3503 2544 3768 2588 Economies

2745 2615 2867 2655 4.000
2892 2613 2947 2652 fr.
2975 2611 3145 2664 Depuis
3167 2611 3220 2651 20
3244 2621 3324 2652 ans
3349 2608 3463 2650 dans
3487 2607 3636 2648 même
3688 2605 3768 2646 im¬

2748 2671 2976 2724 primerie.
3006 2668 3274 2723 Epouserait
3298 2666 3560 2710 demoiselle
3585 2676 3643 2706 ou
3668 2676 3772 2706 veu¬

2747 2744 2800 2775 ve
2823 2731 2880 2772 de
2899 2733 2949 2771 30
2971 2731 2995 2772 à
3017 2734 3067 2771 40
3091 2742 3185 2781 ans,
3211 2739 3316 2770 sans
3339 2727 3533 2774 enfants,
3559 2724 3769 2772 honnête,

2747 2791 2961 2840 dévouée,
2986 2792 3028 2831 et
3049 2788 3253 2841 pouvant
3275 2799 3322 2830 se
3344 2786 3569 2839 déplacer.

2803 2870 2919 2910 6164.
2944 2866 3283 2914 Hautes-Alpes.
3303 2863 3625 2903 —Lieutenant
3644 2861 3770 2901 chas¬

2752 2939 2879 2971 seurs
2907 2927 3070 2978 alpins,
3100 2928 3152 2966 35
3179 2936 3276 2974 ans,
3307 2935 3412 2965 sans
3439 2920 3635 2970 fortune,
3664 2930 3771 2960 sans

2753 2987 2980 3034 relations,
3010 2983 3248 3025 éducation
3276 2983 3317 3023 et
3345 2980 3601 3032 réputation
3629 2976 3771 3019 excel¬

2752 3047 2909 3094 lentes,
2943 3043 3180 3086 désirerait
3210 3040 3412 3092 mariage
3470 3050 3577 3080 avec
3634 3038 3771 3088 jeune

2752 3106 2844 3148 fille
2868 3116 2924 3145 ou
2949 3114 3107 3150 veuve,
3132 3102 3404 3152 catholique,
3432 3099 3580 3140 bonne
3627 3098 3768 3144 santé,

2752 3165 2844 3213 dot,
2874 3162 3089 3204 situation
3119 3162 3160 3202 et
3188 3159 3427 3200 éducation
3455 3168 3511 3197 en
3568 3155 3769 3208 rapport,

2751 3223 2883 3275 goûts
2909 3222 3111 3272 simples,
3140 3217 3317 3260 famille
3341 3215 3603 3258 honorable.
3663 3215 3771 3255 Très

2753 3282 2945 3324 sérieux.

2804 3359 2921 3399 6167.
2963 3356 3349 3396 LOt-et-Garonne.
3353 3353 3407 3392 —
3428 3351 3772 3392 Fonctionnaire

2754 3418 2871 3467 Etat,
2901 3416 3024 3467 veuf,
3056 3417 3109 3456 40
3139 3427 3236 3463 ans,
3269 3412 3372 3455 bien
3405 3423 3511 3454 sous
3541 3411 3641 3452 tous
3672 3422 3772 3460 rap¬

2753 3477 2892 3529 ports,
2920 3475 3179 3518 traitement
3204 3475 3325 3514 2.000
3352 3472 3425 3521 fr.,
3455 3483 3560 3512 avec
3587 3482 3772 3511 avance¬

2754 3536 2892 3584 ment,
2931 3532 3187 3586 épouserait
3223 3530 3483 3572 demoiselle
3519 3541 3575 3570 ou
3611 3538 3768 3576 veuve,

2755 3607 2859 3636 sans
2881 3595 3076 3643 enfants,
3102 3592 3155 3632 de
3176 3594 3228 3632 34
3252 3592 3276 3631 à
3297 3592 3348 3631 38
3372 3602 3468 3639 ans,
3493 3588 3631 3640 ayant
3679 3587 3768 3628 dot.

2755 3654 2920 3695 Inutile
2940 3653 2975 3693 si
2996 3663 3077 3703 pas
3096 3651 3288 3692 sérieux.

2807 3730 2924 3770 6171.
2975 3726 3391 3768 Lot-et-Garonne.
3439 3727 3492 3764 —
3541 3722 3772 3764 Monsieur

2755 3789 2944 3839 abonné,
2969 3799 3075 3828 sans
3096 3796 3313 3827 annonce.

2807 3867 2924 3907 6172.
2976 3863 3365 3905 Haute-Garonne.
3386 3886 3440 3891 —
3487 3858 3769 3907 Célibataire,

2753 3927 2804 3967 60
2821 3937 2919 3974 ans,
2940 3923 3130 3964 d’allure
3149 3920 3253 3975 plus
3272 3921 3421 3971 jeune,
3444 3919 3555 3968 seul,
3576 3919 3769 3966 sérieux,

2757 3979 2841 4025 bon
2859 3983 3097 4031 caractère,
3116 3982 3252 4032 ayant
3265 3979 3520 4022 économies
3537 3978 3681 4018 10.000
3697 3975 3769 4024 fr.,

2755 4043 2902 4084 rentes
2933 4043 3052 4082 1.000
3082 4042 3136 4080 fr.
3170 4042 3273 4090 l’an,
3308 4038 3453 4080 désire
3484 4038 3694 4088 partager
3724 4047 3773 4074 sa

2756 4102 2949 4144 solitude
2971 4110 3076 4142 avec
3097 4098 3360 4140 demoiselle
3381 4110 3438 4138 ou
3459 4097 3594 4139 dame
3614 4106 3771 4143 veuve,

2755 4160 3017 4208 honorable,
3045 4168 3152 4201 avec
3177 4168 3233 4199 ou
3260 4168 3365 4199 sans
3391 4156 3585 4203 enfants,
3614 4155 3773 4207 petites

2755 4222 2917 4263 rentes.
2942 4219 2998 4260 Se
3016 4218 3305 4271 déplacerait.

2805 4298 2923 4338 6174.
2955 4297 3095 4336 Aude.
3123 4319 3176 4323 —
3208 4292 3439 4334 Monsieur
3467 4291 3643 4332 abonné
3669 4302 3773 4332 sans

2753 4366 2970 4398 annonce.

2805 4432 2920 4474 6175.
2951 4432 3074 4473 Gers.
3097 4431 3152 4469 —
3176 4430 3304 4479 Veuf,
3329 4431 3380 4470 42
3402 4441 3497 4472 ans,
3549 4427 3773 4478 régisseur

2752 4492 2915 4545 depuis
2936 4495 2985 4532 10
3007 4503 3088 4532 ans
3108 4491 3223 4531 dans
3245 4490 3393 4531 même
3414 4486 3656 4540 propriété,
3707 4496 3775 4525 ca¬

2754 4554 2923 4594 ractère
2944 4552 3065 4592 doux
3088 4551 3129 4591 et
3149 4550 3237 4600 gai,
3263 4547 3518 4600 épouserait
3540 4546 3775 4588 demoisel¬

2752 4612 2793 4652 le
2818 4623 2876 4652 ou
2900 4623 3057 4660 veuve,
3086 4611 3224 4662 ayant
3275 4610 3363 4650 bon
3389 4618 3529 4655 cœur,
3584 4616 3692 4647 avec
3716 4616 3773 4644 ou

2753 4683 2859 4713 sans
2879 4671 2968 4722 dot,
2992 4671 3075 4722 âge
3095 4668 3369 4710 indifférent.

2804 4752 2924 4792 6178.
2951 4751 3193 4791 Toulouse.
3219 4771 3272 4777 —
3296 4748 3529 4788 Monsieur
3580 4746 3772 4794 abonné,

2752 4823 2856 4854 sans
2876 4820 3117 4852 annonces.

2804 4887 2923 4927 6179.
2983 4886 3369 4926 Lot-et-Garonne.
3396 4907 3447 4912 —
3475 4884 3619 4923 Jeune
3648 4884 3773 4920 hom¬

2753 4948 2839 4995 me,
2865 4948 2917 4986 32
2941 4958 3036 4995 ans,
3065 4945 3219 4993 blond,
3247 4945 3336 4986 très
3376 4944 3479 4984 bien
3532 4942 3771 4994 physique¬

2753 5007 2891 5055 ment,
2946 5005 3248 5046 honorabilité
3295 5002 3505 5055 parfaite,
3561 5000 3773 5050 indépen¬

2752 5067 2875 5114 dant,
2907 5064 3031 5106 avoir
3057 5066 3205 5104 80.000
3233 5062 3307 5112 fr.,
3337 5062 3495 5102 autant
3521 5060 3773 5111 d’espéran¬

2751 5135 2837 5173 ces,
2866 5122 3123 5176 épouserait
3148 5122 3409 5164 demoiselle
3435 5119 3692 5171 catholique
3719 5119 3773 5159 de

2751 5187 2804 5225 20
2823 5185 2849 5224 à
2870 5188 2921 5224 30
2944 5195 3039 5232 ans,
3092 5182 3319 5234 physique
3368 5180 3591 5230 agréable,
3644 5179 3773 5219 affec¬

2753 5247 2924 5291 tueuse,
2948 5244 3026 5283 dot
3047 5242 3296 5283 minimum
3317 5241 3468 5280 25.000
3489 5239 3546 5280 fr.

2805 5314 2947 5354 Toute
2972 5311 3097 5351 lettre
3123 5310 3287 5351 devant
3311 5309 3400 5350 être
3424 5306 3665 5348 transmise
3692 5314 3772 5356 par

2755 5376 2816 5412 les
2832 5375 2956 5411 soins
2975 5372 3029 5412 de
3049 5373 3091 5410 la
3111 5371 3336 5410 Direction
3356 5371 3397 5407 et
3416 5379 3472 5407 ne
3492 5370 3673 5415 portant
3692 5376 3773 5416 pas

2753 5434 2791 5472 le
2815 5442 2921 5471 nom
2947 5431 3000 5470 de
3025 5427 3319 5478 l’expéditeur
3341 5436 3441 5467 sera
3465 5424 3671 5466 détruite.

2803 5507 2920 5548 6180.
2946 5507 3125 5547 Creuse.
3144 5529 3199 5535 —
3216 5504 3450 5546 Monsieur
3471 5502 3648 5544 abonné
3667 5511 3773 5543 sans

2751 5578 2969 5610 annonce.

2802 5636 2920 5676 6181.
2953 5634 3208 5684 Dordogne.
3232 5657 3286 5663 —
3315 5630 3556 5672 Industriel
3610 5630 3771 5671 céliba¬

2749 5695 2860 5738 taire
2877 5697 2931 5735 36
2948 5706 3044 5743 ans,
3065 5691 3323 5745 paraissant
3342 5691 3504 5739 moins,
3527 5689 3616 5730 très
3635 5690 3772 5731 hono¬

2750 5755 2889 5805 rable,
2921 5754 3024 5796 bien
3055 5765 3160 5796 sous
3216 5753 3317 5794 tous
3372 5750 3597 5803 rapports,
3646 5748 3771 5791 avoir

2750 5818 2921 5856 100.000
2948 5815 3100 5855 francs
3125 5812 3168 5854 et
3192 5814 3472 5864 espérances,
3499 5819 3668 5850 revenu
3696 5819 3767 5848 an¬

2748 5873 2853 5915 nuel
2886 5875 3031 5914 10.000
3088 5872 3129 5912 fr
3154 5907 3162 5923 ,
3195 5869 3452 5923 épouserait
3508 5866 3768 5910 demoiselle

2750 5935 2919 5976 femme
2947 5931 3225 5982 d’intérieur,
3261 5928 3485 5979 instruite,
3517 5927 3679 5969 nature
3711 5926 3769 5967 ai¬

2747 5993 2915 6043 mante,
2948 5991 3128 6033 fortune
3185 5990 3311 6042 égale
3340 6002 3398 6031 ou
3431 5987 3675 6029 inférieure
3732 5986 3767 6025 si

2748 6064 2971 6106 personne
2992 6051 3120 6104 plaît.

2799 6130 2916 6171 6182.
2949 6130 3189 6170 Toulouse,
3219 6150 3273 6155 —
3328 6124 3659 6172 Commerçant,
3723 6124 3772 6160 33

2747 6202 2841 6239 ans,
2873 6191 3007 6238 brun,
3037 6190 3127 6230 très
3155 6186 3366 6235 aimable,
3396 6184 3487 6226 fort
3513 6183 3601 6235 gai,
3632 6183 3766 6235 ayant

2745 6250 2959 6291 situation
2980 6248 3035 6290 de
3056 6250 3104 6288 12
3124 6247 3149 6287 à
3171 6247 3316 6287 15.000
3336 6244 3488 6286 francs
3508 6255 3589 6295 par
3609 6255 3681 6290 an,
3704 6251 3767 6280 es¬

2745 6310 2960 6360 pérances
2980 6309 3130 6348 50.000
3151 6307 3228 6355 fr.,
3251 6304 3397 6348 désire
3419 6304 3609 6356 épouser
3630 6302 3767 6354 jeune

2744 6368 2850 6418 fille,
2883 6376 3025 6409 veuve
3055 6377 3112 6408 ou
3143 6363 3392 6416 orpheline,
3451 6363 3589 6414 ayant
3617 6360 3767 6402 30.000

2745 6428 2800 6468 fr.
2823 6427 2900 6468 dot
2917 6427 3180 6468 minimum-
3203 6423 3314 6466 Très
3332 6422 3527 6463 sérieux.

2796 6496 2913 6536 6183.
2948 6495 3160 6535 Gironde.
3189 6492 3244 6532 —
3272 6490 3556 6539 Célibataire,
3586 6492 3637 6530 40
3665 6498 3763 6534 ans,

2742 6556 2816 6596 fils
2835 6556 3021 6607 unique,
3044 6552 3238 6602 sérieux,
3263 6552 3396 6599 brun,
3420 6548 3628 6600 employé
3650 6548 3765 6588 dans

2743 6614 2979 6663 industrie,
3003 6612 3173 6664 grande
3195 6611 3316 6661 ville,
3340 6607 3643 6651 honorabilité
3664 6616 3764 6658 par¬

2742 6675 2864 6723 faite,
2892 6671 3148 6715 économies
3171 6672 3293 6712 3.000
3320 6669 3392 6718 fr-,
3421 6667 3687 6720 espérances
3716 6667 3763 6703 18

2741 6736 2767 6776 à
2789 6735 2939 6775 20.000
2965 6731 3037 6784 fr.,
3065 6730 3321 6783 épouserait
3347 6739 3571 6780 personne
3596 6724 3762 6767 honnê¬

2740 6796 2796 6844 te,
2824 6806 2905 6845 pas
2930 6790 3276 6834 fonctionnaire.

3783 485 3835 489 —
4779 441 4819 487 V

3883 532 4000 572 6185.
4035 530 4465 571 Tarn-et-Garonne.
4494 554 4548 560 —
4576 530 4707 578 Veuf,
4739 530 4851 578 seul,

3831 594 3881 631 56
3907 603 4002 639 ans,
4031 591 4119 632 très
4144 591 4323 632 sérieux
4349 591 4391 630 et
4415 591 4643 639 économe,
4672 590 4759 630 bon
4787 599 4855 628 ca¬

3832 651 4015 701 ractère,
4043 651 4227 693 homme
4255 650 4533 699 d’intérieur,
4563 659 4856 690 ex-commer¬

3833 712 3950 762 çant,
3983 709 4286 751 continuerait
4314 718 4581 758 commerce,
4614 708 4737 749 étant
4765 708 4856 747 très

3833 769 3935 810 actif
3947 771 4129 819 étayant
4145 768 4288 808 bonne
4304 767 4443 816 santé,
4461 766 4647 818 possède
4673 770 4789 807 1.000
4806 766 4857 805 fr.

3832 822 3888 863 de
3939 824 4084 872 rente,
4133 826 4177 862 et
4230 822 4442 862 intérieur
4495 822 4584 860 très
4636 821 4861 860 conforta¬

3835 887 3920 927 ble.
3948 886 4215 936 Epouserait
4237 886 4369 927 dame
4392 896 4449 924 ou
4473 882 4751 931 demoiselle,
4772 883 4857 932 âge

3834 946 3877 987 et
3896 944 4112 986 situation
4131 956 4186 984 en
4208 944 4408 995 rapport.
4432 943 4545 983 Peut
4564 955 4612 984 se
4630 942 4856 994 déplacer.

3890 1023 4008 1062 6190.
4048 1021 4473 1071 Alpes-Maritimes.
4509 1042 4563 1047 —
4597 1019 4713 1059 Veuf
4748 1018 4860 1066 seul,

3837 1077 3889 1115 47
3912 1076 4168 1124 ans,retour
4192 1075 4271 1116 des
4295 1072 4507 1120 colonies,
4535 1084 4640 1114 sans
4664 1071 4861 1119 enfants,

3839 1139 4033 1170 revenus
4055 1127 4248 1170 annuels
4270 1128 4416 1168 18.000
4437 1126 4508 1173 fr-,
4533 1125 4679 1167 désire
4701 1124 4864 1165 maria¬

3837 1192 3891 1230 ge
3919 1193 4024 1224 avec
4068 1182 4332 1223 demoiselle
4384 1192 4441 1219 ou
4471 1190 4627 1227 veuve,
4659 1190 4764 1220 sans
4792 1188 4864 1218 en¬

3839 1236 3976 1285 fants,
4000 1235 4055 1277 de
4076 1237 4128 1275 30
4148 1235 4176 1275 à
4195 1237 4247 1275 35
4270 1244 4367 1282 ans,
4391 1232 4561 1276 femme
4583 1230 4862 1279 d’intérieur,

3839 1290 3972 1340 goûts
3996 1288 4197 1339 simples,
4227 1287 4367 1338 ayant
4391 1287 4444 1329 de
4469 1289 4493 1327 4
4519 1287 4544 1328 à
4568 1287 4689 1328 5.000
4716 1286 4771 1326 fr.
4801 1295 4865 1324 re¬

3839 1354 3984 1384 venus
4008 1341 4289 1394 personnels.

3893 1413 4011 1452 6191.
4041 1413 4180 1451 Tarn.
4208 1433 4262 1439 —
4288 1410 4431 1450 Jeune
4460 1410 4657 1455 homme,
4687 1410 4740 1448 24
4767 1419 4863 1456 ans,

3840 1464 3990 1506 bonne
4033 1464 4225 1511 famille,
4272 1463 4543 1514 intelligent,
4574 1463 4768 1510 sérieux,
4799 1472 4867 1500 ca¬

3841 1517 4060 1567 tholique,
4092 1515 4317 1568 physique
4347 1516 4571 1567 agréable,
4619 1516 4767 1556 bonne
4812 1514 4868 1555 si¬

3841 1571 4015 1611 tuation
4048 1571 4219 1620 avenir,
4255 1571 4479 1611 demande
4511 1569 4726 1619 mariage,
4761 1578 4867 1608 avec

3839 1622 3977 1674 jeune
4010 1624 4105 1668 fille
4137 1624 4411 1675 catholique,
4475 1623 4563 1663 bon
4625 1621 4864 1669 caractère,

3843 1679 3992 1721 bonne
4011 1679 4267 1727 éducation,
4293 1676 4587 1728 intelligente,
4609 1674 4741 1724 goûts
4763 1674 4868 1715 sim¬

3840 1731 3952 1782 ples,
3982 1731 4173 1772 voulant
4200 1732 4324 1772 créer
4353 1730 4480 1779 foyer
4504 1728 4736 1768 vraiment
4761 1727 4868 1767 heu¬

3843 1796 3968 1826 reux.
3997 1786 4222 1835 Moyenne
4248 1783 4463 1824 situation
4489 1783 4545 1823 de
4569 1782 4768 1823 fortune:
4805 1785 4819 1797 '

3895 1856 4014 1896 6192.
4043 1855 4256 1895 Gironde.
4279 1878 4333 1883 —
4356 1851 4474 1895 Veuf
4495 1863 4602 1894 avec
4622 1861 4789 1903 garçon
4815 1851 4871 1891 de

3843 1908 3947 1960 cinq
3967 1919 4063 1957 ans,
4084 1910 4136 1948 32
4155 1919 4251 1955 ans,
4272 1907 4376 1948 bien
4399 1918 4504 1947 sous
4522 1907 4627 1949 tous
4641 1904 4865 1956 rapports.

3843 1962 4076 2003 Excellent
4108 1972 4362 2004 commerce
4412 1959 4528 2000 dans
4559 1954 4695 2008 petite
4744 1955 4866 2005 ville,

3843 2016 3951 2056 d’un
3974 2027 4143 2056 revenu
4165 2015 4333 2055 annuel
4355 2014 4412 2055 de
4430 2015 4456 2052 3
4476 2012 4501 2052 à
4520 2014 4645 2052 4.000
4665 2012 4740 2060 fr.,
4762 2023 4870 2051 vou¬

3843 2070 3963 2110 drait
3988 2070 4180 2119 épouser
4205 2067 4467 2109 demoiselle
4493 2078 4551 2106 ou
4576 2073 4735 2112 veuve,
4764 2074 4869 2103 sans

3843 2120 4040 2171 enfants,
4083 2122 4221 2172 ayant
4260 2122 4315 2162 de
4339 2122 4364 2160 5
4387 2120 4414 2159 à
4441 2119 4588 2159 10.000
4611 2118 4668 2158 fr.
4695 2117 4737 2158 et
4761 2128 4871 2167 pou¬

3844 2176 3953 2215 vant
3981 2175 4021 2215 le
4051 2175 4267 2216 seconder
4295 2175 4408 2214 dans
4437 2171 4481 2212 la
4509 2171 4652 2212 vente-

3897 2247 4016 2286 6193.
4055 2242 4482 2292 Hautes-Pyrénées.
4500 2230 4869 2281 "^Célibataire

3845 2300 3957 2348 seul,
4004 2302 4055 2339 47
4112 2308 4208 2348 ans,
4268 2298 4355 2338 bon
4413 2295 4685 2346 catohlique,
4745 2292 4871 2334 avoir

3844 2354 3992 2392 70.000
4017 2351 4091 2401 fr.,
4119 2348 4377 2402 épouserait
4399 2346 4661 2391 demoiselle
4684 2359 4740 2390 ou
4766 2358 4871 2387 veu¬

3846 2416 3913 2454 ve,
3939 2418 4045 2447 sans
4065 2405 4261 2453 enfants,
4285 2403 4343 2446 de
4360 2404 4413 2443 32
4434 2403 4460 2443 à
4495 2404 4548 2442 45
4597 2413 4693 2451 ans,
4735 2399 4872 2452 ayant

3844 2458 3919 2499 dot
3936 2459 4085 2499 20.000
4107 2458 4156 2498 fr,
4179 2458 4428 2496 minimum.
4452 2454 4633 2495 Sérieux

3899 2532 3956 2572 Le
3979 2531 4105 2570 Trait
4129 2528 4324 2570 d’Union
4349 2530 4456 2575 peut
4479 2527 4570 2567 être
4594 2523 4735 2574 copié,
4763 2524 4791 2562 il
4816 2534 4872 2564 ne

3845 2592 3989 2631 craint
4017 2599 4096 2640 pas
4125 2590 4185 2628 les
4213 2589 4481 2628 imitateurs.

3900 2677 4017 2715 6195.
4051 2675 4244 2715 Flandre
4271 2673 4416 2723 belge,
4440 2694 4495 2700 —
4519 2672 4662 2712 Jeune
4690 2672 4872 2711 homme

3845 2736 3897 2775 32
3953 2746 4049 2783 ans,
4108 2731 4281 2786 grande
4340 2730 4529 2780 famille,
4589 2731 4869 2782 espérances,

3846 2795 4021 2836 400.000
4047 2795 4216 2843 francs,
4244 2792 4392 2834 désire
4416 2791 4741 2842 correspondre
4767 2799 4873 2829 avec

3847 2866 4069 2906 personne
4104 2852 4363 2903 catholique
4396 2850 4701 2903 pratiquante,
4737 2846 4873 2899 ayant

3845 2918 3871 2954 8
3899 2915 3924 2955 à
3953 2917 4100 2955 10.000
4127 2914 4280 2954 francs
4307 2912 4362 2954 de
4416 2911 4564 2952 rentes
4619 2908 4871 2956 annuelles,

3847 2976 3977 3026 goûts
4004 2974 4203 3025 simples-

3899 3050 4018 3088 6196.
4049 3044 4477 3095 Hautes-Pyrénées.
4501 3045 4556 3084 —
4578 3045 4724 3084 Jeune
4748 3042 4874 3082 hom¬

3848 3112 3934 3158 me,
3959 3111 4009 3150 27
4033 3119 4129 3156 ans,
4153 3106 4319 3158 capital
4343 3107 4491 3147 25.000
4531 3104 4697 3152 francs,
4739 3102 4873 3142 situa¬

3847 3168 3941 3208 tion
3962 3170 4109 3207 20.000
4131 3167 4284 3207 francs
4303 3176 4385 3216 par
4408 3176 4481 3212 an,
4506 3163 4652 3203 désire
4673 3160 4875 3210 mariage

3849 3239 3955 3268 avec
3976 3228 4113 3278 jeune
4135 3226 4229 3268 fille
4252 3226 4307 3266 de
4327 3227 4380 3265 20
4401 3224 4427 3263 à
4448 3225 4500 3264 25
4523 3234 4620 3263 ans.

3900 3305 4020 3346 6198.
4044 3303 4288 3344 Toulouse.
4391 3299 4675 3347 Célibataire,
4700 3299 4753 3338 32
4775 3307 4872 3346 ans,

3849 3363 4180 3406 fonctionnaire
4247 3363 4301 3403 de
4348 3358 4769 3410 l’enregistrement,
4819 3369 4873 3397 en

3848 3423 4141 3472 Indo-Chine,
4172 3418 4493 3463 actuellement
4533 3431 4588 3459 en
4616 3417 4757 3469 congé
4799 3416 4875 3456 ad¬

3848 3482 4131 3531 ministratif,
4154 3479 4369 3524 situation
4389 3480 4512 3519 6.000
4532 3478 4588 3518 fr.
4611 3490 4693 3529 par
4714 3487 4785 3523 an,
4803 3475 4876 3515 dé¬

3847 3543 3938 3586 sire
3959 3544 4148 3595 épouser
4189 3538 4451 3582 demoiselle
4474 3549 4532 3580 ou
4555 3538 4691 3588 jeune
4715 3544 4872 3583 veuve,

3848 3615 3956 3645 sans
3981 3601 4153 3649 enfant,
4183 3599 4455 3650 catholique,
4484 3598 4588 3638 bien
4632 3594 4876 3647 physique¬

3848 3660 3988 3714 ment,
4012 3660 4148 3714 ayant
4169 3658 4258 3700 dot.
4284 3658 4455 3699 Pressé.

3901 3740 4019 3780 6199.
4045 3738 4304 3779 Hérault.—
4321 3738 4465 3776 Jeune
4487 3734 4684 3782 homme,
4705 3731 4757 3772 30
4777 3742 4873 3779 ans,

3849 3799 3939 3839 très
3960 3799 4156 3847 sérieux,
4181 3796 4284 3836 bien
4309 3807 4414 3836 sous
4437 3795 4540 3834 tous
4561 3794 4624 3833 les
4648 3791 4872 3842 rapports,

3849 3858 4057 3898 moralité
4088 3854 4295 3908 parfaite,
4329 3851 4588 3904 épouserait
4615 3850 4877 3891 demoiselle

3849 3918 4060 3964 sérieuse,
4087 3916 4141 3956 de
4167 3918 4215 3954 18
4237 3914 4263 3954 à
4283 3916 4335 3954 28
4359 3924 4455 3962 ans,
4481 3911 4618 3962 ayant
4639 3911 4717 3951 dot
4739 3922 4796 3951 ou
4820 3911 4875 3951 si¬

3849 3976 4040 4025 tuation,
4069 3987 4116 4016 se
4140 3972 4413 4024 déplacerait
4440 3984 4497 4012 au
4525 3970 4695 4012 besoin.

3901 4048 4019 4089 6201.
4048 4047 4288 4086 Toulouse.
4314 4044 4368 4083 —
4393 4043 4676 4086 Célibataire,
4701 4043 4749 4079 31
4777 4051 4872 4088 ans,

3850 4107 3964 4149 libre
3985 4108 4028 4148 et
4049 4103 4373 4156 indépendant,
4397 4101 4601 4154 pouvant
4620 4099 4789 4150 diriger
4812 4100 4876 4139 in¬

3851 4167 4023 4208 dustrie
4055 4179 4111 4207 ou
4144 4163 4385 4218 propriété,
4437 4160 4575 4213 ayant
4620 4160 4771 4199 80.000
4814 4158 4873 4203 à

3848 4227 3926 4267 dot
3952 4226 3996 4267 et
4021 4227 4299 4276 espérances,
4329 4220 4541 4264 voudrait
4565 4220 4756 4271 épouser
4781 4218 4876 4268 jeu¬

3852 4299 3906 4327 ne
3933 4286 4026 4326 fille
4055 4285 4174 4332 bien,
4204 4284 4257 4324 de
4285 4286 4337 4323 20
4364 4283 4389 4323 à
4415 4286 4465 4323 25
4495 4292 4591 4330 ans,
4620 4279 4768 4319 bonne
4812 4279 4876 4319 fa¬

3850 4346 3991 4393 mille,
4020 4343 4153 4394 goûts
4180 4341 4420 4390 modestes,
4448 4340 4664 4381 situation
4694 4348 4748 4378 en
4776 4348 4877 4387 rap¬

3851 4407 3965 4457 port.

3903 4472 4021 4512 6202.
4052 4469 4438 4509 Lot-et-Garonne.
4464 4491 4518 4496 —
4543 4466 4674 4512 Veuf,
4700 4466 4753 4503 55
4777 4474 4874 4511 ans,

3851 4544 3956 4574 sans
3991 4530 4181 4578 famille,
4219 4530 4356 4580 ayant
4388 4526 4628 4580 propriété,
4683 4522 4875 4571 maison,

3851 4591 4106 4634 économies
4153 4590 4197 4630 et
4228 4589 4318 4628 bon
4368 4587 4528 4628 métier
4577 4587 4692 4626 dans
4739 4582 4877 4634 petite

3851 4652 3971 4702 ville,
3993 4651 4143 4691 désire
4160 4647 4361 4699 mariage
4381 4658 4488 4688 avec
4508 4654 4732 4697 personne
4751 4642 4877 4694 d’âge

3851 4711 4028 4759 assorti,
4055 4708 4191 4760 ayant
4216 4707 4431 4748 situation
4459 4706 4695 4754 analogue.

3908 4783 3968 4820 Ne
3997 4778 4203 4818 déchirez
4231 4786 4311 4825 pas
4337 4787 4385 4816 ce
4409 4772 4608 4823 journal,
4640 4771 4875 4811 donnez-le

3850 4840 3875 4880 à
3900 4850 3979 4879 vos
4003 4837 4133 4876 amis.

3903 4905 4021 4947 6206.
4048 4905 4197 4954 Congo
4219 4899 4435 4951 français.
4456 4922 4509 4928 —
4531 4894 4876 4939 Fonctionnaire

3849 4967 3905 5006 de
3931 4965 4063 5006 l’Etat
4088 4976 4178 5004 aux
4203 4960 4415 5008 colonies,
4443 4961 4494 4999 37
4521 4970 4616 5009 ans,
4647 4957 4779 5006 brun,
4809 4968 4876 4997 ro-

3850 5024 3995 5075 buste,
4019 5020 4277 5064 traitement
4299 5021 4373 5061 net
4396 5020 4541 5060 12.000
4561 5027 4644 5071 par
4665 5030 4736 5067 an,
4761 5016 4873 5067 logé.

3852 5086 4000 5138 Congé
4021 5096 4075 5126 en
4097 5083 4268 5125 France
4289 5079 4571 5130 demi-solde,
4595 5079 4619 5119 6
4639 5076 4755 5119 mois
4776 5076 4878 5118 tous

3850 5146 3913 5188 les
3937 5148 3964 5185 2
3989 5155 4084 5184 ans.
4114 5143 4251 5183 Avoir
4276 5143 4425 5182 20.000
4451 5139 4617 5187 francs,
4645 5135 4877 5188 patrimoi¬

3851 5216 3905 5246 ne
3930 5204 3956 5244 à
3981 5203 4158 5244 revenir
4184 5203 4332 5242 60.000
4359 5199 4524 5239 francs.
4553 5196 4663 5238 Très
4688 5194 4876 5238 brillant

3852 5262 4024 5304 avenir.
4062 5258 4373 5300 Avancement
4407 5255 4576 5307 rapide-
4614 5255 4875 5304 Libre-pen¬

3847 5335 3964 5374 seur,
3983 5320 4129 5363 désire
4154 5318 4356 5368 mariage
4381 5315 4485 5357 civil
4513 5327 4619 5356 avec
4632 5310 4875 5366 jeune'fille

3849 5379 4201 5431 irréprochable,
4224 5382 4277 5420 23
4298 5379 4324 5419 à
4344 5379 4397 5419 28
4419 5385 4515 5422 ans,
4540 5375 4716 5415 famille
4738 5374 4875 5413 hono¬

3850 5440 3988 5488 rable,
4011 5440 4148 5490 ayant
4165 5438 4344 5479 aisance
4364 5434 4559 5482 assurée,
4581 5434 4657 5475 dot
4676 5444 4731 5474 ou
4753 5430 4875 5482 équi¬

3848 5499 4048 5547 valence,
4106 5498 4212 5539 telle
4240 5510 4329 5549 que
4359 5492 4612 5548 profession
4671 5488 4871 5534 libérale.

3851 5556 4148 5608 Intelligente,
4176 5556 4401 5603 instruite,
4429 5554 4652 5594 caractère
4679 5549 4872 5596 sérieux,

3848 5618 4106 5667 conciliant,
4156 5616 4305 5668 bonté,
4340 5612 4556 5663 droiture,
4589 5613 4720 5666 goûts
4768 5601 4873 5650 sim¬

3848 5679 3959 5731 ples.
3990 5676 4312 5728 Physionomie
4339 5671 4675 5726 sympathique,
4704 5668 4784 5720 joli
4812 5668 4872 5708 vi¬

3845 5747 3948 5790 sage
3964 5734 4156 5787 importe
4170 5747 4272 5786 peu,
4304 5731 4454 5775 moins
4479 5742 4565 5782 que
4592 5727 4726 5772 réelle
4739 5726 4873 5768 beau¬

3846 5799 3885 5839 té
3911 5799 3967 5838 de
3991 5806 4135 5845 corps.
4162 5796 4368 5846 Enovyer
4393 5790 4530 5842 photo
4554 5791 4609 5833 de
4633 5790 4761 5831 suite.
4789 5787 4871 5827 Dé¬

3845 5856 3944 5905 lais,
3975 5856 4000 5895 2
4028 5853 4145 5894 mois
4199 5866 4313 5906 pour
4344 5851 4547 5901 réponse.
4607 5843 4816 5891 Timbrer
4846 5844 4871 5887 â

3843 5920 3869 5958 0
3891 5916 3947 5958 fr.
3970 5916 4037 5956 25.

3905 5981 4023 6023 6208.
4092 5980 4483 6022 Haute-Garonne.
4519 5979 4573 6018 —
4609 5974 4856 6023 Monsieur,

3848 6042 4024 6085 abonné
4050 6052 4156 6084 sans
4184 6048 4401 6083 annonce.

3899 6111 4013 6154 6208-
4053 6110 4441 6149 Haute-Garonne.
4488 6106 4544 6147 —
4601 6100 4868 6147 Célibataire

3844 6174 3896 6212 29
3924 6180 4020 6216 ans,
4067 6167 4344 6210 mécanicien
4388 6164 4527 6215 ayant
4552 6164 4767 6207 situation
4809 6161 4868 6203 de

3844 6234 3868 6270 3
3892 6232 3918 6272 à
3940 6231 4061 6271 4.000
4087 6227 4140 6268 fr.
4194 6240 4276 6279 par
4301 6238 4373 6273 an,
4427 6224 4683 6274 épouserait
4731 6224 4868 6275 jeune

3845 6291 3937 6332 fille
3962 6288 4065 6330 bien
4119 6287 4225 6332 faite
4249 6288 4306 6329 de
4352 6286 4405 6326 20
4427 6283 4453 6323 à
4475 6285 4527 6323 25
4551 6296 4647 6334 ans,
4700 6284 4864 6328 bonne,

3844 6351 3999 6395 douce,
4061 6347 4347 6394 affectueuse,
4383 6342 4675 6395 intelligente,
4735 6340 4868 6395 goûts

3843 6407 4047 6459 simples,
4092 6406 4264 6447 aimant
4291 6406 4336 6445 la
4363 6412 4628 6454 campagne,
4675 6412 4781 6443 avec
4807 6411 4864 6439 ou

3844 6479 3948 6508 sans
3971 6464 4061 6506 dot.

3895 6543 4014 6583 6209.
4069 6536 4580 6582 Charente-Inférieure.
4630 6563 4685 6568 —
4736 6538 4863 6580 Com¬

3843 6606 4045 6652 merçant
4076 6602 4268 6651 sérieux,
4301 6603 4352 6642 49
4384 6608 4480 6647 ans,
4513 6600 4661 6640 40.000
4694 6598 4748 6639 fr.
4784 6595 4866 6636 im¬

3842 6662 4060 6712 meubles,
4089 6663 4235 6704 désire
4260 6662 4451 6714 épouser
4476 6670 4697 6710 personne
4723 6655 4861 6703 seule,

3841 6722 3895 6764 de
3921 6724 3972 6763 38
4000 6723 4025 6763 à
4053 6726 4103 6764 45
4131 6735 4227 6774 ans,
4256 6720 4388 6774 goûts
4415 6718 4616 6771 simples,
4647 6714 4861 6762 situation

3839 6794 3892 6824 en
3916 6784 4116 6836 rapport.
