5184 7176
580 514 1180 590 Recommandations
1226 514 1540 595 Générales

591 748 630 779 1°
663 749 863 780 Personne
891 755 939 779 ne
968 750 1059 786 peut
1087 746 1372 786 correspondre
1399 754 1494 780 avec
1523 747 1578 778 les

550 800 726 835 abonnés
752 807 846 832 sans
872 802 984 832 avoir
1011 799 1123 832 versé
1152 802 1207 831 les
1234 802 1268 831 11
1298 800 1430 831 francs
1459 799 1579 838 régle¬

552 855 763 887 mentaires
792 862 800 892 ;

591 928 631 960 3°
658 929 878 960 L’annonce
899 928 967 959 des
988 927 1164 960 abonnés
1186 927 1268 959 doit
1291 927 1474 964 indiquer
1496 927 1580 957 leur

551 981 638 1020 âge,
667 983 751 1014 leur
776 982 982 1019 situation,
1010 980 1091 1012 s’ils
1118 980 1294 1012 désirent
1319 987 1368 1011 ou
1397 986 1475 1011 non
1504 984 1582 1009 une

552 1034 631 1067 dot.
660 1035 742 1067 Elle
767 1034 850 1066 doit
875 1034 1032 1064 fournir
1060 1034 1234 1066 certains
1259 1032 1400 1064 détails
1428 1032 1475 1063 de
1504 1038 1581 1062 ma¬

553 1087 661 1119 nière
681 1087 704 1120 à
727 1087 848 1119 éviter
871 1087 939 1119 des
960 1086 1323 1122 correspondances
1347 1084 1507 1116 inutiles
1531 1091 1540 1120 ;

593 1162 635 1192 4°
666 1162 739 1192 Dés
767 1162 888 1199 qu’un
916 1159 1073 1191 abonné
1099 1167 1124 1191 a
1151 1158 1292 1191 trouvé
1320 1159 1356 1190 la
1386 1164 1582 1196 personne

552 1215 599 1246 de
619 1221 691 1247 son
711 1214 841 1251 choix,
863 1212 888 1244 il
911 1212 993 1244 doit
1014 1211 1198 1250 prévenir
1219 1212 1252 1242 le
1274 1211 1475 1243 Directeur
1495 1211 1579 1242 afin

552 1274 627 1304 que
650 1274 723 1299 son
746 1272 928 1299 annonce
951 1266 1029 1298 soit
1051 1263 1223 1296 enlevée.
1252 1265 1278 1295 Il
1304 1262 1452 1295 évitera
1475 1262 1579 1295 ainsi

554 1319 695 1352 l’envoi
728 1320 775 1351 de
809 1320 940 1351 lettres
974 1318 1039 1355 qui
1075 1317 1297 1348 n’auraient
1330 1316 1418 1354 plus
1450 1322 1580 1347 aueun

554 1374 622 1406 but
649 1375 686 1404 et
711 1372 957 1410 auxquelles,
987 1378 1058 1410 par
1087 1370 1223 1403 devoir
1250 1370 1298 1402 de
1327 1368 1526 1407 politesse,
1555 1368 1579 1399 il

552 1425 707 1459 devrait
727 1423 922 1463 répondre
943 1431 951 1461 ;

595 1500 634 1531 5°
660 1500 728 1531 Les
751 1503 952 1531 annonces
975 1499 1064 1530 sont
1086 1497 1134 1530 de
1155 1496 1215 1528 six
1240 1495 1365 1534 lignes
1388 1502 1438 1527 au
1463 1493 1584 1525 maxi¬

555 1560 675 1586 mum.
732 1554 802 1585 Les
858 1551 984 1590 lignes
1038 1548 1395 1588 supplémentaires
1450 1548 1584 1579 seront

560 1604 704 1644 payées
727 1604 750 1636 à
772 1604 906 1636 raison
928 1604 976 1635 de
999 1604 1014 1634 1
1038 1604 1151 1634 franc
1175 1602 1211 1632 la
1235 1601 1340 1639 ligne
1364 1607 1462 1638 pour
1484 1599 1581 1631 trois

555 1654 668 1684 mois.
700 1652 750 1684 Ce
780 1651 882 1684 délai
915 1650 1063 1687 écoulé,
1096 1650 1150 1680 les
1183 1647 1392 1680 intéressés
1423 1647 1583 1679 doivent

555 1706 770 1737 demander
802 1706 835 1736 le
867 1703 1206 1735 renouvellement
1236 1709 1246 1738 ;

595 1780 635 1812 6°
672 1780 720 1810 Le
755 1779 936 1810 montant
967 1778 1036 1808 des
1068 1775 1356 1808 abonnements
1388 1773 1471 1805 doit
1503 1772 1583 1804 être

554 1831 714 1863 adressé
731 1839 783 1863 au
804 1830 1006 1862 Directeur
1024 1830 1077 1860 du
1096 1826 1388 1860 Trait-d’Union
1409 1833 1457 1857 en
1479 1831 1585 1856 man¬

555 1886 655 1923 dats,
682 1885 780 1916 bons
807 1884 853 1916 de
880 1884 990 1921 poste
1015 1888 1065 1914 ou
1091 1882 1254 1912 timbres
1283 1887 1292 1917 ;

595 1961 636 1991 7°
665 1960 716 1991 La
742 1958 940 1990 Direction
969 1956 1166 1994 n’accepte
1189 1962 1265 1992 que
1289 1954 1357 1985 des
1383 1958 1584 1985 annonces

554 2010 632 2045 très
654 2012 863 2048 sérieuses,
884 2010 1002 2043 celles
1023 2010 1120 2040 dont
1142 2008 1179 2039 la
1201 2006 1402 2039 rédaction
1426 2013 1474 2037 ne
1495 2011 1584 2038 con¬

558 2066 720 2098 viendra
747 2071 819 2103 pas
847 2064 981 2095 seront
1009 2059 1184 2094 refusées
1213 2067 1222 2098 ;

595 2139 638 2171 8°
661 2140 762 2171 Nous
783 2136 1128 2172 recommandons,
1149 2140 1243 2167 avec
1267 2134 1303 2165 la
1324 2134 1412 2171 plus
1432 2132 1583 2172 grande

556 2194 786 2229 insistance,
803 2191 828 2223 à
846 2192 934 2223 tous
954 2196 1026 2222 nos
1043 2186 1233 2226 abonnés,
1253 2186 1416 2219 anciens
1436 2187 1474 2218 et
1492 2192 1586 2217 nou¬

555 2251 696 2283 veaux,
730 2245 778 2276 de
811 2251 854 2275 se
884 2243 1111 2275 conformer
1143 2247 1222 2271 aux
1258 2239 1497 2271 indications
1531 2240 1583 2268 du

555 2299 702 2331 TRAIT
730 2296 919 2328 D’UNION
946 2303 994 2328 en
1019 2302 1063 2326 ce
1087 2294 1154 2333 qui
1179 2298 1372 2325 concerne
1399 2292 1436 2324 la
1459 2293 1586 2323 trans¬

558 2352 722 2383 mission
746 2351 815 2383 des
839 2351 984 2382 lettres.
1010 2350 1111 2379 Nous
1135 2346 1319 2384 répétons
1342 2351 1483 2377 encore
1508 2350 1586 2375 une

555 2405 632 2436 fois
667 2405 714 2436 de
748 2410 795 2435 ne
832 2404 968 2434 mettre
1002 2407 1159 2432 aucune
1192 2398 1410 2430 indication
1446 2403 1512 2428 sur
1548 2396 1584 2427 la

556 2458 668 2489 lettre
696 2457 748 2488 du
779 2454 1050 2492 destinataire,
1082 2459 1195 2486 noms
1223 2454 1260 2483 et
1291 2448 1476 2482 numéros
1506 2448 1586 2480 doi¬

555 2511 647 2541 vent
668 2509 749 2540 être
774 2507 944 2544 inscrits,
968 2507 992 2539 à
1016 2507 1158 2538 l’encre
1180 2506 1256 2536 soit
1279 2511 1348 2535 sur
1372 2510 1423 2534 un
1448 2502 1584 2540 papier

556 2561 839 2600 indépendant,
872 2559 948 2591 soit
982 2560 1083 2591 dans
1116 2556 1334 2590 l’intérieur
1364 2556 1412 2588 de
1447 2555 1586 2587 l'enve¬

556 2615 683 2653 loppe,
712 2612 897 2646 adressée
924 2619 975 2644 au
1007 2613 1220 2644 Directeur.

596 2689 635 2720 9°
663 2688 722 2720 On
748 2688 841 2726 peut
863 2686 1150 2723 correspondre
1175 2684 1199 2718 à
1223 2685 1259 2715 la
1283 2683 1359 2714 fois
1384 2688 1479 2715 avec
1503 2681 1584 2719 plu¬

555 2741 684 2772 sieurs
713 2739 891 2772 abonnés
918 2746 929 2778 ;

595 2814 655 2844 10°
695 2815 746 2844 La
783 2814 872 2852 plus
907 2811 1163 2844 élémentaire
1200 2810 1386 2848 politesse
1420 2808 1493 2840 fait
1530 2815 1582 2839 un

554 2868 692 2900 devoir
721 2874 799 2899 aux
830 2863 1007 2898 abonnés
1038 2866 1086 2896 de
1116 2863 1311 2903 répondre
1339 2869 1418 2895 aux
1451 2862 1583 2894 lettres

554 2927 702 2959 reçues.
738 2921 812 2951 Pas
844 2919 942 2951 n’est
973 2918 1108 2950 besoin
1142 2918 1190 2948 de
1222 2917 1387 2954 longues
1419 2916 1582 2953 phrases

553 2974 654 3006 dans
676 2973 848 3007 certains
872 2978 951 3004 cas.
979 2972 1085 3003 Deux
1112 2971 1211 3003 mots
1235 2968 1424 3002 suffisent
1450 2975 1459 3007 ;

595 3049 655 3079 11°
686 3048 808 3079 Toute
839 3047 950 3079 lettre
978 3044 1044 3083 qui
1078 3050 1176 3075 nous
1204 3046 1263 3075 est
1288 3042 1472 3074 adressée
1502 3048 1583 3079 per¬

552 3100 843 3132 sonnellement
862 3100 898 3131 et
918 3099 983 3136 qui
1003 3097 1199 3130 demande
1219 3102 1295 3127 une
1315 3093 1482 3133 réponse
1500 3094 1583 3126 doit

554 3153 634 3185 être
655 3151 948 3191 accompagnée
970 3151 1060 3183 d’un
1083 3151 1226 3183 timbre
1247 3150 1295 3182 de
1318 3150 1355 3179 10
1378 3148 1580 3181 centimes.

594 3219 654 3250 12°
687 3219 738 3250 Ne
767 3224 836 3256 pas
866 3216 1019 3250 oublier
1050 3216 1104 3247 les
1134 3215 1296 3248 timbres
1326 3212 1582 3252 obligatoires

554 3278 652 3310 pour
674 3272 711 3303 la
731 3270 923 3310 première
946 3272 983 3302 et
1003 3270 1040 3300 la
1060 3267 1268 3300 deuxième
1288 3266 1539 3304 enveloppes.

592 3346 653 3376 13°
686 3346 755 3376 Les
784 3350 1000 3383 personnes
1030 3342 1095 3382 qui
1126 3344 1192 3375 ont
1222 3340 1419 3379 plusieurs
1450 3340 1581 3371 lettres

552 3399 576 3431 à
603 3404 703 3431 nous
727 3399 908 3431 adresser
932 3404 981 3430 en
1009 3396 1135 3430 même
1158 3398 1299 3432 temps,
1323 3396 1415 3427 sont
1438 3392 1583 3432 parfai¬

552 3454 700 3484 tement
720 3450 939 3483 autorisées
960 3450 984 3483 à
1007 3450 1062 3482 les
1084 3447 1220 3482 réunir
1240 3454 1334 3479 sous
1356 3454 1432 3479 une
1456 3446 1582 3478 même

552 3505 768 3543 enveloppe
795 3503 1091 3536 suffisamment
1116 3500 1352 3534 affranchie.

594 3589 654 3618 14°
679 3588 727 3617 Le
750 3586 964 3622 Directeur,
986 3584 1174 3615 soucieux
1197 3583 1244 3615 de
1265 3588 1475 3614 conserver
1496 3581 1522 3612 à
1543 3582 1580 3611 la

526 3666 537 3678 (
552 3634 827 3667 combinaison
858 3634 910 3666 du
942 3633 1051 3664 Trait
1079 3631 1247 3663 d’Union
1278 3638 1350 3662 son
1380 3628 1579 3663 caractère

527 3667 536 3678 '
552 3683 886 3720 d’irréprochable
907 3680 1154 3718 délicatesse,
1178 3679 1262 3716 prie
1284 3679 1340 3710 les
1363 3683 1578 3715 personnes

553 3732 618 3767 qui
659 3730 971 3767 correspondent
1008 3728 1058 3760 de
1082 3727 1236 3759 vouloir
1261 3727 1350 3759 bien
1375 3726 1532 3763 joindre
1555 3724 1579 3756 à

554 3779 638 3811 leur
658 3777 822 3810 numéro
843 3777 1051 3816 personnel
1075 3777 1159 3807 leur
1179 3782 1270 3807 nom
1291 3782 1340 3807 ou
1359 3775 1579 3807 seulement

554 3827 658 3858 leurs
686 3827 871 3858 initiales.
899 3826 986 3856 Ceci
1012 3824 1097 3855 afin
1124 3823 1286 3855 d’éviter
1314 3823 1351 3854 la
1376 3821 1579 3853 transmis¬

551 3874 638 3906 sion
659 3875 706 3906 de
727 3875 858 3906 lettres
876 3871 1082 3904 adressées
1100 3871 1124 3904 à
1144 3872 1180 3903 la
1202 3870 1399 3902 Direction
1422 3876 1491 3909 par
1510 3870 1578 3900 des

551 3929 648 3960 gens
679 3920 952 3955 malhonnêtes
982 3923 1019 3954 et
1046 3927 1124 3952 non
1152 3918 1341 3951 abonnés.

594 3998 715 4029 Toute
747 3998 858 4028 lettre
887 4003 935 4027 ne
964 3996 1122 4034 portant
1152 4002 1222 4033 pas
1251 4000 1328 4025 une
1359 3993 1575 4025 indication

552 4044 702 4082 précise
722 4044 768 4077 de
790 4043 1046 4083 ('expéditeur
1066 4050 1155 4075 sera
1174 4042 1355 4075 détruite.

592 4121 652 4151 15°
691 4120 812 4151 Toute
847 4119 1105 4158 suppression
1141 4119 1374 4154 d’annonce,
1410 4118 1576 4154 change¬

552 4171 658 4200 ment
700 4174 749 4199 ou
794 4167 1068 4199 modification
1112 4165 1343 4198 d’insertion
1386 4171 1433 4196 en
1460 4170 1576 4196 cours

551 4217 867 4254 d’abonnement,
900 4215 1063 4247 nuisant
1094 4214 1117 4246 à
1148 4215 1187 4246 ia
1216 4215 1345 4246 bonne
1376 4213 1577 4252 organisa¬

551 4265 632 4296 tion
655 4265 702 4295 de
724 4271 787 4296 ma
808 4263 1084 4296 combinaison
1108 4262 1318 4300 mariages,
1343 4262 1398 4292 les
1420 4267 1577 4299 person¬

551 4318 619 4343 nes
659 4311 724 4350 qui
767 4319 815 4343 en
854 4312 986 4343 feront
1012 4311 1048 4342 la
1072 4310 1267 4342 demande
1292 4315 1490 4347 expresse,
1516 4308 1577 4340 de¬

549 4363 664 4392 vront
687 4367 729 4391 se
751 4360 978 4392 conformer
1001 4366 1053 4390 au
1075 4358 1171 4390 tarif
1195 4358 1356 4390 suivant
1381 4364 1390 4388 :

590 4434 854 4472 Suppression
890 4433 1395 4466 d’annonce...*..
1443 4433 1462 4463 5
1484 4432 1532 4462 fr.

591 4482 862 4521 Changement
896 4482 1394 4520 complet.
1442 4480 1459 4511 3
1484 4480 1532 4511 fr.

591 4530 849 4568 Supplément
877 4531 994 4562 d’une
1023 4530 1392 4567 ligne.
1443 4529 1458 4559 1
1484 4530 1532 4559 fr.

590 4605 711 4637 Toute
735 4611 931 4644 personne
951 4603 1131 4636 abonnée
1154 4610 1247 4635 sans
1269 4609 1464 4642 annonce,
1487 4608 1576 4635 con¬

547 4659 659 4684 serve
692 4660 764 4684 son
799 4654 903 4684 droit
936 4652 1168 4683 d’insertion
1203 4651 1366 4690 gratuit,
1401 4652 1575 4688 pendant

546 4703 654 4733 toute
674 4702 710 4732 la
727 4700 848 4732 durée
866 4700 912 4732 de
931 4707 1003 4732 son
1022 4700 1300 4732 abonnement.

590 4776 638 4807 Le
687 4776 888 4808 Directeur
936 4776 1120 4807 recevant
1167 4774 1459 4812 fréquemment
1507 4774 1574 4806 des

547 4824 716 4860 plaintes
744 4824 792 4855 de
820 4824 994 4855 certains
1022 4823 1368 4860 correspondants,
1400 4823 1483 4860 prie
1511 4828 1574 4852 ses

544 4871 735 4910 abonnés,
764 4872 906 4903 Dames
930 4874 967 4903 et
994 4871 1204 4902 Messieurs
1230 4871 1278 4902 de
1303 4870 1458 4903 vouloir
1484 4870 1572 4902 bien

547 4918 740 4956 répondre
775 4919 800 4951 à
837 4920 965 4951 toutes
1006 4918 1059 4950 les
1100 4918 1232 4950 lettres
1271 4918 1336 4956 qui
1378 4918 1462 4949 leur
1484 4919 1574 4948 sont

544 4966 760 4999 adressées.

588 5046 637 5077 Le
658 5045 922 5078 dévouement
943 5047 1152 5084 personnel
1175 5046 1222 5076 de
1244 5046 1281 5075 la
1303 5044 1500 5077 Direction
1524 5052 1572 5076 ne

545 5096 636 5130 peut
676 5099 724 5124 en
764 5100 920 5126 aucune
961 5094 1077 5131 façon
1120 5092 1302 5125 atténuer
1326 5094 1425 5125 cette
1452 5091 1573 5131 négli¬

543 5147 678 5179 gence,
702 5148 800 5179 pour
823 5148 871 5172 ne
894 5147 963 5180 pas
984 5142 1069 5172 dire
1089 5143 1189 5174 cette
1212 5139 1467 5179 impolitesse.

1160 5208 1214 5239 LE
1241 5207 1527 5239 DIRECTEUR.

542 5397 908 5500 OFFRES
972 5398 1176 5500 AUX
1242 5398 1570 5501 DAMES

590 5643 708 5683 MO.
772 5664 826 5671 —
888 5643 1223 5684 Sems-eî-Oise.
1291 5643 1591 5695 Cantonnier,

537 5703 640 5751 près
664 5700 808 5751 Paris,
832 5703 1006 5754 grande
1028 5703 1142 5753 voie,
1168 5703 1280 5751 seul,
1306 5705 1358 5743 33
1381 5715 1476 5754 anj,
1503 5704 1559 5744 ré¬

536 5759 758 5805 tribution
816 5764 891 5803 100
921 5763 976 5802 fr.
1009 5775 1091 5814 par
1147 5763 1279 5812 mois,
1312 5763 1567 5805 économies

533 5822 656 5861 2.000
683 5821 756 5870 fr.,
786 5822 875 5863 très
902 5822 1095 5871 sérieux,
1124 5822 1360 5863 honorabl*
1362 5834 1373 5850 1
1380 5858 1388 5872 ,
1418 5824 1563 5872 sobre,

535 5880 680 5923 désire
708 5882 848 5922 union
878 5882 1026 5923 bonne
1052 5883 1275 5931 ouvrière,
1304 5883 1480 5933 mét.er,
1510 5884 1564 5923 si¬

535 5940 711 5980 tuation
748 5940 791 5982 et
826 5942 907 5992 âge
943 5952 997 5982 en
1036 5942 1239 5992 rapport,
1276 5943 1482 5993 pouvant,
1517 5954 1562 5982 se

534 5999 758 6051 déplacer.

583 6078 702 6118 5954.
732 6080 787 6118 —
817 6079 984 6118 Maroc,
1043 6079 1296 6128 Adjudant,
1355 6079 1403 6120 37
1463 6090 1558 6127 ans,

533 6135 667 6184 brun,
706 6136 826 6186 bien,
863 6139 1001 6188 ayant
1036 6138 1202 6190 capital
1242 6139 1388 6180 12.000
1424 6139 1480 6180 fr.
1519 6138 1562 6179 et

531 6195 711 6236 retraite
740 6196 795 6236 de
826 6199 944 6236 1.300
974 6196 1030 6236 fr.
1061 6198 1176 6238 dans
1203 6198 1323 6238 deux
1352 6199 1468 6239 mois
1498 6209 1561 6238 re¬

530 6255 722 6296 cherche
755 6267 871 6307 pour
904 6255 1108 6307 mariage
1140 6255 1276 6307 jeune
1311 6255 1403 6299 fille
1438 6256 1556 6306 bien,

527 6315 660 6363 goûts
686 6315 890 6366 simples,
918 6315 1134 6356 situation
1162 6315 1399 6364 analogue.

580 6399 716 6439 5.959.
768 6399 822 6436 —
870 6398 1112 6448 Toulouse,
1175 6398 1312 6448 jeune
1374 6399 1558 6440 homme

524 6458 576 6495 24
603 6468 699 6506 ans,
729 6458 868 6498 brun'
893 6457 1168 6508 importante
1195 6458 1411 6500 situation
1439 6470 1558 6500 com¬

527 6516 754 6566 merciale,
779 6516 926 6558 désire
949 6518 1152 6568 mariage
1175 6528 1282 6558 avec
1304 6518 1440 6567 jeune
1464 6518 1556 6558 fille

526 6575 736 6624 sérieuse,
762 6576 843 6627 âge
864 6587 917 6616 en
943 6578 1144 6627 rapport,
1171 6576 1346 6617 famille
1368 6578 1459 6619 très
1480 6579 1556 6617 ho¬

525 6634 727 6684 norable,
754 6636 891 6684 ayant
914 6636 1092 6678 200.000
1117 6636 1173 6675 fr.
1200 6635 1255 6676 de
1280 6636 1371 6676 dot.

575 6712 693 6759 5968,
721 6712 861 6752 Aude.
885 6735 938 6740 —
960 6714 1092 6760 Veuf,
1115 6714 1164 6751 51
1188 6723 1286 6762 ans,
1311 6713 1491 6755 sérieux
1512 6714 1554 6755 et

519 6769 730 6820 hennête,
758 6771 973 6811 situation
1002 6771 1044 6812 et
1068 6771 1203 6822 petits
1229 6772 1458 6823 capitaux,
1487 6784 1551 6812 re¬

2451 390 2524 430 LE
2556 388 2739 432 TRAIT
2769 391 3019 434 D’UNION

1647 507 1765 536 venu
1785 496 1911 534 4.500
1927 492 2079 534 francs
2098 491 2202 542 l'an,
2223 492 2490 544 épouserait
2510 492 2688 535 Demoi¬

1647 555 1755 595 selle
1778 564 1833 594 ou
1859 554 2024 600 Veuve,
2048 554 2101 591 40
2121 551 2147 591 à
2183 554 2235 592 50
2274 563 2374 601 ans,
2415 552 2683 602 honorable,

1650 612 1920 663 Catholique,
1948 612 2079 663 goûts
2104 611 2307 663 simples,
2336 611 2450 662 petit
2474 611 2603 652 avoir
2628 624 2683 654 ou

1648 672 1863 714 àituation
1891 671 2166 720 permettant
2190 670 2527 721 déplacement.

1703 736 2102 790 5Ç>7(î~“Efordeaiix.
2123 747 2175 788 —
2200 747 2487 796 Célibataire,
2514 751 2566 788 40
2586 760 2683 798 ans,

1651 818 1750 850 rven
1764 805 2039 859 ^paraissant
2068 818 2155 858 que
2184 808 2251 855 35,
2284 807 2398 856 seul,
2431 807 2614 848 sérieux
2643 810 2686 850 et

1652 867 1850 915 instruit,
1887 860 2062 907 famille
2095 866 2360 915 honorable,
2399 867 2508 915 aisé,
2546 869 2570 907 4
2603 867 2685 908 im¬

1652 927 1855 968 meubles
1888 926 2003 966 dans
2037 925 2291 975 Bordeaux,
2328 924 2411 976 joli
2447 926 2682 975 intérieur,

1651 984 1908 1038 épouserait
1938 983 2208 1026 Demoiselle
2239 984 2294 1025 de
2324 986 2476 1026 bonne
2508 986 2685 1026 famille

1652 1047 1691 1087 et
1715 1046 1768 1087 de
1791 1044 2002 1086 conduite
2024 1044 2378 1095 irréprochable,
2403 1046 2544 1096 ayant
2564 1044 2655 1086 dot.

1711 1134 1791 1172 Les
1811 1131 2053 1171 messieurs
2072 1132 2173 1170 sont
2196 1130 2315 1179 priés
2336 1131 2389 1170 de
2412 1130 2636 1179 répondre
2657 1131 2684 1171 à

1654 1194 1799 1231 toutes
1824 1192 1885 1232 les
1911 1191 2062 1230 lettres
2086 1190 2159 1238 qui
2188 1191 2285 1230 leur
2307 1194 2410 1230 sont
2432 1191 2678 1231 adressées.

1708 1278 1826 1317 5985.
1855 1275 2111 1325 Ingénieur.
2131 1299 2184 1303 —
2204 1276 2490 1325 Célibataire,
2513 1279 2563 1316 33
2584 1288 2680 1326 ans,

1657 1336 1911 1384 industriel,
1935 1335 2051 1375 belle
2071 1334 2286 1376 situation
2308 1336 2526 1384 d’avenir,
2549 1336 2684 1387 épou¬

1657 1395 1794 1438 serait
1812 1394 2074 1435 demoiselle
2095 1394 2149 1435 de
2168 1395 2219 1435 20
2239 1395 2264 1435 à
2283 1396 2335 1435 28
2355 1406 2452 1443 ans,
2475 1395 2531 1436 de
2551 1396 2683 1446 goûts

1658 1454 1843 1504 simples
1864 1455 2000 1504 ayant
2020 1455 2151 1492 25000
2172 1453 2324 1495 francs
2344 1454 2399 1495 de
2419 1454 2510 1495 dot.

1710 1531 1827 1571 5986.
1854 1531 1976 1570 Gers.
1999 1554 2051 1558 —
2070 1531 2215 1571 Jeune
2263 1532 2462 1579 homme,
2484 1533 2535 1571 34
2584 1543 2680 1580 ans,

1656 1590 1808 1639 établi,
1839 1590 2031 1637 sérieux,
2063 1587 2187 1628 avoir
2214 1592 2238 1630 5
2264 1591 2291 1631 à
2316 1591 2421 1630 6000
2448 1590 2504 1630 fr.
2536 1591 2682 1631 désire

1657 1650 1797 1691 union
1822 1660 1927 1690 avec
1950 1647 2211 1690 demoiselle
2234 1660 2289 1691 ou
2312 1660 2472 1698 veuve,
2496 1660 2603 1690 avec
2624 1660 2681 1690 ou

1659 1720 1762 1750 sans
1783 1707 1954 1756 enfant,
1979 1707 2115 1758 ayant
2135 1707 2211 1748 dot
2231 1720 2346 1759 pour
2368 1708 2480 1750 faire
2502 1710 2683 1760 prospé¬

1658 1779 1729 1808 rer
1752 1778 2016 1807 commerce.

1711 1846 1828 1884 5989.
1859 1843 2103 1894 Amérique
2156 1844 2216 1886 du
2272 1844 2408 1885 Nord.
2432 1847 2488 1886 —
2538 1847 2681 1886 Jeune

1659 1904 1856 1953 homme,
1880 1906 1932 1944 32
1956 1915 2052 1951 ans,
2079 1903 2288 1946 habitant
2310 1904 2588 1956 l’Amérique
2611 1906 2684 1947 de¬

1658 1964 1761 2016 puis
1779 1966 1804 2003 6
1823 1975 1918 2012 ans,
1942 1963 2080 2014 ayant
2098 1963 2328 2012 situation,
2352 1964 2499 2006 désire
2518 1964 2679 2006 maria¬

1657 2035 1710 2076 ge
1730 2035 1835 2064 avec
1853 2024 1987 2074 jeune
2007 2023 2104 2064 fille
2122 2023 2176 2064 de
2195 2026 2247 2064 24
2266 2024 2292 2065 à
2310 2027 2360 2064 30
2379 2036 2475 2074 ans,
2498 2036 2604 2066 avec
2623 2035 2679 2066 ou

1658 2095 1763 2124 sans
1782 2083 1871 2123 dot.

1707 2162 1827 2209 5998,
1865 2160 2075 2200 Gironde.
2110 2160 2163 2202 —
2196 2160 2464 2203 Célibataire
2497 2164 2548 2202 38
2581 2174 2676 2210 ans,

1657 2220 1894 2271 négociant
1916 2220 1959 2260 et
1983 2219 2294 2271 propriétaire,
2322 2216 2426 2260 bien
2452 2231 2556 2262 sous
2579 2222 2680 2262 tous

1656 2279 1879 2330 rapports,
1907 2279 2162 2330 épouserait
2188 2279 2458 2322 Demoiselle
2483 2292 2540 2321 ou
2567 2280 2680 2320 Veu¬

1656 2351 1708 2380 ve
1732 2350 1836 2380 sans
1859 2339 2055 2387 enfants,
2082 2350 2188 2379 avec
2211 2340 2302 2388 dot,
2327 2339 2531 2391 pouvant
2554 2340 2594 2380 le
2618 2351 2680 2380 se¬

1656 2398 1820 2439 conder
1848 2398 1962 2439 dans
1990 2410 2070 2439 son
2098 2410 2363 2440 commerce.
2395 2399 2451 2440 Se
2479 2399 2679 2450 déplace¬

1658 2456 1744 2498 rait
1770 2468 1827 2498 au
1854 2457 2024 2498 besoin.

1692 2546 1758 2590 ,2°
1788 2546 1844 2584 Le
1884 2544 2011 2584 Trait
2051 2544 2244 2585 d’Union
2287 2547 2352 2585 est
2394 2555 2454 2586 un
2495 2546 2676 2594 journal

1660 2604 1852 2646 honnête
1876 2608 1919 2644 et
1943 2606 2167 2654 n’accepte
2208 2616 2294 2655 que
2336 2605 2412 2647 des
2453 2615 2679 2647 annonces

1656 2664 1890 2704 sérieuses.

1709 2746 1826 2794 6001,
1856 2744 2097 2786 Toulouse.
2124 2744 2177 2786 —
2207 2745 2474 2786 Célibataire
2500 2747 2552 2785 43
2578 2756 2675 2796 ans,

1655 2803 1869 2844 situation
1894 2806 1998 2844 sûre
2021 2803 2075 2844 de
2098 2805 2219 2854 3,000
2244 2804 2318 2855 fr.,
2343 2803 2508 2856 capital
2530 2806 2679 2854 20,000

1663 2864 1828 2913 francs,
1866 2863 2011 2906 désire
2046 2863 2247 2916 mariage
2281 2876 2387 2906 avec
2420 2864 2680 2906 demoiselle

1661 2935 1718 2964 ou
1743 2934 1886 2964 veuve
1910 2935 2015 2964 sans
2040 2923 2211 2973 enfant,
2239 2923 2375 2976 ayant
2399 2924 2476 2964 dot
2499 2924 2680 2975 équiva¬

1661 2983 1794 3023 lente.

1710 3060 1828 3100 6007.
1858 3059 2059 3100 Hérault.
2083 3060 2136 3102 —
2162 3060 2444 3111 Célibataire,
2487 3063 2538 3102 30
2578 3072 2673 3112 ans,

1660 3122 1678 3159 1
1707 3131 1766 3159 m.
1794 3122 1859 3168 75,
1888 3118 2224 3172 sympathique,
2254 3119 2468 3162 situation
2496 3120 2550 3160 de
2578 3122 2679 3160 1000

1659 3179 1810 3219 francs
1847 3190 1928 3230 par
1966 3191 2038 3228 an,
2079 3179 2226 3221 désire
2247 3179 2449 3231 mariage
2470 3191 2578 3220 avec
2598 3180 2675 3219 De¬

1659 3238 1860 3280 moiselle
1891 3250 1948 3280 ou
1979 3238 2131 3280 Veuve
2160 3239 2363 3290 pouvant
2392 3238 2434 3280 le
2463 3238 2675 3280 seconder

1658 3299 1771 3339 dans
1788 3308 1868 3338 son
1887 3308 2151 3339 commerce.

1709 3375 1827 3414 6013.
1854 3374 2243 3415 Haute-Garonne.
2264 3376 2319 3415 —
2338 3376 2469 3424 Veuf,
2492 3376 2604 3423 seul,
2626 3377 2678 3415 45

1658 3446 1753 3480 ans,
1776 3434 1865 3483 gai,
1890 3434 1977 3475 bon
2002 3434 2240 3483 caractère,
2267 3435 2511 3475 excellente
2534 3434 2674 3476 santé,

1660 3494 1804 3533 16.000
1843 3492 1898 3532 fr.
1940 3503 2132 3534 revenus
2155 3492 2348 3534 annuels
2370 3504 2424 3534 en
2449 3493 2596 3535 rentes
2619 3504 2672 3534 ou

1659 3551 1943 3599 immeubles,
1970 3551 2116 3593 désire
2141 3552 2344 3603 mariage
2369 3564 2476 3592 avec
2499 3552 2676 3592 Demoi¬

1655 3610 1763 3651 selle
1800 3622 1857 3651 ou
1896 3610 2038 3651 Dame
2077 3621 2183 3650 sans
2219 3610 2414 3660 enfants,
2441 3611 2588 3651 bonne
2613 3610 2667 3651 fa¬

1656 3670 1798 3719 mille,
1819 3670 1956 3720 ayant
1974 3670 2028 3711 de
2047 3672 2071 3710 5
2091 3670 2115 3710 à
2134 3671 2238 3711 6000
2258 3671 2314 3711 fr.
2338 3671 2392 3711 de
2410 3670 2559 3712 rentes
2578 3680 2671 3722 per¬

1655 3727 1893 3770 sonnelles.

1707 3808 1824 3848 6020.
1860 3806 2102 3846 Marseille.
2132 3831 2187 3835 —
2218 3807 2464 3855 Monsieur,
2496 3808 2547 3846 45
2575 3818 2671 3858 ans,

1654 3867 1802 3907 bonne
1831 3866 2020 3914 famille,
2054 3866 2144 3906 très
2172 3865 2288 3907 belle
2318 3866 2531 3907 situation
2563 3866 2676 3906 dans

1654 3926 1824 3978 grande
1851 3926 1972 3975 ville,
2029 3925 2240 3967 voudrait
2294 3927 2483 3979 épouser
2511 3924 2678 3967 demoi¬

1654 3986 1762 4035 selle
1795 3996 1852 4026 ou
1887 3984 2020 4026 dame
2055 3985 2318 4035 honorable,
2354 3984 2476 4036 jolie,
2515 3984 2672 4032 brune,

1655 4044 1790 4096 ayant
1814 4043 2011 4086 fortune.

1702 4128 1820 4166 6026.
1846 4125 1902 4164 —
1927 4124 2195 4174 Sud-Ouest,
2224 4124 2383 4164 ancien
2408 4124 2600 4172 officier,
2630 4123 2675 4163 ti¬

1651 4186 1730 4234 tré,
1751 4186 1831 4236 âge
1850 4196 1968 4234 mur,
1990 4183 2106 4225 mais
2123 4184 2214 4226 très
2231 4184 2368 4235 jeune
2386 4183 2590 4232 d’allure,
2611 4183 2675 4224 di¬

1650 4246 1825 4296 rigeant
1850 4244 2012 4284 affaire
2037 4245 2304 4295 rapportant
2328 4246 2353 4283 8
2376 4244 2403 4284 à
2429 4246 2575 4283 10.000
2600 4243 2672 4291 fr.,

1649 4304 1795 4346 désire
1814 4303 2015 4354 mariage
2034 4314 2140 4344 avec
2159 4303 2420 4344 demoiselle
2439 4315 2496 4343 ou
2516 4314 2672 4351 veuve,

1647 4364 1703 4404 de
1722 4366 1775 4403 30
1793 4363 1821 4403 à
1838 4365 1891 4403 35
1911 4375 2006 4411 ans,
2030 4363 2334 4403 honorabilité
2354 4362 2554 4411 absolue,
2576 4362 2675 4412 gaie

1648 4424 1736 4463 bon
1760 4422 1998 4471 caractère,
2024 4421 2251 4463 vraiment
2273 4420 2380 4472 jolie
2402 4422 2447 4467 ejt
2467 4422 2521 4462 de
2543 4432 2673 4471 gran¬

1648 4483 1702 4523 de
1720 4483 1954 4525 tournure,
1975 4492 2081 4523 avec
2099 4493 2158 4522 ou
2176 4493 2282 4523 sans
2300 4480 2495 4522 fortune.

1703 4555 1820 4594 6032.
1865 4555 2087 4603 Aveyron.
2110 4554 2166 4592 —
2204 4552 2405 4592 Licencié
2443 4563 2497 4592 en
2538 4552 2668 4600 droit,

1650 4616 1698 4654 29
1720 4624 1814 4663 ans,
1839 4614 1995 4663 grand,
2018 4612 2146 4661 brun,
2164 4612 2382 4663 orphelin,
2411 4611 2587 4652 200.000
2602 4611 2671 4660 fr.,

1649 4676 1832 4724 fortune,
1850 4675 1998 4715 désire
2018 4677 2207 4725 épouser
2227 4674 2488 4715 demoiselle
2510 4686 2564 4712 ou
2583 4675 2672 4724 jeu¬

1650 4749 1702 4778 ne
1724 4748 1864 4778 veuve
1884 4739 2016 4788 ayant
2035 4737 2246 4778 situation
2271 4736 2503 4787 analogue.

1703 4810 1819 4850 6033.
1852 4810 1944 4850 Lot.
1970 4834 2023 4838 —
2067 4809 2259 4850 Docteur
2299 4808 2435 4850 établi
2476 4810 2528 4848 30
2571 4819 2666 4856 ans,

1648 4870 1718 4909 fils
1756 4868 1935 4922 unique,
1975 4867 2077 4908 bien
2116 4867 2472 4920 physiquement,
2517 4867 2670 4916 grand,

1648 4932 1775 4980 brun,
1795 4931 1939 4971 désire
1960 4931 2150 4982 épouser
2164 4930 2423 4971 demoiselle
2446 4931 2579 4981 ayant
2596 4930 2672 4970 dot

1646 4995 1697 5035 60
1716 5006 1771 5034 ou
1794 4994 1844 5034 S0
1864 4994 1943 5034 000
1963 4994 2012 5033 fr.

1700 5072 1748 5110 3°
1778 5072 1982 5119 Envoyez
2019 5070 2045 5110 à
2070 5071 2110 5110 la
2151 5070 2375 5109 Direction
2400 5070 2477 5109 des
2499 5078 2668 5108 annon¬

1647 5142 1717 5171 ces
1748 5130 1984 5178 sérieuses,
2019 5131 2178 5178 vraies,
2212 5129 2422 5177 sincères,
2458 5128 2664 5178 précises,

1647 5202 1759 5239 pour
1799 5191 1938 5230 éviter
1979 5190 2055 5231 des
2094 5191 2319 5239 surprises
2345 5188 2602 5238 imprévues
2626 5191 2667 5228 et

1646 5248 1973 5299 désagréables.

1696 5330 1799 5370 60)5
1838 5330 1886 5368 —
1922 5330 2031 5368 Val*.
2066 5329 2114 5367 —
2146 5328 2444 5374 Célibataire,
2482 5330 2531 5366 33
2571 5338 2666 5375 ans,

1643 5391 1792 5435 blond,
1824 5391 2132 5442 physionomie
2160 5390 2382 5440 agréable,
2415 5390 2668 5430 économies

1643 5455 1766 5502 6.000
1787 5454 1946 5504 francs,
1971 5453 2178 5493 situation
2196 5455 2318 5494 2.300
2336 5452 2482 5492 francs
2497 5464 2575 5502 par
2594 5463 2664 5499 an,

1643 5518 1787 5556 désire
1807 5517 1996 5567 épouser
2015 5515 2274 5556 demoiselle
2296 5527 2351 5554 ou
2376 5526 2515 5555 veuve
2543 5515 2595 5552 de
2619 5518 2666 5551 23

1643 5582 1663 5619 à
1688 5580 1731 5619 31
1764 5591 1859 5628 ans,
1895 5580 2038 5619 même
2072 5590 2179 5618 avec
2219 5579 2380 5630 enfant,
2423 5580 2554 5628 ayant
2592 5576 2666 5616 dot

1642 5642 1932 5692 équivalente,
1954 5644 2148 5692 pouvant
2170 5651 2217 5681 se
2239 5641 2446 5691 déplacer
2470 5643 2511 5679 et
2538 5640 2667 5690 gérer

1642 5711 1891 5746 commerce
1911 5716 1967 5744 au
1990 5704 2160 5744 besoin.

1694 5779 1808 5817 0036.
1830 5800 1876 5806 —
1900 5778 2167 5818 Bordeanx.
2182 5798 2226 5803 —
2248 5774 2531 5816 Célibataire
2551 5771 2661 5812 seul>

1639 5843 1687 5880 52
1708 5851 1802 5890 ans,
1820 5839 1921 5880 bien
1943 5850 2049 5879 sous
2071 5842 2168 5878 tous
2189 5838 2251 5879 les
2271 5839 2490 5887 rapports,
2510 5846 2664 5887 grosse

1640 5903 1809 5943 fortune
1831 5905 1872 5942 et
1892 5902 2015 5950 9,000
2038 5901 2180 5940 francs
2202 5900 2255 5940 de
2284 5903 2443 5948 renies,
2473 5900 2638 5950 épouse

1639 5966 1723 6006 mit
1742 5963 1999 6004 demoiselle
2025 5975 2082 6003 ou
2103 5973 2243 6003 veuve
2263 5961 2318 6002 de
2346 5962 2396 6002 30
2427 5964 2450 6002 à
2480 5963 2531 6000 45
2563 5971 2658 6010 ans,

1638 6028 1737 6068 bien
1758 6027 2099 6079 physiquement
2127 6028 2168 6066 et
2195 6025 2498 6074 moralement,
2530 6024 2663 6076 ayant

1636 6090 1714 6131 des
1738 6094 1894 6130 rentes.

1687 6162 1804 6210 6048,
1843 6160 2232 6200 Haute-Garonne.
2263 6184 2318 6189 —
2375 6158 2657 6207 Célibataire,

1632 6222 1742 6265 seul,
1777 6223 1828 6262 60
1886 6231 1982 6269 ans,
2018 6230 2244 6270 voyageur
2276 6220 2331 6261 de
2390 6228 2656 6266 commerce,

1634 6280 1758 6322 avoir
1779 6282 1924 6320 10.000
1946 6279 2019 6328 fr.,
2042 6279 2190 6319 rentes
2208 6280 2286 6319 850
2306 6279 2379 6327 fr.,
2402 6279 2547 6319 désire
2567 6288 2658 6318 ma¬

1633 6340 1754 6390 riage
1782 6350 1888 6379 avec
1940 6337 2218 6386 demoiselle,
2273 6338 2406 6378 dame
2431 6348 2574 6378 veuve
2600 6347 2657 6376 ou

1631 6399 1836 6440 divorcée
1867 6398 1894 6439 à
1924 6410 2004 6439 son
2035 6395 2190 6448 profit,
2224 6396 2432 6446 honnête,
2467 6396 2520 6438 de
2551 6396 2602 6436 40
2631 6394 2656 6435 à

1630 6462 1679 6499 55
1697 6470 1804 6507 -ans,
1836 6458 1974 6510 ayant
2003 6456 2216 6498 situation
2248 6456 2547 6509 personnelle.

1681 6539 1799 6586 6049,
1863 6536 2343 6578 Bouches-du-Rhône.
2374 6558 2428 6564 —
2486 6535 2656 6576 Céliba¬

1628 6599 1755 6647 taire,
1777 6599 1830 6636 70
1851 6607 1947 6644 ans,
1971 6596 2116 6637 comte
2139 6595 2451 6646 authentique,
2475 6594 2655 6636 descen¬

1627 6658 1736 6698 dant
1768 6656 1901 6696 d’une
1932 6655 2151 6695 ancienne
2183 6656 2224 6696 et
2255 6655 2431 6696 illustre
2463 6654 2651 6702 famille,

1631 6715 1835 6756 habitant
1869 6715 1994 6763 villa,
2032 6715 2242 6756 voudrait
2276 6714 2463 6766 adopter
2498 6714 2654 6754 enfant

1626 6787 1682 6815 ou
1711 6775 1847 6826 jeune
1877 6775 2060 6815 homme
2090 6774 2143 6814 de
2174 6774 2347 6815 famille
2378 6774 2514 6823 riche,
2546 6784 2654 6814 avec

2760 495 2921 546 prime.
2952 495 3158 538 Céderait
3184 498 3311 539 titres
3335 496 3598 539 nobiliaires
3623 498 3666 539 et
3690 510 3788 550 par¬

2760 554 2980 595 chemins.
3010 556 3139 596 Faire
3165 556 3320 598 offres.

2812 0 2930 671 6050.
2963 633 3216 683 Dordogne.
3243 634 3297 675 —
3324 634 3534 683 Coupeur
3575 643 3628 674 en
3674 633 3787 673 vête¬

2760 694 2908 731 ments
2946 701 3060 740 pour
3099 694 3306 734 hommes
3344 696 3387 732 et
3411 694 3590 742 Dames,
3614 694 3666 732 34
3688 703 3784 738 ans,

2759 748 3003 802 distingué,
3046 752 3320 802 célibataire,
3364 754 3513 794 bonne
3554 752 3784 801 situation,

2759 810 2904 851 désire
2934 812 3120 864 prompt
3150 813 3351 864 mariage
3382 824 3488 854 avec
3518 811 3787 854 Demoiselle

2756 880 2814 907 ou
2835 871 2986 910 Veuve
2999 871 3140 914 dotée,
3160 872 3215 911 de
3235 874 3280 911 24
3308 875 3331 911 à
3351 875 3399 912 34
3415 883 3511 914 ans.
3531 871 3611 912 Lui
3632 871 3784 912 écrire.

2806 942 2929 990 ,6053.
2974 942 3110 983 Gard.
3135 967 3190 971 —
3215 943 3558 986 Contributions
3599 943 3788 983 indirec¬

2765 1003 2844 1040 tes.
2884 1000 3155 1043 Célibataire
3191 1003 3246 1044 de
3282 1000 3372 1047 très
3406 1003 3556 1045 bonne
3591 1002 3783 1053 famille,

2761 1062 2883 1100 4.000
2907 1059 2962 1102 fr.
2987 1073 3195 1111 revenus,
3224 1063 3464 1103 recherche
3487 1075 3604 1115 pour
3627 1062 3790 1103 maria¬

2760 1131 2814 1170 ge
2871 1131 3095 1171 personne
3140 1123 3327 1172 grande,
3378 1123 3573 1173 élancée,
3623 1122 3787 1171 mince,

2763 1182 2782 1218 1
2806 1190 2866 1219 m.
2890 1182 2943 1219 70
2978 1181 3243 1231 minimum,
3282 1184 3335 1222 27
3371 1183 3398 1223 à
3433 1183 3485 1222 35
3523 1192 3619 1230 ans,
3662 1180 3788 1221 intel¬

2759 1237 2938 1290 ligente,
2988 1239 3214 1290 instruite,
3263 1242 3352 1282 très
3399 1242 3548 1283 bonne
3595 1239 3785 1290 famille,

2758 1300 2895 1348 ayant
2911 1300 3037 1340 avoir
3054 1312 3111 1341 ou
3130 1301 3220 1342 dot.
3243 1302 3396 1342 Prière
3416 1301 3591 1342 donner
3608 1300 3788 1342 adresse

2756 1358 2799 1398 et
2837 1358 2975 1408 photo
3015 1360 3095 1412 qui
3136 1371 3235 1401 sera
3260 1360 3446 1402 rendue.
3475 1362 3539 1402 Ne
3562 1359 3787 1411 répondra

2757 1418 2860 1467 qu’à
2892 1417 3022 1461 lettre
3054 1419 3207 1471 signée
3239 1419 3501 1462 réunissant
3532 1419 3788 1462 conditions

2756 1475 2988 1519 énoncées.

2808 1555 2927 1594 6054.
2960 1556 3183 1606 Aveyron.
3212 1580 3267 1587 —
3292 1556 3360 1598 Un
3406 1558 3534 1598 oncle
3578 1556 3788 1598 voudrait

2756 1612 2923 1654 marier
2947 1625 3026 1655 son
3050 1627 3194 1657 neveu
3218 1614 3428 1668 orphelin
3451 1619 3503 1657 28
3523 1627 3620 1666 ans,
3646 1615 3784 1668 gentil

2755 1682 2938 1723 garçon,
2971 1676 3133 1726 grand,
3168 1674 3415 1727 distingué,
3451 1676 3542 1718 fort
3571 1676 3784 1725 aimable,

2754 1731 2971 1775 situation
2991 1734 3209 1784 d’avenir,
3231 1736 3599 1787 appointements
3618 1735 3788 1776 actuels

2754 1794 2875 1831 5.000
2897 1792 2971 1841 fr.,
2995 1805 3102 1835 avec
3121 1795 3258 1844 jeune
3279 1795 3372 1838 fille
3392 1796 3447 1836 de
3467 1796 3616 1836 bonne
3638 1795 3786 1835 famil¬

2754 1848 2807 1898 le,
2830 1848 2952 1900 jolie,
2977 1852 3115 1903 ayant
3132 1853 3208 1894 dot
3228 1852 3403 1907 liquide
3424 1855 3478 1895 de
3497 1856 3548 1895 60
3568 1854 3592 1895 à
3615 1855 3786 1894 100.000

2754 1907 2921 1951 francs.

2813 1990 2930 2029 6056.
2968 1991 3222 2032 Bordeaux.
3255 2015 3309 2020 —
3345 1992 3541 2042 Retraité
3574 1992 3701 2042 ,seul,
3734 1994 3786 2031 55

2761 2059 2855 2096 ans,
2886 2048 2990 2090 bien
3018 2052 3247 2102 conservé,
3278 2051 3367 2094 bon
3398 2052 3636 2102 caractère,
3666 2063 3786 2093 reve¬

2760 2119 2846 2148 nus
2876 2110 2999 2149 2.000
3032 2110 3106 2160 fr.,
3139 2112 3354 2154 voudrait
3387 2112 3577 2163 épouser
3609 2111 3784 2154 Demoi¬

2759 2167 2866 2208 selle
2886 2179 2943 2209 ou
2964 2169 3106 2212 Dame
3124 2183 3267 2214 veuve
3288 2172 3344 2213 de
3364 2174 3415 2212 40
3435 2172 3460 2214 à
3478 2174 3530 2212 50
3549 2183 3630 2213 ans
3650 2172 3786 2223 ayant

2759 2226 2974 2268 situation
3007 2240 3060 2270 en
3095 2231 3298 2280 rapport.

2812 2306 2930 2346 6057.
2979 2307 3374 2350 Haute-Garonne.
3402 2334 3455 2339 —
3499 2308 3782 2358 Célibataire,

2759 2366 2810 2404 46
2830 2376 2926 2414 ans,
2948 2366 3020 2407 fils
3039 2368 3227 2419 unique,
3251 2368 3498 2419 distingué,
3521 2368 3786 2420 propriétai¬

2759 2435 2820 2474 re,
2868 2435 3061 2468 revenus
3103 2429 3226 2468 2.500
3271 2428 3346 2478 fr.,
3392 2427 3539 2470 désire
3584 2427 3784 2481 mariage

2760 2494 2866 2524 avec
2888 2486 3159 2528 Demoiselle
3180 2499 3238 2528 ou
3262 2488 3415 2530 Veuve
3438 2488 3491 2530 de
3512 2490 3563 2528 35
3584 2488 3611 2528 à
3631 2490 3682 2527 45
3704 2499 3784 2528 ans

2759 2545 2895 2594 ayant
2924 2545 3140 2588 situation
3171 2547 3410 2595 analogue.

2807 2632 2855 2670 4°
2882 2632 2943 2671 Ne
2964 2631 3171 2673 déchirez
3192 2644 3274 2683 pas
3295 2644 3342 2675 ce
3364 2636 3563 2684 journal.
3584 2638 3783 2675 Donnez-

2757 2691 2795 2731 le
2816 2690 2843 2731 à
2864 2702 2943 2732 vos
2964 2692 3095 2732 amis.

2807 2780 2927 2821 6064.
2958 2780 3171 2823 Gironde.
3197 2804 3253 2811 —
3282 2786 3474 2824 Docteur
3502 2784 3715 2834 exerçant
3739 2784 3782 2824 la

2755 2838 2987 2882 médecine
3031 2852 3120 2883 aux
3166 2842 3383 2886 environs
3425 2844 3480 2884 de
3526 2844 3779 2892 Bordeaux,

2755 2899 2875 2947 veuf,
2919 2902 2970 2939 53
3011 2912 3107 2950 ans,
3151 2903 3240 2943 très
3266 2903 3370 2943 bien
3396 2903 3592 2954 portant,
3620 2904 3781 2944 nature

2754 2958 2853 3008 gaie
2878 2958 2919 3000 et
2946 2959 3278 3012 sentimentale,
3306 2961 3522 3003 situation
3551 2964 3698 3003 10.000
3723 2962 3778 3012 fr,

2754 3018 3010 3069 épouserait
3050 3031 3192 3069 yeuve
3235 3022 3290 3064 de
3330 3024 3382 3062 38
3422 3023 3447 3063 à
3471 3024 3522 3062 45
3547 3034 3643 3071 ans,
3672 3023 3778 3063 d’un

2754 3076 2979 3129 physique
3020 3080 3231 3131 agréable
3271 3082 3315 3122 et
3365 3082 3589 3123 caractère
3642 3081 3778 3131 doux,

2755 3137 2892 3183 ayant
2912 3131 2984 3177 8'à
3010 3140 3155 3179 10.000
3179 3140 3234 3180 fr.
3262 3142 3424 3180 rentes.

2800 3215 2918 3255 6069.
3212 3240 3268 3246 —
3286 3219 3614 3267 Sous-officier,
3631 3230 3779 3270 comp¬

2755 3274 2888 3322 table,
2932 3276 2983 3315 34
3028 3288 3123 3326 ans,
3172 3277 3291 3327 bien,
3323 3278 3438 3319 libre
3467 3278 3535 3319 s’il
3564 3279 3604 3319 le
3634 3279 3778 3321 désire

2754 3332 2867 3374 dans
2891 3335 2915 3373 7
2938 3335 3069 3384 mois,
3096 3336 3278 3378 retraite
3300 3339 3326 3376 7
3350 3339 3375 3379 à
3399 3339 3476 3378 800
3500 3338 3669 3387 francs;
3694 3351 3778 3379 em¬

2752 3391 2844 3443 ploi
2868 3394 2974 3434 civil
2999 3395 3138 3437 début
3162 3397 3298 3446 2.000,
3324 3398 3590 3449 espérances
3616 3400 3776 3445 10,000;

2752 3452 2898 3494 désire
2928 3455 3130 3507 mariage
3160 3468 3267 3498 avec
3298 3458 3558 3499 demoiselle
3589 3458 3643 3499 de
3672 3460 3723 3498 22
3752 3458 3776 3498 à

2752 3514 2803 3551 32
2827 3523 2922 3561 ans,
2948 3514 3068 3564 bien,
3095 3515 3185 3560 très
3207 3516 3418 3566 honnête,
3445 3518 3583 3568 ayant
3604 3518 3695 3558 dot.

2804 3595 2922 3634 6070.
2956 3595 3211 3636 Bordeaux.
3238 3598 3293 3638 —
3322 3598 3468 3638 Gentil
3514 3600 3679 3647 garçon
3724 3600 3775 3638 25

2751 3664 2848 3702 ans,
2869 3654 3066 3704 châtain,
3088 3656 3211 3696 taille
3234 3659 3252 3696 1
3272 3668 3334 3698 m.
3355 3659 3420 3706 70,
3443 3658 3619 3699 famille
3639 3658 3775 3698 hono¬

2754 3712 2891 3762 rable,
2942 3715 3215 3767 catholique,
3267 3716 3460 3765 sérieux,
3514 3716 3635 3765 actif,
3687 3719 3774 3758 très

2751 3771 2886 3820 doux,
2916 3774 3006 3815 très
3034 3775 3304 3824 affectueux,
3335 3776 3424 3818 état
3451 3776 3650 3826 lucratif,
3682 3778 3774 3818 éco¬

2751 3831 2939 3882 nomies,
2975 3834 3231 3885 épouserait
3260 3835 3396 3886 jeune
3428 3836 3520 3878 fille
3551 3838 3687 3887 ayant
3719 3838 3772 3877 si¬

2750 3891 2924 3932 tuation
2950 3903 3003 3933 en
3032 3895 3231 3946 rapport.
3260 3895 3474 3936 Bonheur
3500 3896 3671 3938 assuré.
3700 3896 3772 3938 Sé¬

2752 3950 2892 3991 rieux.

2799 4028 2916 4068 6072.
2939 4030 3262 4072 Deux-Sèvres.
3280 4034 3334 4072 —
3354 4032 3443 4074 Fils
3460 4035 3515 4075 de
3532 4035 3655 4075 riche
3675 4045 3771 4084 pro¬

2747 4088 2972 4139 priétaire,
2992 4092 3043 4131 24
3062 4103 3158 4140 ans,
3180 4091 3282 4133 bien
3303 4104 3410 4134 sous
3426 4092 3527 4135 tous
3544 4095 3768 4144 rapports,

2746 4147 2960 4189 situation
3001 4150 3335 4202 indépendante
3375 4152 3400 4192 à
3424 4152 3567 4202 Paris,
3592 4154 3647 4195 de
3671 4155 3772 4194 cent

2746 4206 2872 4249 mille
2915 4207 3068 4251 francs
3108 4222 3191 4262 par
3218 4222 3291 4260 an,
3320 4212 3578 4263 épouserait
3604 4213 3771 4254 demoi¬

2746 4267 2853 4307 selle
2876 4267 2931 4310 de
2957 4270 3006 4309 18
3030 4270 3055 4310 à
3078 4272 3130 4310 25
3155 4283 3250 4320 ans,
3279 4272 3415 4322 ayant
3439 4283 3496 4312 au
3522 4272 3768 4314 minimum

2744 4328 2893 4367 30.000
2920 4327 3074 4372 francs
3099 4329 3190 4371 dot.

2798 4388 3014 4429 Annonce
3041 4389 3130 4431 très
3155 4390 3352 4432 sérieuse
3379 4390 3422 4431 et
3447 4392 3638 4442 pressée.

2797 4464 2914 4506 6073.
2968 4464 3476 4510 Charente-Inférieure.
3524 4494 3579 4499 —
3626 4470 3769 4510 Jeune

2746 4523 2928 4566 homme
2959 4527 3012 4566 28
3044 4538 3139 4575 ans,
3175 4527 3487 4579 propriétaire,
3523 4530 3638 4570 beau
3671 4541 3770 4579 gar¬

2743 4594 2841 4634 çon,
2868 4583 3111 4638 distingué,
3138 4587 3363 4628 caractère
3387 4587 3579 4638 sérieux,
3607 4588 3770 4630 désire¬

2744 4643 2831 4683 rait
2858 4644 3047 4695 épouser
3074 4647 3335 4688 demoiselle
3363 4648 3418 4689 de
3444 4648 3592 4688 bonne
3620 4648 3768 4688 famil¬

2744 4702 2799 4752 le,
2831 4703 3043 4755 aimante,
3075 4706 3146 4747 bel
3175 4706 3315 4756 avoir,
3347 4707 3524 4758 fille,de
3551 4719 3768 4748 commer¬

2744 4763 2860 4812 çant,
2887 4763 2923 4804 si
2947 4764 3159 4814 possible.

2802 4843 2919 4881 6075.
2990 4843 3240 4883 Bordeaux.
3276 4867 3331 4872 —
3367 4843 3651 4894 Célibataire,
3715 4847 3766 4884 36

2748 4911 2843 4948 ans,
2923 4899 3026 4942 bien
3104 4902 3471 4954 physiquement,
3552 4904 3764 4946 situation

2747 4960 3076 5012 commerciale,
3108 4963 3232 5003 avoir
3260 4964 3410 5004 30.000
3455 4963 3607 5005 francs
3635 4964 3683 5004 et.
3704 4975 3767 5004 es¬

2748 5020 2976 5070 pérances,
3009 5022 3267 5072 épouserait
3321 5023 3456 5072 jeune
3488 5023 3657 5063 femme
3713 5023 3767 5063 de

2745 5082 2796 5119 26
2822 5079 2847 5119 à
2872 5082 2923 5119 34
2950 5091 3045 5128 ans,
3102 5080 3301 5123 modeste
3329 5082 3371 5123 et
3396 5083 3451 5122 de
3476 5083 3608 5132 goûts
3662 5083 3766 5123 sim¬

2745 5138 2858 5190 ples,
2940 5142 3076 5191 ayant
3154 5140 3368 5182 situation
3448 5142 3763 5183 commerciale

2746 5197 3027 5247 quelconque
3053 5211 3111 5240 ou
3136 5199 3226 5239 dot.

2799 5274 2917 5313 6076.
2987 5275 3238 5324 Dordogne.
3275 5300 3328 5306 —
3363 5276 3647 5326 Célibataire,
3711 5279 3762 5317 32

2744 5346 2839 5383 ans,
2872 5334 2975 5375 bien
3006 5336 3372 5388 physiquement,
3405 5338 3493 5379 très
3524 5338 3672 5379 bonne
3702 5339 3762 5378 fa¬

2745 5395 2884 5443 mille,
2950 5395 3155 5448 employé
3218 5396 3629 5438 d’administration
3708 5398 3762 5438 de

2743 5448 2890 5503 l’État,
2928 5453 2970 5494 et
3004 5454 3315 5507 propriétaire,
3355 5456 3499 5498 désire
3561 5458 3762 5508 mariage

2742 5524 2848 5554 avec
2872 5514 3008 5563 jeune
3032 5515 3124 5557 fille
3151 5516 3230 5568 âge
3256 5515 3431 5566 assorti,
3459 5515 3670 5567 sérieuse,
3699 5515 3760 5556 af¬

2743 5574 2984 5623 fectueuse,
3046 5576 3182 5626 ayant
3214 5575 3303 5624 dot,
3338 5576 3486 5616 même
3544 5576 3758 5626 modeste,

2741 5644 2917 5683 pourvu
2944 5644 3031 5685 que
3056 5635 3099 5675 la
3123 5645 3346 5686 personne
3371 5635 3527 5686 plaise.

2792 5711 2910 5751 6077.
2975 5711 3146 5754 Guinée
3209 5712 3461 5762 Française.
3494 5715 3548 5752 —
3583 5714 3759 5754 Institu¬

2739 5772 2838 5810 teur
2863 5770 3070 5820 colonial,
3098 5774 3148 5811 24
3175 5783 3270 5820 ans,
3296 5772 3457 5823 grand,
3487 5772 3619 5820 brun,
3648 5774 3759 5824 phy¬

2739 5830 2867 5880 sique
2899 5831 3107 5881 agréable
3167 5831 3382 5872 situation
3416 5831 3605 5873 actuelle
3637 5834 3759 5872 5.000

2740 5890 2904 5938 francs,
2967 5891 3113 5935 rentes
3143 5893 3220 5931 500
3267 5891 3432 5939 francs,
3494 5893 3756 5943 espérances

2736 5951 2884 5988 50.000
2914 5948 3081 5998 francs,
3130 5951 3387 6001 épouserait
3441 5951 3643 6002 collègue
3699 5962 3755 5991 ou

2737 6008 2871 6058 jeune
2903 6008 2999 6052 fille
3030 6009 3204 6051 aimant
3259 6022 3467 6063 voyager.
3530 6011 3751 6054 Situation

2736 6078 2788 6109 en
2823 6069 3022 6120 rapport.

2787 6157 2905 6198 6078.
2971 6157 3298 6199 Hte-Garonne.
3331 6183 3386 6187 —
3421 6160 3754 6207 Entrepreneur

2736 6216 2854 6264 veuf,
2888 6218 2939 6256 35
2971 6227 3066 6267 ans,
3100 6218 3187 6258 bon
3220 6218 3263 6258 et
3307 6217 3646 6268 compatissant,
3683 6217 3751 6256 fil¬

2734 6275 2838 6315 lette
2863 6278 2912 6315 10
2936 6288 3018 6317 ans
3042 6276 3188 6318 élevée
3213 6288 3295 6328 par
3321 6288 3390 6318 ses
3415 6276 3612 6328 parents,
3639 6276 3752 6319 dési¬

2734 6347 2779 6375 re
2806 6335 3005 6386 mariage
3031 6347 3136 6376 avec
3162 6336 3422 6376 demoiselle
3448 6347 3504 6377 ou
3530 6347 3672 6377 veuve
3698 6337 3751 6378 de

2732 6396 2783 6435 30
2808 6394 2834 6435 à
2859 6396 2908 6434 40
2935 6406 3030 6444 ans,
3060 6395 3283 6436 caractère
3310 6395 3446 6445 doux,
3476 6395 3623 6436 bonne
3650 6407 3749 6437 con¬

2731 6454 2870 6503 duite,
2906 6466 3126 6507 moyenne
3187 6455 3423 6498 éducation
3459 6467 3574 6506 pour
3634 6455 3750 6497 tenir

2731 6513 2866 6564 petite
2899 6514 3222 6565 comptabilité.
3260 6512 3455 6555 Fortune
3490 6514 3750 6556 indifféren¬

2731 6571 2786 6612 te.
2819 6573 3030 6613 Bonheur
3058 6574 3226 6615 assuré.

2782 6652 2900 6690 6079.
2964 6652 3215 6692 Bordeaux.
3245 6675 3298 6679 —
3356 6651 3636 6699 Célibataire,
3698 6653 3748 6690 40

2730 6722 2824 6758 ans,
2860 6710 2992 6759 brun,
3027 6710 3232 6762 employé
3279 6711 3392 6751 dans
3422 6712 3592 6762 grande
3623 6711 3744 6759 ville,

2727 6770 2839 6820 petit
2870 6768 3008 6818 avoir,
3043 6771 3308 6820 espérances
3366 6772 3493 6811 sûres
3526 6771 3579 6810 de
3640 6773 3688 6810 16
3721 6771 3747 6810 à

3843 425 4051 451 ..Ml
4170 428 4191 446 n
4260 427 4714 452 ...
4715 427 4883 452 -WW—G»

3867 499 4012 539 18.000
4043 498 4209 547 francs,
4241 498 4499 550 épouserait
4542 509 4767 550 personne
4811 500 4887 540 ho¬

3867 558 4067 606 norable,
4132 558 4338 599 tailleuse
4375 559 4428 599 de
4464 558 4739 610 préférence,
4805 560 4886 611 âge

3866 619 3906 658 et
3934 616 4147 658 situation
4178 627 4231 656 en
4262 618 4462 670 rapport.

3915 729 3963 766 5°
3995 727 4055 766 Ne
4082 726 4290 774 craignez
4315 736 4395 775 pas
4436 726 4490 766 de
4531 735 4643 768 vous
4683 738 4886 778 compro¬

3864 790 4023 826 mettre
4055 796 4108 826 en
4143 786 4292 826 disant
4326 795 4411 835 que
4444 796 4556 827 vous
4586 786 4676 828 êtes
4707 787 4886 830 abonné

3863 856 3919 886 au
3944 846 4070 884 Trait
4095 846 4304 884 d’Union.

3936 943 4055 983 6081.
4111 943 4380 983 Sud-Ouest.
4432 967 4487 972 —
4539 943 4884 987 Fonctionnaire

3867 1005 3979 1052 Etat,
4016 1003 4128 1052 seul,
4165 1004 4216 1043 44
4251 1015 4347 1054 ans,
4384 1003 4503 1054 bien,
4542 1003 4730 1047 environ
4765 1008 4887 1047 6.000

3864 1063 4018 1103 francs
4061 1073 4252 1104 revenus
4298 1062 4575 1114 (traitement
4618 1064 4660 1106 et
4704 1064 4884 1116 rentes),

3864 1123 4119 1175 épouserait
4151 1123 4420 1164 Demoiselle
4451 1124 4572 1175 bien,
4604 1124 4740 1167 d’une
4771 1126 4888 1167 tren¬

3864 1182 3985 1225 taine
4011 1179 4237 1233 d’années,
4268 1184 4407 1235 ayant
4431 1184 4522 1225 dot.
4553 1183 4663 1226 Très
4690 1186 4883 1227 sérieux.

3916 1280 4035 1320 6082.
4071 1278 4582 1328 Pyrénées-Orientales.
4614 1303 4667 1309 —
4715 1279 4887 1322 Céliba¬

3862 1340 3989 1388 taire,
4011 1340 4063 1379 37
4083 1351 4178 1387 ans,
4202 1339 4303 1379 bien
4327 1351 4431 1380 sous
4452 1340 4554 1381 tous
4574 1340 4798 1392 rapports,
4822 1352 4886 1380 re¬

3863 1410 4006 1440 venus
4048 1399 4101 1439 de
4142 1402 4166 1439 3
4192 1400 4218 1439 à
4242 1402 4364 1441 4.000
4390 1399 4556 1450 francs,
4586 1399 4674 1442 bon
4700 1412 4884 1452 garçon,

3862 1459 4008 1500 désire
4042 1460 4243 1511 mariage
4278 1471 4386 1501 avec
4418 1460 4554 1511 jeune
4587 1459 4694 1511 fille,
4731 1462 4813 1513 âge
4845 1462 4888 1502 et

3864 1519 3940 1560 dot
3967 1531 4022 1560 en
4052 1520 4251 1571 rapport.

3916 1608 4032 1647 6085.
4066 1606 4120 1644 —
4152 1606 4487 1656 Ex-négociant,
4536 1610 4588 1648 56
4634 1620 4730 1658 ans,
4782 1608 4884 1648 bien

3863 1668 4090 1715 conservé,
4134 1666 4314 1707 divorcé
4356 1679 4411 1708 en
4452 1679 4502 1708 sa
4543 1667 4716 1717 faveur,
4760 1667 4888 1709 avoir

3864 1727 4009 1766 10.000
4030 1725 4103 1776 fr.,
4127 1726 4431 1767 émoluments
4452 1728 4645 1768 annuels
4668 1731 4787 1767 1.500
4810 1728 4884 1776 fr.,

3862 1786 4007 1826 désire
4047 1786 4248 1836 mariage
4288 1798 4396 1826 avec
4435 1798 4659 1837 personne
4700 1787 4887 1828 assortie

3862 1844 3998 1896 ayant
4024 1844 4238 1886 situation
4267 1856 4324 1885 ou
4352 1856 4619 1887 commerce.
4653 1845 4856 1887 Sérieux.

3914 1928 4032 1970 6089.
4058 1928 4256 1970 Canada.
4276 1931 4330 1970 —
4348 1931 4494 1971 Jeune
4516 1930 4699 1971 homme
4713 1931 4764 1970 33
4787 1942 4883 1979 ans,

3860 1987 4069 2028 habitant
4091 1987 4388 2030 merveilleux
4412 1999 4537 2039 pays,
4563 1989 4723 2031 climat
4744 1988 4886 2030 excel¬

3861 2048 3967 2096 lent,
4000 2048 4088 2088 bon
4120 2047 4280 2088 métier
4311 2048 4579 2100 rapportant
4606 2052 4659 2090 20
4688 2050 4714 2089 à
4742 2052 4794 2090 22
4826 2048 4882 2090 fr.

3860 2120 3940 2159 par
3963 2108 4082 2158 jour,
4109 2107 4255 2150 désire
4278 2107 4479 2159 mariage
4503 2119 4609 2151 avec
4631 2110 4770 2160 jeune
4791 2108 4884 2149 fille

3859 2168 3914 2209 de
3935 2169 3986 2208 24
4009 2167 4034 2207 à
4055 2170 4107 2208 30
4130 2179 4224 2218 ans,
4252 2178 4358 2208 avec
4380 2179 4438 2209 ou
4462 2179 4567 2208 sans
4591 2167 4680 2210 dot.

3908 2264 4026 2303 6091.
4064 2263 4451 2303 Lot-et-Garonne.
4484 2286 4539 2290 —
4574 2263 4887 2303 Fonctionnai¬

3855 2324 3900 2364 re
3926 2323 4039 2374 Etat,
4066 2324 4187 2372 veuf,
4212 2325 4263 2364 40
4287 2334 4382 2372 ans,
4408 2323 4512 2363 bien
4536 2334 4643 2364 sous
4666 2327 4766 2365 tous
4787 2336 4887 2375 rap¬

3857 2383 3994 2434 ports,
4028 2382 4288 2424 traitement
4318 2384 4441 2423 2.000
4472 2383 4527 2422 fr.
4563 2394 4668 2424 avec
4700 2395 4887 2424 avance¬

3857 2444 3994 2491 ment,
4028 2443 4284 2494 épouserait
4342 2442 4604 2484 demoiselle
4636 2456 4694 2485 ou
4726 2455 4883 2493 veuve,

3856 2515 3962 2544 sans
3987 2503 4183 2552 enfants,
4214 2503 4268 2544 de
4293 2506 4344 2544 28
4372 2504 4398 2543 à
4423 2506 4474 2543 38
4500 2515 4598 2554 ans,
4628 2506 4764 2556 ayant
4792 2504 4883 2547 dot.

3856 2561 4021 2604 Inutile
4052 2563 4090 2604 si
4120 2575 4203 2614 pas
4233 2562 4425 2603 sérieux.

3908 2659 4024 2699 6092.
4059 2660 4283 2707 Aveyron.
4309 2659 4364 2699 —
4391 2656 4675 2708 Célibataire,
4706 2662 4759 2700 40
4787 2669 4883 2708 ans,

3857 2716 4071 2759 militaire
4106 2716 4380 2767 retraitable,
4445 2719 4523 2758 768
4559 2718 4615 2759 fr.
4654 2720 4887 2760 annuelle¬

3855 2779 3992 2827 ment,
4026 2778 4163 2830 ayant
4193 2778 4312 2819 droit
4340 2778 4366 2819 à
4395 2790 4458 2819 un
4490 2779 4658 2831 emploi
4690 2780 4883 2829 réservé,

3854 2836 3999 2880 désire
4029 2838 4231 2890 mariage
4262 2849 4369 2879 avec
4398 2838 4660 2880 demoiselle
4691 2852 4750 2882 ou
4779 2852 4886 2882 veu¬

3854 2910 3906 2938 ve
3934 2910 4039 2938 sans
4067 2898 4247 2939 enfants
4275 2898 4330 2939 de
4356 2899 4408 2939 35
4437 2899 4462 2939 à
4490 2902 4540 2939 40
4568 2911 4664 2949 ans,
4696 2902 4785 2942 bon
4814 2911 4884 2942 ca¬

3855 2958 4037 3007 ractère,
4066 2958 4142 2999 dot
4159 2960 4216 3002 .10
4242 2958 4267 2999 à
4291 2959 4439 2999 20.000
4466 2958 4520 2999 fr.
4550 2970 4606 3001 ou
4632 2960 4802 3012 emploi
4829 2962 4884 3002 de

3854 3016 3999 3058 l’Etat.
4035 3017 4143 3059 Très
4174 3019 4341 3067 pressé.

3908 3114 4027 3153 6095.
4059 3114 4311 3162 Dordogne.
4339 3137 4391 3143 —
4419 3115 4651 3157 Monsieur
4707 3117 4884 3158 abonné

3855 3183 3959 3212 sans
3982 3183 4200 3214 annonce.

3912 3258 4028 3299 6097.
4062 3259 4447 3300 Lot-et-Garonne.
4475 3262 4530 3302 —
4556 3262 4700 3304 Jeune
4755 3262 4882 3304 hom¬

3855 3328 3940 3367 me,
3967 3319 4042 3359 fils
4066 3319 4251 3370 unique,
4276 3322 4327 3359 28
4350 3331 4446 3369 ans,
4471 3321 4606 3371 brun,
4632 3323 4747 3364 beau
4770 3324 4883 3375 phy¬

3854 3378 3996 3428 sique,
4024 3378 4147 3419 taille
4202 3382 4220 3419 1
4248 3391 4308 3420 m.
4335 3382 4402 3430 70,
4456 3379 4532 3422 dot
4555 3384 4704 3423 50.000
4756 3381 4812 3425 fr.
4840 3383 4884 3424 et

3851 3439 4046 3489 grandes
4073 3440 4339 3490 espérances
4364 3442 4621 3491 épouserait
4647 3444 4882 3486 demoisel¬

3853 3499 3892 3539 le
3917 3499 3972 3539 de
3999 3501 4046 3538 18
4070 3499 4095 3539 à
4118 3502 4170 3539 22
4195 3511 4290 3548 ans,
4316 3500 4421 3540 bien
4446 3499 4608 3551 élevée,
4638 3504 4811 3545 aimant
4837 3504 4882 3544 la

3851 3568 4103 3608 campagne
4127 3560 4171 3600 et
4195 3562 4334 3611 ayant
4357 3560 4587 3602 situation.

3903 3644 4007 3685 6098
4033 3646 4075 3686 et
4100 3647 4218 3686 6099.
4252 3647 4643 3690 Haute-Garonne.
4670 3674 4723 3678 —
4752 3652 4876 3691 Deux

3851 3704 4006 3754 frères,
4031 3704 4202 3754 nobles,
4227 3706 4267 3746 le
4314 3707 4512 3756 premier
4559 3710 4611 3749 20
4633 3722 4728 3759 ans,
4752 3711 4795 3750 le
4814 3723 4879 3752 se¬

3850 3764 3964 3804 cond
3986 3767 4037 3804 24
4060 3776 4156 3813 ans,
4183 3766 4322 3816 ayant
4342 3766 4435 3806 l'un
4459 3767 4502 3807 et
4524 3767 4683 3810 l’autre
4708 3770 4876 3822 emploi

3848 3824 4047 3875 lucratif,
4075 3824 4273 3866 désirent
4323 3826 4526 3877 mariage
4578 3839 4684 3868 avec
4708 3830 4878 3871 demoi¬

3848 3883 3956 3923 selle
3980 3894 4038 3924 ou
4063 3884 4198 3934 dapie
4222 3886 4358 3936 ayant
4384 3886 4579 3927 fortune.
4610 3888 4731 3929 Pour
4756 3890 4796 3931 le
4824 3891 4842 3930 1
4847 3895 4876 3912 er

3848 3943 4068 3984 écrire-au
4091 3951 4144 3984 n°
4171 3947 4288 3995 6098,
4314 3959 4427 3998 pour
4450 3947 4491 3988 le
4511 3949 4536 3988 2
4539 3951 4552 3968 e
4572 3948 4714 3991 écrire
4736 3963 4794 3992 au
4818 3956 4871 3991 n°

3846 4004 3963 4042 6099.

3900 4098 4016 4138 6101.
4047 4098 4288 4139 Toulouse.
4315 4103 4368 4139 —
4394 4103 4524 4150 Veuf,
4554 4104 4606 4144 40
4631 4115 4727 4154 ans,
4755 4116 4874 4146 com¬

3847 4157 4063 4209 merçant,
4094 4158 4243 4199 bonne
4268 4159 4499 4211 situation,
4528 4162 4648 4204 deux
4675 4163 4871 4214 enfants,

3846 4218 4057 4259 voudrait
4084 4218 4274 4271 épouser
4328 4219 4463 4270 jeune
4492 4222 4590 4264 fille
4643 4235 4702 4264 ou
4731 4235 4874 4265 veuve

3846 4287 3951 4316 sans
3972 4279 4166 4328 enfants,
4191 4279 4348 4330 active,
4374 4274 4667 4332 intelligente,
4692 4284 4873 4324 travail¬

3846 4335 3983 4387 leuse,
4007 4341 4212 4390 pouvant
4235 4339 4276 4382 le
4301 4340 4515 4382 seconder
4540 4341 4655 4384 dans
4680 4355 4760 4386 son
4787 4344 4873 4387 tra¬

3843 4395 3949 4435 vail.

3898 4484 3944 4522 6°
3973 4484 4096 4524 Lisez
4118 4496 4170 4524 en
4194 4488 4218 4526 4
4256 4498 4367 4538 page
4393 4490 4430 4530 le
4454 4492 4654 4534 courrier
4675 4496 4867 4544 grapho¬

3847 4543 4041 4592 logique.

3895 4636 4012 4678 6102.
4070 4636 4290 4679 Charente
4310 4662 4323 4671 -
4347 4643 4608 4686 Inférieure.
4632 4670 4687 4675 —
4736 4647 4866 4695 Veuf,

3843 4700 3947 4731 sans
3971 4690 4164 4740 enfants,
4191 4694 4242 4732 39
4266 4704 4360 4743 ans,
4418 4699 4435 4735 1
4462 4709 4522 4738 m.
4550 4699 4614 4749 58,
4668 4699 4866 4748 châtain,

3843 4744 4050 4793 charron,
4084 4746 4220 4786 établi
4251 4747 4412 4798 depuis
4444 4753 4492 4790 10
4523 4762 4618 4800 ans,
4652 4754 4868 4794 situation

3840 4799 3962 4836 2.000
3991 4798 4044 4838 fr.
4078 4799 4264 4848 liquide,
4295 4802 4442 4844 désire
4468 4805 4659 4854 épouser
4687 4816 4869 4856 person¬

3841 4862 3896 4891 ne
3923 4851 4112 4891 environ
4139 4855 4191 4892 30
4219 4866 4314 4902 ans,
4344 4855 4492 4898 bonne
4522 4859 4663 4907 santé,
4719 4860 4868 4900 bonne

3840 4904 4066 4952 conduite,
4100 4908 4238 4956 ayant
4268 4908 4378 4958 petit
4410 4911 4535 4950 avoir
4592 4912 4635 4952 et
4666 4914 4868 4963 pouvant

3841 4957 3880 4998 le
3904 4959 4132 5000 seconder.
4163 4960 4351 5002 Sérieux
4375 4963 4416 5002 et
4440 4965 4607 5012 pressé.

3898 5040 4014 5078 6106.
4043 5040 4472 5083 Tarn-et-Garonne.
4496 5066 4552 5072 —
4572 5044 4715 5087 Jeune
4740 5048 4867 5088 hom¬

3845 5108 3915 5137 me
3940 5099 3990 5136 33
4015 5110 4111 5148 ans,
4139 5099 4312 5140 famille
4337 5102 4585 5143 honorable
4611 5106 4654 5147 et
4676 5116 4784 5148 sans
4806 5108 4868 5148 bi¬

3842 5158 3938 5206 che,
3967 5158 4194 5210 physique
4218 5159 4442 5212 agréable,
4471 5164 4698 5207 caractère
4723 5167 4861 5217 doux,

3843 5216 3931 5258 très
3951 5218 4144 5268 sérieux,
4169 5222 4446 5272 agriculteur
4467 5223 4523 5265 de
4544 5226 4563 5263 1
4569 5228 4598 5245 er
4618 5224 4766 5275 ordre,
4789 5239 4862 5278 pe¬

3842 5275 3918 5316 tite
3943 5277 4034 5328 dot,
4063 5277 4282 5322 sérieuses
4307 5282 4575 5332 économies,
4606 5286 4863 5337 épouserait

3842 5335 4115 5387 demoiselle,
4145 5350 4287 5382 veuve
4312 5354 4372 5383 ou
4427 5343 4647 5394 divorcée,
4678 5347 4732 5387 de
4758 5347 4810 5384 24
4836 5346 4862 5386 à

3840 5399 3890 5436 35
3910 5408 4005 5446 ans,
4029 5399 4165 5450 ayant
4184 5400 4299 5442 belle
4319 5402 4532 5443 situation
4555 5415 4612 5446 ou
4634 5404 4744 5455 jolie
4760 5416 4862 5456 pro¬

3840 5456 3980 5507 priété
4002 5458 4028 5497 à
4051 5459 4094 5500 la
4118 5471 4382 5511 campagne.

3892 5545 4010 5586 6107.
4042 5545 4254 5586 Gironde.
4280 5570 4335 5575 —
4360 5547 4594 5592 Monsieur
4620 5551 4728 5592 veuf
4755 5562 4859 5594 sans

3839 5615 4056 5644 annonce.

3890 5702 4008 5742 6J08.
4034 5703 4142 5744 Gers
4160 5727 4215 5731 —
4235 5703 4504 5746 Célibataire
4525 5707 4575 5746 40
4598 5718 4693 5756 ans,
4718 5718 4772 5748 ne
4794 5707 4858 5751 les

3837 5759 4092 5810 paraissant
4172 5775 4268 5815 pas,
4328 5764 4535 5804 habitant
4612 5766 4854 5817 propriété,

3838 5821 3973 5871 ayant
4000 5820 4075 5862 dot
4103 5824 4144 5864 et
4171 5824 4450 5876 espérances,
4482 5824 4584 5865 bien
4612 5826 4856 5878 physique¬

3832 5883 3970 5927 ment,
4015 5882 4219 5923 conduite
4266 5883 4625 5932 irréprochable,
4672 5884 4860 5926 catholi¬

3834 5955 3921 5993 que
3972 5942 4252 5995 pratiquant,
4306 5944 4451 5987 désire
4503 5948 4705 5999 mariage
4756 5950 4856 5989 reli¬

3831 6002 3966 6052 gieux
3994 6012 4099 6043 avec
4126 6004 4388 6047 demoiselle
4415 6018 4471 6046 ou
4500 6018 4642 6048 veuve
4668 6008 4854 6049 catholi¬

3831 6072 3932 6114 que,
3959 6063 4094 6115 ayant
4116 6064 4255 6106 avoir.

3884 6170 4000 6208 6109.
4030 6170 4123 6208 Lot.
4147 6194 4200 6199 —
4223 6171 4340 6212 Veuf
4391 6171 4487 6211 seul
4511 6173 4562 6210 50
4613 6183 4708 6221 ans,
4762 6172 4850 6214 bon

3824 6238 3959 6275 cœur,
3999 6230 4087 6267 très
4127 6230 4315 6280 sérieux,
4347 6231 4554 6280 honnête,
4590 6230 4675 6270 bon
4710 6243 4855 6274 carac¬

3824 6292 3928 6338 tère,
3956 6290 4083 6338 brun,
4109 6295 4126 6330 1
4152 6304 4210 6331 ni.
4242 6298 4306 6342 95,
4338 6292 4580 6343 possédant
4612 6296 4667 6332 20
4683 6294 4760 6335 000
4781 6295 4852 6346 fr.,

3826 6351 4090 6392 immeubles
4110 6364 4162 6393 ou
4186 6356 4406 6406 capitaux,
4427 6355 4678 6404 épouserait
4692 6356 4855 6398 demoi¬

3822 6416 3931 6455 selle
3956 6427 4010 6455 ou
4031 6428 4171 6456 veuve
4196 6418 4335 6467 seule,
4364 6418 4573 6458 situation
4604 6430 4660 6459 ou
4690 6422 4771 6471 âge
4799 6432 4850 6462 en

3823 6480 4015 6529 rapport.
4039 6479 4095 6519 Se
4118 6479 4386 6530 déplacerait
4408 6491 4463 6519 au
4487 6479 4655 6523 besoin.

3879 6555 3996 6595 6113.
4034 6555 4464 6595 Tarn-et-Garonne.
4499 6579 4553 6585 —
4612 6558 4847 6599 Monsieur

3828 6614 4017 6662 abonné,
4042 6627 4147 6655 sans
4166 6627 4383 6655 annonce.

3877 6712 3994 6750 6115.
4018 6711 4142 6751 Gers.
4162 6732 4215 6739 —
4233 6710 4516 6760 Célibataire,
4536 6711 4589 6754 30
4608 6724 4703 6763 ans,
4725 6725 4843 6755 com¬

3819 6770 4350 6820 merçant-propriétaire,
4379 6781 4565 6810 revenus
4587 6772 4703 6814 deux
4722 6774 4846 6813 mille
