5132 7504
2343 515 2414 552 LE
2447 515 2627 554 TRAIT
2660 516 2910 556 D’UNION

506 618 1418 726 CORRESPONDANCE

495 818 611 852 Nous
639 815 776 851 allons
803 824 902 850 sous
952 823 996 849 ce
1024 814 1122 848 titre
1172 811 1339 859 publier
1366 812 1476 856 quel¬

447 878 675 915 ques-unes
696 868 768 903 des
790 867 1066 905 nombreuses
1087 867 1231 902 lettres
1252 866 1303 900 de
1325 875 1475 900 remer¬

448 923 651 958 ciements
673 944 679 950 -
700 924 740 958 et
767 922 816 956 de
844 920 1119 955 félicitations
1146 928 1226 964 que
1278 920 1312 954 le
1340 919 1476 963 précé¬

448 976 548 1012 dent
572 976 794 1011 Directeur
815 983 842 1008 a
862 975 959 1008 bien
982 974 1108 1008 voulu
1135 972 1284 1007 mettre
1310 971 1334 1007 à
1358 972 1478 1007 notre

448 1030 712 1074 disposition.
744 1028 858 1063 Nous
884 1038 910 1072 y
959 1026 1182 1071 joindrons
1231 1026 1355 1060 celles
1404 1024 1478 1070 qui

450 1092 559 1118 nous
592 1081 876 1127 parviennent
911 1079 1239 1124 journellement
1274 1079 1311 1112 si
1345 1078 1476 1112 toute¬

448 1136 530 1171 fois
556 1144 634 1171 nos
663 1132 1020 1178 correspondants
1048 1132 1218 1167 veulent
1244 1132 1343 1166 bien
1372 1139 1479 1166 nous

448 1199 475 1235 y
504 1188 718 1224 autoriser

1059 1271 1275 1316 Toulouse,
1308 1270 1423 1318 1906.

672 1367 898 1407 Monsieur
924 1379 976 1404 le
1006 1367 1272 1412 Directeur,

508 1447 635 1484 Merci
658 1446 706 1484 de
731 1451 815 1483 tout
840 1458 959 1483 cœur.
987 1443 1224 1492 Supprimez
1248 1455 1338 1482 mon
1362 1443 1480 1480 abon¬

455 1513 611 1546 nement
635 1512 671 1544 et
694 1519 848 1544 recevez
871 1518 951 1544 mes
974 1504 1251 1551 félicitations.

1167 1664 1280 1702 Avril
1310 1674 1426 1712 1907.

675 1744 914 1791 Monsieur,

510 1823 612 1863 Bien
640 1836 714 1872 que
742 1823 958 1872 possédant
986 1834 1060 1858 une
1087 1820 1211 1868 petite
1238 1819 1415 1866 fortune,
1446 1819 1484 1868 je

456 1884 583 1922 vivais
616 1884 738 1930 seule,
774 1882 911 1920 retirée
947 1887 983 1919 et
1015 1880 1099 1927 fort
1132 1880 1242 1918 triste
1275 1880 1376 1918 dans
1409 1891 1484 1916 une

456 1943 655 1994 propriété
676 1956 730 1980 un
750 1948 827 1992 peu
848 1942 983 1979 isolée.

512 2004 646 2054 Ayant
675 2003 810 2040 acheté
838 2004 938 2040 dans
967 2014 1042 2039 une
1070 2014 1163 2051 gare
1191 2006 1299 2036 votre
1327 1999 1486 2048 journal

459 2064 498 2102 la
520 2060 876 2112 Rapide-Agence,
900 2059 1007 2111 j’eus
1030 2057 1152 2098 Vidée
1176 2059 1224 2098 de
1248 2071 1308 2096 me
1332 2056 1487 2104 confier

459 2126 481 2162 à
512 2136 608 2162 vous
643 2130 679 2161 et
711 2123 760 2160 de
794 2122 1075 2170 correspondre
1110 2132 1201 2158 avec
1235 2119 1404 2156 certains
1436 2118 1486 2155 de

458 2196 526 2222 vos
558 2183 744 2220 abonnés.
782 2182 896 2219 Cette
928 2182 1116 2218 heureuse
1148 2179 1291 2228 pensée
1323 2178 1488 2216 m’avait

460 2242 666 2280 découvrir
691 2243 728 2279 le
758 2242 858 2279 mari
885 2253 972 2291 que,
1004 2240 1126 2286 seule,
1155 2239 1195 2290 je
1223 2238 1400 2276 n’aurais
1427 2238 1486 2287 ja¬

464 2303 558 2340 mais
582 2302 730 2340 trouvé.

512 2363 562 2408 Je
584 2375 680 2399 vous
703 2360 887 2399 remercie
911 2366 947 2398 et
968 2372 1064 2398 vous
1086 2360 1171 2408 prie
1194 2359 1243 2396 de
1266 2358 1490 2408 supprimer

462 2435 550 2461 mon
579 2423 854 2460 abonnement.

680 2611 920 2656 Monsieur,

1191 2547 1288 2594 Juin
1318 2547 1432 2595 1908.

516 2688 675 2735 J’avais
696 2690 803 2727 deux
823 2690 938 2735 filles
961 2688 1053 2739 déjà
1076 2688 1204 2724 mûres
1226 2691 1328 2734 pour
1350 2686 1387 2723 le
1411 2698 1491 2722 ma¬

462 2750 571 2799 riage
602 2755 638 2787 et
662 2749 702 2798 je
731 2748 955 2794 désespérai
983 2748 1032 2784 de
1060 2747 1119 2784 les
1147 2759 1255 2784 caser
1283 2743 1491 2794 lorsqu’un

463 2810 543 2847 ami
600 2821 660 2847 me
718 2808 772 2855 fit
832 2812 1032 2846 connaître
1064 2811 1172 2843 votre
1206 2803 1488 2848 combinaison,

464 2868 732 2919 m’engageait
760 2868 958 2906 vivement
987 2868 1008 2904 à
1036 2866 1208 2915 prendre
1239 2878 1291 2902 un
1322 2864 1491 2902 abonne¬

466 2936 583 2967 ment.
614 2927 842 2976 ]’acceptai
869 2928 958 2964 bien
984 2927 1006 2964 à
1034 2932 1164 2964 contre
1193 2936 1312 2970 cœur,
1342 2923 1379 2974 je
1406 2923 1492 2960 dois

463 2987 643 3026 Vavouer
668 3003 688 3033 ;
739 2987 888 3038 j’avais
912 2987 982 3023 des
1032 2984 1283 3034 préventions
1338 2988 1374 3020 et
1424 2982 1494 3019 des

466 3048 634 3087 craintes
668 3048 751 3095 fort
786 3046 995 3096 légitimes.
1035 3044 1288 3082 Maintenant
1323 3042 1360 3092 je
1396 3042 1491 3086 suis,

466 3122 515 3146 au
542 3108 748 3154 contraire,
778 3112 886 3144 toute
911 3104 1094 3154 disposée
1120 3106 1142 3142 à
1165 3103 1271 3150 faire
1298 3103 1346 3140 de
1371 3102 1412 3139 la
1437 3100 1494 3138 ré¬

466 3167 590 3205 clame
616 3171 718 3215 pour
742 3179 851 3204 vous.

520 3228 607 3266 Mes
628 3227 743 3274 filles
764 3239 803 3264 se
826 3231 914 3263 sont
936 3224 1114 3270 mariées,
1139 3222 1249 3260 l’une
1274 3228 1310 3260 et
1331 3220 1491 3267 Vautre,

464 3286 729 3336 rapidement,
758 3291 794 3322 et
816 3286 918 3322 dans
940 3286 1011 3322 des
1035 3282 1258 3320 conditions
1282 3282 1358 3318 très
1380 3282 1494 3318 satis¬

466 3347 676 3392 faisantes.
710 3347 759 3391 Je
790 3344 951 3383 connais
980 3344 1071 3382 bien
1099 3343 1170 3380 des
1200 3342 1322 3379 mères
1351 3342 1400 3379 de
1428 3340 1492 3387 fa¬

467 3406 575 3444 mille
603 3406 671 3454 qui
695 3404 932 3442 voudraient
958 3403 1124 3452 pouvoir
1152 3415 1199 3440 en
1226 3402 1311 3439 dire
1339 3407 1491 3438 autant.

520 3464 696 3504 Recevez
722 3478 800 3503 mes
826 3462 1076 3502 salutations.

1159 3591 1286 3638 Auch,
1322 3592 1438 3639 1908.

683 3654 806 3691 Cher
842 3654 1081 3698 Monsieur,

520 3730 844 3771 Permettez-moi
899 3731 948 3768 de
1006 3742 1102 3768 vous
1130 3728 1305 3775 féliciter
1335 3730 1388 3766 du
1420 3727 1496 3764 bon

467 3792 808 3839 fonctionnement
832 3792 882 3830 de
907 3798 1015 3828 votre
1038 3788 1211 3842 journal.
1239 3790 1290 3834 Je
1315 3800 1395 3826 suis
1420 3788 1496 3824 très

467 3851 647 3899 satisfait
674 3852 727 3890 dr
753 3850 900 3888 service
924 3848 1095 3887 indirect
1123 3861 1196 3898 que
1223 3860 1319 3884 vous
1347 3844 1498 3884 m’a-âez

467 3912 594 3950 rendu
630 3917 665 3948 et
700 3911 779 3948 suis
814 3911 891 3947 très
927 3914 1084 3947 content
1118 3908 1167 3946 de
1200 3907 1367 3956 pouvoir
1400 3918 1496 3943 vous

470 3971 664 4020 exprimer
689 3984 752 4008 ma
775 3970 1114 4007 reconnaissance.

954 4118 1008 4156 Te
1036 4118 1058 4155 6
1088 4116 1293 4155 décembre
1326 4127 1440 4163 1909.

672 4178 912 4223 Monsieur,

523 4255 647 4295 Grâce
682 4258 703 4294 à
736 4255 1064 4295 l’intermédiaire
1098 4254 1147 4292 de
1180 4259 1287 4291 votre
1323 4252 1495 4303 Agence,

464 4315 542 4367 j’ai
568 4316 703 4354 trouvé
732 4316 774 4354 la
802 4322 995 4364 personne
1051 4314 1100 4352 de
1156 4327 1246 4351 mon
1275 4312 1403 4350 choix.
1436 4312 1499 4347 De

466 4382 551 4414 tout
578 4376 684 4426 cœur
711 4376 750 4426 je
776 4387 874 4412 vous
930 4387 975 4412 en
1031 4374 1132 4410 serai
1160 4372 1340 4421 toujours
1367 4382 1498 4407 recon¬

467 4435 656 4474 naissant-
688 4435 943 4484 Egalement,
975 4435 1014 4486 je
1042 4447 1138 4471 vous
1166 4434 1251 4482 prie
1279 4432 1328 4470 de
1358 4444 1498 4470 remer¬

467 4496 546 4534 cier
572 4507 619 4532 en
647 4507 735 4532 mon
763 4508 852 4532 nom
908 4495 1119 4544 personnel
1172 4499 1301 4530 toutes
1328 4492 1386 4528 les
1414 4496 1499 4540 per¬

467 4568 608 4594 sonnes
636 4556 703 4604 qui
731 4554 855 4594 m’ont
880 4555 962 4600 fait
989 4552 1201 4592 l’honneur
1228 4554 1276 4590 de
1306 4550 1495 4588 ni’écrire.

520 4616 570 4662 Je
598 4616 684 4652 leur
712 4615 840 4652 désire
870 4615 919 4652 de
950 4619 1034 4651 tout
1060 4616 1170 4660 cœur
1199 4611 1366 4660 pareille
1395 4611 1499 4647 réus¬

467 4675 554 4712 site.

524 4735 631 4772 Vous
664 4734 750 4783 prie
810 4732 1004 4771 d’insérer
1064 4734 1098 4770 si
1159 4744 1255 4768 vous
1314 4731 1352 4768 le
1384 4730 1500 4780 jugez

468 4795 579 4832 utile.

524 4855 643 4892 Votre
667 4860 754 4891 tout
778 4853 942 4899 dévoué,

819 5002 1087 5048 Decazeville,
1131 4999 1179 5052 14
1211 4999 1299 5052 juin
1339 5011 1455 5047 1910.

690 5080 931 5126 Monsieur,

1175 5139 1210 5175 T
1214 5139 1388 5175 oulouse.

523 5216 610 5265 J’ai
632 5219 670 5258 le
694 5218 836 5267 plaisir
860 5218 910 5256 de
935 5230 1031 5255 vous
1056 5228 1254 5255 annoncer
1279 5228 1352 5264 que
1376 5214 1415 5264 je
1443 5226 1500 5251 me

470 5279 591 5316 marie
620 5291 712 5316 avec
740 5279 779 5315 le
834 5279 880 5315 n°
912 5278 1048 5327 5-536,
1107 5278 1147 5327 je
1175 5288 1222 5314 ne
1250 5275 1384 5312 saurai
1412 5278 1499 5322 trop

467 5338 572 5386 faire
602 5339 651 5377 de
678 5339 870 5387 louanges
926 5338 966 5374 ni
1023 5335 1201 5374 adresser
1230 5347 1336 5372 assez
1366 5335 1414 5372 de
1442 5346 1500 5371 re¬

470 5399 740 5436 merciements
768 5399 791 5435 à
819 5403 927 5435 votre
957 5408 1102 5446 agence
1132 5396 1200 5444 qui
1228 5395 1308 5432 m’a
1336 5394 1500 5443 procuré

467 5459 504 5496 le
532 5471 671 5507 moyen
698 5458 746 5495 de
775 5462 994 5495 contracter
1020 5469 1095 5494 une
1123 5467 1243 5492 union
1271 5455 1292 5491 à
1320 5467 1383 5491 ma
1411 5466 1499 5491 con¬

467 5531 654 5556 venance.

524 5578 702 5615 Veuillez
736 5578 836 5615 donc
872 5580 1052 5624 accepter
1115 5587 1195 5612 mes
1230 5575 1409 5611 humbles
1443 5586 1499 5610 re¬

468 5638 739 5676 merciements
772 5643 810 5675 et
843 5635 964 5675 croire
999 5636 1022 5674 à
1055 5648 1118 5674 ma
1178 5633 1379 5686 profonde
1411 5646 1499 5683 gra¬

467 5698 608 5735 titude.

1034 5824 1228 5871 Aurillac,
1263 5823 1358 5874 20/9
1392 5836 1452 5860 10.

683 5885 926 5932 Monsieur,

525 5964 631 6003 Vous
667 5947 818 6014 pWivez
878 5963 1014 6002 retirer
1048 5963 1106 6000 les
1143 5974 1339 6000 annonces
1378 5971 1396 6008 5
1406 5990 1412 5997 -
1423 5972 1499 6007 7*4

467 6024 570 6063 ainsi
594 6038 667 6075 que
691 6024 728 6062 le
755 6024 890 6072 5.610.

520 6086 608 6122 Mes
635 6084 948 6123 remerciements
978 6090 1014 6120 et
1040 6082 1303 6130 félicitations
1331 6087 1432 6130 pour
1458 6080 1500 6119 la

464 6146 587 6195 façon
615 6144 712 6182 dont
740 6144 776 6180 le
803 6143 963 6193 journal
992 6143 1122 6190 opère.

1600 612 1727 649 Merci
1750 612 1803 648 du
1826 611 1972 649 service
1994 612 2120 648 rendu
2144 624 2190 648 en
2214 624 2272 647 me
2295 610 2450 656 faisant
2472 611 2575 656 fidè¬

1547 672 1692 708 lement
1716 671 1903 719 parvenir
1927 672 1984 708 les
2012 671 2370 718 correspondances
2395 671 2464 707 des
2491 675 2576 719 per¬

1548 744 1690 768 sonnes
1720 731 1787 779 qui
1818 736 1884 767 ont
1914 731 2003 767 bien
2032 731 2151 767 voulu
2184 728 2402 767 s’adresser
2431 731 2452 767 à
2484 740 2574 767 mot.

1602 790 1688 836 J’ai
1716 795 1771 836 pu
1802 795 1998 827 constater
2027 803 2100 839 que
2130 791 2171 827 la
2199 790 2406 826 Direction
2436 795 2492 827 est
2522 790 2576 826 sé¬

1548 851 1675 888 rieuse
1706 856 1742 888 et
1771 851 1792 887 à
1820 848 2036 888 Voccasion
2064 850 2103 898 je
2134 863 2192 887 me
2223 850 2328 894 ferai
2358 862 2408 886 un
2438 850 2579 898 plaisir

1548 911 1597 948 de
1624 911 1920 947 recommander
1944 915 2051 947 votre
2075 910 2250 959 journal.

1603 970 1786 1019 Daignez
1819 970 1966 1019 agréer>
2027 968 2244 1015 Monsieur,
2283 980 2374 1006 avec
2410 980 2489 1005 mes
2522 980 2578 1004 re¬

1551 1028 1832 1074 merciements,
1896 1027 1927 1066 V
1934 1028 2160 1076 expression
2220 1027 2268 1066 de
2331 1040 2410 1066 mes
2471 1028 2578 1064 meil¬

1550 1090 1655 1127 leurs
1684 1090 1928 1127 sentiments.

1756 1284 1998 1330 Monsieur,

1607 1362 1695 1399 Une
1723 1366 1916 1410 personne
1943 1362 1992 1399 de
2023 1372 2086 1398 ma
2111 1360 2270 1407 famille
2299 1366 2420 1410 ayant
2447 1366 2582 1396 trouve

1551 1423 1587 1460 le
1612 1422 1790 1460 bonheur
1811 1423 1926 1471 grâce
1952 1422 1974 1459 à
1998 1422 2039 1458 la
2064 1420 2416 1468 Rapide-Agence,
2446 1420 2467 1456 à
2493 1431 2582 1456 mon

1554 1488 1640 1519 tour
1670 1482 1708 1532 je
1740 1480 1954 1519 m’adresse
1986 1482 2007 1518 à
2037 1494 2132 1518 vous
2166 1487 2200 1518 et
2230 1478 2400 1530 j’espère
2432 1479 2582 1516 bientôt

1554 1542 1664 1579 bénir
1691 1547 1798 1578 votre
1826 1540 2074 1590 intelligente
2127 1539 2338 1577 initiative.

1598 1600 1775 1639 Veuillez
1804 1602 1904 1639 donc
1936 1612 1995 1637 me
2052 1599 2251 1636 souhaiter
2282 1599 2407 1636 bonne
2438 1598 2582 1636 chance

1555 1674 1602 1699 en
1628 1659 1860 1699 m’insérant
1886 1658 2098 1698 Vannonce
2124 1659 2304 1696 suivante

1611 1719 1715 1758 Avec
1751 1722 1787 1758 le
1824 1722 1900 1758 bon
1936 1719 1986 1756 de
2022 1723 2132 1767 poste
2170 1719 2340 1770 ci-joint,
2380 1723 2575 1768 acceptez,

1555 1782 1772 1826 Monsieur,
1807 1794 1887 1818 mes
1918 1779 2140 1816 meilleures
2170 1778 2419 1816 salutations.

2115 1974 2168 2011 Te
2200 1974 2247 2022 25
2278 1974 2364 2022 juin
2399 1986 2511 2021 1909.

1762 2054 2002 2098 Monsieur,

1610 2132 1676 2170 En
1704 2131 1868 2179 réponse
1896 2144 1918 2167 a
1944 2135 2052 2167 votre
2080 2130 2194 2166 lettre
2223 2128 2275 2164 du
2307 2127 2356 2176 24
2382 2127 2470 2176 juin
2498 2139 2584 2164 cou¬

1556 2198 1660 2236 rant,
1688 2189 1766 2240 j’ai
1790 2188 2000 2227 l’honneur
2027 2191 2075 2227 de
2103 2200 2198 2224 vous
2224 2187 2410 2235 rappeler
2438 2186 2538 2235 qu’il
2563 2199 2587 2234 y

1559 2252 1580 2290 à
1607 2251 1712 2288 deux
1740 2250 1838 2287 mois
1866 2248 2039 2294 environ,
2067 2247 2107 2298 je
2134 2259 2230 2284 vous
2258 2247 2296 2284 ai
2323 2243 2496 2284 annoncé
2526 2259 2587 2283 ma

1560 2310 1754 2349 cessation
1780 2308 2091 2346 d’abonnement
2120 2308 2142 2345 à
2169 2312 2276 2344 votre
2303 2307 2464 2355 journal
2492 2318 2588 2343 vous

1562 2371 1795 2419 expliquant
1825 2382 1896 2418 que
1926 2372 2025 2418 pour
2079 2368 2114 2404 le
2171 2379 2234 2404 cas
2264 2367 2312 2403 où
2342 2379 2430 2403 mon
2460 2366 2587 2403 entrée

1562 2443 1608 2468 en
1636 2429 1891 2479 pourparlers
1922 2440 2014 2466 avec
2043 2426 2254 2464 l’abonnée
2284 2428 2330 2463 n°
2364 2436 2442 2474 594
2470 2431 2587 2462 reste¬

1559 2491 1635 2528 rait
1662 2503 1754 2527 sans
1780 2490 1880 2527 suite
1906 2488 1946 2538 je
1974 2502 2019 2526 ne
2047 2486 2354 2525 renouvellerais
2382 2492 2440 2523 cet
2470 2486 2587 2522 abon¬

1560 2555 1716 2588 nement
1746 2547 1867 2599 qu’au
1896 2552 2224 2584 commencement
2252 2546 2302 2583 de
2330 2544 2474 2582 l’hiver
2501 2550 2588 2594 pro¬

1562 2610 1691 2647 chain-

1604 2668 1674 2715 Or,
1706 2670 1727 2706 à
1755 2667 1907 2706 l’heure
1936 2666 2119 2712 actuelle,
2178 2663 2252 2716 j’ai
2307 2664 2343 2702 le
2374 2663 2514 2712 plaisir
2540 2663 2590 2702 de

1562 2742 1658 2766 vous
1690 2740 1886 2764 annoncer
1916 2740 1991 2776 que
2020 2727 2059 2776 je
2092 2739 2151 2763 me
2183 2732 2318 2763 trouve
2351 2724 2372 2762 à
2403 2724 2443 2760 la
2474 2724 2590 2761 veille

1563 2790 1611 2826 de
1638 2791 1774 2835 passer
1799 2799 1852 2824 un
1880 2791 2031 2823 contrat
2087 2798 2178 2822 avec
2232 2784 2272 2822 la
2327 2788 2518 2832 personne
2546 2795 2591 2820 en

1564 2847 1756 2898 question.

1604 2910 1654 2953 Je
1689 2920 1735 2944 ne
1771 2906 1923 2944 saurais
1959 2910 2046 2952 trop
2082 2916 2178 2942 vous
2211 2903 2401 2950 fêiliciter
2436 2900 2592 2940 d’avoir

1564 2968 1647 3006 créé
1678 2980 1730 3004 un
1757 2966 1916 3016 journal
1972 2966 2022 3003 de
2051 2966 2091 3002 la
2148 2970 2285 3002 nature
2315 2964 2368 3000 du
2399 2963 2519 3000 vôtre.
2553 2962 2591 2999 Il

1563 3027 1662 3064 rend
1690 3028 1736 3064 de
1763 3027 1877 3063 réels'
1891 3026 2056 3062 services
2086 3031 2121 3062 et
2148 3030 2226 3062 met
2254 3036 2299 3060 en
2327 3023 2495 3060 relation
2523 3023 2592 3059 des

1566 3091 1778 3135 personnes
1808 3086 1887 3134 qui,
1919 3098 2010 3122 sans
2064 3083 2136 3130 lui,
2195 3096 2242 3122 ne
2270 3095 2308 3120 se
2338 3082 2508 3120 seraient
2534 3083 2591 3131 ja¬

1566 3146 1663 3183 mais
1691 3158 1874 3182 connues.

1608 3206 1666 3243 Ta
1694 3206 1811 3255 jeune
1843 3204 1958 3242 dame
1991 3208 2047 3240 est
2079 3203 2319 3248 charmante,
2355 3202 2404 3239 de
2435 3200 2592 3247 famille

1566 3266 1780 3303 honorable
1812 3271 1847 3302 et
1879 3278 1920 3302 ce
1952 3263 2020 3314 qui
2051 3268 2107 3300 est
2166 3263 2187 3299 à
2246 3260 2468 3299 considérer
2498 3259 2592 3298 c’est

1566 3338 1639 3375 que
1666 3338 1735 3362 son
1762 3336 1936 3362 annonce
1964 3330 2020 3362 est
2046 3320 2168 3360 d’une
2195 3322 2383 3360 modestie
2411 3327 2447 3359 et
2472 3319 2594 3358 d’une

1566 3384 1744 3422 sincérité
1770 3384 2070 3422 indiscutables.

1619 3444 1774 3480 Encore
1802 3456 1876 3480 une
1903 3442 1985 3488 fois
2039 3443 2078 3490 je
2131 3454 2179 3478 ne
2206 3439 2358 3479 saurais
2383 3445 2471 3488 trop
2499 3452 2595 3476 vous

1568 3503 1676 3539 louer
1707 3503 1756 3539 de
1788 3508 1895 3539 votre
1926 3500 2174 3550 intelligente
2204 3506 2241 3538 et
2272 3500 2370 3538 utile
2400 3498 2595 3536 initiative

1567 3568 1603 3600 et
1628 3563 1662 3600 si
1684 3562 1723 3612 je
1750 3567 1884 3598 trouve
1911 3575 1986 3598 une
2012 3560 2179 3598 discrète
2206 3560 2386 3598 occasion
2412 3571 2511 3608 pour
2537 3572 2592 3596 re¬

1570 3622 1819 3659 commander
1852 3626 1960 3659 votre
1994 3620 2153 3671 journal
2186 3620 2224 3671 je
2259 3618 2488 3658 n’hésiterai
2523 3624 2594 3668 pas

1567 3686 1666 3730 pour
1687 3683 1724 3719 le
1747 3686 1962 3730 patronner
2003 3682 2104 3718 dans
2152 3680 2194 3716 la
2244 3692 2394 3716 mesure
2443 3678 2492 3716 de
2516 3691 2595 3715 mes

1567 3755 1740 3791 moyens.

1620 3802 1801 3850 Daignez
1834 3800 1982 3848 agréer,
2047 3800 2263 3843 Monsieur,
2299 3811 2391 3836 avec
2427 3810 2506 3837 mes
2538 3810 2586 3835 re¬

1568 3860 1851 3907 merciements,
1887 3856 2132 3896 Vassurance
2168 3859 2216 3895 de
2254 3871 2331 3895 mes
2366 3858 2594 3895 sentiments

1568 3924 1827 3968 respectueux
1858 3926 1894 3956 et
1924 3919 2252 3956 reconnaissants.

2035 4095 2262 4140 Bordeaux,
2299 4095 2335 4132 le
2371 4092 2551 4144 28/9/10.

1736 4192 1894 4231 Rapide
1924 4191 2086 4231 Agence

1879 4274 1916 4310 9,
1942 4274 2009 4300 rue
2032 4263 2082 4300 de
2104 4262 2144 4300 la
2167 4260 2300 4299 Poste>
2327 4260 2540 4298 Toulouse.

1774 4370 2015 4414 Monsieur,

1623 4450 1672 4494 Je
1702 4462 1747 4486 ne
1775 4448 1928 4486 saurais
1955 4452 2043 4494 trop
2071 4460 2166 4484 vous
2194 4446 2398 4484 remercier
2424 4447 2494 4484 des
2522 4458 2598 4482 ser¬

1570 4508 1674 4546 vices
1704 4519 1777 4558 que
1805 4519 1900 4544 vous
1931 4504 2079 4543 m’avez
2109 4507 2254 4544 rendus
2282 4510 2356 4551 par
2383 4503 2598 4543 l’interme¬

1571 4567 1696 4606 diaire
1720 4567 1769 4604 de
1794 4572 1902 4604 votre
1927 4566 2131 4604 estimable
2155 4566 2314 4616 journal
2339 4564 2398 4602 La
2423 4563 2599 4614 Rapide-

1570 4627 1742 4675 Agence.

1624 4687 1672 4731 Je
1700 4687 1790 4735 puis
1818 4686 2063 4723 maintenant
2118 4698 2175 4723 me
2204 4683 2427 4723 considérer
2454 4695 2599 4722 comme

1572 4747 1691 4783 marié
1719 4752 1755 4783 et
1783 4746 1818 4791 je
1842 4758 1938 4783 vous
1962 4746 2047 4792 prie
2074 4746 2123 4783 de
2148 4759 2195 4783 ne
2219 4746 2312 4792 plus
2338 4744 2442 4790 faire
2468 4743 2598 4793 paraî¬

1572 4811 1628 4843 tre
1659 4818 1748 4843 mon
1778 4818 1952 4843 annonce
1984 4811 2020 4843 et
2050 4806 2171 4843 même
2202 4807 2250 4844 de
2279 4818 2327 4843 ne
2355 4804 2447 4852 plus
2476 4802 2598 4842 m’en¬

1571 4878 1690 4915 voyer
1715 4871 1823 4903 votre
1848 4866 2022 4915 journal.

1626 4927 1674 4971 Je
1698 4926 1784 4962 dois
1808 4938 1904 4962 vous
1927 4924 2011 4962 dire
2035 4936 2108 4974 que
2134 4936 2212 4962 mes
2235 4924 2490 4972 pourparlers
2514 4927 2600 4962 sont

1572 4986 1648 5023 très
1678 4984 1844 5023 avancés
1875 4998 1967 5022 avec
1998 4998 2072 5022 une
2102 4984 2278 5020 abonnée
2307 4984 2328 5020 à
2359 4990 2466 5020 votre
2494 4984 2599 5035 jour¬

1572 5044 1639 5082 nal
1668 5046 1764 5082 dont
1791 5043 1830 5094 je
1858 5043 2130 5092 n’indiquerai
2155 5048 2230 5091 pas
2258 5044 2294 5082 le
2323 5043 2495 5090 numéro,
2528 5048 2602 5092 par

1572 5103 1772 5152 politesse.

1626 5163 1671 5200 Si
1695 5175 1791 5199 vous
1815 5163 1952 5200 voulez
1975 5163 2160 5210 indiquer
2184 5163 2220 5200 le
2247 5163 2350 5200 mien
2376 5164 2460 5200 cela
2487 5162 2602 5200 m’est

1571 5222 1859 5272 parfaitement
1883 5222 2127 5268 indifférent
2152 5228 2188 5259 et
2210 5223 2248 5272 je
2274 5223 2352 5260 suis
2378 5224 2499 5260 même
2524 5223 2602 5260 très

1572 5283 1746 5320 heureux
1770 5282 2007 5328 d’affirmer
2034 5295 2108 5331 que
2134 5287 2208 5328 par
2233 5288 2340 5320 votre
2366 5283 2526 5332 journal
2552 5296 2602 5319 on

1572 5347 1666 5390 peut
1692 5355 1731 5379 se
1758 5342 1899 5379 marier
1923 5342 2186 5390 rapidement,
2215 5342 2462 5388 facilement,
2492 5343 2514 5379 à
2541 5355 2601 5379 ses

1570 5402 1686 5450 goûts
1714 5406 1750 5438 et
1775 5402 1932 5438 suivant
1958 5415 2002 5439 sa
2027 5402 2230 5439 situation.

1624 5459 1780 5498 Encore
1812 5474 1887 5498 une
1919 5460 2002 5507 fois
2034 5460 2152 5499 merci
2211 5467 2247 5499 et
2307 5466 2488 5511 acceptez
2522 5474 2600 5499 mes

1571 5520 1808 5558 salutations
1840 5520 1930 5559 bien
1960 5520 2216 5570 distinguées.

1931 5727 2158 5776 Bordeaux,
2190 5728 2394 5768 décembre
2427 5742 2542 5779 1910.

1792 5806 2030 5854 Monsieur,

1626 5883 1675 5928 Je
1699 5882 1780 5920 suis
1804 5883 1976 5923 heureux
1999 5884 2048 5923 de
2072 5898 2168 5923 vous
2191 5886 2486 5936 communiquer
2511 5898 2599 5924 mon

1575 5943 1748 5991 mariage
1786 5956 1876 5982 avec
1912 5946 1950 5982 le
1986 5947 2030 5982 n°
2078 5946 2132 5983 ...
2174 5946 2292 5984 Votre
2330 5944 2599 5984 combinaison

1575 6000 1656 6039 m’a
1683 6002 1740 6040 été
1767 6003 1844 6040 très
1871 6004 1968 6042 utile
1998 6010 2033 6042 et
2058 6004 2096 6054 je
2126 6018 2172 6043 ne
2199 6006 2288 6056 puis
2316 6019 2390 6056 que
2419 6018 2478 6044 me
2504 6004 2596 6050 féli¬

1574 6062 1667 6100 citer
1690 6063 1738 6100 de
1762 6062 1899 6102 m’être
1922 6064 2074 6102 abonné
2096 6066 2118 6102 à
2139 6072 2247 6104 votre
2267 6066 2440 6116 journal.

1626 6123 1815 6170 Recevez,
1852 6136 1944 6161 avec
1980 6136 2059 6160 mes
2091 6127 2419 6171 remerciements,
2455 6123 2596 6162 l’assu¬

1572 6195 1688 6220 rance
1711 6183 1760 6220 de
1784 6190 1870 6220 tout
1892 6196 1983 6222 mon
2006 6183 2277 6223 dévouement.

1038 6291 1091 6328 Te
1122 6302 1171 6336 24
1199 6291 1292 6328 août
1323 6302 1439 6338 1909.

672 6370 912 6415 Monsieur,

508 6448 615 6488 Vous
644 6448 815 6487 voudrez
872 6446 962 6484 bien
1016 6444 1236 6484 m’excuser
1264 6444 1313 6483 de
1343 6443 1498 6483 n’avoir

465 6515 539 6559 pas
564 6507 743 6558 répondu
770 6507 864 6556 plus
890 6506 947 6543 tôt
975 6507 996 6543 à
1023 6511 1130 6543 votre
1155 6504 1368 6544 invitation
1395 6514 1418 6542 à
1444 6519 1498 6543 un

466 6568 608 6606 nouvel
671 6570 935 6604 abonnement
971 6567 992 6602 à
1027 6566 1068 6602 la
1103 6564 1444 6614 Rapide-Agence
1483 6578 1495 6610 ;

462 6627 600 6680 j’étais
634 6628 771 6665 absent
807 6633 843 6666 et
874 6627 915 6678 je
951 6623 1035 6663 n’ai
1069 6626 1203 6662 trouvé
1238 6631 1346 6663 votre
1379 6626 1495 6662 lettre

464 6687 559 6739 qu’à
584 6700 674 6726 mon
698 6692 841 6724 retour.
871 6688 919 6731 Je
943 6686 1031 6723 dois
1056 6698 1152 6722 vous
1176 6684 1260 6722 dire
1287 6698 1359 6732 que
1383 6686 1423 6734 je
1448 6698 1495 6722 ne

463 6748 646 6786 continue
680 6751 754 6796 pas
815 6744 1113 6783 Vabonnement
1147 6756 1196 6783 vu
1234 6756 1307 6794 que
1340 6743 1379 6794 je
1414 6743 1495 6780 suis

459 6808 596 6855 fiancé
622 6814 658 6846 et
682 6820 756 6856 que
779 6807 819 6857 je
844 6806 930 6843 vais
955 6818 1013 6843 me
1039 6806 1180 6843 marier
1204 6804 1242 6843 le
1268 6816 1288 6840 2
1316 6803 1371 6840 du
1396 6803 1495 6840 mois

459 6866 652 6919 prochain
678 6878 770 6904 avec
792 6867 831 6904 le
855 6864 1015 6902 numéro
1043 6863 1090 6902 G.
1123 6874 1183 6912 17.

1604 6364 1698 6392 Nous
1723 6372 1830 6394 avons
1854 6373 1936 6400 reçu
1962 6367 2050 6395 cette
2075 6367 2227 6395 semaine
2254 6368 2288 6395 la
2314 6367 2416 6395 lettre
2440 6367 2600 6396 suivante

1570 6407 1675 6435 d’une
1698 6407 1868 6435 ancienne
1894 6408 2049 6436 abonnée
2078 6418 2083 6435 :

2304 6472 2475 6515 /Vîmes.

1784 6546 2024 6591 Monsieur,

1622 6623 1808 6670 Veuillez,
1838 6623 1876 6672 je
1902 6636 1998 6662 vous
2023 6624 2122 6672 prie,
2154 6623 2379 6675 m’envoyer
2406 6626 2442 6663 le
2469 6628 2514 6662 n°
2543 6627 2596 6663 du

1567 6683 1682 6719 Trait
1704 6683 1888 6723 d’Union
1910 6684 1959 6723 de
1982 6684 2204 6730 dimanche,
2229 6684 2306 6736 j’ai
2327 6686 2348 6722 à
2370 6686 2407 6723 le
2428 6692 2595 6723 soumet¬

1566 6747 1622 6780 tre
1643 6743 1664 6779 à
1684 6756 1759 6780 une
1779 6755 1915 6780 veuve.

1618 6803 1680 6840 De
1704 6803 1812 6840 Mme
1836 6803 1938 6850 B...,
1966 6803 2015 6842 de
2040 6803 2214 6854 Cognac,
2240 6803 2318 6855 j’ai
2339 6818 2442 6855 reçu,
2470 6806 2502 6843 il
2522 6819 2548 6855 y
2572 6819 2596 6843 a

1567 6863 1755 6912 quelques
1780 6863 1906 6914 jours,
1939 6876 2014 6902 une
2043 6864 2158 6902 lettre
2187 6864 2236 6902 où
2268 6866 2342 6903 elle
2371 6864 2594 6904 m’entrete-

2651 615 2734 651 nait
2764 614 2887 652 d’une
2919 616 3092 655 abonnée
3125 619 3192 666 qui
3222 617 3316 655 s’est
3348 619 3490 656 mariée
3520 624 3595 667 par
3623 620 3680 658 les

2651 687 2847 711 annonces
2871 674 2920 712 de
2946 682 3054 712 voire
3078 676 3252 726 journal.
3281 679 3388 716 Mme
3415 680 3498 716 B...
3530 678 3680 718 m’êcrn

2651 735 2731 771 ceci
2756 735 2804 771 de
2831 735 2871 771 la
2896 739 3088 783 personne
3116 752 3128 772 :

2704 811 2720 847 «
2784 811 2838 848 Te
2867 812 3039 862 mariage
3068 827 3091 850 a
3120 827 3166 851 eu
3194 814 3272 851 lieu
3303 815 3324 850 h
3354 813 3612 864 Angoulême,
3643 818 3680 854 le

2655 882 2670 907 «
2705 880 2756 916 25
2784 871 2884 920 juin.
2919 872 2986 910 En
3016 874 3204 923 mariage,
3236 874 3268 911 il
3296 874 3356 911 lui
3386 887 3408 910 a
3438 874 3566 911 donné
3596 882 3680 912 tout

2654 943 2670 967 «
2704 943 2774 967 son
2808 930 2930 977 avoir,
2970 932 3036 980 qui
3071 933 3238 971 consiste
3272 946 3319 971 en
3352 947 3428 971 une
3461 934 3558 983 jolie
3592 939 3679 983 pro-

2654 994 2670 1038 «
2704 990 2828 1038 priètè
2859 991 2947 1039 près
2979 990 3232 1030 d’Arcachon
3266 1010 3284 1038 ;
3318 992 3414 1031 c’est
3444 1007 3498 1031 un
3530 995 3681 1032 homme

2654 1050 2669 1086 «
2704 1050 2754 1088 de
2780 1063 2899 1095 cœur,
2931 1052 2998 1099 qui
3024 1052 3171 1090 semble
3198 1052 3366 1099 parfait.
3404 1068 3420 1088 »

2706 1127 2819 1164 Cette
2843 1128 2959 1166 dame
2984 1135 3040 1166 est
3063 1142 3186 1167 venue
3211 1143 3270 1167 me
3294 1131 3390 1175 voir,
3419 1132 3492 1168 elle
3518 1130 3599 1169 m’a
3622 1131 3683 1168 dit

2652 1188 2731 1224 être
2758 1187 2834 1224 très
2862 1188 3048 1226 heureuse
3075 1202 3164 1226 sous
3191 1196 3279 1226 tous
3304 1190 3362 1227 les
3387 1195 3596 1239 rapports;
3623 1204 3680 1228 re-

2652 1247 2811 1284 ditcs-le
2834 1260 2911 1284 aux
2930 1252 3144 1295 personnes
3163 1250 3399 1294 incrédules,
3426 1263 3466 1287 ce
3487 1250 3590 1288 n’est
3609 1256 3682 1300 pas

2651 1306 2820 1352 inventé,
2851 1307 2908 1343 les
2932 1319 3027 1356 gens
3055 1308 3234 1346 existent.

2707 1383 2761 1420 Te
2786 1396 2916 1420 mieux
2940 1398 3012 1432 que
3034 1384 3072 1434 je
3095 1387 3256 1432 pourrai
3276 1387 3315 1435 je
3338 1387 3554 1434 répandrai
3575 1395 3682 1426 votre

2651 1443 2824 1492 journal,
2854 1456 2918 1480 car
2939 1449 3040 1490 pour
3064 1445 3232 1482 certains
3255 1447 3296 1483 la
3319 1447 3504 1492 solitude,
3531 1447 3567 1483 le
3591 1447 3681 1486 vide

2655 1508 2710 1538 est
2736 1504 2916 1548 affreux.

2707 1579 2868 1628 Agréez,
2899 1580 3116 1627 Monsieur,
3147 1595 3226 1619 mes
3251 1583 3487 1620 salutations
3515 1587 3682 1631 empres¬

2653 1639 2748 1676 sées.

3497 1720 3546 1758 E.
3578 1719 3626 1756 F.

2707 1919 2817 1995 Les
2849 1921 3105 1997 Pensées
3143 1923 3215 1997 de
3253 1947 3393 1997 mon
3433 1923 3647 1997 Album

3986 634 4538 738 LOCATIONS

3883 782 3914 824 6
3948 782 4132 827 francs
4170 796 4304 840 pour
4338 784 4471 828 trois
4510 787 4644 830 mois

3796 970 3854 1002 En
3879 970 3990 1002 outre
4015 967 4062 1002 de
4090 970 4124 1000 la
4150 971 4336 1008 publicité
4352 971 4415 1004 Ylu
4440 971 4614 1010 .Tournai,
4643 980 4706 1007 ces
4732 974 4783 1006 lo¬

3755 1011 3907 1043 cations
3930 1012 4018 1043 sont
4040 1008 4228 1043 affichées
4250 1014 4350 1046 dans
4371 1014 4406 1046 le
4430 1013 4519 1044 Hall
4540 1014 4587 1046 de
4608 1015 4647 1047 la
4672 1016 4783 1052 Rapi-

3755 1052 3986 1091 de-Agence,
4007 1052 4026 1084 9
4031 1078 4036 1089 ,
4061 1059 4131 1083 rue
4154 1052 4200 1084 de
4221 1052 4260 1085 la
4281 1055 4407 1093 Poste,
4432 1055 4540 1087 oùun
4563 1056 4783 1089 nombreux

3756 1094 3887 1131 public
3923 1102 3970 1126 va
4002 1092 4308 1134 journellement
4342 1104 4390 1128 en
4424 1095 4592 1135 prendre
4624 1099 4783 1128 connai-

3758 1140 3874 1167 sance

3811 1212 3856 1251 L.
3886 1214 3976 1252 262.
4063 1215 4096 1252 A
4127 1214 4283 1260 Louer,
4314 1215 4631 1264 appartement
4658 1227 4780 1255 meu¬

3758 1271 3828 1311 blé
3854 1272 3878 1310 à
3902 1272 4024 1320 neuf,
4052 1285 4132 1314 rue
4155 1274 4209 1314 de
4235 1272 4434 1320 Verdun,
4460 1276 4507 1312 iT
4534 1275 4594 1312 10.
4620 1296 4674 1302 —
4698 1275 4775 1326 S’y

3758 1331 3976 1372 adresser.

3812 1409 3856 1448 L.
3882 1410 3971 1447 276.
4000 1410 4034 1446 A
4060 1410 4215 1460 Louer,
4242 1410 4444 1460 quartier
4467 1422 4544 1451 rue
4568 1411 4622 1451 de
4645 1411 4776 1459 Metz,

3756 1481 3812 1508 au
3839 1467 4036 1519 premier
4062 1468 4200 1518 étage,
4228 1470 4545 1519 appartement
4568 1472 4591 1510 8
4616 1471 4776 1520 pièces,

3757 1528 3974 1568 chambre
3999 1528 4052 1568 de
4079 1528 4242 1575 bonne,
4271 1539 4391 1575 cave,
4418 1528 4603 1579 galetas,
4631 1540 4710 1568 eau
4739 1531 4780 1568 et

3756 1600 3852 1638 gaz,
3886 1590 4004 1637 1,850
4034 1587 4090 1627 fr.

3811 1648 3868 1688 Le
3904 1649 4051 1688 même
4087 1647 4402 1698 appartement
4436 1658 4492 1687 au
4555 1648 4782 1688 troisième

3758 1707 3898 1758 étage,
3930 1709 4048 1756 1,200
4075 1707 4130 1746 fr.

3814 1767 4036 1816 Magasin,
4096 1767 4215 1807 deux
4272 1767 4419 1818 pièces
4475 1767 4518 1807 et
4574 1767 4780 1815 sous-sol,

3763 1828 3880 1865 1.500
3908 1826 3964 1866 fr.

3815 1886 3882 1924 Un
3912 1887 4312 1934 rez-de-chaussée,
4344 1887 4463 1926 deux
4491 1887 4640 1936 pièces
4668 1897 4784 1939 pour

3760 1946 3948 1992 bureau,
4014 1943 4355 1994 garde-meuble
4418 1956 4474 1983 ou
4539 1944 4780 1994 logement,

3756 2004 3835 2043 250
3860 2003 3915 2044 fr.

2711 2179 2742 2216 J.
2769 2180 2824 2215 —
2848 2180 2903 2216 La
2926 2182 3083 2227 femme
3112 2186 3168 2219 est
3194 2183 3358 2230 frivole,
3389 2187 3590 2231 coquette,
3622 2196 3682 2222 ca¬

2659 2234 2873 2279 pricieuse,
2906 2235 3116 2282 exigeante
3145 2247 3160 2279 ;
3215 2236 3522 2284 généralement
3576 2239 3679 2285 fine,

2660 2288 2843 2332 délicate,
2879 2290 3083 2327 intuitive.
3119 2290 3211 2327 Très
3269 2292 3543 2339 personnelle,
3607 2292 3684 2330 très

2659 2342 2946 2387 observatrice,
2972 2343 3050 2380 très
3074 2344 3364 2391 clairvoyante,
3392 2348 3478 2383 tout
3502 2359 3551 2383 en
3574 2347 3683 2384 étant

2662 2395 2925 2442 imprudente
2959 2399 2995 2432 et
3031 2398 3263 2443 irréfléchie
3298 2399 3398 2435 dans
3432 2411 3492 2435 ses
3526 2401 3684 2446 paroles

2662 2459 2823 2484 comme
2854 2450 2955 2484 dans
2984 2460 3044 2484 ses
3075 2452 3195 2486 actes.
3256 2451 3426 2495 Tendre,
3488 2452 3682 2495 aimante,

2660 2502 2884 2547 confiante,
2918 2514 2967 2538 en
2998 2502 3131 2538 même
3162 2506 3294 2550 temps
3324 2515 3402 2551 que
3428 2504 3619 2551 pratique
3648 2508 3683 2540 et

2662 2555 2890 2591 intéressée.
2946 2555 3095 2591 Nature
3151 2556 3362 2603 complexe.
3394 2568 3403 2592 :
3460 2558 3595 2594 bonne
3650 2560 3685 2595 et

2662 2610 2882 2654 mauvaise,
2914 2620 3018 2656 ange
3046 2611 3082 2646 et
3110 2610 3275 2654 démon,
3309 2612 3394 2647 tout
3420 2610 3443 2647 à
3472 2611 3508 2648 la
3531 2611 3628 2658 fois.

2715 2680 2762 2716 II.
2791 2680 2846 2715 —
2871 2680 3086 2716 L’homme
3114 2684 3168 2718 esl
3198 2684 3388 2719 menteur
3434 2683 3682 2728 inconstant,

2663 2732 2786 2779 léger,
2820 2734 3008 2779 toujours
3036 2735 3059 2770 à
3088 2735 3126 2771 la
3154 2735 3373 2772 recherche
3402 2736 3524 2773 d’une
3552 2748 3679 2773 sensa¬

2664 2786 2750 2822 tion
2776 2787 2978 2823 nouvelle.
3005 2787 3088 2823 Son
3116 2788 3184 2824 but
3211 2791 3266 2824 est
3319 2788 3353 2824 le
3403 2788 3560 2836 plaisir.
3616 2790 3687 2824 Les

2662 2840 2904 2875 sentiments
2928 2841 2976 2876 de
2999 2852 3074 2876 son
3098 2842 3187 2876 âme
3211 2844 3300 2877 sont
3327 2842 3497 2879 asservis
3519 2854 3599 2878 aux
3624 2842 3686 2876 be¬

2662 2892 2772 2928 soins
2799 2894 2847 2928 de
2872 2904 2948 2928 son
2975 2903 3108 2939 corps.
3136 2894 3248 2928 Pour
3275 2906 3330 2929 an
3358 2894 3428 2940 qui
3454 2894 3628 2940 souffre,
3660 2895 3687 2931 il

2662 2956 2686 2992 y
2711 2958 2760 2982 en
2782 2958 2805 2982 a
2827 2948 2918 2982 cent
2944 2947 3014 2992 gui
3035 2946 3129 2992 font
3152 2947 3342 2992 souffrir.
3368 2947 3480 2983 Pour
3504 2959 3582 2984 une
3606 2948 3683 2984 vie.

2666 3000 2775 3043 lime,
2809 2999 2836 3035 il
2862 3010 2887 3046 y
2914 3011 2936 3035 a
2963 2999 3032 3035 dix
3062 2999 3303 3035 bourreaux.
3362 2999 3575 3038 L’homme
3632 3004 3687 3038 est

2664 3052 2792 3096 lâche,
2823 3052 2988 3100 égoïste,
3020 3064 3096 3100 peu
3127 3052 3334 3101 généreux
3359 3064 3374 3096 ;
3427 3055 3687 3102 quelquefois

2664 3107 2775 3143 cruel
2799 3118 2851 3142 ou
2875 3107 3064 3151 grossier.

2722 3176 2786 3214 III.
2811 3175 2867 3211 —
2888 3175 3080 3214 L’amour
3102 3180 3156 3214 est
3184 3190 3239 3215 un
3263 3180 3534 3226 passe-temps
3556 3188 3571 3220 ;
3623 3179 3684 3216 l’a¬

2667 3230 2780 3267 mitié
2804 3242 2882 3266 une.
2906 3231 3162 3267 consolation
3187 3260 3194 3267 .

2715 3283 2910 3320 L’amour
2932 3283 3112 3330 s’efface,
3142 3283 3175 3319 le
3200 3283 3395 3320 souvenir
3419 3287 3474 3322 esl
3502 3284 3670 3332 impéris

2664 3338 2787 3374 sable.

2719 3407 2782 3444 IV.
2806 3408 2862 3444 —
2883 3408 2939 3446 La
2964 3408 3097 3446 raison
3123 3419 3224 3446 nous
3276 3410 3435 3454 éclaire,
3491 3411 3524 3446 le
3576 3422 3690 3446 coeur

2667 3472 2768 3498 nous
2794 3463 2967 3510 trompe.

2717 3534 2760 3571 Y.
2786 3534 2842 3570 —
2891 3532 3051 3570 Cruelle
3078 3532 3206 3570 ironie
3231 3535 3267 3570 et
3288 3536 3482 3580 suprïme
3506 3535 3687 3572 consoli-

2668 3587 2767 3630 üon,
2799 3587 2956 3635 chaque
2983 3587 3082 3635 jour
3110 3598 3212 3623 nous
3240 3590 3410 3635 apporte
3440 3600 3518 3626 une
3546 3590 3687 3635 décep¬

2668 3640 2754 3676 tion
2780 3642 2816 3676 et
2843 3651 2899 3675 un
2926 3640 3060 3686 espoir
3083 3651 3099 3683 ;
3124 3642 3259 3687 espoir
3280 3642 3429 3687 factice
3456 3644 3491 3678 et
3516 3644 3688 3678 souvent

2668 3694 2862 3738 illusoire,
2892 3692 3106 3740 déception
3138 3694 3255 3731 réelle
3311 3695 3347 3730 et
3400 3704 3574 3740 presque
3603 3698 3687 3730 tou¬

2666 3748 2782 3795 jours
2807 3747 3012 3794 exagérée.

2672 3827 2675 3831 '
2719 3816 2783 3852 VL
2810 3816 2868 3852 —
2892 3816 2943 3853 Le
2970 3801 3163 3864 souvenir
3215 3816 3314 3854 d’un
3367 3828 3515 3854 amour
3541 3819 3687 3863 défaut
3715 3824 3722 3838 '

2667 3874 2723 3906 est
2750 3871 2826 3918 fait
2854 3871 2901 3906 de
2931 3871 3098 3916 regrets,
3128 3871 3176 3906 de
3206 3871 3394 3915 tristesse,
3424 3870 3687 3915 d’ametume,

2667 3924 2714 3959 de
2739 3926 2922 3960 remords
2946 3927 2982 3960 et
3006 3924 3054 3959 de
3075 3923 3271 3970 pardons.

2723 3994 2805 4031 VIL
2830 3994 2886 4028 —
2907 3994 3018 4028 Pour
3040 3995 3152 4031 vivre
3179 4007 3268 4031 sans
3295 3995 3447 4042 regrets
3475 3994 3502 4030 il
3528 4004 3576 4028 ne
3600 3994 3690 4039 faut

2670 4047 2758 4083 rien
2782 4046 2947 4083 désirer.
2975 4046 3084 4082 Pour
3110 4048 3218 4084 vivre
3244 4059 3335 4084 sans
3359 4047 3635 4096 souffrances,
3666 4059 3675 4083 i
3683 4047 3692 4070 1

2666 4099 2847 4147 faudrait
2872 4111 2920 4136 ne
2946 4099 3032 4136 rien
3055 4099 3196 4136 aimer.

2722 4170 2823 4206 VIH.
2850 4170 2905 4207 —
2927 4170 3114 4208 L’amitié
3141 4169 3238 4208 ■l’un
3264 4170 3432 4207 homme
3486 4174 3520 4206 et
3571 4172 3691 4207 d'une

2666 4226 2838 4271 femme,
2867 4223 2958 4262 c’est
2984 4226 3032 4262 de
3059 4224 3234 4262 l’amour
3258 4223 3438 4272 déguisé.

2722 4295 2787 4331 IX.
2812 4296 2867 4331 —
2888 4296 3106 4342 Beaucoup
3159 4295 3360 4332 d’amitiés
3388 4308 3396 4331 :
3422 4295 3655 4343 sympathie
3683 4324 3688 4336 .

2671 4350 2882 4395 beaucoup
2910 4348 3118 4384 d’amours
3150 4359 3159 4383 :
3190 4358 3428 4394 mensonge.

2727 4418 2768 4454 X.
2799 4419 2855 4454 —
2882 4419 3088 4455 Plusieurs
3119 4419 3278 4456 amitiés
3308 4418 3446 4454 vivent
3478 4431 3527 4454 en
3560 4419 3692 4455 bonne

2671 4472 2932 4519 intelligence
2959 4483 2974 4514 ;
2999 4472 3202 4518 plusieurs
3228 4484 3395 4510 amours
3448 4483 3488 4507 se
3543 4471 3692 4507 détrui¬

2668 4528 2771 4563 sent.

2725 4596 2788 4634 Xk.
2811 4598 2867 4632 —
2887 4598 2950 4632 On
2974 4608 3023 4632 ne
3046 4595 3179 4643 guérit
3203 4608 3272 4643 pas
3298 4610 3376 4634 une
3399 4598 3574 4634 douleur
3594 4598 3695 4632 dont

2668 4663 2723 4687 on
2747 4650 2854 4687 aime
2879 4651 2915 4687 la
2936 4651 3192 4696 souffrance.

2723 4722 2808 4758 XII.
2814 4722 2868 4756 —
2889 4722 3054 4758 L’ordre
3079 4723 3134 4758 est
3162 4720 3195 4756 le
3221 4732 3409 4767 repos'ce
3435 4723 3472 4758 la
3496 4722 3694 4758 mémoire

2650 4788 2653 4818 .
2672 4779 2707 4812 et
2736 4775 2759 4811 h
2764 4775 2980 4812 harmonie
3007 4775 3075 4811 des
3103 4774 3258 4810 choses.

2724 4846 2830 4883 XIII.
2856 4846 2912 4882 —
2934 4846 2986 4882 Le
3014 4847 3168 4891 respect
3195 4844 3243 4880 de
3268 4846 3483 4883 soi-même
3537 4848 3592 4882 est
3646 4859 3695 4883 au

2672 4902 2827 4947 respect
2863 4899 3037 4935 humain
3071 4909 3112 4934 ce
3147 4910 3224 4946 que
3259 4899 3604 4947 l'amour-propre
3639 4903 3693 4936 esl

2671 4954 2694 4990 à
2718 4952 2919 5002 l’orgueil.
2946 4954 2979 4989 Il
3000 4952 3092 5000 faut
3116 4951 3197 4988 être
3219 4952 3302 5000 fier
3326 4955 3360 4990 et
3386 4954 3510 5000 digne
3535 4954 3636 4990 dans
3662 4954 3695 4988 le

2672 5007 2875 5043 malheur.

2727 5078 2809 5114 XIV
2851 5078 2906 5114 —
2929 5078 2986 5114 De
3014 5076 3188 5124 quelque
3211 5078 3338 5126 façon
3364 5088 3441 5126 que
3467 5090 3506 5114 se
3532 5078 3694 5125 présen¬

2674 5135 2755 5168 tent
2788 5132 2842 5167 les
2871 5131 3147 5175 événements,
3182 5143 3284 5167 nous
3315 5132 3467 5167 devons
3500 5132 3553 5167 les
3584 5131 3694 5166 envi¬

2670 5196 2788 5232 sager
2812 5196 2904 5219 sans
2934 5183 3238 5220 enthousiasme
3267 5187 3302 5220 et
3331 5196 3422 5220 sans
3451 5184 3678 5230 décourage

2674 5240 2799 5274 ment

2727 5307 2804 5344 XV.
2831 5306 2886 5344 —
2910 5306 3013 5344 C’est
3040 5318 3097 5345 un
3123 5307 3264 5343 devoir
3288 5307 3547 5346 d’humanité
3571 5308 3619 5344 de
3647 5319 3696 5344 ne

2672 5374 2743 5410 pas
2776 5362 2955 5398 attrister
2987 5374 3060 5399 nos
3092 5362 3336 5399 semblables
3370 5364 3406 5399 et
3439 5363 3486 5399 de
3518 5363 3695 5410 paraître

2672 5416 2738 5463 gai
2762 5427 2856 5452 avec
2882 5427 2938 5451 un
2962 5427 3076 5451 cœur
3099 5416 3222 5451 triste.

2718 5487 2816 5523 XVL
2844 5486 2900 5522 —
2924 5486 3119 5522 Chacune
3144 5486 3192 5520 de
3220 5496 3292 5520 nos
3319 5486 3476 5520 actions
3502 5487 3619 5531 porte
3646 5496 3695 5520 en

2672 5542 2744 5575 elle
2767 5552 2811 5576 sa
2830 5539 3027 5586 punition
3050 5550 3103 5574 ou
3124 5550 3167 5575 sa
3190 5538 3468 5584 récompense.

2723 5608 2903 5648 XVII.—
2923 5610 2976 5648 Le
3002 5611 3134 5659 temps
3159 5610 3288 5648 calme
3313 5610 3350 5648 la
3372 5610 3559 5656 douleur,
3586 5610 3692 5658 apai¬

2671 5675 2710 5700 se
2738 5664 2791 5699 les
2818 5674 3032 5706 rancunes,
3060 5663 3205 5699 amène
3232 5663 3387 5699 l’oubli.

2724 5732 2863 5770 XVIII.
2888 5734 2944 5769 —
2967 5734 3108 5770 Aimer
3134 5734 3171 5771 la
3194 5734 3382 5779 solitude,
3411 5732 3506 5771 c’est
3532 5740 3696 5771 trouver

2672 5799 2722 5824 en
2744 5788 2803 5824 soi
2827 5788 2880 5824 les
2904 5788 3164 5826 distractions
3188 5799 3266 5836 que
3290 5788 3324 5826 le
3348 5789 3499 5826 monde
3523 5800 3572 5826 ne
3595 5788 3692 5826 don¬

2672 5852 2720 5878 ne
2743 5854 2830 5888 pas.

2724 5912 2823 5951 XIX.
2849 5912 2904 5950 —
2926 5912 2982 5951 La
3001 5914 3144 5962 plume
3170 5915 3239 5959 est,
3267 5912 3383 5962 après
3410 5914 3447 5951 la
3470 5914 3630 5960 pensée,
3660 5914 3696 5951 la

2672 5966 2791 6003 chose
2818 5968 2854 6004 la
2875 5968 2968 6015 plus
2995 5968 3140 6004 intime
3164 5968 3211 6004 de
3238 5968 3274 6003 la
3296 5967 3372 6004 vie.

3812 2082 3858 2120 L.
3883 2084 3975 2120 278.
3999 2083 4052 2120 —
4076 2083 4110 2120 A
4136 2082 4374 2130 Affermer,
4400 2082 4516 2122 belle
4541 2082 4782 2132 propriété,

3758 2142 3808 2179 25
3844 2139 4047 2180 hectares
4081 2142 4249 2190 prairie
4286 2142 4522 2190 naturelle,
4560 2143 4611 2180 25
4647 2141 4786 2180 artifi¬

3759 2199 3902 2247 cielle,
3920 2202 3962 2238 .3
3994 2210 4048 2238 en
4083 2199 4231 2248 vigne,
4270 2202 4319 2238 10
4352 2201 4544 2240 terrains
4580 2202 4786 2240 laboura¬

3760 2259 3855 2299 bles
3879 2259 3920 2299 et
3944 2262 3968 2298 5
3994 2259 4151 2299 landes
4176 2258 4254 2298 des
4279 2258 4390 2307 bois,
4417 2260 4548 2300 vente
4574 2254 4786 2300 annuelle

3759 2320 3812 2359 de
3846 2319 4082 2370 fourrages
4139 2320 4262 2367 2,000
4294 2318 4532 2368 quintaux,
4594 2331 4787 2360 revenus

3762 2382 3907 2427 10,000
3941 2379 4107 2419 francs.
4146 2378 4331 2429 Cheptel
4367 2379 4514 2426 15,000
4547 2378 4620 2425 fr.,
4655 2379 4786 2418 outil¬

3760 2438 3859 2487 lage
3892 2439 4087 2488 agricole
4121 2439 4199 2478 des
4232 2439 4336 2488 plus
4370 2437 4603 2488 complets,
4640 2439 4787 2478 vastes

3760 2498 3974 2547 hangars,
4010 2498 4145 2536 bétail
4180 2498 4342 2538 travail
4375 2499 4418 2538 et
4450 2498 4631 2547 élevage
4664 2496 4786 2537 aussi

3759 2556 3907 2607 grand
3938 2556 4147 2607 complet.
4184 2557 4291 2596 Prix
4322 2558 4347 2596 à
4379 2557 4596 2598 débattre.

3815 2635 3860 2675 L.
3888 2636 3979 2674 279.
4006 2635 4060 2672 —
4084 2635 4118 2672 A
4146 2635 4303 2682 Louer,
4330 2635 4454 2675 vaste
4478 2634 4654 2674 maison
4682 2645 4788 2674 neu¬

3760 2707 3814 2735 ve
3847 2695 3900 2734 de
3932 2704 4184 2745 campagne
4218 2704 4324 2734 avec
4356 2706 4426 2734 ses
4459 2706 4699 2734 communs
4732 2706 4787 2734 en

3763 2754 3948 2803 rapport
3975 2786 3982 2802 ,
4008 2754 4215 2804 prairies,
4242 2754 4432 2803 jardins,
4460 2754 4616 2804 étangs
4642 2766 4786 2803 caves,

3763 2812 3904 2853 située
3964 2824 4018 2852 en
4080 2812 4203 2864 plein
4266 2824 4378 2863 pays
4436 2814 4646 2862 vinicole,
4710 2826 4787 2855 sur

3762 2884 3950 2927 passage
3978 2874 4076 2914 voie
4106 2872 4263 2912 ferrée.
4296 2872 4619 2912 Conviendrait
4646 2886 4703 2913 on
4733 2891 4788 2914 ne

3763 2932 3870 2983 peut
3895 2932 4050 2972 mieux
4074 2932 4099 2971 à
4125 2931 4363 2980 négociant
4387 2943 4440 2971 en
4466 2932 4571 2972 vins
4594 2934 4635 2972 et
4659 2934 4788 2983 spiri¬

3762 2992 3915 3032 tueux.
3955 2991 4304 3031 Ameublement
4340 2992 4548 3043 complet,
4588 2995 4789 3043 argente¬

3763 3052 3842 3100 rie,
3868 3050 4068 3098 vaiselle,
4096 3050 4231 3102 linge,
4260 3052 4358 3100 etc.,
4387 3052 4566 3092 calèche
4591 3052 4616 3092 à
4642 3052 4788 3103 dispo¬

3763 3111 3895 3151 sition
3930 3110 3991 3150 du
4022 3122 4232 3160 preneur.
4263 3135 4316 3139 —
4347 3112 4507 3151 Saison
4538 3124 4594 3151 ou
4627 3112 4651 3151 à
4682 3112 4788 3151 l’an¬

3764 3170 3858 3208 née.
3886 3170 3993 3208 Prix
4016 3170 4042 3208 à
4064 3168 4282 3211 débattre.

3818 3247 3863 3287 L.
3888 3248 3980 3288 284.
4005 3250 4060 3287 —
4083 3250 4116 3287 A
4143 3248 4286 3288 Louer
4310 3248 4363 3288 de
4387 3247 4516 3296 suite,
4543 3248 4688 3298 grand
4714 3260 4788 3299 ap¬

3764 3308 4032 3359 partement,
4060 3310 4086 3346 9
4110 3307 4271 3358 pièces,
4299 3308 4324 3346 2
4348 3307 4564 3357 cabinets,
4595 3311 4639 3347 il
4671 3308 4787 3348 fenê¬

3764 3368 3852 3406 tres
3878 3368 3932 3407 de
3959 3366 4128 3415 façade,
4158 3378 4238 3407 rue
4266 3367 4626 3408 Saint-Antoine-
4651 3368 4786 3415 du-T,

3764 3432 3811 3464 n°
3842 3427 3907 3475 20,
3971 3426 4198 3467 troisième
4230 3427 4370 3476 étage.
4434 3428 4528 3466 Eau
4588 3428 4630 3467 et
4688 3439 4784 3479 gaz,

3768 3488 3884 3535 1,100
3916 3486 3971 3526 fr.
4007 3486 4079 3536 S’y
4111 3487 4328 3526 adresser.

3816 3563 3863 3602 L.
3891 3564 3982 3602 288.
4042 3564 4075 3602 A
4106 3564 4262 3612 Louer,
4317 3564 4343 3604 à
4368 3567 4392 3604 9
4419 3564 4680 3604 kilomètres
4734 3566 4787 3607 de

3766 3622 4004 3672 Toulouse,
4038 3623 4143 3674 jolis
4200 3623 4319 3672 sites,
4379 3634 4468 3664 une
4499 3623 4674 3664 maison
4734 3627 4787 3666 de

3764 3694 4028 3734 campagne,
4060 3686 4108 3722 10
4135 3683 4374 3724 chambres
4400 3695 4458 3724 ou
4486 3684 4650 3734 salons,
4680 3698 4787 3736 gare

3765 3754 3887 3780 assez
3916 3743 4207 3791 rapprochée,
4238 3743 4348 3791 petit
4376 3755 4498 3791 parc,
4530 3744 4785 3794 dépendan¬

3764 3812 3848 3842 ces.
3887 3802 4138 3840 S’adresser
4170 3814 4226 3840 au
4262 3802 4434 3840 bureau
4466 3800 4527 3838 du
4559 3800 4758 3846 journal.

3819 3876 3864 3916 L.
3892 3876 4043 3916 289.—
4068 3876 4407 3928 Appartement,
4438 3874 4639 3928 quartier
4666 3875 4788 3914 Côte-

3766 3938 3924 3986 Pavée,
3947 3939 3972 3976 2
3992 3950 4050 3978 ou
4074 3939 4097 3976 3
4119 3935 4266 3986 pièces
4288 3947 4347 3975 au
4370 3938 4515 3984 choix,
4542 3932 4786 3981 meublées,

3771 3994 3874 4036 ♦très
3951 3995 4175 4048 agréable,
4243 3994 4359 4042 aéré,
4426 3992 4540 4032 beau
4604 3994 4774 4043 jardin.

3768 4055 4034 4102 S’adresser,
4066 4060 4104 4102 4,
4139 4068 4218 4096 rue
4248 4052 4444 4102 Fermât,
4477 4064 4534 4092 au
4565 4052 4787 4103 magasin,

3767 4114 4007 4155 Toulouse.

3820 4194 3866 4232 L.
3902 4196 3994 4232 290.
4030 4192 4084 4231 —
4115 4192 4148 4231 A
4187 4192 4343 4242 Louer,
4408 4190 4604 4242 premier
4666 4190 4792 4240 étage

3767 4251 3964 4298 meublé,
4026 4253 4234 4302 composé
4266 4252 4320 4294 de
4352 4248 4512 4303 quatre
4544 4250 4691 4302 pièces
4751 4249 4792 4288 et

3768 4309 3947 4351 cabinet
3982 4310 4036 4350 de
4072 4310 4255 4359 toilette,
4320 4312 4346 4351 à
4408 4310 4652 4362 proximité
4715 4310 4792 4350 des

3768 4371 3904 4412 allées
3935 4367 4179 4420 Lafayette.
4213 4370 4322 4408 Prix
4354 4372 4428 4409 100
4458 4370 4514 4408 fr.
4546 4382 4628 4420 par
4659 4368 4788 4408 mois.

3771 4432 4020 4472 S’adresser
4047 4431 4220 4471 bureau
4247 4427 4308 4467 du
4334 4426 4532 4479 journal.

3822 4508 3868 4547 L.
3896 4510 3988 4548 291.
4014 4510 4070 4548 —
4095 4510 4128 4548 A
4159 4510 4315 4556 Louer,
4344 4506 4561 4547 chambre
4587 4506 4795 4548 meublée

3771 4578 3876 4607 avec
3903 4567 4082 4610 cabinet
4107 4568 4162 4608 de
4190 4568 4372 4616 toilette,
4402 4566 4659 4618 jouissance
4686 4568 4792 4607 d’un

3770 4626 3938 4676 jardin,
4003 4627 4254 4669 boulevard
4288 4627 4468 4678 Piquet,
4507 4632 4555 4666 n°
4588 4628 4652 4667 29.
4720 4626 4794 4676 S’y

3770 4685 3988 4727 adresser.

3823 4763 3870 4803 L.
3900 4766 3991 4803 293.
4020 4764 4074 4802 —
4103 4764 4136 4802 A
4168 4763 4311 4804 Louer
4339 4776 4399 4804 un
4430 4764 4576 4815 grand
4604 4763 4723 4803 hôtel
4754 4763 4796 4803 et

3771 4823 3867 4864 café
3902 4824 3956 4864 de
3988 4822 4187 4875 premier
4220 4823 4352 4863 ordre
4387 4823 4500 4863 dans
4535 4835 4596 4862 un
4631 4823 4793 4864 canton

3772 4883 4012 4923 industriel
4042 4883 4102 4922 du
4132 4882 4519 4923 Lot-et-Garonne.
4553 4883 4660 4923 Prix
4690 4895 4796 4926 avec

3772 4939 3978 4984 matériel
4006 4943 4127 4991 2,800
4156 4942 4211 4982 fr.

3824 5022 3871 5060 L.
3900 5022 3992 5060 294.
4022 5022 4075 5059 —
4103 5022 4136 5059 A
4167 5021 4310 5062 Louer
4338 5021 4451 5062 dans
4480 5034 4559 5063 rue
4587 5022 4664 5063 des
4694 5020 4798 5072 plus

3771 5079 4007 5132 passantes
4037 5080 4091 5120 de
4123 5082 4363 5131 Toulouse,
4398 5094 4456 5123 au
4486 5082 4636 5122 centre
4668 5082 4723 5122 de
4754 5082 4798 5122 la

3771 5142 3892 5189 ville,
3930 5152 3990 5180 un
4026 5142 4118 5182 hall
4154 5154 4268 5193 pour
4302 5142 4554 5192 expoistion
4588 5143 4630 5183 et
4662 5140 4796 5182 étala¬

3771 5211 3838 5251 ge.

3826 5279 3871 5319 L.
3894 5282 3972 5319 294
3992 5280 4075 5319 bis.
4098 5282 4151 5318 —
4172 5282 4207 5318 A
4231 5280 4374 5330 Louer
4394 5278 4622 5330 propriété
4643 5278 4668 5317 à
4688 5279 4712 5316 4
4734 5278 4798 5316 ki¬

3772 5340 3983 5381 lomètres
4012 5340 4120 5379 d’un
4152 5339 4367 5379 chef-lieu
4398 5338 4452 5378 de
4483 5336 4662 5386 canton,
4694 5338 4798 5388 près

3773 5400 4014 5447 Toulouse,
4046 5398 4223 5438 maison
4252 5399 4307 5438 de
4336 5398 4464 5438 colon
4495 5398 4604 5438 trois
4634 5398 4794 5448 pièces,

3774 5458 4040 5506 servitudes,
4079 5456 4232 5506 jardin
4268 5456 4468 5507 potager,
4507 5459 4558 5496 50
4594 5458 4796 5498 hectares

3772 5518 3827 5558 de
3856 5516 4042 5566 terrain,
4075 5516 4160 5565 blé,
4194 5516 4367 5567 avoine,
4400 5518 4650 5570 fourrages,
4682 5519 4799 5569 grai¬

3773 5588 3866 5628 nes,
3903 5580 4032 5628 maïs,
4070 5588 4278 5632 pommes
4311 5579 4364 5620 de
4398 5578 4528 5627 terre,
4565 5578 4796 5630 provision

3774 5639 3828 5679 de
3858 5639 3951 5679 vin.
3988 5639 4096 5678 Prix
4128 5639 4154 5678 à
4186 5638 4390 5678 débattre
4420 5639 4543 5687 3,500
4576 5638 4631 5678 fr.

3827 5715 3872 5754 L.
3898 5715 4048 5754 295.—
4071 5715 4106 5752 A
4131 5715 4288 5762 Louer,
4314 5715 4487 5754 bureau
4511 5714 4624 5754 dans
4647 5715 4798 5755 centre

3775 5775 3828 5816 de
3864 5775 4106 5823 Toulouse,
4171 5786 4286 5824 pour
4323 5774 4679 5826 représentation
4742 5776 4798 5816 de

3772 5847 4024 5876 commerce
4059 5847 4116 5874 ou
4152 5834 4375 5874 industrie
4408 5834 4467 5874 où
4500 5844 4558 5874 on
4592 5836 4798 5886 pourrait

3772 5896 3920 5938 même
3948 5894 4146 5936 recevoir
4174 5892 4238 5934 les
4264 5894 4571 5936 commandes.
4604 5895 4799 5936 S’adres¬

3772 5968 3843 5996 ser
3868 5968 3926 5996 au
3952 5955 4127 5995 bureau
4152 5954 4213 5992 du
4238 5954 4435 6003 journal.

2724 6036 2804 6075 XX.
2829 6039 2884 6075 —
2906 6039 2939 6075 D
2962 6048 2988 6086 y
3011 6050 3034 6075 o-
3056 6039 3124 6075 des
3148 6038 3259 6075 âmes
3284 6048 3404 6086 pures
3458 6040 3492 6075 et
3546 6050 3694 6075 neuves

2672 6102 2834 6128 comme
2859 6092 2896 6128 la
2919 6103 3062 6128 source
3088 6091 3223 6136 claire,
3254 6092 3287 6128 le
3315 6092 3496 6130 ruisseau
3523 6092 3695 6139 limpide

2671 6144 2764 6180 elles
2787 6156 2862 6182 son
2886 6155 3006 6182 rares.

2723 6198 2756 6234 Il
2776 6210 2802 6246 y
2824 6210 2875 6236 en
2896 6210 2919 6235 a
2939 6199 2987 6235 de
3008 6198 3155 6247 jeunes
3179 6202 3214 6235 et
3238 6199 3286 6236 de
3335 6199 3480 6236 viciées
3532 6210 3694 6236 comme

2671 6251 2708 6288 la
2735 6263 2868 6299 nappe
2896 6252 3026 6288 calme
3054 6252 3153 6288 d’un
3182 6252 3282 6288 beau
3311 6252 3370 6288 lac
3398 6263 3476 6288 aux
3531 6263 3694 6288 remous

2670 6304 2919 6353 dangereux.

2723 6359 2756 6395 Il
2780 6371 2806 6407 y
2832 6370 2882 6396 en
2907 6371 2931 6395 a
2955 6360 3003 6396 de
3028 6371 3236 6406 perverses
3264 6370 3426 6396 comme
3455 6359 3491 6396 la
3516 6371 3604 6396 mer
3630 6358 3694 6395 dé¬

2671 6411 2854 6456 chaînée,
2910 6412 2944 6448 le
2996 6415 3151 6450 torrent
3200 6412 3383 6460 furieux,
3439 6412 3472 6448 1e.
3526 6412 3694 6460 gouffre

2672 6465 2804 6504 béant.
2830 6466 3095 6512 Méfiez-vous
3120 6466 3132 6502 !

2723 6535 2823 6574 XXL
2850 6536 2906 6572 —
2928 6536 2963 6574 Il
2987 6548 3012 6584 y
3038 6548 3062 6574 a
3086 6538 3186 6574 dans
3240 6539 3350 6574 toute
3403 6535 3695 6584 physionomie

2671 6590 2844 6639 quelque
2872 6590 2992 6627 chose
3018 6590 3372 6640 d’indéfinissable
3427 6591 3499 6638 qui
3553 6588 3694 6636 reflète

2671 6644 2802 6682 l’âme.
2832 6646 2890 6682 De
2922 6644 3039 6682 l’âme
3068 6644 3254 6691 vulgaire
3282 6644 3304 6682 à
3334 6644 3451 6682 l’âme
3482 6644 3608 6681 idéale
3639 6644 3692 6680 les

2670 6708 2848 6734 nuances
2874 6700 2966 6734 sont
2994 6698 3163 6744 infinies
3191 6698 3203 6732 !
3228 6698 3439 6744 Pourquoi
3467 6699 3520 6734 les
3547 6698 3692 6744 esprits

2668 6751 2942 6800 clairvoyants
2972 6762 3012 6787 se
3047 6750 3279 6788 laissent-ils
3315 6754 3499 6798 tromper
3531 6762 3692 6788 comme

2668 6806 2722 6842 les
2744 6807 2826 6842 sols
2851 6806 2870 6840 ?

3288 6868 3374 6908 Une
3399 6868 3562 6907 Femme.

3887 6191 4095 6235 L’intérêt
4148 6196 4226 6235 des
4278 6196 4503 6236 vendeurs
4528 6199 4570 6235 et
4620 6194 4748 6234 ache¬

3829 6258 3954 6295 teurs
3986 6254 4091 6294 d'un
4126 6266 4391 6304 commerce,
4427 6256 4560 6295 d’une
4595 6254 4747 6294 indus¬

3830 6314 3928 6362 trie,
3955 6314 4130 6355 maison
4155 6326 4211 6356 ou
4238 6315 4478 6365 propriété,
4503 6316 4568 6354 est
4592 6314 4646 6352 de
4668 6314 4747 6352 s’a¬

3831 6374 4007 6414 dresser
4035 6374 4062 6415 à
4092 6376 4134 6415 la
4167 6376 4198 6415 R
4206 6378 4298 6415 API
4308 6372 4648 6420 DE-AGENCE,
4708 6374 4746 6422 9,

3831 6444 3910 6474 rue
3938 6435 3991 6475 de
4022 6436 4063 6475 la
4092 6437 4220 6475 Poste
4248 6435 4274 6475 à
4302 6435 4527 6474 Toulouse
4558 6442 4568 6479 ;
4598 6432 4692 6471 rien
4720 6432 4747 6473 à

3834 6504 3970 6544 payer
4034 6496 4262 6535 d’avance.
4346 6492 4747 6540 Renseignements

3828 6555 4036 6603 gratuits.

4159 6755 4214 6791 Le
4247 6756 4400 6792 derant
4432 6768 4440 6791 :
4469 6756 4722 6794 ROUSSEL.

3816 6863 4082 6908 Imprimerie
4111 6863 4292 6908 spéciale
4320 6863 4375 6899 du
4407 6863 4523 6900 Trait
4552 6864 4742 6900 d'IJnion.

2985 7282 3200 7344 WËÈÊm
