5184 7176
544 446 688 487 payées
711 446 734 479 à
756 447 890 480 raison
912 444 960 479 de
983 446 998 478 1
1020 446 1134 478 franc
1158 446 1195 478 la
1219 445 1324 484 ligne
1347 452 1447 483 pour
1468 444 1564 478 trois

539 496 652 528 mois.
684 495 734 527 Ce
764 495 866 528 délai
899 492 1047 532 écoulé,
1079 495 1134 526 les
1166 492 1376 526 intéressés
1406 492 1567 526 doivent

539 550 754 582 demander
786 550 819 580 le
851 547 1190 580 renouvellement
1220 554 1230 583 ;

579 607 619 638 6°
657 606 704 638 Le
740 606 920 636 montant
952 604 1020 635 des
1052 603 1340 634 abonnements
1372 600 1454 632 doit
1487 600 1566 632 être

538 657 698 691 adressé
715 664 767 690 au
788 657 990 691 Directeur
1006 656 1060 688 du
1079 654 1372 688 Trait-d’Union
1393 660 1441 685 en
1462 659 1568 684 man¬

539 712 639 750 dats,
667 711 765 743 bons
790 712 838 743 de
863 712 974 748 poste
999 716 1048 742 ou
1074 708 1238 740 timbres
1266 715 1275 746 ;

579 770 620 799 7°
650 768 701 799 La
727 767 924 799 Direction
952 766 1148 802 n’accepte
1174 770 1248 802 que
1272 763 1340 795 des
1366 767 1567 794 annonces

539 820 618 855 très
639 819 848 858 sérieuses,
870 819 987 851 celles
1008 818 1104 850 dont
1127 818 1164 848 la
1186 815 1387 848 rédaction
1410 822 1458 847 ne
1480 820 1570 847 con¬

542 874 706 906 viendra
734 879 803 912 pas
831 872 964 904 seront
992 868 1168 902 refusées
1198 876 1207 907 ;

580 931 622 962 go
648 930 707 963 On
734 931 826 969 peut
848 927 1134 964 correspondre
1158 926 1182 959 à
1207 926 1243 956 la
1267 925 1344 956 fois
1368 931 1463 959 avec
1487 923 1570 961 plu¬

540 983 670 1016 sieurs
698 979 876 1015 abonnés
903 986 915 1020 ;

582 1040 642 1070 10°
682 1039 732 1070 La
770 1038 860 1076 plus
894 1034 1150 1068 élémentaire
1187 1034 1371 1072 politesse
1407 1032 1479 1064 fait
1515 1038 1567 1063 un

540 1091 678 1126 devoir
707 1098 786 1123 aux
816 1088 994 1123 abonnés
1024 1088 1072 1120 de
1102 1087 1297 1126 répondre
1324 1092 1404 1119 aux
1436 1086 1568 1118 lettres

541 1151 690 1184 reçues.
725 1146 800 1177 Pas
832 1144 928 1176 n’est
960 1141 1096 1174 besoin
1128 1142 1176 1172 de
1208 1140 1374 1179 longues
1406 1139 1570 1176 phrases

539 1200 641 1231 dans
662 1198 836 1231 certains
858 1202 938 1230 cas.
965 1196 1072 1227 Deux
1097 1195 1199 1226 mots
1221 1192 1411 1224 suffisent
1435 1199 1447 1230 ;

582 1256 642 1287 11°
673 1254 795 1286 Toute
826 1253 937 1286 lettre
965 1251 1031 1290 qui
1062 1255 1163 1283 nous
1190 1251 1249 1281 est
1275 1247 1459 1281 adressée
1487 1252 1570 1284 per¬

540 1307 831 1341 sonnellement
848 1307 886 1338 et
904 1304 970 1344 qui
990 1303 1186 1338 demande
1205 1308 1283 1335 une
1302 1300 1469 1340 réponse
1487 1299 1571 1332 doit

540 1362 622 1395 être
643 1357 935 1399 accompagnée
956 1358 1048 1390 d’un
1070 1356 1212 1390 timbre
1234 1355 1282 1388 de
1303 1356 1342 1386 10
1363 1352 1567 1387 centimes.

582 1419 642 1450 12°
675 1418 726 1449 Ne
755 1423 824 1455 pas
854 1415 1007 1448 oublier
1036 1414 1093 1445 les
1120 1412 1284 1446 timbres
1314 1408 1570 1448 obligatoires

542 1477 640 1510 pour
660 1470 698 1502 la
718 1467 911 1508 première
932 1470 970 1499 et
991 1467 1027 1498 la
1047 1464 1256 1498 deuxième
1276 1463 1527 1499 enveloppes.

584 1528 644 1558 14°
670 1527 718 1557 Le
740 1525 955 1562 Directeur,
975 1522 1164 1554 soucieux
1187 1520 1234 1551 de
1254 1524 1464 1551 conserver
1486 1516 1511 1550 à
1532 1516 1570 1547 la

542 1574 818 1607 combinaison
848 1572 900 1604 du
932 1571 1040 1603 Trait
1068 1568 1236 1602 d’Union
1268 1574 1339 1599 son
1371 1564 1568 1599 caractère

543 1621 876 1659 d'irréprochable
898 1619 1144 1655 délicatesse,
1168 1615 1251 1654 prie
1275 1617 1331 1648 les
1352 1619 1568 1652 personnes

543 1671 609 1710 qui
650 1668 961 1707 correspondent
999 1667 1048 1699 de
1071 1664 1227 1698 vouloir
1251 1664 1340 1696 bien
1366 1662 1522 1700 joindre
1544 1660 1570 1693 à

543 1720 628 1751 leur
647 1717 812 1750 numéro
832 1716 1042 1756 personnel
1064 1715 1150 1746 leur
1167 1719 1260 1744 nom
1280 1719 1331 1744 ou
1350 1711 1570 1743 seulement

543 1768 647 1799 leurs
675 1765 862 1799 initiales.
889 1763 975 1796 Ceci
1002 1763 1087 1795 afin
1114 1759 1275 1793 d’éviter
1302 1760 1340 1791 la
1365 1756 1569 1790 transmis¬

542 1815 629 1847 sion
648 1815 696 1847 de
716 1814 849 1847 lettres
867 1811 1072 1844 adressées
1090 1810 1115 1842 à
1134 1810 1171 1841 la
1191 1808 1388 1840 Direction
1411 1812 1481 1846 par
1499 1806 1567 1836 des

540 1868 639 1902 gens
668 1862 943 1894 malhonnêtes
971 1862 1008 1892 et
1035 1864 1114 1890 non
1142 1856 1331 1888 abonnés.

584 1920 707 1954 Toute
738 1919 848 1952 lettre
878 1924 927 1951 ne
956 1916 1114 1955 portant
1142 1920 1212 1954 pas
1242 1919 1318 1946 une
1350 1910 1567 1945 indication

543 1967 692 2006 précise
712 1964 760 2001 de
780 1964 1038 2005 l’expéditeur
1056 1970 1146 1996 sera
1164 1961 1346 1995 détruite.

584 2026 643 2056 15°
682 2026 803 2056 Toute
839 2020 1096 2062 suppression
1131 2020 1366 2055 d’annonce,
1400 2016 1568 2054 change¬

543 2075 650 2106 ment
691 2079 740 2104 ou
785 2070 1060 2104 modification
1103 2066 1335 2099 d’insertion
1376 2071 1424 2096 en
1451 2070 1568 2096 cours

542 2123 860 2158 d'abonnement,
892 2119 1055 2151 nuisant
1084 2115 1109 2148 à
1140 2116 1178 2147 la
1207 2115 1336 2147 bonne
1367 2112 1568 2152 organisa¬

540 2171 624 2204 tion
647 2170 695 2202 de
716 2175 780 2202 ma
800 2166 1076 2202 combinaison
1099 2162 1310 2201 mariages,
1334 2162 1389 2195 les
1411 2166 1568 2200 person¬

543 2224 612 2250 nes
652 2215 718 2255 qui
759 2223 807 2248 en
847 2216 979 2247 feront
1004 2214 1040 2246 la
1064 2211 1259 2244 demande
1284 2215 1482 2248 expresse,
1508 2208 1569 2239 de¬

540 2267 656 2299 vront
679 2271 721 2296 se
742 2264 969 2297 conformer
992 2268 1043 2294 au
1067 2259 1163 2291 tarif
1186 2258 1348 2291 suivant
1371 2264 1381 2289 :

582 2320 847 2359 Suppression
882 2319 1387 2351 d’annonce.
1435 2314 1453 2343 5
1476 2312 1525 2343 fr.

583 2368 855 2407 Changement
889 2366 1386 2404 complet.
1435 2361 1452 2391 3
1476 2360 1526 2391 fr.

584 2415 843 2455 Supplément
870 2415 987 2447 d’une
1016 2414 1386 2451 ligne.
1435 2408 1451 2439 1
1476 2408 1526 2439 fr.

583 2475 706 2506 Toute
728 2478 924 2512 personne
944 2468 1125 2503 abonnée
1147 2474 1240 2499 sans
1262 2472 1456 2503 annonce,
1479 2471 1567 2496 con¬

540 2529 652 2555 serve
686 2527 758 2552 son
792 2520 898 2552 droit
930 2516 1162 2551 d’insertion
1195 2515 1358 2554 gratuit,
1392 2513 1568 2552 pendant

540 2572 647 2604 toute
666 2570 703 2602 la
720 2568 842 2601 durée
859 2568 907 2600 de
924 2574 996 2599 son
1014 2564 1294 2598 abonnement.

1156 2631 1212 2662 LE
1238 2627 1526 2661 DIRECTEUR.

540 2802 908 2909 OFFRES
968 2802 1176 2902 AUX
1240 2798 1568 2903 DAMES

591 2990 710 3031 5989.
740 2988 987 3040 Amérique
1039 2988 1099 3030 du
1155 2986 1292 3028 Nord.
1316 3007 1371 3016 --
1419 2986 1564 3026 Jeune

539 3051 738 3100 homme,
763 3052 814 3091 32
838 3060 934 3099 ans,
960 3047 1171 3090 habitant
1192 3044 1472 3096 l’Amérique
1495 3043 1567 3083 de¬

537 3110 642 3162 puis
660 3111 684 3150 6
703 3120 800 3159 ans,
823 3108 962 3160 ayant
980 3104 1213 3154 situation,
1235 3104 1382 3148 désire
1402 3103 1566 3143 maria¬

536 3180 590 3220 ge
610 3179 716 3210 avec
732 3168 869 3221 jeune
889 3167 986 3208 fille
1004 3167 1060 3208 de
1078 3168 1129 3206 24
1150 3166 1175 3206 à
1192 3167 1244 3206 30
1260 3175 1359 3213 ans,
1382 3174 1487 3204 avec
1505 3172 1564 3203 ou

535 3239 643 3270 sans
660 3227 752 3270 dot.

586 3298 707 3344 5998,
745 3295 958 3339 Gironde.
990 3294 1046 3335 —
1077 3292 1348 3335 Célibataire
1378 3294 1431 3332 38
1463 3300 1560 3338 ans,

531 3355 773 3407 négociant
795 3356 839 3396 et
860 3352 1175 3407 propriétaire,
1203 3351 1306 3392 bien
1330 3363 1437 3392 sous
1460 3350 1562 3390 tous

531 3415 758 3467 rapports,
784 3412 1043 3467 épouserait
1067 3410 1339 3453 Demoiselle
1363 3422 1420 3452 ou
1447 3409 1562 3450 Veu¬

530 3487 584 3516 ve
607 3486 714 3516 sans
736 3474 934 3523 enfants,
959 3483 1067 3514 avec
1091 3472 1182 3520 dot,
1208 3470 1411 3522 pouvant
1432 3468 1475 3510 le
1498 3479 1562 3510 se¬

530 3534 698 3575 conder
724 3533 840 3577 dans
868 3544 948 3575 son
975 3540 1243 3575 commerce.
1275 3530 1331 3571 Se
1358 3528 1559 3581 déplace¬

531 3591 620 3634 rait
646 3603 704 3635 au
731 3591 902 3633 besoin.

584 3671 634 3710 2°
663 3670 720 3710 Le
759 3670 888 3710 Trait
928 3667 1123 3708 d’Union
1166 3667 1231 3706 est
1271 3676 1332 3707 un
1374 3664 1558 3715 journal

533 3730 728 3771 honnête
752 3733 795 3770 et
818 3731 1044 3779 n’accepte
1086 3736 1172 3778 que
1215 3726 1292 3767 des
1332 3735 1560 3767 annonces

531 3789 767 3831 sérieuses.

582 3863 701 3910 6001,
730 3860 972 3903 Toulouse.
1000 3858 1054 3898 —
1082 3857 1351 3898 Célibataire
1378 3858 1430 3896 43
1456 3866 1554 3906 ans,

528 3919 746 3962 situation
770 3922 874 3961 sûre
898 3919 952 3960 de
973 3919 1098 3967 3,000
1122 3916 1196 3967 fr.,
1220 3915 1388 3969 capital
1410 3915 1559 3964 20,000

537 3980 704 4029 francs,
742 3980 887 4022 désire
923 3978 1126 4028 mariage
1159 3987 1266 4018 avec
1299 3974 1561 4018 demoiselle

532 4051 592 4080 ou
617 4050 760 4080 veuve
786 4050 891 4080 sans
916 4036 1090 4086 enfant,
1118 4035 1255 4088 ayant
1278 4036 1355 4076 dot
1379 4034 1560 4086 équiva¬

534 4099 668 4140 lente.

583 4166 703 4207 6013.
730 4166 1122 4207 Haute-Garonne.
1142 4186 1197 4192 —
1216 4164 1348 4213 Veuf,
1371 4163 1483 4211 seul,
1506 4163 1558 4200 45

532 4237 628 4275 ans,
652 4224 742 4278 gai,
767 4227 856 4268 bon
878 4223 1119 4274 caractère,
1144 4223 1391 4264 excellente
1413 4222 1555 4271 santé,

532 4286 680 4324 16.000
719 4283 775 4325 fr.
816 4295 1010 4324 revenus
1032 4282 1227 4324 annuels
1249 4294 1303 4323 en
1327 4283 1478 4323 rentes
1499 4291 1555 4320 ou

529 4342 819 4394 immeubles,
845 4343 993 4386 désire
1018 4341 1223 4392 mariage
1246 4351 1355 4383 avec
1379 4339 1556 4380 Demoi¬

529 4403 639 4443 selle
674 4414 734 4443 ou
771 4404 915 4443 Dame
953 4414 1059 4443 sans
1098 4401 1294 4451 enfants,
1319 4400 1469 4440 bonne
1493 4398 1550 4439 fa¬

528 4462 671 4511 mille,
694 4462 832 4515 ayant
850 4462 905 4503 de
923 4463 948 4502 5
967 4462 994 4502 à
1010 4462 1116 4502 6000
1135 4459 1191 4499 fr.
1215 4459 1271 4500 de
1290 4459 1439 4500 rentes
1457 4468 1555 4510 per¬

528 4519 770 4562 sonnelles.

575 4591 695 4630 6026.
722 4588 778 4629 —
803 4588 1074 4638 Sud-Ouest,
1102 4586 1262 4627 ancien
1288 4586 1482 4634 officier,
1509 4583 1556 4624 ti¬

524 4650 606 4699 tré,
626 4650 708 4702 âge
726 4661 846 4700 mur,
867 4648 983 4690 mais
1002 4648 1092 4690 très
1108 4647 1247 4699 jeune
1266 4646 1471 4695 d’allure,
1492 4644 1558 4686 di¬

523 4708 702 4761 rigeant
724 4708 887 4751 affaire
913 4707 1182 4762 rapportant
1207 4708 1231 4746 8
1255 4706 1280 4747 à
1308 4707 1454 4747 10.000
1478 4704 1552 4754 fr.,

523 4768 669 4811 désire
688 4768 891 4820 mariage
910 4779 1018 4808 avec
1036 4765 1299 4808 demoiselle
1318 4778 1375 4807 ou
1395 4775 1552 4814 veuve,

520 4828 576 4869 de
596 4830 648 4867 30
668 4827 695 4867 à
714 4828 764 4868 35
785 4839 882 4876 ans,
904 4826 1211 4868 honorabilité
1232 4824 1432 4872 absolue,
1455 4823 1554 4877 gaie

519 4887 611 4929 bon
634 4887 873 4936 caractère,
898 4886 1130 4928 vraiment
1149 4883 1259 4936 jolie
1279 4884 1324 4927 et
1345 4884 1402 4926 de
1422 4895 1554 4935 gran¬

519 4947 575 4987 de
591 4948 827 4991 tournure,
849 4956 956 4987 avec
974 4956 1032 4986 ou
1052 4956 1158 4986 sans
1176 4943 1372 4987 fortune,

652 5024 858 5066 envoyez
894 5012 922 5055 à
946 5015 987 5054 la
1026 5012 1254 5052 Direction
1279 5012 1358 5053 des
1378 5022 1548 5052 annon¬

522 5086 592 5116 ces
623 5074 859 5123 sérieuses,
894 5075 1055 5123 vraies,
1088 5072 1302 5123 sincères,
1336 5071 1544 5123 précises,

520 5144 635 5184 pour
674 5133 815 5175 éviter
855 5134 932 5175 des
970 5133 1198 5183 surprises
1223 5131 1483 5184 imprévues
1506 5135 1547 5172 et

519 5192 850 5243 désagréables.

568 5262 687 5310 6048,
725 5260 1116 5302 Haute-Garonne.
1148 5283 1204 5290 —
1263 5258 1545 5307 Célibataire,

515 5320 624 5364 seul,
659 5323 711 5362 60
769 5332 867 5371 ans,
902 5331 1130 5372 voyageur
1161 5319 1218 5362 de
1276 5330 1544 5368 commerce,

515 5379 640 5421 avoir
662 5381 808 5421 10.000
828 5379 903 5428 fr.,
924 5380 1075 5420 rentes
1093 5380 1172 5420 850
1191 5378 1266 5427 fr.,
1288 5379 1435 5421 désire
1453 5390 1546 5420 ma¬

512 5438 636 5491 riage
660 5450 771 5480 avec
823 5439 1101 5489 demoiselle,
1158 5438 1291 5481 dame
1315 5450 1459 5481 veuve
1487 5450 1543 5480 ou

511 5498 719 5539 divorcée
749 5499 775 5539 à
806 5511 886 5540 son
919 5498 1074 5552 profit,
1107 5499 1318 5548 honnête,
1352 5498 1406 5540 de
1436 5499 1488 5538 40
1518 5498 1543 5538 à

508 5559 560 5598 55
590 5568 686 5607 ans,
718 5559 858 5610 ayant
883 5558 1100 5599 situation
1131 5558 1434 5610 personnelle.

562 5627 682 5675 6049,
746 5624 1227 5667 Bouches-du-Rhône.
1258 5647 1314 5654 —
1372 5624 1543 5666 Céliba¬

508 5684 635 5736 taire,
658 5687 711 5725 70
732 5696 830 5735 ans,
854 5684 1002 5727 comte
1023 5684 1336 5738 authentique,
1362 5684 1540 5726 descen¬

508 5743 619 5784 dant
649 5744 784 5785 d’une
815 5744 1035 5786 ancienne
1067 5746 1108 5786 et
1138 5743 1315 5787 illustre
1347 5744 1537 5794 famille,

507 5803 718 5843 habitant
750 5804 875 5853 villa,
912 5804 1125 5846 voudrait
1160 5804 1348 5857 adopter
1382 5804 1540 5846 enfant

507 5874 564 5903 ou
592 5862 730 5912 jeune
759 5863 944 5904 homme
971 5863 1027 5903 de
1056 5862 1232 5904 famille
1262 5864 1400 5912 riche,
1432 5876 1539 5904 avec

504 5920 667 5971 prime.
699 5920 904 5962 Céderait
931 5922 1058 5963 titres
1082 5922 1345 5964 nobiliaires
1371 5924 1414 5964 et
1437 5935 1536 5975 par¬

503 5979 725 6022 chemins.
755 5980 884 6023 Faire
910 5980 1066 6023 offres.

555 6048 674 6090 6053,
716 6048 854 6090 Gard.
878 6071 923 6079 —
923 6050 934 6090 t
959 6050 1302 6091 Contributions
1342 6049 1532 6091 indirec¬

506 6110 588 6147 tes.
628 6106 898 6148 Célibataire
934 6108 989 6150 de
1024 6109 1115 6150 très
1149 6109 1299 6151 bonne
1334 6110 1523 6159 famille,

503 6168 627 6208 4.000
649 6167 704 6209 fr.
730 6179 938 6216 revenus,
966 6170 1206 6210 recherche
1230 6181 1346 6220 pour
1368 6171 1531 6210 maria¬

503 6239 555 6278 ge
612 6238 836 6278 personne
883 6230 1068 6278 grande,
1116 6230 1314 6278 élancée,
1363 6230 1527 6278 mince,

504 6288 522 6325 i
547 6298 607 6326 ni.
632 6287 684 6326 70
723 6287 986 6335 minimum,
1024 6290 1076 6327 27
1112 6289 1137 6328 à
1173 6291 1226 6327 35
1263 6300 1360 6338 ans,
1403 6289 1528 6330 intel¬

498 6344 679 6396 ligente,
730 6346 954 6396 instruite,
1003 6348 1092 6387 très
1139 6347 1287 6389 bonne
1334 6349 1524 6395 famille,

497 6408 635 6455 ayant,
651 6406 776 6446 avoir
794 6416 851 6447 ou
869 6406 960 6447 dot.
983 6407 1135 6448 Prière
1152 6406 1328 6450 donner
1347 6407 1526 6450 adresse

494 6466 539 6506 et
574 6465 715 6516 photo
752 6466 834 6519 qui
874 6478 974 6508 sera
997 6467 1183 6508 rendue.
1211 6467 1275 6510 Ne
1298 6468 1524 6520 répondra

494 6524 598 6576 qu'à
631 6523 759 6567 lettre
790 6525 944 6579 signée
975 6526 1237 6568 réunissant
1267 6528 1523 6570 conditions

491 6583 723 6627 énoncées.

620 6663 682 6703 Ne
703 6662 911 6703 déchirez
932 6674 1012 6714 pas
1032 6675 1079 6705 ce
1100 6666 1299 6714 journal.
1319 6668 1519 6707 Donnez-

494 6722 531 6763 le
554 6722 579 6763 à
600 6734 679 6763 vos
702 6724 832 6764 amis.

2440 344 2514 383 LE
2546 339 2730 388 TRAIT
2760 344 3010 389 D’UNION

1688 447 1808 488 6069.
2101 446 2155 487 —
2172 444 2505 495 Sous-officier,
2522 455 2672 496 comp-

1646 507 1778 555 table,
1820 508 1872 550 34
1916 519 2014 556 ans,
2061 506 2181 555 bien,
2212 506 2328 547 libre
2356 504 2426 548 s’il
2456 506 2498 547 le
2526 506 2671 547 désire

1643 567 1756 607 dans
1780 568 1804 606 7
1827 567 1958 616 mois,
1986 567 2167 607 retraite
2191 567 2215 606 7
2239 566 2265 606 à
2288 567 2367 606 800
2392 565 2562 614 francs;
2587 576 2672 606 em¬

1643 626 1734 676 ploi
1758 627 1864 668 civil
1888 627 2028 668 début
2051 628 2076 666 2
2082 659 2089 667 .
2095 628 2173 667 000
2180 659 2188 675 ,
2215 626 2483 678 espérances
2510 627 2558 666 10
2564 658 2571 665 .
2578 627 2656 664 000
2663 638 2671 645 -

1643 686 1787 727 désire
1818 687 2019 738 mariage
2051 698 2157 727 avec
2187 685 2450 727 demoiselle
2482 686 2536 727 de
2566 687 2617 724 22
2646 684 2671 725 à

1641 748 1694 786 32
1716 757 1812 796 ans,
1838 747 1958 796 bien,
1985 747 2076 788 très
2098 746 2309 796 honnête,
2336 746 2475 798 ayant
2498 744 2588 786 dot.

1695 820 1814 859 6070.
1848 819 2102 859 Bordeaux.
2131 842 2186 847 —
2214 818 2362 860 Gentil
2408 818 2576 867 garçon
2620 817 2672 856 25

1643 889 1739 927 ans,
1762 878 1959 927 châtain,
1980 878 2107 919 taille
2126 880 2146 918 i
2166 890 2227 919 m.
2248 878 2315 927 70,
2338 876 2516 918 famille
2534 876 2672 916 hono¬

1644 937 1783 986 rable,
1834 937 2110 988 catholique,
2160 936 2355 986 sérieux,
2408 936 2532 984 actif,
2583 936 2672 976 très

1643 996 1779 1046 doux,
1810 998 1899 1039 très
1927 998 2199 1046 affectueux,
2230 997 2320 1038 état
2347 995 2548 1044 lucratif,
2578 996 2672 1036 éco¬

1644 1056 1834 1107 nomies,
1868 1056 2126 1109 épouserait
2155 1058 2292 1107 jeune
2324 1056 2418 1099 fille
2448 1056 2584 1108 ayant
2618 1055 2671 1096 si¬

1644 1116 1818 1159 tuation
1844 1129 1899 1159 en
1926 1119 2127 1168 rapport.
2158 1117 2371 1158 Bonheur
2397 1115 2568 1158 assuré.
2598 1114 2672 1155 Sé¬

1645 1175 1787 1216 rieux.

1692 1248 1811 1288 6072.
1835 1248 2159 1290 Deux-Sèvres.
2175 1271 2230 1278 —
2250 1247 2340 1291 Fils
2358 1249 2412 1290 de
2430 1248 2554 1290 riche
2572 1258 2671 1298 pro¬

1642 1307 1868 1359 priétaire,
1887 1311 1939 1349 24
1958 1320 2054 1358 ans,
2074 1308 2179 1349 bien
2199 1320 2307 1350 sous
2323 1308 2424 1351 tous
2443 1307 2668 1360 rapports,

1640 1367 1855 1409 situation
1896 1368 2232 1419 indépendante
2272 1368 2299 1408 à
2322 1367 2466 1418 Paris,
2491 1367 2548 1408 de
2571 1367 2672 1407 cent

1640 1426 1767 1467 mille
1811 1428 1964 1468 francs
2004 1439 2088 1479 par
2115 1439 2187 1476 an,
2218 1427 2478 1478 épouserait
2503 1426 2671 1467 demoi¬

1639 1486 1750 1529 selle
1772 1487 1826 1529 de
1852 1490 1902 1529 18
1926 1488 1952 1530 à
1974 1490 2026 1528 25
2051 1499 2148 1538 ans,
2175 1487 2312 1538 ayant
2336 1499 2395 1529 au
2420 1486 2670 1530 minimum

1639 1548 1788 1587 30.000
1816 1547 1970 1588 francs
1995 1547 2087 1590 dot.

1694 1607 1911 1648 Annonce
1938 1607 2027 1648 très
2053 1606 2250 1648 sérieuse
2276 1605 2319 1646 et
2345 1606 2538 1657 pressée.

1692 1675 1812 1716 6073.
1865 1672 2376 1716 Charente-Inférieure.
2424 1698 2479 1703 —
2525 1674 2668 1714 Jeune

1640 1735 1825 1776 homme
1854 1738 1906 1775 28
1940 1746 2036 1784 ans,
2071 1734 2386 1787 propriétaire,
2421 1735 2537 1775 beau
2570 1744 2669 1784 gar¬

1638 1806 1738 1846 çon,
1764 1794 2008 1847 distingué,
2035 1795 2259 1836 caractère
2284 1794 2479 1843 sérieux,
2506 1792 2670 1838 désire¬

1639 1855 1727 1894 rait
1754 1854 1943 1906 épouser
1971 1854 2234 1895 demoiselle
2260 1854 2315 1895 de
2343 1855 2491 1895 bonne
2519 1852 2668 1895 famil¬

1638 1914 1695 1963 le,
1726 1913 1940 1964 aimante,
1971 1914 2043 1955 bel
2072 1912 2214 1962 avoir,
2245 1912 2339 1953 fille
2368 1912 2423 1955 de
2450 1923 2668 1953 commer¬

1639 1974 1756 2023 çant,
1783 1974 1820 2015 si
1844 1972 2056 2024 possible.

1699 2043 1818 2083 6075.
1888 2042 2140 2083 Bordeaux.
2175 2040 2231 2082 —
2267 2039 2552 2090 Célibataire,
2616 2042 2667 2080 36

1646 2113 1742 2151 ans,
1822 2102 1925 2143 bien
2004 2100 2373 2154 physiquement,
2452 2100 2668 2142 situation

1644 2162 1976 2212 commerciale,
2008 2162 2134 2202 avoir
2162 2163 2311 2202 30.000
2356 2162 2508 2203 francs
2536 2160 2580 2203 et
2607 2171 2671 2202 es¬

1645 2222 1876 2272 pérances,
1908 2220 2167 2272 épouserait
2222 2219 2358 2270 jeune
2389 2220 2559 2260 femme
2616 2219 2671 2259 de

1643 2283 1695 2320 26
1720 2281 1746 2321 à
1771 2282 1822 2323 34
1849 2292 1945 2330 ans,
2001 2279 2202 2322 modeste
2230 2279 2272 2319 et
2298 2279 2352 2320 de
2378 2280 2511 2330 goûts
2563 2278 2669 2320 sim¬

1646 2339 1758 2391 ples,
1839 2340 1978 2392 ayant
2054 2339 2270 2380 situation
2350 2336 2667 2379 commerciale

1646 2399 1928 2450 quelconque
1954 2411 2012 2440 ou
2038 2398 2127 2438 dot.

1698 2468 1816 2509 6077.
1880 2467 2052 2508 Guinée
2116 2466 2370 2516 Française.
2403 2491 2456 2495 —
2491 2466 2668 2506 Institu¬

1643 2530 1743 2567 teur
1770 2527 1978 2576 colonial,
2004 2528 2056 2567 24
2082 2538 2178 2576 ans,
2204 2526 2366 2578 grand,
2395 2527 2530 2575 brun,
2558 2527 2668 2579 phy¬

1644 2587 1774 2640 sique
1806 2587 2015 2639 agréable
2075 2586 2291 2627 situation
2326 2586 2516 2628 actuelle
2547 2587 2670 2626 5.000

1644 2647 1811 2696 francs,
1873 2647 2023 2688 rentes
2052 2648 2130 2687 500
2175 2646 2343 2695 francs,
2403 2647 2668 2699 espérances

1643 2708 1791 2747 50.000
1822 2707 1989 2755 francs,
2039 2705 2296 2758 épouserait
2351 2704 2553 2758 collègue
2610 2716 2667 2746 ou

1641 2767 1779 2818 jeune
1810 2767 1908 2808 fille
1938 2766 2115 2808 aimant
2168 2776 2378 2818 voyager.
2440 2764 2666 2807 Situation

1643 2836 1696 2867 en
1730 2827 1930 2879 rapport.

1696 2897 1814 2937 6079.
1878 2896 2130 2936 Bordeaux.
2160 2894 2215 2935 —
2272 2892 2555 2943 Célibataire,
2615 2894 2667 2932 40

1643 2967 1739 3004 ans,
1772 2955 1907 3004 brun,
1942 2955 2148 3008 employé
2195 2954 2310 2996 dans
2339 2954 2511 3007 grande
2540 2951 2663 3002 ville,

1642 3015 1752 3067 petit
1786 3015 1924 3064 avoir,
1960 3015 2226 3067 espérances
2286 3015 2411 3059 sûres
2444 3013 2499 3055 de
2559 3015 2607 3052 16
2640 3011 2666 3051 à

1643 3076 1790 3119 18.000
1819 3075 1986 3124 francs,
2018 3072 2276 3127 épouserait
2319 3084 2544 3126 personne
2590 3072 2666 3112 ho¬

1643 3133 1845 3188 norable,
1909 3132 2118 3176 tailleuse
2152 3132 2208 3175 de
2242 3132 2519 3186 préférence,
2583 3131 2663 3183 âge

1642 3194 1683 3235 et
1708 3193 1924 3236 situation
1954 3204 2008 3234 en
2038 3192 2239 3244 rapport.

1771 3271 1831 3314 Ne
1858 3271 2066 3320 craignez
2091 3280 2172 3320 pas
2213 3271 2266 3311 de
2308 3280 2420 3312 vous
2460 3278 2662 3319 compro¬

1638 3335 1797 3372 mettre
1829 3343 1883 3372 en
1917 3332 2067 3372 disant
2100 3339 2187 3380 que
2219 3341 2331 3371 vous
2360 3331 2453 3371 êtes
2483 3331 2660 3371 abonné

1636 3402 1694 3432 au
1719 3391 1845 3432 Trait
1867 3391 2079 3432 d’Union.

1690 3468 1808 3508 6082.
1846 3466 2356 3519 Pyrénées-Orientales.
2388 3464 2443 3505 —
2490 3464 2662 3506 Céliba¬

1636 3528 1763 3575 taire,
1786 3528 1836 3568 37
1856 3539 1952 3576 ans,
1976 3527 2079 3567 bien
2102 3538 2206 3568 sous
2227 3527 2328 3568 tous
2348 3526 2574 3577 rapports,
2595 3534 2660 3564 re¬

1635 3596 1780 3627 venus
1822 3587 1876 3627 de
1915 3588 1940 3626 3
1967 3586 1992 3626 à
2016 3587 2139 3626 4.000
2164 3585 2331 3635 francs,
2360 3586 2449 3627 bon
2476 3595 2658 3636 garçon,

1635 3646 1782 3687 désire
1816 3646 2018 3698 mariage
2052 3656 2159 3687 avec
2192 3645 2328 3696 jeune
2360 3644 2469 3695 fille,
2503 3646 2587 3696 âge
2619 3643 2660 3684 et

1635 3707 1713 3747 dot
1740 3718 1794 3746 en
1823 3706 2024 3758 rapport.

1688 3775 1807 3815 6085.
1839 3773 1893 3811 —
1925 3772 2262 3824 Ex-négociant,
2311 3775 2362 3814 56
2408 3784 2505 3822 ans,
2555 3771 2657 3812 bien

1634 3835 1862 3884 conservé,
1906 3831 2087 3874 divorcé
2129 3846 2183 3875 en
2225 3846 2276 3875 sa
2315 3831 2490 3882 faveur,
2534 3831 2659 3875 avoir

1636 3895 1782 3934 10.000
1802 3893 1876 3943 fr.,
1899 3894 2204 3935 émoluments
2226 3892 2418 3934 annuels
2440 3894 2559 3932 1.500
2582 3890 2655 3939 fr.,

1634 3953 1780 3995 désire
1819 3954 2021 4004 mariage
2061 3964 2169 3996 avec
2207 3963 2432 4006 personne
2472 3950 2658 3995 assortie

1634 4014 1771 4066 ayant
1796 4014 2011 4054 situation
2039 4024 2098 4056 ou
2126 4023 2392 4054 commerce.
2426 4010 2627 4052 Sérieux.

1687 4082 1804 4123 6089.
1831 4082 2030 4123 Canada.
2050 4082 2103 4124 —
2122 4082 2267 4124 Jeune
2288 4080 2472 4122 homme
2486 4080 2537 4120 33
2559 4090 2655 4127 ans,

1634 4139 1842 4182 habitant
1864 4140 2163 4182 merveilleux
2184 4150 2311 4192 pays,
2338 4139 2495 4181 climat
2518 4136 2658 4178 excel¬

1632 4200 1740 4250 lent,
1774 4199 1862 4243 bon
1894 4200 2054 4243 métier
2083 4198 2352 4253 rapportant
2380 4202 2432 4241 20
2446 4236 2450 4239 .
2462 4198 2487 4239 à
2513 4199 2567 4238 22
2596 4196 2654 4242 fr.

1632 4274 1715 4315 par
1737 4261 1856 4312 jour,
1883 4260 2029 4303 désire
2051 4259 2254 4312 mariage
2277 4270 2383 4301 avec
2405 4259 2543 4311 jeune
2564 4256 2657 4298 fille

1632 4322 1687 4363 de
1707 4323 1759 4362 24
1782 4321 1807 4362 à
1828 4323 1880 4362 30
1892 4328 2000 4374 'ans,
2026 4331 2132 4362 avec
2154 4331 2211 4362 ou
2236 4330 2340 4360 sans
2364 4319 2453 4360 dot.

1680 4388 1798 4428 6091.
1837 4388 2223 4428 Lot-et-Garonne.
2258 4385 2312 4424 —
2346 4382 2658 4425 Fonctionnai¬

1627 4449 1672 4490 re
1696 4447 1811 4499 Etat,
1838 4447 1959 4498 veùf,
1984 4450 2035 4489 40
2059 4458 2155 4495 ans,
2181 4446 2284 4486 bien
2310 4456 2414 4487 sous
2437 4444 2537 4486 tous
2559 4455 2658 4495 rap¬

1627 4510 1766 4560 ports,
1800 4508 2062 4551 traitement
2090 4508 2212 4547 2.000
2244 4506 2300 4546 fr.
2334 4516 2441 4547 avec
2471 4515 2657 4547 avance¬

1627 4569 1766 4617 ment,
1799 4567 2056 4619 épouserait
2114 4564 2375 4608 demoiselle
2407 4576 2466 4607 ou
2496 4575 2654 4612 veuve,

1627 4640 1732 4670 sans
1759 4628 1955 4676 enfants,
1984 4628 2040 4670 de
2066 4630 2116 4668 28
2144 4627 2170 4668 à
2195 4627 2246 4667 38
2272 4638 2368 4676 ans,
2399 4626 2535 4678 ayant
2563 4624 2652 4666 dot.

1627 4687 1792 4729 Inutile
1823 4688 1860 4729 si
1892 4699 1974 4740 pas
2004 4686 2196 4728 sérieux.

1679 4757 1796 4799 6092.
1830 4758 2053 4806 Aveyron.
2079 4755 2136 4796 —
2163 4754 2447 4804 Célibataire,
2476 4756 2528 4796 40
2555 4764 2651 4803 ans,

1626 4814 1842 4858 militaire
1876 4815 2151 4864 retraitable,
2215 4816 2294 4856 768
2329 4815 2386 4856 fr.
2424 4814 2654 4856 annuelle¬

1623 4876 1763 4926 ment,
1796 4876 1934 4928 ayant;
1960 4875 2083 4920 droit
2110 4876 2136 4918 à
2166 4887 2229 4916 un
2256 4875 2428 4928 emploi
2459 4874 2651 4922 réservé,

1623 4935 1769 4979 désire
1799 4935 2001 4988 mariage
2031 4947 2139 4978 avec
2168 4934 2430 4979 demoiselle
2460 4947 2519 4978 ou
2549 4946 2652 4976 veu¬

1622 5007 1675 5038 ve
1703 5006 1810 5038 sans
1836 4995 2018 5039 enfants
2044 4995 2099 5038 de
2126 4996 2178 5039 35
2204 4995 2232 5036 à
2259 4997 2310 5036 40
2334 5007 2434 5044 ans,
2464 4996 2554 5037 bon
2582 5007 2650 5036 ca¬

1623 5055 1806 5106 ractère,
1834 5056 1911 5102 dot
1939 5059 1986 5098 10
2011 5056 2038 5098 à
2059 5058 2210 5098 20.000
2235 5055 2291 5096 fr.
2319 5067 2378 5100 ou
2403 5055 2571 5107 emploi
2598 5055 2651 5096 de

1620 5115 1766 5158 l’Etat.
1802 5117 1911 5158 Très
1943 5116 2108 5165 pressé.

1675 5185 1794 5226 6095.
1825 5184 2079 5234 Dordogne.
2106 5186 2159 5226 —
2187 5185 2419 5226 Monsieur
2472 5183 2649 5226 abonné

1620 5255 1727 5286 sans
1748 5254 1968 5288 annonce,

1678 5313 1796 5353 6097.
1828 5312 2215 5354 Lot-et-Garonne.
2242 5312 2297 5352 —
2322 5311 2466 5353 Jeune
2520 5311 2646 5352 hom¬

1620 5383 1707 5421 me,
1733 5371 1810 5414 fils
1833 5372 2019 5424 unique,
2044 5375 2095 5412 28
2116 5383 2212 5422 ans,
2239 5372 2373 5420 brun,
2399 5372 2513 5413 beau
2536 5372 2647 5423 phy¬

1618 5431 1762 5484 sique,
1789 5432 1914 5475 taille
1967 5435 1987 5473 1
2014 5444 2075 5475 m.
2102 5435 2168 5483 70,
2222 5432 2300 5474 dot
2321 5434 2470 5474 50.000
2520 5432 2577 5474 fr.
2604 5431 2648 5471 et

1616 5492 1811 5544 grandes
1838 5494 2106 5548 espérances
2130 5492 2387 5544 épouserait
2411 5491 2646 5535 demoisel¬

1618 5552 1658 5594 le
1683 5553 1736 5594 de
1763 5555 1811 5593 18
1835 5553 1860 5594 à
1883 5555 1935 5594 22
1960 5564 2055 5602 ans,
2083 5552 2185 5594 bien
2211 5552 2374 5604 élevée,
2403 5553 2576 5596 aimant
2601 5552 2646 5592 la

1615 5624 1868 5664 campagne
1895 5615 1936 5655 et
1960 5615 2098 5664 ayant
2123 5614 2352 5656 situation.

1667 5683 1771 5722 6098
1798 5682 1840 5723 et
1866 5683 1983 5722 6099.
2015 5683 2408 5723 Haute-Garonne.
2434 5683 2490 5721 —
2515 5683 2640 5723 Deux

1616 5740 1771 5790 frères,
1795 5740 1967 5791 nobles,
1992 5742 2032 5784 le
2080 5742 2278 5794 premier
2324 5745 2377 5785 20
2399 5754 2494 5791 ans,
2518 5742 2559 5783 le
2579 5754 2642 5784 se¬

1612 5801 1728 5841 cond
1750 5802 1802 5841 24
1824 5812 1921 5850 ans,
1948 5803 2087 5855 ayant
2107 5802 2200 5842 l’un
2224 5802 2267 5848 et
2288 5802 2448 5845 l’autre
2472 5802 2638 5855 emploi

1612 5859 1812 5913 lucratif,
1840 5860 2040 5903 désirent
2088 5860 2291 5914 mariage
2342 5874 2448 5904 avec
2474 5863 2640 5904 demoi¬

1612 5920 1719 5961 selle
1742 5931 1802 5960 ou
1826 5921 1961 5962 dame
1987 5923 2123 5972 ayant
2148 5922 2344 5963 fortune.
2374 5923 2495 5964 Pour
2520 5923 2560 5963 le
2587 5926 2606 5962 1
2610 5928 2641 5944 er

1610 5979 1750 6020 écrire
1774 5992 1832 6022 au
1854 5987 1907 6021 n°
1934 5983 2051 6031 6098,
2076 5994 2191 6034 pour
2214 5982 2254 6023 le
2274 5984 2316 6022 2°
2335 5984 2478 6025 écrire
2498 5996 2556 6024 au
2580 5988 2634 6023 n°

1609 6041 1727 6079 6099.

1739 6127 1862 6170 Lisez
1882 6140 1935 6171 en
1958 6131 1983 6168 4
1986 6135 1998 6151 e
2022 6139 2134 6180 page
2159 6131 2195 6171 le
2218 6132 2419 6173 courrier
2440 6132 2632 6183 grapho¬

1608 6188 1803 6239 logique.

1656 6279 1760 6317 6102
1767 6278 1775 6319 .
1831 6279 2052 6319 Charente
2072 6300 2086 6310 -
2110 6279 2448 6321 Inférieure.—
2499 6280 2628 6328 Veuf,

1603 6342 1708 6373 sans
1731 6331 1927 6379 enfants,
1952 6335 2003 6372 39
2026 6346 2123 6381 ans,
2179 6335 2194 6372 1
2224 6345 2284 6374 m.
2312 6335 2378 6382 58,
2430 6334 2628 6380 châtain,

1601 6393 1811 6442 charron,
1843 6395 1980 6435 établi
2012 6395 2173 6456 depuis
2204 6397 2254 6434 10
2283 6407 2380 6444 ans,
2414 6395 2628 6436 situation

1599 0 1722 6487 2.000
1751 6447 1806 6488 fr.
1837 6447 2026 6499 liquide,
2056 6448 2202 6490 désire
2228 6450 2420 6499 épouser
2447 6462 2629 6500 person¬

1600 6512 1654 6540 ne
1682 6500 1871 6542 environ
1899 6504 1950 6542 30
1978 6514 2074 6550 ans,
2105 6503 2254 6543 bonne
2281 6504 2420 6552 santé,
2479 6504 2627 6544 bonne

1599 6554 1824 6604 conduite,
1860 6556 1998 6607 ayant
2027 6555 2139 6606 petit
2170 6555 2296 6596 avoir
2353 6558 2395 6598 et
2425 6558 2628 6609 pouvant

1598 6607 1638 6650 le
1663 6610 1891 6651 seconder.
1920 6608 2111 6650 Sérieux
2134 6610 2176 6648 et
2200 6612 2367 6658 pressé.

1652 6671 1771 6711 6106.
1799 6671 2231 6711 Tarn-et-Garonne.
2255 6694 2308 6701 —
2330 6672 2474 6713 Jeune
2498 6672 2623 6712 hom¬

1602 6741 1672 6770 me
1698 6731 1747 6770 33
1772 6742 1868 6779 ans,
1896 6731 2072 6772 famille
2096 6731 2344 6774 honorable
2369 6732 2412 6775 et
2435 6744 2542 6775 sans
2565 6732 2622 6772 tâ¬

2751 447 2848 495 che,
2878 446 3108 500 physique
3130 446 3354 501 agréable,
3383 452 3610 495 caractère
3635 454 3771 503 doux,

2754 508 2843 549 très
2862 510 3055 559 sérieux,
3080 512 3359 562 agriculteur
3379 514 3435 556 de
3456 516 3475 554 1
3480 519 3511 536 er
3530 514 3676 563 ordre,
3700 526 3774 566 pe¬

2752 568 2830 611 tite
2846 570 2945 622 'dot,
2975 570 3195 612 sérieuses
3220 574 3488 623 économies,
3519 575 3774 626 épouserait

2754 627 3028 680 demoiselle,
3058 642 3200 672 veuve
3226 644 3284 674 ou
3340 634 3560 683 divorcée,
3590 635 3646 676 de
3671 635 3722 675 24
3748 635 3774 675 à

2750 691 2802 731 35
2819 702 2918 739 ans,
2941 692 3078 742 ayant
3097 691 3212 734 belle
3231 691 3446 734 situation
3467 706 3525 735 ou
3546 694 3655 744 jolie
3672 706 3772 746 pro¬

2751 749 2892 802 priété
2915 751 2942 791 à
2964 751 3007 792 la
3030 763 3295 802 campagne.

2803 819 2922 860 6107.
2954 820 3167 860 Gironde.
3194 843 3247 850 —
3272 822 3507 866 Monsieur
3532 823 3642 864 veuf
3667 831 3772 864 sans

2752 889 2970 920 annonce.

2803 953 2922 993 6108.
2948 953 3058 993 Gers
3075 976 3130 980 —
3151 952 3419 997 Célibataire
3438 956 3491 996 40
3512 966 3607 1004 ans,
3632 967 3688 996 ne
3708 955 3772 1000 les

2751 1010 3008 1062 paraissant
3088 1024 3184 1064 pas,
3243 1013 3451 1059 habitant
3527 1014 3770 1069 propriété,

2752 1072 2888 1122 ayant
2915 1072 2992 1112 dot
3019 1072 3060 1114 et
3087 1072 3366 1124 espérances,
3396 1075 3500 1117 bien
3528 1074 3772 1127 physique¬

2747 1133 2887 1180 ment,
2930 1131 3135 1172 conduite
3181 1132 3540 1182 irréprochable,
3585 1134 3775 1174 catholi¬

2750 1204 2838 1243 que
2888 1193 3167 1246 pratiquant,
3222 1195 3368 1238 désire
3418 1196 3622 1248 mariage
3672 1196 3772 1237 reli¬

2748 1252 2885 1304 gieux
2911 1263 3018 1295 avec
3045 1254 3307 1296 demoiselle
3333 1267 3391 1298 ou
3417 1268 3560 1298 veuve
3586 1255 3773 1298 catholi¬

2751 1322 2852 1364 que,
2878 1315 3014 1365 ayant
3036 1314 3176 1355 avoir.

2803 1383 2920 1423 6109.
2950 1384 3042 1424 Lot.
3066 1407 3120 1411 —
3142 1382 3260 1423 Veuf
3310 1384 3406 1427 seul
3430 1387 3482 1426 50
3532 1396 3628 1434 ans,
3682 1384 3769 1427 bon

2744 1451 2879 1491 cœur,
2916 1443 3007 1482 très
3046 1443 3234 1493 sérieux,
3267 1442 3471 1495 honnête,
3507 1443 3594 1483 bon
3627 1455 3774 1483 carac¬

2743 1505 2849 1553 tère,
2874 1504 3003 1552 brun,
3028 1510 3046 1544 1
3072 1516 3130 1544 m.
3160 1508 3225 1554 65,
3257 1506 3499 1556 possédant
3531 1507 3680 1555 20,000
3699 1507 3768 1557 fr.,

2744 1567 3011 1607 immeubles
3030 1578 3084 1607 ou
3106 1567 3326 1618 capitaux,
3346 1569 3598 1620 épouserait
3612 1568 3772 1610 demoi¬

2741 1630 2852 1672 selle
2876 1642 2932 1670 ou
2952 1642 3092 1672 veuve
3115 1630 3255 1680 seule,
3284 1631 3493 1673 situation
3524 1643 3580 1674 ou
3609 1634 3692 1682 âge
3718 1644 3770 1674 en

2744 1696 2938 1744 rapport.
2962 1694 3018 1738 Se
3040 1692 3308 1744 déplacerait
3331 1706 3386 1735 au
3408 1692 3576 1737 besoin.

2801 1758 2919 1799 6113.
2956 1756 3387 1798 Tarn-et-Garonne.
3421 1782 3475 1787 —
3535 1758 3769 1800 Monsieur

2749 1815 2940 1866 abonné,
2964 1824 3070 1858 sans
3090 1827 3306 1858 annonce.

2799 1886 2918 1926 6115.
2942 1886 3067 1926 Gers.
3086 1883 3440 1934 —Célibataire,
3460 1883 3514 1924 30
3532 1895 3627 1934 ans,
3650 1896 3768 1926 com¬

2739 1944 3278 1995 merçant-propriétaire,
3303 1955 3492 1984 revenus
3514 1944 3628 1986 deux
3647 1943 3770 1984 mille

2739 1996 2854 2036 deux
2867 2000 2991 2037 cents
3010 1998 3078 2047 fr.,
3095 1996 3195 2038 bien
3212 1998 3568 2050 physiquement,
3582 1998 3768 2048 parfaite

2748 2059 3065 2110 honorabilité,
3096 2056 3352 2115 épouserait
3403 2060 3542 2112 jeune
3568 2060 3662 2102 fille
3714 2060 3767 2103 de

2747 2122 2798 2159 20
2824 2119 2850 2159 à
2874 2122 2927 2160 27
2952 2132 3048 2168 ans,
3078 2119 3288 2171 sérieuse,
3316 2119 3531 2162 situation
3559 2132 3614 2162 en
3668 2131 3768 2171 rap¬

2747 2179 2862 2231 port,
2889 2180 3093 2232 pouvant
3118 2179 3276 2220 l’aider
3300 2179 3415 2222 dans
3440 2192 3520 2222 son
3548 2192 3767 2222 commer¬

2746 2251 2808 2280 ce.

2793 2311 2898 2350 6116
2920 2308 3074 2350 .Tarn.
3096 2310 3150 2350 —
3184 2308 3415 2351 Monsieur
3450 2319 3557 2350 sans
3584 2307 3749 2348 famille

2739 2375 2791 2415 60
2807 2385 2903 2423 ans,
2936 2373 3034 2416 n'en
3067 2374 3318 2426 paraissant
3355 2386 3441 2426 que
3478 2376 3543 2424 50,
3588 2374 3768 2414 robuste

2740 2440 2879 2486 santé,
2944 2439 3254 2480 universitaire
3307 2440 3484 2480 retraité
3559 2442 3662 2480 2000
3712 2440 3764 2481 fr.

2739 2506 2795 2546 de
2815 2510 2960 2547 rentes
2982 2511 3022 2547 et
3055 2506 3232 2558 capital,
3270 2506 3415 2547 désire
3447 2507 3767 2556 correspondre

2740 2583 2847 2612 avec
2882 2572 3012 2613 dame
3047 2580 3202 2623 veuve,
3233 2572 3491 2622 honorable,
3546 2573 3764 2624 instruite,

2740 2639 2791 2678 50
2807 2638 2831 2678 à
2852 2639 2902 2679 60
2919 2650 3013 2687 ans,
3039 2642 3170 2688 ayant
3193 2648 3398 2679 revenus.
3420 2638 3624 2678 Sérieux.

2792 2702 2912 2742 6117.
2952 2700 3338 2742 Lot-et-Garonne.
3374 2703 3428 2742 —
3460 2703 3604 2742 Jeune
3642 2703 3766 2740 hom¬

2741 2755 2812 2794 me
2832 2755 2884 2795 25
2906 2766 3002 2804 ans,
3028 2754 3319 2804 agriculteur,
3344 2755 3543 2804 instruit,
3566 2767 3649 2806 pas
3668 2755 3767 2795 vul¬

2736 2807 2876 2858 gaire,
2932 2808 3069 2860 ayant
3122 2819 3311 2850 avances
3364 2811 3406 2851 et
3430 2808 3658 2860 propriété
3711 2808 3765 2850 de

2742 2864 2887 2904 15.000
2907 2863 2982 2911 fr.,
3003 2862 3261 2914 épouserait
3279 2861 3415 2913 jeune
3435 2874 3672 2914 personne,
3697 2874 3766 2903 ca¬

2739 2915 2923 2964 ractère,
2955 2917 3035 2966 âge
3064 2916 3106 2956 et
3134 2914 3348 2956 situation
3379 2927 3434 2958 en
3464 2916 3651 2968 rapport
3706 2927 3763 2958 ou

2739 2968 2862 3011 riche
2887 2980 2992 3013 sans
3016 2968 3244 3023 préjugés.

2792 3043 2910 3082 6118.
2940 3042 3326 3083 Lot-et-Garonne.
3350 3043 3403 3080 —
3430 3042 3560 3090 Veuf,
3588 3043 3639 3082 49
3664 3052 3760 3089 ans,

2739 3094 3030 3146 agriculteur,
3058 3094 3284 3134 chevalier
3310 3094 3371 3135 du
3397 3094 3558 3136 Mérite
3583 3094 3763 3148 Agrico¬

2738 3147 2793 3196 le,
2819 3147 2936 3188 belle
2960 3144 3187 3199 propriété
3213 3147 3268 3187 de
3292 3149 3479 3199 rapport
3530 3148 3572 3188 et
3595 3148 3763 3199 d’agré¬

2739 3202 2876 3251 ment,
2900 3201 3045 3243 désire
3067 3200 3206 3242 union
3228 3212 3335 3242 avec
3355 3213 3578 3252 personne
3599 3202 3763 3245 sérieu¬

2737 3266 2797 3303 se,
2823 3255 2877 3297 de
2899 3258 2951 3297 38
2972 3256 2998 3296 à
3020 3258 3071 3296 50
3091 3267 3190 3303 ans,
3217 3256 3319 3306 apte
3341 3255 3367 3295 à
3389 3255 3558 3307 diriger
3580 3268 3631 3298 sa
3652 3255 3762 3296 mai¬

2735 3320 2816 3351 son
2841 3310 2885 3351 et
2906 3311 3045 3359 ayant
3066 3310 3159 3351 dot.
3171 3311 3316 3351 10.000
3340 3308 3395 3351 fr,

2787 3381 2906 3422 6119.
2933 3380 3174 3421 Toulouse.
3196 3381 3249 3419 —
3272 3380 3403 3430 Veuf,
3427 3383 3479 3421 59
3500 3392 3598 3431 ans,
3624 3382 3762 3432 ayant

2735 3434 3003 3486 profession,
3029 3434 3203 3476 maison
3226 3446 3280 3478 en
3304 3434 3410 3478 ville
3430 3436 3474 3477 et
3492 3446 3742 3486 campagne
3750 3467 3757 3483 ,
3775 3435 3780 3458 1

2738 3498 2931 3529 revenus
2963 3490 3086 3530 2.500
3122 3487 3178 3538 fr,
3212 3487 3483 3530 sentiments
3519 3487 3754 3539 religieux,

2735 3541 2880 3583 désire
2904 3540 3106 3592 mariage
3131 3552 3236 3580 avec
3260 3551 3486 3591 personne
3510 3542 3598 3582 très
3623 3543 3742 3583 hono
3747 3566 3760 3570 -
3775 3539 3782 3563 1

2735 3593 2874 3643 radie,
2900 3592 3027 3644 d’âge
3051 3593 3226 3643 assorti,
3251 3593 3383 3646 goûts
3404 3592 3604 3646 simples.
3632 3594 3760 3635 Réfé¬

2735 3658 2888 3688 rences
2922 3648 3111 3696 exigées.

2786 3721 2904 3760 6120.
2940 3719 3355 3770 Basses-Pyrénées.
3384 3745 3438 3751 —
3466 3723 3596 3771 Veuf,
3644 3722 3755 3770 seul,

2732 3773 2902 3814 certain
2960 3775 3055 3823 âge,
3114 3774 3444 3815 fonctionnaire
3500 3775 3554 3815 de
3609 3775 3755 3822 l’Etat,

2730 3830 2855 3867 2.000
2879 3828 2935 3868 fr.
2965 3827 3147 3879 jusqu’à
3173 3828 3217 3868 la
3243 3827 3309 3867 fin
3336 3828 3394 3870 de
3418 3840 3488 3869 ses
3513 3828 3654 3878 jours,
3686 3830 3754 3870 bel

2732 3882 2930 3930 homme,
2963 3882 3089 3924 avoir
3119 3882 3374 3932 personnel,
3435 3883 3560 3924 santé
3616 3883 3756 3924 excel¬

2734 3935 2866 3985 lente,
2903 3935 3112 3978 habitant
3145 3935 3252 3979 ville
3287 3935 3463 3987 d’eaux,
3500 3936 3757 3987 épouserait

2732 3988 3004 4033 Demoiselle
3028 4002 3084 4032 ou
3110 3991 3254 4031 Dame
3278 3990 3334 4033 de
3356 3992 3407 4032 40
3432 3992 3458 4034 à
3482 3992 3533 4031 56
3558 4002 3652 4038 ans,
3682 3992 3757 4032 ho¬

2732 4043 2917 4085 norable
2943 4038 2986 4085 et
3012 4042 3115 4084 bien
3142 4043 3304 4096 élevée,
3335 4045 3472 4097 ayant
3498 4043 3647 4087 rentes
3698 4055 3755 4086 ou

2731 4095 2999 4139 économies.

2783 4171 2902 4211 6122.
2936 4171 3274 4212 Haute-Marne.
3302 4171 3356 4212 —
3384 4172 3571 4214 Officier
3600 4172 3755 4214 minis¬

2728 4223 2872 4275 tériel,
2899 4227 2948 4265 31
2977 4236 3072 4274 ans,
3102 4223 3403 4275 honorabilité
3430 4227 3639 4279 parfaite,
3668 4227 3756 4268 très

2731 4278 2999 4329 intelligent,
3031 4279 3255 4319 caractère
3283 4279 3371 4330 gai,
3403 4280 3647 4330 possédant
3674 4291 3752 4320 son

2728 4332 2863 4374 étude
2883 4332 3041 4372 valeur
3061 4335 3211 4374 30.000
3232 4331 3287 4371 fr.
3312 4334 3355 4372 et
3375 4333 3527 4373 autres
3547 4331 3755 4386 espéran-
3777 4331 3783 4371 i

2727 4395 2814 4434 ces,
2841 4384 3076 4426 désirerait
3100 4386 3302 4436 mariage
3327 4397 3434 4427 avec
3485 4387 3754 4428 Demoiselle

2729 4439 2848 4487 bien,
2884 4439 2939 4480 de
2971 4439 3120 4481 bonne
3179 4440 3368 4490 famille,
3403 4443 3455 4482 20
3483 4440 3512 4480 à
3543 4443 3595 4483 25
3655 4452 3750 4490 ans,

2730 4492 2866 4543 ayant
2894 4492 2971 4534 dot
2998 4494 3054 4535 de
3079 4495 3130 4534 25
3159 4494 3184 4534 à
3212 4496 3359 4535 30.000
3390 4495 3446 4536 fr.
3474 4494 3520 4536 et
3546 4496 3753 4546 espéran¬

2727 4557 2812 4588 ces.

2779 4620 2898 4662 6124.
2930 4621 3151 4669 Aveyron.
3176 4620 3398 4663 —Jeune
3451 4621 3648 4670 homme,
3699 4623 3752 4662 27

2727 4685 2823 4722 ans,
2855 4674 2958 4715 bien
2988 4684 3094 4714 sous
3122 4674 3222 4716 tous
3252 4676 3475 4726 rapports,
3532 4674 3752 4716 ancienne

2730 4726 2919 4777 famille,
2956 4728 3104 4768 50.000
3140 4727 3195 4767 fr.
3235 4727 3508 4771 immeubles
3568 4738 3751 4779 person¬

2727 4779 2824 4820 nels
2847 4782 2888 4821 et
2911 4781 3175 4833 espérances
3198 4783 3338 4829 sûres,
3365 4780 3622 4834 épouserait
3671 4783 3751 4823 De¬

2727 4832 2943 4883 moiselle,
2971 4835 3108 4885 ayant
3132 4835 3209 4875 dot
3234 4832 3469 4887 analogue.
3500 4836 3569 4875 Au
3595 4835 3748 4878 besoin

2725 4898 2770 4927 se
2797 4886 3047 4938 déplacera.

2776 4954 2894 4992 6125.
2927 4954 3330 4994 Haute-Garonne.
3351 4956 3400 4995 —
3422 4954 3556 5002 Veuf,
3578 4956 3627 4992 44
3650 4963 3744 5006 ans,

2723 5014 2940 5066 physique
2969 5016 3111 5065 jeune,
3148 5015 3326 5055 retraité
3351 5015 3406 5056 de
3427 5016 3570 5066 l’Etat,
3595 5019 3672 5059 800
3694 5019 3743 5066 fr.

2726 5078 2915 5118 Possède
2947 5079 3022 5129 joli
3054 5079 3294 5118 immeuble
3323 5079 3423 5119 neuf
3452 5083 3494 5119 et
3527 5082 3747 5131 propriété

2719 5139 2851 5181 d’une
2872 5140 3026 5182 valeur
3046 5140 3100 5182 de
3120 5142 3270 5182 20.000
3290 5141 3450 5184 francs.
3484 5143 3746 5194 Epouserait

2722 5215 2859 5244 veuve
2880 5216 2936 5244 ou
2956 5204 3215 5244 demoiselle
3236 5205 3314 5255 qui
3336 5207 3480 5246 aurait
3502 5206 3744 5249 l’intention

2719 5266 2774 5306 de
2796 5270 3000 5316 partager
3022 5267 3090 5307 vie
3111 5266 3332 5317 agréable.

2772 5340 2889 5380 6127.
2923 5339 3324 5380 Haute-Garonne.
3357 5340 3408 5381 —
3439 5338 3742 5390 Célibataire,

2716 5402 2767 5439 42
2799 5410 2896 5451 ans,
2927 5400 3084 5452 grand,
3122 5399 3251 5450 brun,
3287 5399 3452 5443 famille
3483 5403 3575 5442 très
3603 5403 3743 5444 hono¬

2718 5462 2853 5514 rable,
2878 5464 3001 5503 avoir
3027 5467 3075 5503 25
3098 5464 3176 5504 000
3197 5463 3264 5513 fr.,
3298 5463 3506 5506 situation
3535 5466 3741 5518 indépen¬

2715 5526 2846 5566 dante
2868 5531 3127 5578 rapportant
3140 5527 3263 5566 4.000
3280 5526 3335 5564 fr.
3355 5539 3434 5578 par
3450 5539 3522 5578 an,
3538 5528 3740 5570 s'unirait

2715 5600 2823 5630 avec
2856 5590 3116 5631 demoiselle
3150 5602 3206 5632 ou
3239 5601 3378 5630 veuve
3414 5594 3546 5644 ayant
3576 5594 3659 5643 âge
3698 5596 3740 5634 et

2715 5652 2903 5703 position
2922 5652 3212 5702 équivalente.

2767 5726 2884 5765 6129.
2916 5723 3118 5766 Hérault.
3140 5724 3195 5765 —
3220 5723 3488 5768 Célibataire
3531 5726 3642 5775 seul,
3686 5728 3736 5767 38

2714 5795 2808 5831 ans,
2842 5785 2942 5824 n’en
2972 5784 3230 5835 paraissant
3256 5796 3346 5835 que
3374 5786 3438 5835 30,
3470 5786 3734 5838 propriétai¬

2713 5856 2759 5885 re
2781 5843 3056 5893 viticulteur,
3083 5843 3280 5894 instruit,
3308 5843 3409 5885 bien
3434 5846 3570 5894 élevé,
3595 5846 3735 5887 musi¬

2712 5904 2824 5951 cien,
2860 5904 3034 5946 famille
3079 5904 3343 5953 honorable,
3376 5905 3632 5956 épouserait
3660 5907 3734 5947 de¬

2711 5963 2914 6006 moiselle
2935 5964 2990 6006 de
3012 5964 3162 6006 bonne
3183 5963 3359 6006 famille
3382 5976 3438 6006 ou
3462 5976 3603 6007 veuve
3627 5976 3732 6007 sans

2710 6023 2904 6073 enfants,
2927 6036 3036 6066 avec
3055 6024 3146 6066 dot.
3170 6026 3234 6066 De
3255 6023 3515 6076 préférence
3536 6026 3732 6068 Toulou¬

2708 6096 2754 6126 se
2775 6095 2832 6125 ou
2856 6084 3082 6126 environs.
3108 6084 3165 6126 Se
3187 6083 3475 6136 déplacerait.

2760 6172 2876 6213 6131.
2922 6172 3047 6212 Gers.
3084 6172 3140 6212 *—
3191 6171 3474 6222 Célibataire,
3527 6175 3575 6214 41
3630 6186 3726 6222 ans,

2708 6234 2852 6272 15.000
2882 6232 2938 6273 fr.
2970 6244 3023 6274 en
3055 6234 3247 6284 espèces,
3280 6231 3427 6274 bonne
3457 6234 3726 6275 instruction

2704 6291 2747 6331 et
2788 6292 3042 6340 éducation,
3072 6291 3250 6334 sérieux
3276 6293 3318 6331 et
3344 6291 3571 6342 économe,
3600 6295 3727 6335 hom¬

2704 6363 2776 6392 me
2831 6351 2886 6394 de
2939 6363 3078 6400 cœur,
3124 6352 3266 6392 solide
3310 6350 3534 6403 affection,
3580 6354 3728 6395 désire

2705 6410 2844 6452 union
2891 6423 2998 6453 avec
3042 6408 3304 6453 demoiselle
3332 6422 3390 6452 ou
3418 6424 3560 6455 veuve
3590 6412 3724 6464 ayant

2702 6471 2851 6511 bonne
2885 6471 3099 6514 situation
3134 6472 3179 6512 et
3211 6470 3481 6515 excellentes
3511 6472 3718 6526 qualités.

2700 6531 2783 6571 Lui
2805 6531 2959 6572 écrire.

2752 6609 2869 6651 6132.
2894 6609 3031 6650 Tarn.
3052 6634 3107 6638 —
3125 6611 3269 6651 Jeune
3292 6610 3488 6660 homme,
3512 6611 3646 6658 brun,
3668 6610 3720 6648 27

2699 6679 2794 6719 ans,
2818 6668 3070 6720 négociant,
3092 6668 3307 6711 situation
3327 6670 3353 6710 7
3371 6670 3398 6711 à
3415 6672 3538 6712 8.000
3557 6668 3614 6710 fr.
3636 6679 3719 6721 par

2698 6739 2771 6779 an,
2794 6731 3058 6783 espérances
3078 6731 3179 6771 cent
3198 6728 3338 6772 mille.
3363 6728 3628 6784 Epouserait
3647 6730 3718 6771 de¬

3848 454 4054 496 moiselle
4072 456 4127 498 de
4146 459 4198 498 20
4218 456 4243 498 à
4263 458 4314 497 25
4335 468 4431 506 ans,
4454 459 4576 510 jolie,
4600 459 4871 511 distinguée,

3846 518 3979 565 ayant
3999 515 4074 555 dot
4098 516 4151 556 de
4171 516 4222 555 20
4243 518 4266 555 à
4283 518 4333 556 50
4355 517 4431 556 000
4451 519 4613 559 francs.

3900 579 4019 620 6133.
4046 580 4174 620 Midi.
4193 602 4248 607 —
4268 581 4399 631 Veuf,
4422 582 4470 620 41
4494 592 4590 631 ans,
4614 595 4675 629 un
4697 582 4870 634 enfant,

3849 637 3996 684 16.000
4036 636 4085 676 fr.
4134 647 4327 679 revenus
4373 640 4559 680 annuels
4606 652 4659 687 qn
4708 644 4871 692 rentes,

3847 695 3992 739 désire
4012 699 4214 751 mariage
4235 708 4342 740 avec
4362 700 4622 744 demoiselle
4642 715 4699 744 ou
4720 703 4870 753 dame,

3847 767 3953 796 sans
3975 756 4170 807 enfants,
4195 759 4314 807 bien,
4339 761 4471 811 goûts
4494 762 4696 816 simples,
4722 764 4872 808 bonne

3847 816 4070 866 moralité,
4116 819 4254 870 ayant
4296 821 4515 870 quelques
4559 834 4765 866 revenus.
4798 823 4872 864 Sé¬

3846 875 3990 916 rieux.

3894 946 4011 985 8134.
4042 946 4278 988 Charente.
4302 971 4356 978 —
4394 949 4539 992 Jeune
4580 952 4778 1003 homme,
4820 954 4872 992 35

3847 1015 3943 1052 ans,
3990 1007 4152 1056 grand,
4200 1007 4335 1058 brun,
4384 1007 4559 1056 famille
4604 1012 4870 1061 honorable,

3847 1062 4074 1128 propriété
4116 1068 4264 1107 20.000
4308 1067 4364 1109 fr.
4395 1068 4506 1119 qu’il
4550 1071 4744 1124 exploite
4788 1071 4872 1114 lui-

3847 1123 4009 1174 même,
4052 1124 4309 1176 épouserait
4347 1127 4610 1174 demoiselle
4647 1144 4705 1172 ou
4729 1143 4872 1174 veuve

3846 1183 4036 1225 voulant
4075 1186 4254 1227 habiter
4294 1187 4340 1228 la
4363 1199 4616 1242 campagne
4639 1192 4683 1234 et
4707 1192 4871 1234 s’occu¬

3846 1254 3925 1294 per
3967 1244 4029 1284 du
4071 1247 4262 1298 ménage
4302 1259 4360 1290 ou
4387 1248 4442 1290 de
4467 1248 4605 1300 petite
4630 1251 4868 1294 industrie.

3847 1303 3934 1344 Pas
3953 1304 4162 1356 exigeant
4180 1319 4259 1348 sur
4278 1307 4367 1349 dot.
4392 1307 4595 1355 Sérieux,

3899 1372 4016 1413 6136.
4054 1375 4482 1427 Hautes-Pyrénées.
4514 1402 4569 1409 —
4600 1380 4871 1423 Célibataire

3846 1432 3896 1470 37
3918 1443 4014 1482 ans,
4039 1431 4159 1475 idées
4180 1435 4342 1487 larges,
4366 1435 4444 1478 dot
4463 1435 4586 1479 5.000
4607 1439 4663 1483 fr.
4687 1442 4871 1494 épouse¬

3846 1490 3934 1531 rait
3956 1491 4218 1536 demoiselle
4243 1507 4300 1536 ou
4324 1507 4467 1539 veuve
4491 1498 4548 1540 de
4570 1501 4622 1540 26
4646 1500 4671 1540 à
4694 1503 4746 1542 35
4770 1512 4867 1542 ans.

3847 1549 4049 1592 Sérieux.

3898 1620 4015 1666 6137.
4051 1622 4175 1667 Gers.
4206 1647 4260 1652 —
4288 1626 4536 1675 Monsieur,
4568 1628 4620 1667 50
4651 1640 4746 1679 ans,
4779 1631 4870 1671 très

3844 1676 4037 1729 sérieux,
4064 1682 4191 1723 santé
4215 1683 4409 1736 parfaite
4432 1686 4476 1727 et
4499 1684 4729 1740 situation,
4756 1689 4871 1731 dési¬

3844 1749 3891 1779 re
3939 1739 4130 1791 épouser
4179 1742 4312 1787 dame
4351 1755 4407 1787 ou
4448 1746 4710 1792 demoiselle
4732 1750 4870 1800 ayant

3843 1797 4039 1848 éprouvé
4083 1800 4239 1852 peines
4283 1803 4492 1848 morales.
4524 1807 4682 1852 Bonne
4722 1807 4866 1858 santé,

3842 1858 3974 1907 goûts
4016 1859 4218 1912 simples,
4250 1862 4399 1906 rentes
4442 1866 4486 1907 et
4527 1878 4723 1910 revenus
4748 1870 4866 1918 sûrs,

3843 1915 3945 1958 d’au
3968 1920 4118 1962 moins
4139 1923 4262 1963 3.000
4284 1920 4339 1962 fr.

3895 1987 4012 2027 6138.
4040 1988 4348 2032 Haute-Loire.
4369 1993 4423 2031 —
4444 1993 4562 2039 Veuf
4580 2007 4690 2040 avec
4710 1995 4869 2042 enfant

3842 2043 3896 2086 de
3916 2046 3940 2085 6
3960 2058 4056 2099 ans,
4080 2050 4420 2102 entrepreneur,
4441 2054 4496 2093 39
4514 2066 4612 2105 ans,
4636 2056 4739 2098 bien
4762 2067 4867 2098 sous

3842 2103 3943 2146 tous
3972 2107 4195 2159 rapports,
4228 2108 4352 2152 taille
4382 2114 4402 2150 1
4434 2123 4494 2153 m.
4526 2116 4591 2163 71,
4623 2116 4869 2167 possédant

3843 2166 3990 2205 12.000
4012 2166 4087 2215 fr.,
4128 2168 4275 2210 désire
4315 2170 4518 2224 mariage
4567 2186 4675 2216 avec
4724 2186 4867 2218 veuve

3842 2235 3948 2267 sans
3966 2226 4149 2268 enfants
4166 2239 4224 2271 ou
4243 2230 4507 2276 demoiselle
4525 2235 4792 2279 au-dessous
4811 2236 4867 2277 de

3839 2285 3891 2323 35
3911 2294 4009 2335 ans,
4034 2288 4172 2338 ayant
4192 2288 4271 2330 dot
4292 2290 4528 2343 analogue.

3894 2354 4011 2397 6140.
4046 2355 4258 2397 Gironde.
4287 2359 4342 2399 —
4371 2359 4654 2415 Célibataire,
4683 2367 4736 2407 38
4766 2376 4863 2414 ans,

3840 2411 3943 2455 bien
3968 2424 4074 2456 sous
4098 2416 4198 2458 tous
4223 2419 4447 2469 rapports,
4490 2420 4706 2464 situation
4744 2436 4866 2466 com¬

3840 2472 4067 2523 merciale,
4094 2475 4219 2516 avoir
4240 2477 4283 2518 et
4304 2478 4583 2531 espérances,
4610 2483 4868 2534 épouserait

3840 2530 4103 2576 demoiselle
4122 2547 4179 2578 ou
4200 2547 4343 2582 veuve
4364 2540 4502 2588 ayant
4520 2540 4738 2586 situation
4759 2555 4866 2587 ana¬

3840 2590 3971 2640 logue
3996 2604 4055 2635 ou
4080 2594 4171 2636 dot.
4200 2595 4411 2641 Pourrait
4436 2610 4482 2643 se
4507 2600 4731 2652 déplacer.

3892 2661 4010 2702 6141.
4036 2662 4274 2704 Charente.
4294 2667 4349 2705 —
4371 2667 4463 2708 Fils
4483 2668 4668 2723 unique,
4691 2672 4744 2711 26
4764 2683 4861 2720 ans,

3839 2719 4034 2770 qualités
4060 2722 4308 2775 physiques
4336 2725 4378 2767 et
4404 2727 4614 2780 morales,
4643 2730 4864 2775 ancienne

3839 2776 4028 2828 famille,
4074 2780 4152 2823 dot
4195 2784 4368 2825 100.000
4410 2786 4465 2827 fr.
4496 2787 4607 2831 dont
4631 2792 4782 2832 55.000
4807 2803 4862 2832 en

3836 2839 4030 2889 espèces,
4060 2840 4207 2883 désire
4235 2844 4436 2896 mariage
4463 2858 4572 2888 avec
4599 2850 4863 2892 demoiselle

3838 2897 4100 2952 honorable,
4147 2902 4362 2947 situation
4392 2906 4516 2959 égale
4544 2919 4602 2951 ou
4631 2911 4863 2962 supérieu¬

3837 2966 3898 2998 re.

3892 3046 3950 3088 Le
3978 3048 4103 3088 Trait
4131 3050 4324 3091 d’Union
4355 3056 4420 3094 est
4464 3065 4526 3096 un
4570 3055 4752 3103 journal
4797 3058 4862 3099 sé¬

3838 3099 3964 3139 rieux
3987 3103 4028 3140 et
4050 3100 4158 3142 utile
4178 3101 4204 3143 à
4224 3106 4340 3144 tous.

3887 3184 4003 3226 6143.
4018 3184 4160 3228 Tarn.
4184 3208 4226 3216 —
4252 3186 4547 3240 Célibataire,
4566 3194 4616 3231 32
4628 3204 4724 3244 ans,
4743 3195 4860 3243 bien,

3834 3252 3940 3283 sous
3960 3247 4059 3286 tous
4081 3247 4144 3288 les
4164 3254 4384 3300 rapports,
4407 3254 4716 3307 propriétaire,
4733 3254 4864 3310 négoj

3832 3306 3963 3357 piaut,
4002 3309 4248 3362 industriel,
4291 3314 4503 3356 situation
4545 3320 4861 3363 commerciale

3834 3369 3979 3412 10.000
4017 3371 4178 3426 francs,
4216 3375 4469 3426 épouserait
4506 3379 4667 3423 femme
4706 3383 4862 3427 d’inté¬

3832 3431 3950 3473 rieur
3971 3434 4024 3479 de
4053 3438 4104 3476 20
4124 3439 4150 3479 à
4170 3439 4221 3480 30
4242 3450 4338 3490 ans,
4368 3443 4502 3490 goûts
4523 3444 4726 3496 simples,
4755 3458 4862 3490 con¬

3834 3495 4031 3540 naissant
4051 3511 4314 3543 commerce.
4338 3503 4562 3546 Situation
4583 3518 4639 3546 en
4660 3512 4859 3558 rapport.

3884 3561 4002 3603 6145.
4024 3563 4270 3606 Charente.
4288 3566 4341 3606 —
4363 3563 4668 3616 Célibataire,
4690 3572 4739 3610 23
4760 3582 4858 3622 ans,

3832 3620 3884 3664 de
3907 3623 4071 3666 famille
4098 3627 4188 3666 très
4207 3627 4467 3680 honorable,
4491 3629 4592 3672 bien
4623 3631 4860 3686 physique¬

3831 3691 3950 3728 ment
3984 3691 4028 3728 et
4065 3687 4191 3738 libre,
4239 3690 4383 3731 désire
4432 3696 4612 3746 prompt
4659 3696 4859 3748 mariage

3831 3759 3936 3791 avec
3956 3750 4088 3800 jeune
4122 3751 4211 3792 fille
4247 3764 4303 3795 ou
4344 3764 4483 3794 veuve
4523 3759 4654 3808 ayant
4683 3756 4773 3799 dot:
4802 3760 4859 3799 Se

3830 3811 4099 3862 déplacerait
4120 3826 4173 3854 au
4205 3814 4376 3855 besoin.

3881 3874 3999 3916 6146.
4014 3876 4301 3924 Lot.—Veuf,
4317 3878 4427 3926 seul,
4443 3880 4543 3920 titre
4562 3882 4615 3923 de
4631 3884 4788 3932 comte,
4807 3886 4859 3922 66

3828 3949 3923 3989 ans,
3947 3938 4074 3978 santé
4094 3938 4295 3990 parfaite,
4331 3942 4556 3992 propriété
4590 3946 4644 3986 de
4676 3947 4859 3996 rapport

3828 4003 3868 4039 et
3888 4000 4175 4051 d’agrément,
4199 4000 4344 4042 désire
4367 4003 4562 4053 épouser
4598 4007 4858 4050 demoiselle

3828 4072 3883 4102 ou
3904 4063 4034 4104 datiie
4055 4076 4212 4114 veuve,
4235 4075 4343 4106 avec
4366 4075 4428 4106 ou.
4446 4077 4551 4108 sans
4572 4070 4759 4111 enfants.

3880 4127 3984 4167 6146
4015 4127 4096 4168 bis.
4120 4130 4316 4171 Landes.
4348 4150 4399 4158 —
4423 4129 4650 4174 Monsieur
4683 4134 4856 4175 abonné

3827 4198 3932 4228 sans
3950 4200 4163 4231 annonce.

3882 4251 3999 4293 6147.
4032 4253 4244 4295 Gironde.
4272 4278 4327 4283 —
4369 4255 4512 4299 Jeune
4559 4260 4756 4309 homme,
4803 4260 4855 4298 32

3829 4318 3924 4358 ans,
3973 4311 4170 4364 châtain,
4219 4314 4412 4364 sérieux,
4460 4316 4564 4360 bien
4608 4318 4854 4372 physique¬

3828 4371 3966 4418 ment,
3995 4372 4050 4412 de
4076 4370 4251 4416 famille
4277 4375 4539 4420 honorable.
4570 4378 4851 4420 Mécanicien

3827 4428 3978 4477 établi,
4004 4443 4127 4472 assez
4151 4434 4238 4474 bon
4265 4435 4464 4487 rapport,
4488 4439 4637 4483 désire
4661 4440 4851 4488 épouser

3827 4487 4087 4535 demoiselle
4127 4494 4183 4535 de
4203 4496 4258 4535 24
4282 4495 4307 4534 à
4331 4495 4382 4534 30
4407 4507 4503 4549 ans,
4547 4498 4758 4547 aimable,
4787 4498 4852 4540 in¬

3826 4548 4068 4602 telligente,
4098 4552 4351 4596 couturière
4377 4555 4431 4598 de
4456 4559 4719 4611 préférence
4744 4570 4851 4600 avec

3826 4607 3963 4660 petite
3992 4609 4082 4652 dot.

3876 4679 3996 4720 6153.
4031 4680 4216 4724 Vienne.
4244 4684 4292 4723 —
4328 4684 4560 4728 Monsieur
4591 4687 4712 4736 veuf,
4744 4698 4850 4732 sans

3826 4737 4020 4787 enfants,
4046 4742 4318 4794 catholique,
4344 4743 4540 4788 honnête
4561 4747 4603 4788 et
4623 4747 4680 4788 de
4700 4747 4848 4796 bonne

3826 4797 4013 4851 famille,
4040 4804 4175 4851 ayant
4198 4802 4412 4846 situation
4436 4806 4693 4860 épouserait
4715 4808 4848 4850 dame

3823 4867 3964 4899 veuve
3992 4870 4049 4900 ou
4075 4861 4337 4905 demoiselle
4361 4864 4486 4917 âgée,
4532 4866 4670 4920 ayant
4711 4866 4848 4911 situa¬

3823 4913 3928 4957 tion.
3958 4917 4159 4963 Sérieux.

3874 4987 3991 5031 6154.
4021 4990 4258 5032 Charente.
4282 5014 4335 5020 —
4359 4992 4444 5042 Qui
4467 4994 4680 5039 voudrait
4702 5006 4750 5038 se
4774 4995 4846 5039 dé¬

3820 5044 3972 5095 placer
4014 5062 4128 5100 pour
4171 5052 4362 5102 épouser
4415 5055 4656 5104 charmant
4708 5055 4846 5104 jeune

3820 5106 4018 5159 homme,
4042 5112 4092 5151 32
4114 5122 4210 5159 ans,
4236 5120 4342 5152 sans
4363 5114 4594 5164 relations,
4618 5114 4844 5167 physique

3820 5165 4042 5220 agréable,
4099 5170 4371 5220 affectueux,
4424 5176 4648 5219 caractère
4703 5174 4842 5224 doux,

3819 5227 4024 5280 employé
4055 5230 4468 5275 d’administration
4502 5236 4559 5278 de
4588 5234 4735 5283 l’Etat,
4767 5247 4844 5284 ga¬

3818 5289 3961 5335 gnant
3978 5292 4099 5330 2.000
4122 5291 4176 5331 fr.
4200 5303 4283 5342 par
4303 5303 4376 5339 an,
4402 5296 4539 5344 ayant
4556 5295 4839 5347 espérances.

3818 5343 3899 5385 Lui
3919 5348 4072 5390 écrire.
4096 5348 4204 5391 Très
4224 5348 4416 5391 sérieux.

3867 5434 3927 5475 La
3939 5436 4266 5479 combinaison
4288 5436 4507 5487 mariage
4529 5440 4712 5492 répond
4732 5438 4762 5482 à
4776 5451 4843 5486 un

3814 5495 3972 5537 besoin
3995 5499 4162 5540 social.

3866 5571 3984 5620 6155.
4018 5582 4408 5622 Haute-Garonne.
4435 5606 4489 5615 —
4516 5587 4607 5627 Fils
4648 5583 4836 5636 unique,

3812 5634 4086 5688 célibataire,
4112 5643 4163 5680 39
4187 5651 4284 5687 ans,
4311 5644 4450 5692 ayant
4475 5644 4700 5698 propriété
4727 5644 4839 5686 mai¬

3812 5706 3892 5738 son
3919 5699 3960 5739 et
3984 5699 4253 5750 économies,
4282 5700 4428 5746 désire
4470 5706 4660 5758 épouser
4700 5704 4836 5755 jeune

3812 5755 3903 5798 fille
3928 5760 3982 5803 de
4003 5763 4056 5800 25
4079 5759 4104 5799 à
4128 5760 4179 5799 38
4202 5771 4299 5811 ans,
4324 5766 4463 5814 ayant
4487 5765 4540 5807 de
4567 5768 4615 5806 15
4638 5764 4664 5804 à
4686 5766 4835 5807 20.000

3811 5814 3866 5856 fr.
3890 5818 3943 5862 de
3964 5820 4055 5860 dot.

3853 5887 3979 5931 .6156.
4007 5888 4149 5927 Aude.
4169 5910 4186 5916 -
4186 5911 4204 5935 7
4204 5892 4224 5928 -
4247 5890 4548 5939 Propriétaire
4572 5891 4834 5935 viticulteur

3807 5946 3976 5987 certain
4033 5948 4130 5999 âge,
4203 5947 4552 5994 d’honorabilité
4620 5954 4831 6004 parfaite,

3806 6010 3930 6047 coeur
3952 6008 4194 6059 généreux,
4220 6008 4355 6059 jeune
4380 6011 4579 6063 d’esprit,
4606 6011 4661 6055 de
4684 6024 4831 6055 carac¬

3806 6063 3911 6115 tère,
3939 6068 3993 6110 de
4018 6068 4162 6108 forces
4186 6070 4449 6122 physiques,
4477 6074 4613 6123 ayant
4636 6083 4830 6114 revenus

3804 6123 3858 6166 de
3879 6128 3983 6168 3000
4007 6128 4062 6168 fr.
4087 6127 4234 6171 désire
4256 6132 4406 6173 entrer
4428 6142 4483 6172 en
4508 6131 4698 6175 relation
4722 6142 4830 6174 avec

3804 6184 4064 6230 demoiselle
4090 6200 4147 6227 ou
4174 6188 4306 6232 dame
4331 6198 4472 6233 veuve
4499 6195 4636 6244 ayant
4660 6191 4827 6243 capital

3803 6243 4060 6299 disponible
4088 6248 4146 6288 de
4175 6250 4319 6291 15.000
4348 6251 4404 6291 fr.

3855 6316 3972 6357 6157.
3995 6319 4132 6356 Tarn.
4150 6319 4204 6358 —
4223 6319 4480 6371 Négociant,
4503 6324 4552 6362 40
4571 6331 4666 6370 ans,
4689 6320 4826 6362 hono¬

3801 6374 3940 6425 rable,
3976 6375 4168 6424 sérieux,
4203 6378 4324 6426 actif,
4360 6379 4431 6420 bel
4465 6383 4663 6428 homme,
4698 6382 4825 6423 santé

3800 6435 4007 6486 parfaite,
4064 6435 4152 6476 très
4195 6439 4533 6492 sympathique,
4578 6439 4824 6491 possédant

3799 6494 3947 6536 30.000
3983 6496 4056 6544 fr.,
4097 6495 4202 6546 plus
4235 6510 4487 6542 commerce
4522 6500 4736 6551 prospère
4771 6503 4814 6543 et

3798 6554 3971 6604 ancien,
4003 6556 4270 6607 rapportant
4298 6560 4421 6600 5.000
4450 6560 4504 6600 fr.
4538 6560 4642 6607 l’an,
4672 6560 4820 6603 désire

3797 6615 3996 6669 mariage
4027 6615 4132 6656 civil
4166 6630 4272 6659 avec
4303 6619 4567 6660 demoiselle
4596 6631 4654 6659 ou
4684 6620 4819 6663 dame

3794 6674 3931 6724 seule,
3958 6675 4104 6716 même
4127 6675 4348 6726 divorcée,
4379 6677 4466 6720 très
4490 6678 4593 6720 bien
4618 6680 4659 6720 et
4682 6683 4820 6731 ayant

3794 6731 3882 6775 dot.
3923 6735 3967 6776 Si
4006 6734 4200 6787 possible
4236 6736 4532 6791 musicienne,
4571 6739 4687 6784 mais
4720 6754 4817 6784 sur-
