5134 7504
2225 568 2298 606 LE
2330 568 2511 607 TRAIT
2544 568 2792 608 D’UNION

382 679 517 724 5,807.
548 680 603 717 —
632 678 762 725 Veuf,
796 676 907 725 seul,
941 690 1046 718 sans
1076 676 1271 724 enfants,
1304 679 1356 716 33

329 751 424 787 ans,
455 752 707 780 commerce
734 740 1002 788 rapportant
1030 740 1176 779 10.000
1202 738 1355 779 francs

328 812 410 851 par
443 814 515 850 an,
551 803 696 843 désire
730 800 869 841 union
906 813 1012 842 avec
1043 801 1179 850 jeune
1212 812 1355 840 veuve

328 875 386 903 ou
414 863 690 911 demoiselle,
720 863 775 903 de
829 864 1090 915 préférence
1118 863 1355 914 orpheline

328 927 538 976 honnête,
566 926 775 974 sérieuse,
802 927 932 976 goûts
956 924 1159 974 simples,
1187 925 1355 966 femme

328 987 606 1030 d’intérieur.
636 988 746 1027 Très
771 988 962 1029 sérieux.

381 1071 515 1118 5,812.
553 1068 608 1107 —
642 1067 926 1116 Célibataire,
963 1070 1015 1106 43
1049 1078 1147 1116 ans,
1184 1068 1337 1119 parais

328 1134 428 1174 sant
463 1132 567 1183 plus
600 1130 751 1179 jeune,
788 1132 903 1172 beau
939 1140 1060 1178 nom,
1098 1132 1243 1171 comte
1279 1143 1353 1170 au¬

327 1195 578 1246 thentique,
615 1194 703 1234 très
738 1194 958 1234 ancienne
992 1192 1155 1242 lignée,
1192 1192 1264 1232 fils
1299 1191 1352 1231 de

326 1255 543 1307 général,:
567 1256 656 1296 très
679 1256 818 1296 belles
842 1254 1058 1295 alliances
1080 1256 1122 1296 et
1144 1254 1352 1306 parentés

327 1321 388 1360 du
417 1319 511 1359 côté
539 1319 743 1368 paternel
772 1318 814 1358 et
842 1316 1078 1365 maternel,
1111 1316 1350 1368 possédant

327 1381 519 1431 superbe
551 1380 779 1432 propriété
812 1379 1092 1428 d’agrément
1124 1391 1231 1420 avec
1264 1378 1352 1418 fort

326 1446 439 1484 beau
471 1444 662 1484 château
694 1443 735 1483 et
766 1444 893 1482 sûres
924 1443 1203 1492 espérances,
1238 1440 1351 1480 dési¬

326 1516 371 1545 re
393 1505 583 1556 épouser
606 1506 738 1546 dame
760 1504 814 1544 de
836 1506 887 1543 30
910 1503 935 1543 à
956 1506 1007 1544 43
1030 1516 1125 1552 ans,
1151 1504 1240 1543 très
1264 1502 1350 1543 for¬

326 1567 472 1608 tunée.

378 1659 514 1698 5.814.
548 1656 603 1695 —
636 1655 1131 1704 Caissier-Comptable,
1168 1656 1214 1692 31
1251 1666 1347 1702 ans,

324 1719 582 1770 paraissant
611 1717 717 1767 plus
747 1717 899 1768 jeune,
935 1718 1068 1763 brun,
1104 1715 1348 1766 distingué,

323 1782 596 1831 catholique,
630 1779 802 1821 bonnes
833 1780 1099 1825 références,
1132 1778 1348 1819 situation

324 1845 442 1891 sûre,
470 1841 726 1892 épouserait
750 1840 1020 1882 Demoiselle
1045 1839 1256 1888 sérieuse,
1286 1840 1350 1879 in¬

324 1903 552 1954 telligente
576 1903 655 1954 qui
679 1903 744 1943 lui
768 1901 967 1954 plairait.

376 1991 511 2031 5.815.
540 1991 594 2031 —
622 1991 904 2037 Célibataire,
934 1991 986 2028 54
1012 2001 1110 2039 ans,
1139 1991 1262 2038 6,000
1290 1987 1346 2027 fr.

322 2052 377 2093 de
408 2064 616 2100 revenus,
649 2051 752 2091 bien
785 2051 840 2092 de
871 2063 920 2092 sa
948 2062 1188 2102 personne,
1223 2050 1348 2090 santé

321 2114 531 2165 parfaite,
568 2113 814 2154 excellente
848 2114 1038 2160 famille,
1075 2111 1220 2152 désire
1255 2123 1347 2151 ma¬

323 2176 443 2226 riage
470 2187 575 2216 avec
600 2175 871 2216 Demoiselle
894 2176 948 2216 de
972 2178 1023 2214 45
1046 2174 1072 2214 à
1094 2176 1146 2214 50
1170 2186 1266 2222 ans,
1292 2175 1348 2214 si¬

322 2238 496 2278 tuation
522 2248 575 2276 en
600 2238 800 2287 rapport.

374 2327 509 2368 5.817.
533 2328 588 2367 —
608 2328 752 2367 Jeune
777 2328 959 2366 homme
983 2330 1037 2365 de
1060 2326 1111 2365 24
1135 2336 1230 2372 ans,
1256 2335 1347 2364 sor¬

321 2391 418 2430 tant
445 2391 554 2431 d’un
584 2390 808 2439 régiment
836 2388 892 2427 de
919 2386 1199 2428 cuirassiers.
1234 2387 1347 2424 Bon¬

322 2463 375 2493 ne
407 2452 645 2495 éducation
678 2450 720 2490 et
754 2448 1038 2490 instruction.
1075 2446 1344 2498 Propriétai¬

321 2527 367 2555 re
394 2514 447 2555 de
474 2512 643 2564 grands
668 2511 906 2551 domaines
931 2510 1191 2560 s’occupant
1216 2508 1347 2549 d’éle¬

322 2586 448 2625 vage,
486 2572 743 2624 épouserait
779 2572 915 2624 jeune
952 2572 1044 2612 fille
1082 2571 1218 2621 ayant
1254 2582 1343 2611 une

320 2638 396 2677 dot
418 2635 471 2676 de
491 2637 543 2675 50
563 2635 588 2675 à
608 2636 757 2683 80,000
778 2635 930 2675 francs
951 2646 1004 2675 en
1027 2634 1199 2683 argent.

374 2726 508 2773 5.824.
541 2726 595 2764 —
623 2726 767 2764 Jeune
826 2723 1023 2769 homme,
1059 2723 1078 2760 1
1099 2727 1123 2744 m
1130 2754 1139 2770 ,
1171 2724 1238 2771 69,
1296 2723 1347 2760 27

320 2797 415 2833 ans,
443 2786 576 2832 brun,
603 2784 783 2824 fortune
806 2780 1106 2833 personnelle,
1132 2782 1270 2832 ayant
1292 2781 1347 2820 si¬

319 2845 494 2886 tuation
524 2844 639 2884 dans
669 2854 758 2883 une
788 2843 968 2890 banque
1024 2840 1135 2882 dont
1191 2840 1221 2880 il
1252 2839 1346 2880 doit

320 2904 515 2954 prendre
548 2903 592 2942 la
626 2901 755 2948 suite,
792 2899 1048 2950 épouserait
1082 2902 1218 2951 jeune
1252 2898 1346 2938 fille

320 2962 422 3002 bien
452 2962 615 3007 élevée,
646 2960 782 3010 ayant
836 2959 1062 3010 physique
1119 2958 1343 3009 agréable,

320 3020 495 3060 famille
520 3018 768 3059 honorable
792 3019 835 3058 et
857 3018 988 3068 goûts
1014 3018 1215 3069 simples.

368 3110 504 3158 5.825.
528 3132 583 3136 —
607 3107 890 3156 Célibataire,
917 3106 1028 3155 seul,
1055 3108 1102 3147 51
1128 3118 1225 3155 ans,
1251 3107 1341 3148 très

316 3170 435 3220 bien,
466 3169 710 3211 excellente
738 3168 878 3218 santé,
908 3168 998 3210 très
1024 3167 1274 3208 honorable
1300 3167 1342 3207 et

315 3230 370 3270 de
400 3230 548 3270 bonne
580 3228 770 3277 famille,
803 3228 1047 3279 possédant
1075 3228 1251 3267 240.000
1282 3226 1336 3264 fr.

315 3299 370 3327 en
393 3287 666 3327 immeubles
687 3288 820 3327 neufs
841 3288 883 3326 et
903 3298 957 3326 en
979 3286 1207 3335 capitaux,
1231 3284 1340 3324 dont

316 3358 377 3386 un
411 3358 579 3387 revenu
610 3346 779 3385 annuel
810 3346 864 3387 de
895 3346 1018 3384 9.000
1050 3343 1123 3393 fr.,
1156 3344 1340 3395 épouse¬

315 3406 403 3447 rait
430 3405 691 3448 demoiselle
718 3417 775 3447 ou
804 3406 938 3447 dame
964 3405 1020 3446 de
1047 3404 1256 3446 moralité
1283 3404 1339 3444 ir¬

315 3467 610 3518 réprochable
631 3467 673 3507 et
694 3466 798 3507 bien
819 3467 874 3507 de
894 3467 945 3506 30
966 3466 991 3506 à
1011 3467 1062 3504 45
1082 3477 1179 3514 ans,
1203 3466 1339 3516 ayant

314 3536 498 3566 revenu.

368 3620 504 3667 5.831.
531 3620 585 3658 —
608 3620 752 3659 Jeune
779 3618 976 3666 homme,
1006 3618 1139 3666 brun,
1167 3619 1218 3658 26
1243 3628 1339 3666 ans,

316 3679 629 3732 propriétaire,
667 3679 755 3721 très
789 3680 938 3721 bonne
999 3678 1189 3727 famille,
1252 3678 1343 3719 cin¬

315 3742 483 3791 quante
512 3740 639 3780 mille
668 3739 835 3786 francs,
869 3738 1140 3778 immeubles
1169 3738 1224 3776 de
1253 3738 1338 3776 bon

316 3798 502 3846 raporpt
534 3798 575 3835 et
609 3798 874 3846 espérances
908 3796 1049 3842 sûres,
1085 3794 1342 3845 épouserait

314 3855 450 3904 jeune
474 3855 567 3895 fille
590 3854 800 3904 sérieuse,
826 3854 962 3906 ayant
984 3854 1060 3894 dot
1082 3854 1342 3905 équivalen¬

315 3915 370 3955 te.
407 3915 461 3956 Se
492 3915 731 3966 déplacera
763 3916 804 3956 et
835 3927 894 3956 au
926 3914 1080 3955 besoin
1114 3915 1342 3966 changera

315 3976 368 4015 de
396 3975 627 4016 situation.

366 4063 502 4108 5.832.
525 4060 579 4098 —
601 4059 883 4107 Célibataire,
908 4062 960 4098 50
982 4071 1077 4108 ans,
1103 4072 1158 4100 ne
1180 4060 1244 4100 les
1265 4072 1338 4110 pa¬

315 4119 510 4159 raissant
535 4128 630 4167 pas,
660 4117 765 4157 bien
792 4118 1160 4167 physiquement,
1192 4119 1340 4159 bonne

312 4175 567 4223 éducation,
602 4175 871 4216 instruction
931 4175 1167 4227 complète,
1202 4178 1340 4218 musi¬

314 4234 427 4284 cien,
452 4237 602 4276 40.000
626 4235 680 4277 fr.
707 4236 762 4278 de
784 4236 1048 4287 propriétés,
1077 4237 1180 4288 plus
1204 4238 1339 4278 situa¬

312 4294 405 4335 tion
439 4296 788 4348 indépendante,
848 4295 994 4336 désire
1025 4298 1227 4347 mariage
1284 4308 1337 4338 en

314 4358 514 4407 rapport.

364 4446 499 4490 5.834.
529 4446 583 4483 —
612 4446 742 4495 Veuf,
774 4447 824 4484 50
880 4455 975 4491 ans,
1035 4445 1338 4486 honorabilité

311 4502 520 4552 parfaite,
551 4504 660 4552 petit
688 4505 812 4545 avoir
841 4504 882 4545 et
910 4503 1123 4544 situation
1154 4515 1338 4554 rappor¬

311 4560 407 4599 tant
438 4562 559 4599 4.400
590 4562 643 4600 fr.
678 4563 782 4612 l’an,
815 4562 1072 4615 épouserait
1102 4563 1338 4603 demoisel¬

312 4618 351 4658 le
374 4629 428 4659 ou
452 4630 610 4667 veuve,
635 4620 908 4672 catholique,
934 4623 1144 4671 sérieuse,
1169 4623 1250 4672 âge
1271 4634 1328 4662 as¬

311 4678 435 4727 sorti,
470 4679 602 4730 goûts
635 4678 838 4729 simples,
875 4683 1011 4731 petite
1070 4682 1160 4730 dot,
1223 4682 1337 4722 libre

309 4750 424 4790 pour
454 4738 780 4791 déplacement.
815 4739 923 4782 Très
954 4741 1146 4783 sérieux.

363 4835 498 4879 5.835.
523 4836 574 4874 —
598 4835 735 4874 Noble
755 4832 872 4882 titré,
896 4835 948 4874 28
970 4847 1066 4883 ans,
1088 4838 1240 4878 vieille
1262 4850 1336 4878 no¬

310 4891 468 4940 blesse,
503 4894 592 4935 très
651 4893 871 4934 ancienne
930 4892 1091 4944 lignée,
1155 4896 1336 4938 fortune

311 4951 484 4990 100.000
519 4952 684 5002 francs,
723 4954 836 4994 beau
872 4952 1062 4994 château
1096 4956 1139 4995 et
1172 4956 1335 5004 dépen¬

308 5008 518 5058 dances,
577 5012 723 5054 désire
751 5015 940 5064 épouser
994 5011 1131 5062 jeune
1159 5014 1252 5052 fille
1280 5014 1335 5053 de

310 5067 484 5108 famille
515 5070 604 5110 très
636 5072 899 5120 honorable,
932 5071 986 5111 de
1016 5073 1067 5110 20
1098 5072 1123 5111 à
1152 5074 1203 5112 25
1234 5084 1330 5122 ans,

307 5127 476 5180 pieuse,
511 5127 616 5167 bien
649 5130 812 5181 élevée,
849 5130 1072 5181 instruite,
1103 5131 1334 5184 physique

307 5187 531 5239 agréable,
560 5189 696 5238 ayant
722 5190 798 5231 dot
824 5192 1070 5233 minimum
1098 5195 1274 5233 200.000
1300 5194 1330 5234 f.

308 5248 554 5299 Orpheline
580 5246 635 5286 de
662 5247 938 5296 préférence.

359 5345 494 5390 5.836.
519 5343 573 5382 —
596 5343 726 5391 Veuf,
752 5344 803 5383 52
827 5355 922 5391 ans,
949 5346 1205 5394 paraissant
1229 5348 1332 5399 plus

303 5403 454 5453 jeune,
480 5406 582 5446 bien
606 5417 711 5446 sous
734 5406 833 5447 tous
855 5407 1079 5456 rapports,
1106 5410 1254 5451 bonne
1277 5410 1331 5450 si¬

305 5464 478 5506 tuation
511 5468 626 5507 dans
656 5479 907 5510 commerce
939 5468 1331 5518 pâtisserie-confi¬

306 5525 434 5574 serie,
463 5527 718 5576 épouserait
746 5532 878 5572 dame
904 5542 960 5571 ou
990 5531 1251 5574 demoiselle
1279 5535 1332 5575 de

304 5590 355 5628 35
376 5587 402 5629 à
423 5590 474 5629 45
498 5600 592 5638 ans,
620 5590 788 5634 femme
811 5594 1090 5644 d’intérieur,
1118 5596 1253 5646 ayant
1276 5597 1331 5636 si¬

306 5651 479 5692 tuation
504 5652 739 5702 analogue.

355 5741 490 5786 5.837.
517 5746 571 5782 —
596 5744 711 5783 Veuf
736 5747 777 5783 et
802 5746 1026 5793 orphelin,
1055 5750 1106 5787 49
1131 5760 1226 5798 ans,
1254 5760 1329 5800 pa¬

304 5800 498 5842 raissant
528 5803 628 5842 bien
687 5806 850 5854 moins,
908 5818 1032 5846 cœur
1063 5809 1259 5851 aimable
1288 5812 1330 5852 et

304 5865 440 5915 doux,
467 5866 674 5906 moralité
698 5870 906 5918 parfaite,
931 5869 1156 5921 physique
1179 5875 1330 5923 agréa¬

300 5925 387 5975 ble,
412 5927 718 5980 propriétaire,
747 5932 852 5980 pelit
882 5931 1058 5980 rentier,
1090 5936 1110 5970 2
1140 5934 1327 5983 enfants,

304 5987 448 6030 désire
480 5991 680 6041 mariage
714 5995 870 6042 rapide
902 6007 1009 6036 avec
1067 5995 1328 6038 demoiselle

302 6060 357 6089 ou
385 6061 526 6094 veuve
555 6053 816 6102 honorable,
846 6068 951 6098 sans
977 6058 1172 6107 enfants,
1202 6059 1328 6098 habi¬

303 6111 399 6152 tant
427 6111 470 6152 la
496 6124 760 6167 campagne,
791 6116 844 6156 de
872 6120 923 6156 30
950 6120 974 6159 à
1001 6122 1052 6160 40
1078 6133 1174 6170 ans,
1205 6120 1323 6168 bien,

302 6176 468 6216 femme
496 6175 775 6227 d’intérieur,
806 6179 954 6219 bonne
983 6184 1123 6232 santé,
1155 6183 1323 6224 certain

303 6237 442 6279 avoir.

352 6321 487 6367 5,839.
514 6319 560 6358 —
587 6319 868 6371 Célibataire,
896 6322 1121 6372 orphelin,
1150 6329 1200 6366 44
1227 6339 1322 6375 ans,

299 6380 422 6423 taille
450 6391 686 6430 movenne,
716 6385 885 6434 élancé,
915 6384 1130 6427 situation
1160 6388 1214 6428 de
1242 6390 1323 6430 l’E¬

298 6443 371 6490 tat,
396 6447 518 6485 3.300
547 6442 707 6492 francs,
731 6450 996 6499 espérances
1022 6460 1028 6486 :
1055 6446 1202 6488 désire
1224 6462 1304 6491 con

298 6504 442 6547 naître
470 6506 738 6547 Demoiselle
790 6522 846 6551 ou
874 6512 1015 6551 Dame
1068 6510 1123 6551 de
1147 6514 1198 6551 32
1223 6512 1247 6552 à
1272 6516 1323 6554 38

298 6575 392 6611 ans,
425 6568 528 6610 bien
560 6579 664 6610 sous
695 6568 794 6611 tous
824 6575 1047 6624 rapports,
1081 6574 1218 6626 ayant
1247 6576 1323 6617 dot

299 6638 355 6666 ou
380 6627 595 6672 situation
620 6630 662 6671 et
684 6642 789 6671 sans
812 6635 1015 6686 charges.

351 6717 486 6765 5,841.
522 6723 576 6762 —
612 6720 894 6770 Célibataire,
933 6726 1044 6774 seul,
1110 6728 1161 6767 42
1223 6738 1319 6775 ans,

298 6772 431 6820 brun,
465 6782 687 6820 personne
746 6775 1015 6827 distinguée,
1078 6780 1322 6821 excellente

298 6834 438 6883 santé,
468 6832 724 6884 épouserait
752 6838 1022 6881 Demoiselle
1050 6854 1107 6883 ou
1163 6854 1319 6890 veuve,

295 6906 399 6937 sans
419 6895 612 6943 enfants,
635 6899 715 6950 âge
732 6912 786 6942 en
807 6901 992 6950 rapport
1011 6903 1052 6943 et
1069 6904 1207 6955 petite
1226 6904 1315 6946 dot.

1482 670 1616 715 5,842.
1648 669 1702 706 —
1734 669 1863 715 Veuf,
1896 670 1947 707 48
1978 679 2072 714 ans,
2107 668 2227 708 deux
2258 668 2452 716 enfants,

1431 728 1523 769 fille
1545 731 1569 767 8
1591 740 1688 776 ans,
1711 741 1879 780 garçon
1906 732 1967 776 16,
1993 740 2075 779 pas
2098 731 2123 770 à
2146 730 2324 780 charge.
2352 730 2456 770 Pro¬

1431 791 1658 841 priétaire,
1696 791 2206 841 commerçant-épicier,
2272 794 2436 843 épouse

1429 852 1515 892 rait
1538 863 1680 894 veuve
1704 864 1760 893 ou
1787 852 2048 893 demoiselle
2102 866 2206 894 sans
2258 853 2452 900 enfants,

1429 915 1638 962 honnête,
1667 915 1747 964 âge
1774 926 1830 954 ou
1858 912 2072 953 situation
2102 927 2155 955 en
2184 914 2370 964 rapport
2396 924 2453 954 ou

1428 975 1518 1015 dot.
1547 974 1768 1015 Resterait
1792 975 1906 1015 dans
1930 985 2182 1016 commerce
2206 987 2263 1015 ou
2288 975 2456 1025 exploi¬

1426 1032 1559 1075 terait
1590 1035 1831 1086 propriété.

1465 1226 1725 1356 Offres
1775 1259 1931 1329 aux
1979 1225 2413 1328 Messieurs

1478 1471 1614 1518 5,694.
1638 1492 1691 1496 —
1714 1470 1863 1508 Veuve
1886 1468 2062 1510 officier
2085 1467 2336 1519 supérieur,
2362 1478 2451 1507 cer¬

1426 1531 1520 1571 tain
1552 1531 1647 1579 âge,
1680 1528 1798 1570 belle
1829 1528 2012 1579 femme,
2048 1528 2272 1578 instruite,
2307 1530 2454 1570 beaux

1427 1600 1619 1630 revenus
1650 1587 1796 1630 désire
1827 1590 2018 1640 épouser
2048 1588 2298 1638 Monsieur,
2334 1588 2454 1628 fonc¬

1427 1647 1665 1695 tionnaire,
1699 1648 1896 1698 retraité,
1958 1647 2202 1699 distingué,
2262 1648 2316 1690 de
2347 1648 2454 1688 bon¬

1427 1720 1482 1748 ne
1515 1707 1656 1754 santé,
1692 1707 1746 1748 de
1778 1711 1830 1748 60
1862 1710 1887 1748 à
1919 1711 1970 1748 65
2003 1718 2099 1756 ans,
2136 1708 2272 1759 ayant
2306 1707 2454 1748 rentes

1426 1766 1687 1807 suffisantes
1712 1778 1827 1818 pour
1852 1767 1931 1807 lui.

1478 1852 1612 1900 5,746.
1646 1855 1700 1895 —
1758 1856 1902 1895 Jeune
1934 1852 2043 1901 fille,
2078 1852 2182 1894 bien
2216 1864 2321 1894 sous
2352 1853 2452 1893 tous

1428 1912 1652 1962 rapports,
1693 1914 1842 1954 bonne
1879 1911 2135 1962 éducation,
2175 1914 2244 1954 art
2260 1912 2448 1962 .d’agré¬

1425 1971 1564 2019 ment,
1602 1971 1776 2013 famille
1810 1971 2072 2020 honorable,
2110 1973 2256 2014 désire
2289 1971 2452 2012 maria¬

1423 2042 1476 2080 ge
1531 2031 1667 2080 jeune
1696 2032 1879 2072 homme
1906 2031 2085 2072 sérieux
2114 2032 2250 2084 ayant
2304 2031 2453 2071 bonne

1424 2090 1655 2131 situation.

1476 2178 1611 2226 5.757.
1645 2177 1699 2215 —
1758 2176 2042 2226 Demoiselle,
2075 2179 2127 2218 26
2158 2188 2254 2224 ans,
2288 2176 2448 2226 brune,

1423 2238 1610 2287 grande,
1646 2235 1854 2276 habitant
1888 2236 2130 2286 Toulouse,
2167 2235 2342 2276 famille
2376 2236 2451 2277 ho¬

1424 2296 1624 2344 norable,
1655 2294 1926 2344 couturière,
1956 2297 2034 2337 dot
2059 2298 2182 2347 5,000
2210 2295 2283 2343 fr.,
2315 2295 2452 2337 situa¬

1423 2355 1515 2396 tion
1550 2366 1656 2395 avec
1687 2355 2069 2405 appointements,
2103 2352 2249 2397 désire
2280 2366 2326 2395 se
2358 2367 2452 2396 ma¬

1423 2415 1511 2455 rier
1542 2424 1649 2454 avec
1679 2414 1929 2464 Monsieur,
1963 2416 2043 2466 âge
2075 2416 2118 2456 et
2147 2414 2362 2455 situation
2393 2426 2449 2456 en

1423 2472 1622 2524 rapport.

1474 2570 1608 2616 5.758.
1642 2570 1696 2607 —
1728 2570 2011 2618 Demoiselle,
2046 2571 2096 2610 43
2128 2580 2224 2619 ans,
2259 2570 2450 2611 honora¬

1423 2627 1547 2668 bilité
1578 2627 1787 2678 parfaite,
1820 2630 1923 2671 bien
1954 2630 2116 2679 élevée,
2151 2629 2448 2679 musicienne,

1423 2687 1648 2727 caractère
1684 2687 1807 2728 doux
1843 2690 1886 2730 et
1921 2690 2192 2738 affectueux,
2231 2690 2352 2738 3,200
2390 2687 2444 2729 fr.

1419 2747 1475 2787 de
1507 2747 1670 2795 rentes,
1706 2747 1944 2788 désirerait
1974 2760 2164 2799 epouser
2198 2747 2446 2796 Monsieur,

1421 2806 1684 2855 honorable,
1718 2808 1991 2859 catholique,
2024 2808 2127 2856 bon,
2160 2808 2242 2858 âge
2271 2807 2312 2847 et
2341 2806 2449 2847 situ¬

1420 2865 1542 2905 ation
1574 2878 1627 2906 en
1659 2867 1859 2918 rapport.

1475 2960 1610 3007 5,762.
1647 2960 1701 2999 —
1766 2960 1948 3000 Femme
2011 2960 2282 3012 distinguée,
2321 2960 2447 3002 meil¬

1420 3019 1519 3060 leur
1543 3019 1723 3067 monde,
1751 3022 1801 3060 42
1825 3031 1921 3068 ans,
1947 3019 2084 3071 jeune
2108 3020 2307 3072 d’aspect
2328 3020 2371 3060 et
2394 3021 2448 3060 de

1419 3091 1558 3127 cœur,
1615 3079 1809 3131 qualités
1836 3080 2032 3120 morales
2086 3081 2130 3121 et
2182 3079 2445 3131 physiques,

1419 3139 1556 3190 ayant
1588 3139 1690 3179 subi
1723 3151 1888 3188 revers,
1924 3140 2180 3190 épouserait
2214 3138 2447 3179 Monsieur

1422 3198 1695 3248 catholique,
1735 3199 2003 3239 sentiments
2039 3198 2242 3247 délicats,
2308 3200 2444 3249 ayant

1420 3256 1600 3296 fortune
1627 3268 1684 3296 ou
1712 3256 1927 3296 situation
1955 3256 2158 3299 libérale.

1471 3352 1607 3399 5,765.
1628 3351 1683 3389 —
1706 3351 1988 3402 Demoiselle,
2013 3353 2174 3402 brune,
2199 3352 2315 3394 belle
2337 3351 2447 3392 fem¬

1418 3423 1504 3459 me,
1532 3412 1585 3450 49
1610 3422 1691 3451 ans
1716 3412 1975 3463 paraissant
2001 3412 2103 3452 bien
2132 3412 2296 3462 moins,
2324 3414 2448 3460 6,000

1419 3471 1571 3512 francs
1602 3471 1655 3511 de
1686 3483 1894 3520 revenus,
1928 3471 2075 3512 désire
2106 3472 2308 3523 mariage
2339 3482 2446 3512 avec

1418 3530 1715 3580 propriétaire
1748 3532 1839 3570 très
1898 3531 2162 3580 honorable,
2227 3531 2447 3572 fonction¬

1417 3588 1543 3627 naire
1574 3599 1631 3627 ou
1662 3587 1836 3628 officier
1866 3600 1920 3628 en
1954 3590 2135 3630 retraite
2166 3591 2370 3640 pouvant
2400 3602 2444 3631 se

1416 3647 1640 3700 déplacer.
1706 3647 1799 3700 Age
1832 3648 1876 3691 et
1908 3648 2090 3692 fortune
2124 3662 2179 3691 en
2241 3652 2441 3702 rapport.

1418 3709 1528 3748 Très
1557 3708 1751 3748 sérieux.

1467 3803 1603 3850 5.768.
1631 3824 1686 3830 —
1742 3803 2026 3853 Demoiselle,
2083 3807 2134 3844 30
2187 3815 2283 3853 ans,
2313 3804 2444 3855 goûts

1415 3862 1618 3912 simples,
1654 3862 1810 3910 douce,
1844 3863 2056 3910 sérieuse,
2092 3864 2276 3914 parents
2308 3864 2444 3904 situa¬

1415 3921 1508 3962 tion
1544 3920 1876 3971 commerciale,
1915 3923 2195 3974 espérances,
2260 3924 2445 3974 épouse¬

1416 3980 1503 4022 rait
1535 3980 1794 4023 célibataire
1827 3994 1884 4022 ou
1918 3982 2024 4023 veuf
2058 3984 2195 4034 ayant
2227 3983 2442 4024 situation

1415 4043 1534 4082 sûre.
1563 4042 1619 4082 Se
1643 4041 1933 4092 déplacerait,
1963 4042 2072 4083 Très
2096 4043 2290 4083 sérieux.

1467 4138 1603 4183 5.769.
1631 4138 1685 4175 —
1736 4138 1881 4176 Jeune
1907 4138 2002 4176 fille
2030 4138 2210 4184 blonde,
2264 4139 2316 4176 25
2343 4150 2439 4187 ans,

1414 4194 1503 4234 très
1537 4194 1656 4243 bien,
1692 4196 1966 4246 catholique,
2002 4196 2079 4238 dot
2111 4198 2234 4244 6,000
2266 4196 2340 4245 fr.,
2376 4207 2443 4238 sa¬

1414 4253 1487 4293 lon
1520 4254 1575 4294 de
1631 4254 1787 4295 modes
1843 4255 2016 4304 grande
2072 4256 2195 4304 ville,
2256 4257 2444 4307 rapport

1412 4315 1535 4363 2,000
1562 4313 1616 4354 fr.
1647 4324 1728 4364 par
1756 4325 1829 4362 an,
1858 4312 2055 4354 céderait
2080 4326 2161 4355 son
2190 4326 2442 4356 commerce

1412 4374 1569 4415 valant
1593 4375 1716 4422 4,000
1742 4374 1798 4415 fr.
1827 4374 2010 4415 suivant
2035 4372 2267 4423 situation,
2295 4374 2442 4415 désire

1414 4434 1615 4484 mariage
1639 4445 1746 4475 avec
1770 4435 1906 4484 jeune
1930 4435 2129 4483 homme,
2158 4434 2276 4482 bien,
2304 4435 2441 4484 ayant

1414 4493 1538 4532 avoir
1569 4494 1612 4534 et
1642 4493 1874 4534 situation.

1464 4587 1600 4632 5.770.
1654 4586 1708 4624 —
1763 4587 2051 4636 Institutrice,
2079 4591 2131 4628 30
2156 4599 2252 4637 ans,
2280 4588 2440 4639 orphe¬

1412 4643 1518 4691 line,
1550 4643 1847 4693 musicienne,
1880 4646 2060 4693 blonde,
2092 4648 2292 4696 gentille,
2353 4647 2440 4688 dis¬

1411 4703 1608 4755 tinguée,
1640 4704 1955 4755 propriétaire,
1987 4706 2067 4743 900
2097 4704 2152 4744 fr.
2186 4706 2242 4746 de
2271 4707 2435 4755 rentes,

1410 4763 1712 4806 honorabilité
1747 4763 1956 4816 parfaite,
2020 4764 2277 4817 épouserait
2311 4765 2439 4805 Mon¬

1411 4824 1532 4865 sieur
1567 4824 1776 4874 honnête,
1814 4824 1963 4866 bonne
1998 4826 2252 4874 éducation,
2290 4826 2438 4866 bonne

1411 4884 1551 4932 santé,
1583 4884 1798 4926 situation
1830 4884 1962 4926 aisée.
1995 4886 2104 4927 Très
2135 4887 2328 4927 sérieux.

1462 4980 1598 5018 5.774.
1623 4981 1678 5018 —
1707 4980 1979 5020 Institutrice
2006 4980 2120 5028 Etat,
2148 4982 2199 5019 27
2224 4992 2320 5028 ans,
2350 4980 2437 5020 dis¬

1410 5037 1607 5088 tinguée,
1670 5041 1937 5091 espérances
1974 5040 2148 5087 100,000
2183 5039 2258 5088 fr.,
2323 5039 2437 5080 dési¬

1407 5098 1510 5139 rant
1538 5098 1706 5148 quitter
1735 5098 2122 5150 l’enseignement,
2180 5099 2437 5150 épouserait

1410 5158 1643 5199 Monsieur
1666 5158 1978 5208 désintéressé,
2004 5160 2055 5199 40
2075 5159 2102 5200 à
2123 5161 2274 5210 60ans,
2299 5160 2436 5211 ayant

1409 5219 1556 5259 rentes
1582 5230 1639 5259 ou
1667 5219 1815 5260 bonne
1840 5218 2071 5260 situation.

1460 5311 1596 5357 5.783.
1628 5311 1683 5348 —
1715 5311 1998 5359 Demoiselle,
2031 5312 2083 5351 48
2113 5322 2209 5358 ans,
2245 5311 2436 5351 instruc¬

1407 5368 1500 5408 tion
1533 5370 1575 5410 et
1605 5370 1844 5411 éducation
1876 5370 2072 5419 soignée,
2134 5368 2432 5419 musicienne,

1407 5428 1555 5468 bonne
1614 5429 1656 5470 et
1688 5429 1907 5470 ancienne
1939 5428 2130 5479 famille,
2190 5428 2434 5480 possédant

1408 5500 1495 5528 une
1529 5488 1756 5539 propriété
1790 5488 1843 5530 de
1875 5490 2026 5538 25,000
2058 5489 2084 5530 à
2116 5491 2266 5538 30,000
2300 5488 2355 5529 fr.
2391 5489 2435 5530 et

1406 5547 1566 5599 petites
1591 5548 1871 5599 espérances,
1899 5549 2156 5600 épouserait
2183 5548 2432 5599 Monsieur,

1407 5608 1510 5648 bien
1539 5608 1676 5656 élevé,
1735 5608 2007 5659 catholique,
2039 5609 2120 5660 âge
2147 5610 2190 5650 et
2217 5610 2432 5651 situation

1407 5677 1460 5706 en
1487 5667 1688 5718 rapport.

1458 5763 1594 5808 5.784.
1619 5763 1673 5802 —
1695 5763 1839 5803 Jeune
1890 5762 1998 5811 fille,
2054 5762 2233 5811 blonde,
2259 5766 2310 5803 24
2334 5776 2430 5813 ans,

1404 5820 1674 5868 couturière,
1703 5822 1806 5862 bien
1834 5834 1938 5863 sous
1963 5823 2064 5863 tous
2090 5823 2153 5863 les
2204 5824 2430 5874 rapports,

1406 5880 1628 5922 caractère
1651 5880 1774 5921 doux
1795 5883 1838 5922 et
1859 5883 2130 5932 affectueux,
2155 5883 2330 5923 aimant
2351 5894 2431 5924 son

1406 5940 1638 5988 intérieur,
1691 5941 1814 5987 2,000
1840 5940 1894 5980 fr.
1923 5942 1979 5982 de
2003 5942 2094 5991 dot,
2148 5944 2428 5995 espérances,

1404 5999 1662 6051 épouserait
1688 5999 1923 6041 Monsieur
1950 6001 2144 6051 sérieux,
2202 6003 2321 6051 bien,
2379 6002 2432 6044 de

1402 6060 1455 6099 28
1474 6060 1500 6099 à
1519 6063 1571 6099 35
1592 6071 1687 6109 ans,
1712 6060 1919 6112 employé
1941 6060 1994 6100 de
2016 6062 2291 6111 préférence.
2319 6063 2431 6103 Bon¬

1403 6117 1518 6157 heur
1547 6119 1716 6159 assuré.

1455 6215 1591 6261 5.795.
1620 6215 1674 6252 —
1704 6215 1986 6264 Demoiselle,
2016 6216 2068 6256 33
2123 6227 2219 6265 ans,
2250 6216 2339 6257 très
2367 6218 2430 6259 sé¬

1405 6271 1567 6322 rieuse,
1607 6274 1819 6316 conduite
1856 6275 2209 6327 irréprochable,
2275 6276 2428 6328 physi¬

1403 6334 1620 6382 quement
1648 6334 1691 6374 et
1720 6335 2022 6375 moralement
2051 6335 2171 6384 bien,
2203 6336 2294 6376 très
2323 6336 2430 6376 bon¬

1402 6403 1457 6431 ne
1491 6390 1762 6434 instruction
1798 6394 2031 6445 primaire,
2068 6406 2123 6435 ne
2185 6395 2430 6447 possédant

1401 6462 1482 6501 pas
1509 6450 1599 6500 dot,
1631 6452 1747 6494 mais
1774 6454 1864 6494 très
1891 6454 2034 6495 active
2062 6455 2103 6496 et
2131 6455 2425 6506 intelligente,

1402 6511 1538 6561 ayant
1563 6523 1624 6551 un
1651 6511 1811 6552 métier
1835 6513 1943 6554 chez
1968 6514 2054 6554 elle
2079 6514 2347 6566 rapportant
2372 6526 2426 6555 en

1401 6580 1624 6620 moyenne
1651 6572 1702 6610 90
1728 6570 1784 6612 fr.
1814 6584 1896 6623 par
1951 6573 2080 6623 mois,
2111 6574 2258 6615 désire
2284 6574 2426 6616 union

1400 6639 1507 6668 avec
1540 6628 1872 6672 fonctionnaire
1931 6643 1989 6673 ou
2023 6632 2258 6674 Monsieur
2291 6636 2428 6684 ayant

1399 6688 1615 6730 situation
1666 6690 1771 6732 sûre
1794 6692 1837 6732 et
1887 6692 2151 6743 honorable,
2177 6692 2283 6734 irait
2304 6694 2331 6734 à
2354 6693 2427 6737 l’é¬

1399 6747 1595 6799 tranger.

1451 6844 1587 6891 5.796.
1619 6868 1674 6874 —
1707 6846 1988 6896 Demoiselle,
2023 6850 2075 6890 36
2104 6860 2202 6899 ans,
2235 6851 2423 6900 grande,

1398 6901 1667 6954 distinguée,
1700 6904 1971 6947 instruction
2000 6907 2043 6949 et
2070 6908 2326 6959 éducation,
2356 6921 2424 6952 ca¬

2531 670 2700 710 ractère
2733 670 2823 710 très
2855 670 3126 719 affectueux,
3161 671 3440 720 d’intérieur,
3475 675 3499 711 5
3532 672 3559 712 à

2531 730 2608 768 600
2628 728 2683 767 fr.
2706 727 2760 769 de
2781 728 2921 778 rente,
2944 728 3092 772 désire
3111 732 3302 782 épouser
3323 731 3557 772 Monsieur

2530 787 2667 839 ayant
2692 787 2907 828 situation
2936 790 3055 838 sûre,
3085 791 3167 841 âge
3194 802 3247 830 en
3276 791 3476 840 rapport.

2583 874 2717 919 5.797.
2749 875 2803 912 —
2832 875 2977 914 Jeune
3007 875 3121 924 fille,
3155 878 3204 916 35
3235 887 3331 923 ans,
3365 875 3557 916 honora¬

2531 931 2655 971 bilité
2687 932 2896 982 parfaite,
2929 934 3139 975 habitant
3197 935 3292 974 Pau
3323 946 3431 975 avec
3488 948 3557 976 ses

2530 991 2712 1040 parents
2743 991 2907 1042 qu’elle
2939 1004 2995 1034 ne
3025 994 3133 1043 peut
3165 992 3332 1044 quitter
3392 996 3435 1036 et
3493 996 3557 1036 les

2531 1050 2685 1090 aidant
2714 1050 2828 1091 dans
2885 1051 2984 1092 leur
3014 1063 3265 1092 commerce
3300 1065 3308 1100 ;
3365 1056 3553 1104 grande,

2530 1110 2687 1156 brune,
2720 1111 2857 1160 petite
2887 1111 2979 1159 dot,
3012 1112 3277 1163 espérances
3307 1114 3450 1163 sûres,
3483 1115 3556 1155 dé¬

2528 1168 2707 1210 sirerait
2733 1170 2936 1221 mariage
2963 1181 3068 1210 avec
3096 1171 3331 1211 Monsieur
3359 1174 3555 1223 sérieux,

2531 1227 2797 1278 intelligent,
2857 1230 2979 1270 doux
3007 1229 3061 1269 de
3091 1231 3331 1279 caractère,
3363 1232 3445 1284 âge
3500 1244 3553 1274 en

2528 1287 2716 1338 rapport
2751 1289 2793 1328 et
2828 1288 2976 1329 bonne
3012 1288 3228 1331 situation
3264 1291 3556 1334 administra¬

2528 1346 2630 1394 tive,
2659 1346 2860 1396 libérale,
2889 1349 3205 1391 commerciale
3232 1362 3289 1391 ou
3316 1351 3465 1392 rentes
3489 1352 3554 1392 lui

2527 1406 2802 1456 permettant
2828 1407 3156 1458 déplacement.

2579 1501 2713 1548 5.798.
2746 1524 2800 1528 —
2831 1502 2867 1540 A
2899 1502 3067 1544 marier
3097 1506 3196 1546 fille
3229 1506 3452 1548 d’officier
3484 1519 3555 1548 su¬

2527 1559 2721 1611 périeur,
2756 1562 2808 1600 23
2841 1572 2937 1610 ans,
2975 1563 3245 1616 distinguée,
3283 1566 3552 1607 instruction

2527 1622 2569 1659 et
2597 1619 2836 1660 éducation
2868 1620 3089 1672 soignées,
3123 1624 3200 1664 dot
3228 1626 3377 1672 60,000
3408 1626 3464 1666 fr.
3499 1638 3552 1666 en

2527 1679 2699 1730 argent,
2736 1679 2993 1731 épouserait
3026 1682 3163 1732 jeune
3197 1684 3383 1724 homme
3417 1687 3555 1736 ayant

2526 1739 2755 1787 situation,
2795 1743 3118 1791 commerçant,
3157 1743 3414 1792 industriel,
3453 1756 3552 1795 pro¬

2526 1798 2737 1848 priétaire
2772 1799 2911 1850 riche,
2948 1800 3201 1851 profession
3237 1801 3439 1844 libérale.

2576 1883 2711 1930 5,800.
2739 1887 2792 1924 —
2820 1887 2985 1935 Veuve,
3017 1899 3121 1928 sans
3149 1888 3344 1937 enfants,
3373 1891 3425 1929 40
3452 1902 3548 1939 ans,

2525 1942 2745 1992 fortunée,
2784 1945 2899 1986 belle
2935 1946 3117 1995 femme,
3156 1947 3451 1998 intelligente,
3489 1951 3552 1990 sé-

2524 2000 2693 2041 riueses
2717 2003 2913 2053 qualités
2939 2004 2992 2044 de
3017 2015 3156 2054 cœur,
3185 2007 3376 2047 cherche
3401 2008 3427 2048 à
3452 2020 3552 2059 par¬

2523 2060 2647 2110 tager
2680 2071 2760 2101 son
2795 2064 3021 2104 existence
3054 2076 3164 2107 avec
3194 2066 3391 2107 honnête
3424 2068 3552 2108 hom¬

2523 2131 2608 2167 me,
2633 2118 2744 2168 jolie
2768 2122 3000 2171 situation,
3028 2124 3110 2175 âge
3135 2136 3188 2166 en
3216 2127 3416 2176 rapport.
3448 2128 3550 2167 Inu¬

2522 2178 2599 2219 tile
2626 2178 2661 2218 si
2691 2191 2772 2229 pas
2800 2182 2993 2222 sérieux.

2569 2271 2705 2319 5,803.
2733 2276 2788 2312 —
2816 2276 2956 2314 Dame
2982 2286 3139 2324 veuve,
3169 2278 3221 2316 53
3248 2287 3344 2324 ans,
3376 2288 3431 2317 ne
3485 2278 3548 2318 les

2518 2331 2776 2384 paraissant
2796 2347 2891 2386 pas,
2915 2337 3101 2386 grande,
3126 2338 3286 2387 brune,
3310 2338 3414 2379 bien
3437 2340 3547 2391 phy¬

2518 2391 2790 2442 siquement,
2828 2395 3054 2443 instruite,
3093 2396 3242 2436 bonne
3277 2398 3420 2447 santé,
3458 2400 3548 2440 mé¬

2518 2454 2695 2503 nagère,
2727 2466 2831 2496 sans
2860 2455 3036 2496 famille
3051 2457 3076 2498 à
3093 2458 3273 2508 charge,
3304 2460 3548 2508 possédant

2518 2515 2624 2566 jolie
2660 2518 2888 2568 propriété
2924 2518 3087 2568 qu’elle
3123 2521 3428 2562 conserverait
3488 2532 3545 2562 ou

2519 2574 2741 2624 vendrait,
2772 2576 2876 2627 plus
2904 2576 3069 2627 capital
3099 2579 3304 2619 donnant
3357 2582 3435 2621 300
3488 2580 3543 2619 fr.

2520 2628 2572 2668 de
2599 2639 2767 2670 revenu
2796 2631 2979 2679 annuel,
3008 2631 3216 2671 s’unirait
3269 2632 3295 2672 à
3348 2634 3543 2680 retraité,

2521 2688 2853 2732 fonctionnaire
2884 2704 2941 2732 ou
2972 2692 3285 2743 propriétaire,
3320 2704 3364 2734 se
3396 2694 3545 2744 dépla¬

2519 2750 2670 2791 cerait.
2695 2775 2749 2780 —
2772 2754 2961 2795 Sérieux
2985 2755 3028 2794 et
3049 2755 3216 2805 pressé.

2571 2848 2707 2895 5.808.
2739 2872 2793 2878 —
2825 2851 3108 2899 Demoiselle,
3141 2853 3192 2891 39
3223 2863 3319 2899 ans,
3352 2851 3545 2902 pianiste

2520 2902 2573 2942 de
2604 2902 2693 2942 très
2723 2904 2871 2952 grand
2901 2904 3056 2954 talent,
3089 2906 3167 2946 dot
3195 2907 3345 2953 20,000
3376 2906 3543 2952 francs,

2519 2964 2775 3014 épouserait
2797 2966 3030 3006 monsieur
3081 2967 3184 3006 bien
3236 2966 3373 3014 élevé,
3399 2967 3544 3017 grand

2519 3026 2724 3066 amateur
2757 3027 2812 3067 de
2844 3027 3069 3076 musique,
3104 3028 3240 3076 ayant
3270 3026 3379 3076 jolie
3409 3028 3544 3069 situa¬

2518 3087 2627 3128 tion.

2571 3187 2707 3234 5.809.
2733 3209 2784 3215 —
2808 3187 3075 3228 Demoiselle
3099 3188 3152 3228 de
3175 3190 3225 3227 38
3247 3199 3344 3236 ans,
3371 3188 3544 3229 famille

2519 3248 2608 3288 très
2640 3250 2903 3298 honorable,
2937 3250 3085 3291 bonne
3116 3250 3372 3298 éducation,
3406 3251 3544 3291 musi¬

2518 3310 2689 3358 cienne,
2717 3310 2885 3351 femme
2909 3311 3187 3359 d’intérieur,
3213 3312 3291 3351 dot
3314 3314 3461 3352 10.000
3485 3312 3540 3351 fr.

2516 3372 2750 3422 comptant
2773 3372 2816 3412 et
2838 3384 2900 3412 un
2925 3372 3136 3412 mobilier
3159 3372 3356 3423 complet
3380 3373 3444 3414 lui
3469 3384 3544 3423 ap¬

2517 3435 2773 3484 partenant,
2805 3434 3061 3484 épouserait
3091 3434 3324 3474 monsieur
3353 3434 3408 3475 de
3437 3436 3488 3474 40
3517 3435 3542 3475 à

2515 3498 2567 3535 50
2596 3508 2677 3536 ans
2707 3497 2843 3547 ayant
2873 3496 3008 3547 petite
3039 3495 3269 3545 situation,
3303 3497 3439 3546 qu’au
3471 3497 3541 3538 be¬

2516 3559 2613 3598 soin
2644 3571 2705 3598 un
2735 3559 2903 3610 emploi
2960 3560 3136 3601 réservé
3192 3559 3539 3610 augmenterait.

2516 3620 2672 3662 Désire
2703 3622 2880 3663 habiter
2912 3634 3019 3662 avec
3049 3634 3129 3663 son
3163 3624 3267 3674 père
3300 3623 3543 3672 possédant

2516 3686 2637 3731 3,500
2666 3683 2818 3724 francs
2847 3683 2901 3724 de
2929 3683 3055 3724 rente
3081 3683 3276 3735 viagère.

2567 3781 2703 3827 5.810.
2732 3782 2787 3818 —
2816 3782 2971 3828 Dame,
3001 3782 3052 3819 38
3080 3792 3176 3829 ans,
3208 3783 3298 3820 très
3327 3782 3537 3830 sérieuse,

2515 3854 2637 3883 assez
2665 3842 2784 3892 bien,
2815 3855 2876 3884 un
2904 3842 3063 3883 enfant
3089 3843 3144 3884 de
3170 3846 3195 3882 7
3221 3854 3304 3882 ans
3331 3843 3372 3883 et
3399 3843 3537 3890 demi,

2515 3906 2663 3946 rentes
2685 3916 2737 3946 en
2765 3905 3037 3947 immeubles
3059 3906 3208 3955 20,000
3232 3904 3397 3954 francs,
3424 3903 3540 3946 belle

2514 3967 2755 4019 propriété,
2783 3968 2928 4008 désire
2952 3968 3153 4018 mariage
3178 3979 3284 4008 avec
3308 3967 3540 4008 monsieur

2514 4030 2651 4082 ayant
2673 4030 2888 4070 situation
2913 4030 3016 4070 d’au
3041 4030 3191 4070 moins
3213 4032 3238 4069 8
3261 4031 3286 4070 à
3312 4032 3459 4078 10,000
3480 4031 3536 4070 fr.

2511 4104 2570 4133 ou
2596 4092 2759 4133 rentes.

2566 4204 2700 4251 5.811.
2728 4203 2783 4240 —
2809 4203 2964 4250 Dame,
2992 4212 3149 4251 veuve,
3179 4203 3229 4240 40
3256 4211 3352 4248 ans,
3381 4200 3540 4241 distin¬

2514 4266 2640 4315 guée,
2679 4265 2855 4304 400.000
2892 4264 3046 4303 francs
3081 4265 3137 4304 de
3173 4264 3265 4312 dot,
3304 4263 3425 4304 deux
3461 4274 3536 4302 en¬

2514 4326 2648 4375 fants,
2673 4326 2783 4366 dont
2805 4337 2865 4366 un
2889 4325 3037 4366 soldat
3057 4326 3100 4365 et
3121 4326 3282 4367 l’autre
3304 4337 3357 4367 en
3381 4326 3462 4377 âge
3484 4324 3538 4366 de

2511 4400 2557 4429 se
2583 4387 2752 4428 marier
2777 4399 2885 4428 avec
2911 4387 3093 4428 fortune
3120 4387 3458 4438 indépendante
3484 4388 3540 4428 de

2511 4450 2609 4490 leur
2640 4451 2760 4500 père,
2792 4448 3049 4501 épouserait
3080 4448 3313 4488 monsieur
3346 4450 3536 4491 honora¬

2511 4511 2597 4559 ble,
2622 4511 2865 4563 distingué,
2889 4512 2944 4552 de
2960 4513 3015 4553 .46
3035 4510 3061 4551 à
3081 4512 3132 4550 50
3152 4522 3248 4558 ans,
3273 4513 3411 4560 ayant
3429 4512 3538 4561 jolie

2511 4574 2740 4614 situation.
2768 4574 2929 4614 Habite
2950 4572 3057 4614 ville
3080 4573 3121 4614 et
3143 4583 3408 4622 campagne.

2563 4674 2697 4711 5.816.
2724 4673 2780 4710 —
2807 4673 2945 4711 Dame
2999 4683 3156 4720 veuve,
3212 4670 3381 4711 certain
3437 4672 3533 4720 âge,

2510 4744 2615 4775 sans
2645 4731 2827 4774 enfants
2883 4734 2931 4772 ni
2990 4734 3156 4784 charge
3186 4743 3377 4780 aucune,
3412 4733 3532 4782 bien,

2510 4796 2677 4836 femme
2708 4795 2987 4844 d’intérieur,
3021 4796 3246 4843 instruite,
3279 4795 3415 4844 petite
3447 4795 3534 4834 for¬

2508 4858 2631 4907 tune,
2661 4858 2808 4898 désire
2836 4858 2976 4897 union
3007 4868 3112 4898 avec
3140 4858 3375 4896 Monsieur
3401 4857 3456 4897 de
3484 4859 3535 4895 40

2508 4919 2534 4958 à
2560 4923 2611 4959 50
2639 4930 2735 4967 ans,
2765 4920 2901 4968 ayant
2929 4930 3123 4960 revenus
3149 4931 3207 4959 ou
3236 4918 3451 4959 situation
3480 4918 3534 4958 de

2507 4983 2531 5020 2
2555 4982 2581 5020 à
2604 4982 2725 5029 3,000
2749 4980 2917 5028 francs,
2944 4980 3003 5020 tel
3029 4992 3089 5019 un
3116 4979 3322 5030 employé
3348 4979 3409 5019 du
3435 4980 3535 5019 che¬

2509 5043 2604 5083 min
2626 5043 2680 5083 de
2702 5041 2769 5083 fer
2789 5054 2848 5082 ou
2868 5042 3011 5082 autre.

2559 5134 2693 5171 5.818.
2729 5132 2784 5170 —
2820 5132 2971 5171 Veuve
3007 5134 3048 5171 et
3085 5130 3305 5179 divorcée,
3344 5132 3395 5171 42
3430 5143 3527 5179 ans,

2506 5203 2609 5232 sans
2636 5192 2825 5240 famille,
2855 5192 3036 5232 fortune
3088 5203 3143 5231 en
3196 5191 3424 5243 propriété
3476 5191 3531 5231 de

2506 5251 2592 5291 bon
2630 5252 2817 5303 rapport
2853 5254 3027 5291 100.000
3063 5252 3136 5299 fr.,
3173 5252 3431 5301 épouserait
3466 5263 3530 5291 re¬

2504 5312 2635 5352 traité
2656 5313 2792 5362 ayant
2812 5311 3000 5362 pension
3021 5310 3077 5351 de
3096 5312 3120 5350 3
3140 5311 3165 5349 à
3184 5311 3307 5349 4.000
3328 5310 3401 5360 fr.,
3425 5323 3530 5351 sans

2503 5371 2699 5419 enfants,
2724 5370 2842 5410 brun
2866 5370 2921 5411 de
2943 5369 3220 5420 préférence.

2558 5478 2693 5523 5.819.
2724 5478 2778 5516 —
2804 5478 2948 5516 Jeune
2978 5476 3090 5524 fille,
3123 5475 3341 5524 élégante,
3375 5474 3532 5516 distin¬

2504 5535 2631 5584 guée,
2655 5535 2705 5574 28
2728 5547 2824 5583 ans,
2848 5547 2904 5575 ne
2924 5535 2989 5575 les
3011 5534 3268 5585 paraissant
3288 5546 3384 5585 pas,
3409 5535 3529 5583 bien,

2505 5594 2640 5644 petite
2665 5594 2743 5635 dot
2767 5595 2808 5635 et
2835 5595 2983 5635 bonne
3008 5594 3239 5642 situation,
3268 5594 3413 5636 désire
3440 5606 3533 5635 ma¬

2507 5652 2628 5703 riage
2653 5664 2760 5693 avec
2784 5654 2920 5703 jeune
2945 5655 3129 5693 homme
3155 5654 3209 5692 de
3233 5655 3285 5692 28
3308 5654 3334 5693 à
3357 5655 3408 5694 35
3433 5665 3529 5701 ans,

2505 5711 2607 5752 bien
2636 5711 2773 5760 élevé,
2803 5712 3029 5763 physique
3056 5712 3281 5763 agréable,
3312 5714 3449 5763 ayant
3476 5712 3532 5752 si¬

2504 5771 2676 5812 tuation
2703 5783 2756 5811 en
2781 5771 2903 5812 ville.

2562 5876 2699 5930 5(821.
2737 5875 2792 5914 —
2828 5875 2995 5924 Veuve,
3033 5877 3084 5915 44
3120 5887 3217 5924 ans,
3257 5875 3379 5925 bien,
3417 5888 3525 5917 avec

2503 5936 2627 5976 rente
2662 5936 2704 5976 et
2738 5936 2793 5977 de
2829 5936 3005 5976 famille
3040 5935 3305 5984 honorable,
3343 5937 3527 5988 épouse¬

2503 5994 2587 6035 rait
2609 5996 2857 6044 monsieur,
2881 5995 3049 6036 rentier
3071 6007 3129 6036 ou
3152 5997 3289 6048 ayant
3311 5995 3525 6038 situation

2501 6055 2798 6106 quelconque.
2831 6056 2924 6107 Age
2954 6054 3230 6096 indifférent.

2552 6154 2688 6200 5.822.
2715 6154 2770 6191 —
2796 6154 2961 6202 Veuve,
2991 6165 3097 6195 sans
3123 6154 3319 6202 enfants,
3348 6155 3399 6194 49
3425 6165 3521 6202 ans,

2500 6214 2554 6254 de
2580 6212 2669 6254 très
2696 6214 2844 6255 bonne
2872 6213 3063 6263 famille,
3092 6214 3337 6255 excellente
3364 6214 3525 6255 éduca¬

2500 6272 2608 6319 tion,
2647 6272 2796 6315 bonne
2829 6272 3126 6314 musicienne.
3165 6274 3400 6315 Caractère
3433 6274 3521 6324 gai,

2500 6334 2648 6372 50.000
2679 6332 2733 6372 fr.
2767 6334 2981 6384 capitaux
3012 6333 3054 6374 et
3084 6334 3243 6372 autant
3272 6333 3525 6384 d’espéran¬

2499 6403 2583 6439 ces,
2607 6391 2821 6434 voudrait
2842 6392 3075 6434 connaître
3098 6393 3281 6432 homme
3303 6391 3359 6432 de
3381 6403 3521 6443 cœur,

2499 6451 2691 6500 sérieux,
2717 6452 2819 6493 bien
2843 6454 2979 6502 élevé,
3004 6452 3217 6492 situation
3241 6464 3295 6492 en
3319 6456 3520 6505 rapport.

2551 6556 2685 6604 5.823.
2712 6559 2766 6596 —
2791 6556 2901 6596 Fille
2952 6556 3171 6598 d’officier
3223 6556 3277 6598 de
3329 6559 3520 6608 réserve,

2499 6616 2755 6666 inspecteur
2788 6618 2843 6659 de
2901 6616 3073 6667 grande
3135 6616 3520 6667 administration,

2497 6678 2548 6716 29
2572 6687 2668 6725 ans,
2694 6676 2854 6726 brune,
2881 6675 3179 6726 musicienne,
3205 6679 3343 6730 ayant
3368 6679 3523 6720 atelier

2498 6736 2551 6776 de
2571 6736 2728 6779 modes
2748 6738 2855 6779 d’un
2877 6738 2964 6776 bon
2988 6738 3174 6788 rapport
3195 6739 3236 6779 et
3256 6739 3522 6790 espérances

2497 6796 2637 6843 sûres,
2696 6796 2843 6837 désire
2898 6798 3089 6847 épouser
3144 6798 3281 6847 jeune
3337 6799 3521 6839 homme

2500 6855 2636 6906 ayant
2672 6855 2820 6898 bonne
2856 6856 3071 6896 situation
3109 6856 3135 6897 à
3172 6858 3425 6907 Bordeaux,
3464 6858 3520 6899 de

2496 6914 2757 6964 préférence
2784 6916 2897 6956 dans
2925 6915 3121 6958 l’armée.

3685 676 3820 722 5.827.
3844 678 3899 716 —
3919 678 4062 716 Jeune
4085 678 4197 724 fille,
4223 679 4275 716 23
4297 690 4395 726 ans,
4421 680 4660 722 charman¬

3632 734 3688 781 te,
3725 735 3884 782 brune,
3921 735 4076 784 douce,
4112 736 4312 777 aimante
4344 738 4387 777 et
4446 740 4658 788 sérieuse,

3631 806 3736 835 sans
3763 795 3932 841 avenir,
3962 796 4099 844 ayant
4124 795 4263 836 filette
4288 796 4343 836 de
4368 799 4392 835 5
4419 810 4515 846 ans,
4546 800 4659 840 dési¬

3631 864 3676 892 re
3703 854 3839 893 union
3864 864 3971 892 avec
3993 853 4129 902 jeune
4153 855 4337 896 homme
4362 858 4498 907 ayant
4521 858 4659 899 situa¬

3629 911 3722 951 tion
3751 914 3868 960 sûre,
3896 923 3952 951 ou
3983 914 4217 954 Monsieur
4244 915 4339 966 âgé.
4370 916 4427 956 Le
4455 917 4659 959 rendrait

3630 971 3847 1019 heureux,
3880 971 3983 1011 irait
4014 972 4260 1023 n’importe
4289 975 4361 1014 où.

3681 1061 3816 1107 5.828.
3837 1061 3891 1098 —
3912 1061 4196 1110 Demoiselle,
4218 1064 4265 1102 31
4289 1075 4386 1111 ans,
4409 1064 4526 1106 belle
4548 1066 4658 1107 fem¬

3629 1129 3713 1165 me,
3737 1118 4005 1168 distinguée,
4028 1119 4179 1160 bonne
4200 1120 4391 1171 famille,
4415 1124 4655 1166 éducation

3628 1178 3669 1217 et
3700 1177 3981 1224 instruction,
4014 1178 4182 1219 femme
4211 1180 4492 1232 d’intérieur,
4551 1186 4657 1224 bon¬

3629 1247 3683 1275 ne
3710 1236 3751 1276 et
3778 1236 4065 1284 affectueuse,
4096 1248 4201 1278 sans
4256 1239 4452 1289 fortune,
4509 1243 4656 1283 désire

3628 1296 3816 1346 épouser
3849 1295 4084 1336 Monsieur
4116 1299 4253 1348 ayant
4285 1298 4500 1340 situation
4534 1303 4653 1350 sûre,

3628 1355 3707 1404 âge
3735 1353 3908 1394 assorti.

3683 1464 3700 1482 «
3732 1448 3865 1495 5,829.
3898 1451 3953 1487 —
3986 1451 4268 1499 Demoiselle,
4304 1451 4652 1505 fonctionnaire,

3627 1508 3678 1546 26
3706 1518 3800 1554 ans,
3832 1518 3913 1556 pas
3943 1507 3996 1547 de
4027 1508 4117 1558 dot,
4151 1511 4308 1551 avenir
4337 1515 4509 1563 assuré,
4543 1515 4656 1556 dési¬

3628 1578 3673 1606 re
3696 1566 3749 1606 de
3773 1567 3868 1606 tout
3891 1578 4016 1606 cœur
4039 1567 4213 1609 donner
4237 1571 4279 1610 et
4301 1574 4503 1614 recevoir
4525 1575 4656 1615 affec¬

3628 1625 3735 1673 tion,
3768 1636 3813 1665 se
3844 1626 3966 1666 créer
3997 1638 4085 1667 une
4144 1628 4335 1671 famille.
4396 1633 4656 1675 Recherche

3628 1684 3880 1731 honnêteté,
3916 1685 4057 1733 santé,
4095 1688 4321 1730 caractère
4383 1692 4652 1733 affectueux.

3627 1743 3975 1784 Fonctionnaire
4007 1756 4065 1787 ou
4100 1747 4337 1790 Monsieur
4369 1751 4506 1801 ayant
4538 1751 4656 1792 belle

3625 1800 3838 1841 situation
3888 1819 3907 1837 »

3679 1891 3812 1938 5,830.
3848 1894 3903 1931 —
3939 1894 4093 1944 Dame,
4157 1896 4377 1946 divorcée,
4443 1900 4493 1939 38
4555 1912 4652 1950 ans,

3625 1951 3747 1989 2.000
3772 1950 3827 1990 fr.
3857 1951 3912 1992 de
3940 1954 4080 2003 rente,
4137 1956 4346 2004 honnête,
4404 1960 4656 2010 sympathi¬

3625 2019 3725 2058 que,
3753 2010 4000 2052 excellente
4028 2012 4216 2062 famille,
4245 2015 4504 2066 épouserait
4528 2020 4653 2059 Mon¬

3626 2067 3746 2107 sieur
3775 2068 3968 2119 sérieux,
4001 2073 4052 2111 45
4080 2074 4106 2112 à
4134 2075 4185 2112 60
4213 2084 4310 2123 ans,
4343 2075 4461 2118 belle
4516 2079 4653 2120 situa¬

3624 2126 3731 2167 tion.

3676 2216 3811 2262 5,833.
3841 2220 3896 2258 —
3924 2220 4087 2268 Veuve,
4116 2223 4168 2260 43
4221 2234 4317 2272 ans,
4375 2226 4649 2276 Bordelaise,

3624 2286 3728 2315 sans
3760 2276 3956 2326 enfants,
3989 2283 4338 2332 commerçante,
4373 2283 4523 2327 bonne
4552 2299 4652 2327 san¬

3624 2333 3677 2379 té,
3713 2333 3927 2386 dévouée,
3964 2337 4258 2390 intelligente,
4294 2344 4473 2392 promet
4504 2346 4653 2387 bonne

3623 2392 3849 2443 affection,
3879 2395 4024 2436 désire
4051 2399 4255 2450 mariage
4281 2412 4389 2442 avec
4416 2404 4652 2446 Monsieur

3621 2450 3711 2490 très
3740 2453 3932 2502 sérieux,
3964 2458 4101 2506 ayant
4130 2459 4396 2510 occupation
4427 2474 4484 2503 ou
4515 2464 4651 2506 situa¬

3621 2508 3713 2549 tion
3739 2513 3842 2554 sûre
3864 2524 3889 2552 a
3914 2514 4167 2558 Bordeaux.

3673 2606 3809 2652 5,838.
3840 2608 3893 2646 —
3925 2608 4215 2662 Institutrice,
4245 2615 4297 2654 29
4325 2626 4423 2664 ans,
4455 2618 4652 2667 orpheli¬

3621 2676 3690 2713 ne,
3721 2667 4017 2717 musicienne,
4045 2674 4232 2722 grande,
4261 2676 4463 2727 gentille,
4492 2679 4651 2719 distin¬

3619 2727 3748 2776 guée,
3781 2742 3927 2780 prop.,
3959 2732 4038 2770 900
4069 2732 4222 2775 francs
4252 2735 4307 2776 de
4338 2739 4477 2787 rente,
4512 2740 4651 2782 hono¬

3619 2788 3799 2831 rabilité
3833 2790 4041 2842 parfaite,
4079 2796 4335 2846 épouserait
4396 2800 4645 2850 Monsieur,

3620 2851 3671 2888 30
3692 2851 3717 2890 à
3739 2855 3789 2892 45
3811 2866 3905 2901 ans,
3932 2854 4080 2896 bonne
4103 2859 4228 2899 santé
4252 2859 4293 2899 et
4313 2859 4569 2911 éducation,
4596 2863 4651 2903 si¬

3619 2911 3792 2954 tuation
3821 2915 3952 2955 aisée.
3981 2915 4092 2957 Très
4117 2919 4311 2960 sérieux.

3672 3002 3808 3048 5,843.
3835 3006 3882 3043 —
3909 3006 4192 3055 Demoiselle,
4219 3011 4271 3048 29
4322 3022 4417 3059 ans,
4473 3011 4649 3053 famille

3618 3061 3881 3114 honorable,
3911 3066 4150 3107 éducation
4180 3071 4375 3119 soignée,
4407 3072 4647 3114 musicien¬

3619 3135 3687 3171 ne,
3720 3128 3976 3175 ménagère,
4007 3127 4083 3168 dot
4117 3142 4124 3168 :
4156 3130 4407 3175 immeuble
4463 3147 4648 3187 rappor¬

3619 3184 3715 3225 tant
3735 3190 3759 3226 6
3777 3188 3803 3227 à
3822 3190 3900 3228 800
3920 3188 4085 3238 francs,
4109 3194 4289 3242 espèces
4310 3196 4457 3235 12.000
4477 3196 4644 3245 francs,

3617 3247 3884 3295 espérances
3912 3250 4147 3300 certaines,
4207 3255 4463 3304 épouserait
4519 3258 4647 3298 Mon¬

3617 3307 3739 3348 sieur
3765 3312 3958 3359 sérieux,
3988 3312 4202 3354 situation
4229 3316 4333 3355 sûre
4360 3326 4413 3355 en
4441 3319 4643 3368 rapport.

3619 3370 3769 3411 Ecrire
3792 3384 3881 3411 aux
3905 3374 4102 3422 parents.

3623 3577 4643 3708 COURRIER

3865 3750 3944 3795 Du
3983 3751 4132 3796 Trait
4167 3751 4391 3799 d’Union

3667 3931 3724 3971 Le
3776 3934 4025 3983 Directeur,
4077 3938 4168 3978 très
4191 3939 4360 3991 occupé
4384 3939 4409 3983 à
4432 3941 4476 3983 la
4500 3943 4643 3984 trans¬

3616 3991 3803 4033 mission
3835 3994 3913 4034 des
3945 3995 4112 4045 lettres,
4147 3999 4189 4038 et
4220 4000 4405 4050 n’ayant
4436 4014 4517 4052 pas
4548 4004 4643 4044 tou¬

3612 4052 3741 4102 jours
3765 4053 3807 4094 le
3831 4054 3980 4104 temps
4031 4055 4088 4095 de
4140 4056 4366 4106 répondre
4391 4062 4644 4111 gracieuse¬

3615 4113 3739 4154 ment
3767 4125 3856 4154 aux
3884 4114 4132 4155 demandes
4160 4115 4238 4166 qui
4267 4115 4332 4156 lui
4362 4121 4464 4159 sont
4492 4122 4641 4162 adres¬

3613 4172 3723 4220 sées,
3751 4185 3776 4212 a
3800 4174 3956 4215 décidé
3980 4175 4024 4215 la
4048 4175 4245 4216 création
4272 4175 4333 4215 du
4360 4176 4477 4217 Petit
4504 4179 4641 4219 Cour¬

3613 4230 3716 4270 rier.

3667 4290 3853 4341 Chaque
3876 4294 4092 4343 semaine,
4117 4295 4181 4336 les
4204 4295 4403 4337 abonnés
4424 4296 4503 4347 qui
4525 4298 4640 4338 dési¬

3613 4348 3712 4387 rent
3739 4363 3799 4389 un
3829 4352 4197 4403 renseignement
4224 4356 4278 4396 de
4305 4356 4348 4396 la
4401 4356 4637 4406 direction,

3612 4408 3876 4450 trouveront
3905 4411 4020 4451 dans
4051 4423 4099 4453 ce
4132 4415 4344 4455 Courrier
4375 4415 4418 4456 la
4449 4418 4638 4467 réponse

3611 4467 3636 4507 à
3662 4467 3759 4508 leur
3785 4468 4025 4518 demande,
4053 4471 4196 4521 jointe
4223 4487 4281 4515 au
4308 4478 4500 4518 numéro
4527 4476 4639 4518 d’or¬

3612 4528 3689 4567 dre
3716 4528 3793 4579 qui
3821 4528 3919 4567 leur
3944 4530 4009 4568 est
4035 4531 4247 4574 attribué.

3665 4587 3745 4628 Les
3771 4599 4017 4639 personnes
4043 4591 4120 4640 qui
4148 4592 4380 4640 préfèrent
4433 4607 4523 4637 une
4575 4598 4640 4636 ré¬

3612 4659 3751 4698 ponse
3772 4648 4072 4699 personnelle,
4096 4661 4178 4700 par
4200 4650 4344 4701 lettré,
4369 4656 4471 4696 sont
4492 4656 4639 4707 priées

3612 4707 3665 4747 de
3696 4719 3810 4748 nous
3840 4719 4033 4759 envoyer
4064 4720 4124 4748 un
4157 4710 4324 4752 timbre
4352 4723 4469 4762 pour
4499 4715 4544 4755 la
4573 4716 4638 4756 ré¬

3611 4778 3763 4816 ponse.

3713 4954 4213 4994 CORRESPONDANCE
4256 4959 4432 4995 ENTRE
4475 4962 4537 4996 LE

3709 5008 4017 5046 DIRECTEUR
4057 5013 4121 5046 ET
4160 5012 4252 5047 SES
4290 5013 4540 5051 ABONNES

3661 5167 3784 5208 Ceux
3809 5167 3864 5209 de
3891 5182 3972 5210 nos
3999 5172 4215 5222 abonnés,
4244 5173 4321 5224 qui
4376 5185 4492 5225 pour
4545 5187 4633 5215 une

3608 5226 3758 5267 raison
3788 5228 4087 5280 quelconque,
4119 5244 4175 5272 ne
4229 5234 4500 5275 voudraient
4553 5247 4635 5286 pas

3605 5286 4010 5329 continuellement
4029 5292 4235 5332 adresser
4256 5294 4355 5334 leur
4374 5305 4634 5346 correspon¬

3607 5346 3748 5387 dance
3773 5359 3831 5387 au
3860 5348 4040 5399 journal
4068 5351 4108 5391 le
4135 5352 4261 5391 Trait
4287 5353 4499 5403 d’Union,
4528 5366 4633 5406 peu¬

3604 5406 3721 5455 vent,
3755 5407 3848 5448 s’ils
3879 5408 3918 5448 le
3948 5408 4161 5458 désirent,
4195 5423 4311 5451 nous
4341 5414 4631 5456 transmettre

3607 5466 3728 5508 leurs
3757 5467 3909 5508 lettres
3939 5480 3997 5509 au
4029 5482 4135 5511 nom
4167 5471 4221 5511 de
4250 5472 4362 5512 Jean
4395 5475 4532 5523 Bach,
4563 5476 4628 5523 26,

3606 5538 3685 5566 rue
3713 5527 3936 5578 d’Astorg,
3968 5529 4208 5571 Toulouse.

3656 5619 3710 5623 —
3736 5596 3940 5637 Certains
3965 5596 4020 5638 de
4047 5610 4128 5639 nos
4153 5599 4355 5640 abonnés
4380 5600 4633 5643 s’étonnent

3605 5655 3659 5694 de
3684 5655 3882 5695 recevoir
3905 5656 3984 5696 des
4009 5656 4161 5698 lettres
4185 5659 4240 5699 de
4264 5659 4480 5700 numéros
4504 5672 4559 5700 ne
4584 5660 4632 5699 fi¬

3603 5715 3771 5763 gurant
3792 5727 3873 5766 pas
3894 5727 3973 5756 sur
3993 5715 4035 5757 le
4056 5718 4263 5759 Journal.
4289 5719 4413 5760 Nous
4434 5731 4633 5762 sommes

3603 5774 3775 5825 obligés
3801 5775 3856 5815 de
3883 5775 3982 5815 leur
4009 5778 4234 5828 répondre
4260 5790 4348 5828 que
4375 5789 4446 5819 ces
4473 5782 4627 5820 numé¬

3604 5844 3676 5874 ros
3700 5834 3893 5875 existent
3917 5835 4182 5877 réellement
4207 5838 4323 5878 mais
4375 5839 4499 5879 n’ont
4550 5851 4631 5890 pas

3603 5893 3853 5935 d’annonce
3881 5895 3996 5935 dans
4022 5895 4063 5936 le
4088 5896 4288 5946 journal.

3657 5952 3780 5994 Nous
3805 5954 4025 6004 profitons
4052 5956 4107 5996 de
4157 5955 4269 5996 cette
4321 5955 4631 5999 circonstance

3604 6023 3717 6062 pour
3749 6014 3958 6064 rappeler
3989 6026 4080 6055 aux
4111 6015 4325 6055 numéros
4356 6018 4475 6064 5820,
4508 6019 4628 6066 5800,

3600 6074 3720 6120 5797,
3751 6075 3871 6122 5794,
3903 6075 4022 6122 5789,
4055 6076 4173 6122 5785,
4205 6075 4324 6121 5781,
4356 6077 4475 6124 5771,
4508 6078 4627 6125 5764,

3601 6132 3707 6171 5762
3732 6156 3785 6160 —
3813 6132 3869 6172 ils
3897 6133 3997 6172 sont
4027 6134 4281 6173 nombreux
4306 6156 4361 6162 —
4389 6135 4524 6186 qu’ils
4553 6147 4629 6178 au¬

3603 6190 3748 6231 raient
3773 6192 3869 6232 tout
3895 6191 4056 6232 intérêt
4080 6192 4105 6231 à
4132 6191 4257 6232 avoir
4283 6204 4372 6234 une
4424 6206 4629 6236 annonce

3603 6250 3716 6290 dans
3745 6251 3785 6291 le
3813 6250 4012 6300 journal.

3652 6342 3708 6347 —
3731 6320 3796 6359 On
3824 6330 3939 6358 nous
3963 6330 3988 6358 a
4011 6320 4239 6368 prévenus
4263 6322 4517 6372 également
4541 6334 4628 6372 que

3599 6378 3793 6418 certains
3843 6376 4045 6418 abonnés
4095 6379 4348 6420 oubliaient
4396 6382 4452 6421 de
4475 6380 4628 6431 signer

3601 6438 3723 6477 leurs
3746 6436 3898 6477 lettres
3921 6436 3976 6478 de
4000 6436 4100 6480 leur
4124 6442 4316 6480 numéro
4339 6440 4531 6480 d’ordre.
4561 6442 4625 6480 En

3601 6496 3801 6546 agissant
3827 6495 3943 6536 ainsi
3970 6496 4025 6537 ils
4051 6511 4107 6539 ne
4132 6499 4315 6539 doivent
4340 6498 4444 6547 plus
4469 6499 4628 6540 s’éton¬

3600 6566 3680 6595 ner
3713 6566 3800 6606 que
3832 6554 3956 6598 leurs
3988 6556 4140 6599 lettres
4172 6556 4339 6598 restent
4397 6568 4503 6599 sans
4563 6560 4628 6602 ré¬

3600 6623 3776 6664 ponses.

3649 6706 3705 6711 —
3734 6684 3856 6726 Tous
3886 6695 3968 6725 nos
3997 6684 4198 6724 abonnés
4228 6684 4329 6726 sont
4359 6686 4481 6737 priés
4539 6688 4628 6728 d’a¬

3599 6742 3776 6784 dresser
3804 6744 3956 6784 lettres
3983 6743 4024 6783 et
4051 6744 4379 6795 observations,
4411 6759 4500 6787 non
4531 6747 4555 6787 à
4583 6747 4625 6787 la

3599 6802 3773 6854 Rapide
3805 6804 3995 6852 Agence,
4056 6803 4173 6843 mais
4205 6815 4262 6843 au
4320 6805 4504 6855 journal
4563 6806 4623 6846 du

3600 6861 3725 6902 Trait
3749 6862 3959 6910 d’Union,
3984 6863 4049 6911 26,
4103 6875 4184 6904 rue
4235 6864 4457 6915 d’Astorg,
4512 6866 4624 6904 Tou¬

3597 6919 3736 6960 louse.
