5144 7135
2458 380 2530 420 LE
2562 379 2745 423 TRAIT
2774 384 3021 429 D'UNION

610 477 729 517 6248.
758 475 1192 517 Tarn-et-Garonne.
1218 500 1272 506 —
1298 477 1441 516 Jeune
1467 474 1581 523 fille,

555 536 608 575 22
632 546 728 584 ans,
755 535 851 577 fille
874 535 931 577 de
953 534 1275 586 commerçant,
1306 535 1444 585 ayant
1467 531 1585 575 belle

556 592 787 642 situation,
817 593 977 643 brune,
1006 593 1232 646 physique
1259 591 1483 645 agréable,
1512 603 1583 633 ex¬

556 652 744 693 cellente
768 652 909 701 santé,
935 652 1160 695 caractère
1182 653 1271 694 très
1292 651 1366 703 gai
1389 652 1432 692 et
1452 652 1582 692 affec¬

555 710 708 760 tueux,
743 711 877 761 goûts
906 710 1108 761 simples,
1142 710 1317 751 aimant
1347 710 1579 758 intérieur,

556 769 812 820 épouserait
861 768 1097 810 Monsieur
1144 769 1199 810 de
1248 771 1298 809 27
1321 769 1347 809 à
1395 771 1445 808 30
1483 780 1579 817 ans,

557 829 689 877 brun,
720 829 811 869 très
836 828 1029 877 sérieux,
1075 829 1301 869 caractère
1343 827 1580 878 analogue,

555 886 869 936 désintéressé,
897 887 1114 929 situation
1168 889 1273 930 sûre
1298 888 1413 928 dans
1465 899 1583 928 com¬

557 957 705 989 merce
731 959 789 989 ou
820 947 1057 997 industrie,
1089 947 1298 988 habitant
1326 947 1579 987 Bordeaux.

557 1004 763 1057 Envoyer
786 1007 939 1058 photo.
967 1006 1079 1047 Très
1102 1006 1294 1047 sérieux.

611 1101 747 1142 Aider
766 1111 824 1142 au
846 1102 1122 1142 relèvement
1141 1104 1278 1142 social
1299 1105 1342 1143 et
1362 1104 1505 1143 moral
1529 1103 1583 1143 de

558 1161 601 1201 la
624 1161 778 1202 nation
804 1172 858 1201 en
884 1163 1051 1202 luttant
1074 1164 1226 1202 contre
1252 1163 1291 1204 le
1315 1161 1492 1211 célibat,
1518 1163 1583 1203 fa¬

556 1220 700 1260 ciliter
735 1221 797 1261 les
831 1220 1058 1270 mariages
1091 1231 1173 1269 par
1206 1233 1266 1262 un
1300 1220 1494 1270 système
1528 1222 1582 1260 de

556 1281 671 1320 mise
688 1289 743 1318 en
763 1280 955 1320 relation
975 1279 1154 1319 sérieux
1175 1284 1217 1320 et
1237 1280 1417 1320 discret:
1437 1283 1495 1321 tel
1518 1284 1584 1323 est

558 1339 596 1379 le
618 1338 699 1378 but
721 1339 775 1379 de
798 1340 839 1378 la
863 1339 1105 1379 Direction.

606 1432 725 1472 6249.
760 1432 912 1475 Veuve
969 1431 1188 1473 d’officier
1247 1433 1500 1484 supérieur,
1533 1436 1581 1475 41

553 1501 650 1538 ans,
680 1491 797 1532 belle
826 1491 1009 1540 femme,
1057 1491 1327 1542 distinguée,
1357 1494 1583 1534 caractère

553 1549 674 1590 doux
722 1551 765 1591 et
810 1550 1081 1598 affectueux,
1130 1551 1377 1593 excellente
1423 1552 1585 1594 éduca¬

554 1608 662 1657 tion,
693 1611 802 1660 goût
828 1609 1031 1660 simples,
1063 1611 1202 1662 ayant
1228 1620 1422 1652 revenus
1450 1614 1493 1652 et
1520 1623 1583 1652 es¬

553 1666 771 1718 pérances
791 1667 883 1710 très
905 1668 1047 1717 sûres,
1071 1670 1330 1719 épouserait
1350 1671 1583 1712 monsieur

552 1726 746 1772 sérieux,
792 1728 976 1768 homme
1003 1728 1059 1770 de
1100 1740 1239 1777 cœur,
1268 1731 1406 1780 ayant
1446 1731 1583 1772 situa¬

551 1784 660 1826 tion.
691 1786 786 1835 Age
807 1785 1086 1829 indifférent.

604 1880 723 1919 6250.
755 1880 935 1919 Nantes.
960 1903 1015 1909 —
1040 1882 1192 1922 Veuve
1231 1882 1288 1924 de
1327 1883 1579 1934 magistrat,

552 1939 603 1978 48
625 1950 722 1986 ans,
748 1938 972 1988 instruite,
997 1939 1268 1992 distinguée,
1293 1943 1420 1983 santé
1441 1947 1583 1984 excel¬

552 1996 685 2045 lente,
717 1999 877 2047 petites
906 1999 1069 2048 rentes,
1100 2002 1239 2049 ayant
1265 2002 1463 2052 éprouvé
1492 2003 1584 2043 très

549 2055 722 2105 grands
766 2056 996 2107 chagrins,
1044 2058 1302 2110 épouserait
1347 2063 1584 2103 monsieur

552 2114 606 2157 de
631 2117 682 2155 50
706 2116 732 2156 à
757 2117 809 2156 60
833 2128 930 2163 ans,
958 2116 1290 2162 fonctionnaire
1317 2120 1498 2162 retraité
1522 2134 1581 2162 ou

550 2175 861 2225 commerçant
914 2175 1050 2218 retiré
1103 2179 1242 2229 ayant
1296 2179 1494 2232 quelque
1520 2191 1582 2221 ai¬

551 2242 699 2274 sance.

603 2330 723 2370 6252.
789 2330 1059 2374 Sud-Ouest.
1120 2357 1175 2363 —
1236 2335 1584 2376 Fonctionnaire

552 2388 666 2437 Etat,
695 2392 743 2429 31
772 2401 869 2438 ans,
927 2394 1047 2431 1.700
1075 2393 1130 2433 fr.
1161 2393 1420 2435 traitement
1475 2407 1583 2437 avec

549 2450 861 2497 avancement,
921 2451 1179 2500 épouserait
1223 2455 1457 2496 monsieur
1514 2467 1582 2496 ro¬

551 2505 695 2555 buste,
756 2508 966 2557 honnête,
1016 2510 1347 2554 fonctionnaire
1404 2525 1461 2556 ou
1493 2523 1581 2555 tra¬

549 2565 745 2607 vailleur
774 2567 973 2609 instruit.
1008 2570 1221 2612 Pourrait
1249 2582 1296 2612 se
1324 2573 1549 2624 déplacer.

601 2661 720 2700 6255.
752 2660 893 2701 Aude.
917 2686 973 2692 —
1015 2663 1285 2707 Demoiselle
1336 2667 1473 2716 seule,
1529 2670 1581 2708 48

550 2728 647 2766 ans,
671 2719 886 2760 ancienne
909 2720 1118 2762 noblesse
1139 2722 1197 2762 du
1228 2725 1325 2764 côté
1353 2727 1579 2775 maternel,

549 2771 847 2813 honorabilité
874 2775 1079 2826 parfaite,
1101 2781 1236 2826 ayant
1265 2789 1318 2818 eu
1349 2790 1501 2819 revers
1529 2779 1583 2820 de

550 2824 737 2876 fortune,
779 2826 927 2867 désire
966 2829 1157 2879 épouser
1203 2831 1431 2872 monsieur
1469 2843 1583 2884 pour

551 2877 592 2918 la
611 2879 830 2920 seconder
858 2881 971 2923 dans
999 2893 1079 2923 son
1111 2894 1374 2927 commerce.
1407 2888 1582 2928 Promet

548 2942 722 2981 amour,
747 2932 1045 2975 dévouement
1063 2939 1104 2975 et
1126 2937 1248 2978 soins
1279 2940 1527 2980 affectueux
1555 2944 1582 2980 à

548 2994 628 3025 son
652 2986 780 3027 mari.

606 3078 665 3118 Ne
699 3080 907 3129 craignez
937 3091 1018 3130 pas
1049 3081 1103 3123 de
1136 3094 1247 3125 vous
1279 3089 1576 3133 compromet¬

548 3138 614 3177 tre
635 3146 690 3177 en
712 3137 864 3178 disant
912 3150 999 3188 que
1020 3150 1133 3182 vous
1179 3142 1271 3184 êtes
1291 3144 1469 3185 abonné
1516 3157 1576 3187 au

548 3194 673 3236 Trait
700 3197 910 3237 d’Union.

597 3289 715 3329 6256.
763 3289 1153 3334 Haute-Garonne.
1196 3296 1250 3335 —
1306 3297 1575 3339 Demoiselle

541 3349 595 3387 24
617 3360 714 3398 ans,
770 3349 1122 3402 irréprochable,
1178 3355 1337 3404 brune,
1368 3360 1386 3396 1
1415 3368 1476 3397 m.
1504 3360 1569 3406 65,

543 3406 619 3447 dot
650 3409 795 3448 10.000
823 3409 898 3458 fr.,
927 3412 1088 3453 autant
1114 3414 1394 3464 espérances,
1423 3416 1574 3457 bonne

542 3465 780 3508 éducation
826 3468 870 3510 et
926 3469 1211 3518 instruction,
1272 3475 1569 3526 musicienne,

540 3525 651 3574 goût
678 3526 881 3577 simples,
915 3528 1084 3572 femme
1113 3531 1392 3583 d’intérieur,
1425 3535 1574 3576 désire

543 3583 744 3634 mariage
788 3585 895 3627 civil
924 3600 1032 3629 avec
1072 3590 1210 3638 jeune
1239 3592 1423 3634 homme
1465 3596 1516 3635 27
1546 3595 1572 3635 à

539 3643 592 3682 35
611 3654 708 3693 ans,
732 3646 872 3693 ayant
889 3646 1120 3689 situation.

595 3737 713 3776 6260.
744 3737 996 3780 Bordeaux.
1020 3763 1073 3769 —
1100 3742 1372 3784 Demoiselle
1393 3746 1445 3784 35
1468 3756 1565 3795 ans,

543 3793 645 3833 bien
677 3795 841 3841 élevée,
890 3798 1115 3842 caractère
1161 3801 1432 3852 affectueux,
1466 3815 1570 3856 apùe

541 3864 598 3893 au
625 3864 892 3902 commerce,
920 3858 1111 3899 sachant
1134 3860 1305 3909 diriger
1332 3861 1564 3912 intérieur,

538 3912 674 3960 goûts
700 3912 903 3964 simples,
949 3916 1207 3966 épouserait
1249 3921 1482 3963 monsieur
1511 3923 1567 3963 de

539 3972 591 4010 35
615 3970 641 4010 à
666 3973 718 4013 45
742 3985 838 4022 ans,
894 3976 1030 4023 ayant
1055 3977 1270 4020 situation
1325 3983 1368 4021 et
1393 3981 1567 4023 aimant

539 4028 610 4070 vie
638 4029 693 4069 de
721 4031 910 4074 famille.
942 4034 1052 4075 Très
1079 4037 1272 4078 sérieux.

591 4120 710 4159 6264.
741 4120 982 4163 Toulouse.
1011 4147 1066 4154 —
1095 4127 1364 4171 Demoiselle
1391 4131 1447 4171 de
1475 4132 1567 4172 très

539 4176 687 4221 bonne
716 4178 907 4227 famille,
939 4182 1041 4222 bien
1072 4195 1177 4226 sous
1204 4186 1306 4228 tous
1336 4191 1560 4241 rapports,

537 4237 788 4287 orpheline,
815 4239 892 4280 dot
914 4243 1091 4283 300.000
1114 4243 1280 4294 francs,
1307 4248 1564 4298 épouserait

539 4297 771 4337 monsieur
791 4299 846 4339 de
867 4301 917 4340 40
937 4299 964 4340 à
983 4303 1035 4340 50
1055 4314 1152 4348 ans,
1176 4305 1264 4344 bon
1284 4307 1559 4359 catholique,

537 4354 673 4403 ayant
697 4355 928 4399 situation.

589 4459 708 4498 6265.
746 4460 1137 4506 Haute-Garonne.
1167 4489 1222 4494 —
1254 4470 1394 4511 Dame
1425 4471 1561 4512 abon¬

537 4516 617 4557 née
642 4528 749 4559 sans
773 4532 992 4564 annonce.

586 4621 706 4666 6268.
767 4624 999 4678 Aveyron.
1049 4630 1094 4671 —
1169 4631 1309 4673 Dame
1366 4633 1567 4676 abonnée

530 4694 635 4724 sans
655 4696 874 4727 annonce.

582 4777 700 4819 6269.
726 4779 855 4820 Gers.
881 4782 927 4823 —
960 4783 1259 4834 Demoiselle,
1283 4790 1332 4826 33
1354 4800 1450 4838 ans,
1480 4790 1567 4831 fille

530 4838 708 4888 unique,
735 4839 956 4890 instruite,
983 4846 1071 4884 très
1099 4845 1244 4886 bonne
1272 4851 1563 4901 musicienne,

527 4903 660 4951 ayant
724 4901 936 4944 situation
1004 4911 1334 4961 avantageuse,
1417 4914 1566 4955 désire

525 4962 714 5012 épouser
750 4964 968 5015 Docteur,
1011 4970 1093 5019 âge
1133 4973 1313 5021 assorti,
1357 4985 1466 5015 avec
1507 4987 1564 5017 ou

525 5034 632 5064 sans
653 5024 840 5067 fortune.
864 5027 1075 5071 Clientèle
1097 5034 1294 5074 assurée.

580 5116 699 5155 6270.
732 5116 859 5157 Gers.
885 5139 935 5146 —
958 5120 1098 5161 Dame
1121 5132 1278 5169 veuve,
1306 5126 1355 5164 25
1387 5136 1485 5175 ans,
1508 5126 1563 5167 de

526 5177 617 5215 très
656 5175 801 5217 bonne
837 5179 1018 5230 famille,
1039 5181 1117 5234 joli
1157 5185 1389 5236 physique,
1420 5187 1563 5230 douce

525 5239 567 5276 et
587 5238 874 5289 affectueuse,
909 5243 1071 5283 femme
1095 5245 1367 5297 d'intérieur,
1391 5250 1561 5291 éduca¬

523 5297 615 5339 tion
653 5301 854 5352 parfaite,
879 5307 1003 5344 4.000
1039 5306 1093 5347 fr.
1131 5312 1278 5350 rentes
1311 5312 1558 5363 annuelles,

524 5362 779 5412 épouserait
828 5366 1058 5407 Monsieur
1104 5371 1373 5424 catholique,
1424 5380 1560 5427 ayant

521 5422 671 5466 bonne
693 5426 921 5468 situation.

575 5518 679 5559 6275
729 5521 1137 5565 Lot-et-Garonne.
1165 5548 1216 5553 —
1251 5529 1419 5576 Veuve,
1449 5541 1559 5571 sans

520 5578 709 5630 enfants,
734 5583 787 5621 35
812 5594 908 5632 ans,
933 5583 1051 5634 bien,
1088 5590 1188 5637 apte
1213 5600 1269 5629 au
1290 5600 1556 5643 commerce,

520 5639 596 5680 dot
633 5644 756 5682 2.000
794 5644 844 5684 fr.
894 5650 937 5686 et
976 5649 1257 5700 espérances,
1306 5653 1556 5704 épouserait

521 5701 867 5757 fonctionnaire,
916 5710 1092 5750 ouvrier
1141 5723 1196 5754 ou
1238 5721 1554 5767 commerçant,

518 5769 654 5816 ayant
673 5768 899 5810 situation.
922 5772 1019 5822 Age
1046 5773 1311 5817 indifférent.
1337 5777 1493 5819 Inutile
1514 5781 1554 5819 si

519 5838 602 5877 pas
623 5829 817 5872 sérieux.

574 5920 692 5958 6278.
722 5921 974 5963 Bordeaux.
994 5926 1048 5963 —
1071 5927 1338 5969 Demoiselle
1360 5929 1448 5973 très
1471 5931 1546 5971 ho¬

523 5977 723 6027 norable,
754 5979 904 6023 bonne
934 5980 1123 6033 famille,
1155 5985 1258 6029 bien
1289 5999 1396 6029 sous
1449 5991 1549 6031 tous

526 6039 748 6086 rapports,
780 6040 994 6082 situation
1024 6046 1356 6094 commerciale,
1387 6048 1552 6089 désire¬

524 6094 610 6133 rait
637 6097 840 6148 mariage
865 6111 971 6140 avec
1000 6102 1234 6144 monsieur
1260 6106 1315 6145 de
1341 6108 1392 6145 45
1419 6107 1445 6147 à
1500 6110 1551 6148 50

521 6165 618 6202 ans,
643 6154 792 6199 bonne
813 6158 1052 6201 éducation
1077 6161 1121 6201 et
1143 6163 1357 6205 situation
1382 6164 1548 6207 sérieu¬

521 6224 582 6262 se,
608 6213 780 6257 France
802 6229 859 6259 ou
885 6218 1118 6271 Etranger.

569 6309 688 6351 6284.
710 6310 1173 6356 Tarn-et-Garonne.
1193 6337 1243 6345 —
1261 6318 1416 6360 Jeune
1439 6320 1553 6368 fille,

516 6366 568 6406 24
588 6378 686 6416 ans,
710 6367 866 6420 brune,
886 6371 1085 6422 gentille,
1108 6373 1212 6414 bien
1234 6376 1401 6428 élevée,
1421 6384 1554 6430 ayant

517 6426 662 6474 15,000
699 6427 748 6468 fr.
790 6428 879 6480 dot,
923 6431 1182 6483 épouserait
1218 6437 1422 6489 employé
1463 6439 1553 6479 très

509 6485 703 6536 sérieux,
722 6488 982 6531 célibataire
999 6503 1056 6532 ou
1075 6494 1190 6543 veuf,
1206 6493 1262 6535 de
1278 6498 1326 6536 27
1343 6500 1366 6536 à
1383 6497 1435 6536 40
1450 6508 1548 6550 ans,

511 6549 648 6595 ayant
668 6546 815 6588 bonne
835 6549 1067 6593 situation.

566 6642 624 6684 Le
645 6643 772 6684 Trait
795 6645 988 6687 d’Union
1014 6651 1120 6695 peut
1143 6648 1234 6689 être
1259 6652 1398 6700 copié,
1426 6652 1455 6692 il
1480 6664 1535 6697 ne

509 6700 655 6741 craint
680 6712 759 6750 pas
786 6705 848 6744 les
872 6706 1141 6746 imitateurs.

1767 477 2594 567 MARIAGES

1715 738 1835 778 Deux
1887 741 2109 792 mariages
2155 744 2255 782 sont
2303 743 2527 784 annoncés
2581 743 2605 781 à
2656 743 2697 781 la

1667 791 1903 833 Direction.

1717 862 1948 904 Meilleurs
1969 876 2111 906 vœux.

1761 1120 2151 1231 L'AVENIR
2205 1124 2607 1232 FAMILIAL

1724 1441 1858 1482 Notre
1886 1455 1997 1496 pays
2025 1456 2070 1486 se
2125 1446 2349 1498 dépeuple
2381 1450 2389 1486 !
2421 1448 2542 1488 Cette
2597 1459 2697 1487 con¬

1669 1501 1898 1552 somption
1928 1502 2046 1544 lente
2073 1504 2129 1546 de
2156 1506 2283 1547 notre
2312 1518 2413 1548 race
2440 1505 2698 1547 coïncidant

1670 1570 1776 1600 avec
1804 1573 1865 1601 un
1895 1561 2053 1613 rapide
2081 1563 2431 1606 accroissement
2457 1566 2517 1607 du
2574 1576 2699 1606 nom¬

1668 1618 1745 1658 bre
1765 1621 1871 1660 chez
1891 1632 1972 1661 nos
1992 1622 2170 1670 rivaux,
2193 1634 2274 1664 nos
2293 1624 2601 1672 concurrents,
2623 1636 2695 1666 en¬

1666 1677 1814 1718 traîne
1835 1692 1925 1720 une
1945 1680 2226 1723 diminution
2250 1682 2433 1724 notable
2455 1684 2510 1724 de
2533 1695 2616 1724 nos
2635 1686 2696 1726 ef¬

1668 1736 1816 1780 fectifs
1848 1739 1892 1778 et
1922 1739 1975 1781 de
2009 1740 2139 1780 notre
2170 1753 2423 1782 commerce
2455 1741 2692 1783 extérieur.

1668 1795 1704 1834 Il
1732 1809 1760 1848 y
1790 1808 1816 1837 a
1843 1797 1887 1838 là
1916 1810 1978 1839 un
2010 1800 2177 1842 double
2206 1801 2379 1850 danger
2410 1801 2624 1844 militaire
2655 1803 2699 1843 et

1668 1855 1981 1906 économique;
2009 1859 2271 1909 quiconque
2296 1859 2548 1901 s’intéresse
2573 1861 2599 1900 à
2625 1861 2698 1900 l’a¬

1665 1914 1795 1954 venir
1813 1915 1868 1956 de
1888 1916 1931 1955 la
1951 1917 2123 1966 nation,
2147 1918 2243 1958 doit
2263 1920 2587 1969 entreprendre
2608 1932 2696 1964 une

1668 1974 1878 2015 nouvelle
1902 1976 2106 2020 croisade
2132 1977 2286 2022 contre
2312 1977 2353 2019 le
2379 1977 2544 2018 célibat
2568 1979 2610 2019 et
2634 1980 2698 2019 les

1668 2033 1833 2074 unions
1855 2045 1961 2076 sans
1983 2035 2180 2076 enfants.
2208 2037 2288 2078 Les
2310 2038 2518 2078 remèdes
2538 2048 2698 2089 propo¬

1667 2093 1739 2131 sés
1764 2104 1877 2143 pour
1905 2094 2111 2136 atténuer
2140 2096 2185 2136 la
2210 2097 2464 2138 déchéance
2490 2097 2544 2137 de
2573 2097 2698 2137 notre

1667 2150 1815 2192 Patrie
1846 2152 1947 2192 sont
1975 2153 2030 2192 de
2061 2152 2266 2195 diverses
2294 2157 2494 2203 natures;
2526 2168 2587 2196 un
2618 2156 2696 2196 des

1666 2209 1901 2252 meilleurs
1929 2213 1997 2252 est
2026 2212 2143 2253 celui
2174 2214 2286 2254 dont
2345 2213 2551 2266 s’inspire
2609 2227 2697 2256 une

1668 2269 1758 2309 très
1793 2269 2091 2312 intéressante
2127 2273 2303 2321 société,
2344 2273 2556 2325 désignée
2590 2284 2695 2315 avec

1662 2326 1894 2381 beaucoup
1908 2328 2210 2383 d’à-propos“
2221 2332 2438 2374 l’Avenir
2450 2332 2702 2375 FainiliaU’

1667 2387 1779 2427 dont
1799 2388 1839 2428 le
1863 2389 1947 2430 but
1968 2390 2036 2431 est
2056 2392 2111 2431 de
2140 2391 2360 2433 favoriser
2384 2392 2450 2434 les
2472 2392 2699 2444 mariages

1665 2446 1709 2486 et
1730 2445 1796 2487 les
1819 2448 2092 2490 naissances.
2124 2450 2244 2491 Pour
2269 2463 2398 2501 nous,
2425 2453 2505 2502 qui
2557 2463 2697 2492 avons

1664 2505 1759 2555 pris
1787 2506 1812 2545 à
1864 2517 1988 2548 cœur
2016 2508 2057 2548 la
2112 2509 2407 2550 constitution
2436 2510 2496 2552 du
2553 2511 2692 2562 foyer,

1665 2574 1780 2608 nous
1807 2566 2104 2608 considérons
2135 2579 2312 2610 comme
2343 2582 2405 2610 un
2439 2569 2609 2618 devoir,
2642 2571 2697 2611 de

1665 2624 1864 2675 signaler
1886 2626 1913 2665 à
1936 2638 2017 2667 nos
2041 2627 2237 2669 lecteurs
2260 2627 2372 2670 cette
2396 2628 2697 2671 bienfaisante

1664 2682 1937 2732 institution,
2000 2686 2222 2727 soutenue
2256 2698 2338 2737 par
2399 2687 2697 2728 d’éminentes

1663 2743 1995 2793 personnalités
2023 2746 2067 2785 et
2093 2747 2173 2795 qui
2202 2747 2299 2787 sort
2322 2746 2378 2787 de
2407 2746 2453 2788 la
2478 2747 2691 2796 banalité,

1663 2802 1795 2851 grâce
1823 2803 1849 2844 à
1877 2815 1949 2844 ses
2002 2804 2303 2849 nombreuses
2358 2805 2695 2847 combinaisons

1658 2859 1862 2911 inédites,
1897 2872 2051 2903 œuvre
2086 2862 2142 2905 de
2175 2865 2227 2905 M.
2257 2864 2498 2916 Guieysse,
2527 2866 2696 2907 ancien

1659 2921 1899 2969 ministre,
1910 2923 2082 2964 ancien
2096 2921 2231 2965 élève
2243 2925 2300 2965 de
2313 2925 2699 2976 Polytechnique,

1658 2978 1903 3030 président
1943 2982 2000 3023 de
2042 2983 2279 3025 l’Institut
2324 2983 2407 3025 des
2452 2984 2699 3027 Actuaires

1659 3041 1891 3092 Français
1947 3045 1996 3083 et
2052 3044 2115 3083 du
2174 3042 2350 3084 Comité
2414 3044 2703 3086 Consultatif

1656 3101 1739 3141 des
1773 3100 2065 3143 Assurances
2105 3112 2169 3144 au
2207 3103 2448 3145 Ministère
2483 3105 2548 3146 du
2576 3105 2696 3146 Tra¬

1660 3160 1776 3208 vail.
1836 3160 2063 3211 Quelques
2120 3163 2352 3212 exemples
2414 3164 2618 3203 suffiront
2674 3167 2699 3204 à

1660 3218 1821 3258 édifier
1851 3232 1934 3260 nos
1961 3221 2156 3263 lecteurs
2210 3234 2289 3262 sur
2318 3223 2358 3264 le
2413 3223 2692 3264 fonctionne¬

1661 3279 1785 3318 ment
1817 3279 1860 3318 et
1890 3280 1956 3321 les
2014 3284 2264 3333 avantages
2321 3283 2606 3334 pécuniaires
2638 3284 2692 3324 de

1653 3337 1866 3378 l’Avenir
1899 3340 2141 3385 Familial,
2173 3341 2284 3380 dont
2318 3340 2383 3380 les
2405 3341 2630 3392 garanties
2651 3343 2699 3382 fi¬

1660 3397 1909 3447 nancières,
1938 3399 2150 3448 morales,
2181 3401 2455 3450 statutaires,
2483 3401 2526 3442 et
2553 3401 2691 3444 scien¬

1658 3454 1839 3506 tifiques
1862 3460 1964 3498 sont
1988 3459 2353 3501 incontestables.

1714 3542 1753 3582 1°
1782 3542 2059 3592 Nuptialité.
2091 3567 2140 3573 —
2181 3546 2296 3585 Pour
2332 3557 2418 3585 une
2454 3546 2607 3587 fillette
2642 3548 2698 3586 de

1661 3602 1708 3638 13
1728 3613 1812 3641 ans
1830 3613 1887 3642 on
1910 3602 2002 3643 doit
2024 3615 2164 3655 payer
2186 3606 2290 3656 cinq
2311 3606 2485 3657 primes
2504 3607 2690 3649 annuel¬

1656 3658 1720 3698 les
1748 3661 1803 3700 de
1830 3662 1881 3701 85
1911 3660 1967 3701 fr.
2000 3673 2115 3712 pour
2145 3664 2348 3715 garantir
2378 3677 2435 3706 au
2467 3667 2688 3716 souscrip¬

1656 3718 1756 3757 teur
1789 3721 1916 3760 mille
1948 3722 2104 3775 francs
2135 3723 2353 3775 payables
2385 3724 2429 3765 la
2460 3723 2593 3765 veille
2626 3726 2688 3766 du

1657 3778 1859 3829 mariage
1877 3779 1933 3820 de
1952 3780 2154 3830 l’enfant,
2176 3782 2384 3824 serait-ce
2402 3784 2551 3826 même
2569 3784 2595 3824 à
2615 3784 2690 3824 l’â¬

1653 3847 1707 3886 ge
1727 3836 1783 3877 de
1806 3840 1856 3877 15
1874 3849 1934 3879 ou
1959 3842 2009 3878 16
2029 3851 2125 3880 ans.
2152 3841 2218 3881 On
2242 3844 2353 3893 peut
2372 3844 2594 3883 souscrire
2609 3843 2687 3884 des

1652 3894 1853 3937 contrats
1882 3897 2066 3948 jusqu’à
2098 3898 2345 3950 cinquante
2378 3901 2505 3942 mille
2534 3901 2686 3943 francs

1651 3951 1695 3993 et
1718 3966 1858 4006 payer
1885 3956 1949 3997 les
1974 3959 2147 4008 primes
2174 3971 2257 4010 par
2283 3961 2414 4009 mois,
2442 3960 2684 4009 trimestre,

1652 4015 1882 4063 semestre,
1910 4028 1967 4057 an
1995 4017 2039 4057 et
2063 4018 2212 4058 même
2240 4030 2293 4058 en
2320 4030 2410 4060 une
2434 4018 2558 4060 seule
2582 4020 2683 4068 fois,

1652 4082 1706 4111 en
1733 4072 2006 4116 bénéficiant
2030 4075 2137 4116 d’un
2165 4078 2394 4130 escompte
2419 4077 2474 4120 de
2498 4079 2522 4117 5
2546 4079 2602 4129 %.

1699 4158 1742 4198 2°
1772 4160 2028 4209 Nuptialité
2064 4163 2111 4203 et
2151 4162 2358 4204 natalité
2394 4161 2604 4207 réunies.
2635 4187 2684 4193 —

1654 4217 1775 4258 Pour
1795 4231 1884 4260 une
1907 4220 2064 4263 fillette
2085 4223 2143 4264 de
2163 4227 2189 4262 8
2238 4235 2323 4264 ans
2340 4225 2385 4264 et
2402 4226 2428 4263 6
2448 4224 2578 4272 mois,
2629 4236 2683 4265 en

1652 4275 1811 4317 faveur
1839 4278 1892 4318 de
1919 4279 2117 4329 laquelle
2143 4294 2199 4322 on
2229 4294 2341 4322 aura
2393 4284 2520 4323 versé
2544 4286 2569 4323 5
2595 4284 2684 4335 pri¬

1650 4345 1747 4375 mes
1772 4337 2008 4379 annuelles
2035 4339 2089 4380 de
2120 4342 2198 4380 178
2225 4339 2297 4388 fr.,
2328 4342 2373 4381 la
2396 4340 2684 4384 bénéficiaire

1651 4405 1764 4434 aura
1789 4396 1907 4436 droit
1932 4397 1957 4437 à
1988 4411 1995 4437 :
2024 4400 2144 4438 1.000
2172 4399 2227 4439 fr.
2284 4413 2340 4442 au
2369 4402 2570 4441 moment
2622 4403 2682 4442 du

1650 4453 1852 4504 mariage
1876 4456 1918 4495 et
1970 4459 2092 4498 1.000
2115 4457 2171 4499 fr.
2200 4458 2225 4498 à
2249 4458 2293 4499 la
2343 4458 2578 4500 naissance
2629 4463 2684 4504 de

1648 4511 1824 4553 chacun
1846 4515 1901 4554 de
1922 4526 1992 4556 ses
2013 4518 2213 4566 enfants,
2238 4530 2346 4558 sans
2365 4530 2514 4560 aucun
2538 4531 2682 4561 verse¬

1650 4573 1775 4610 ment
1805 4574 2224 4625 complémentaire.

1703 4656 1761 4697 Ce
1782 4657 1899 4698 délai
1921 4659 1975 4700 de
1998 4663 2259 4703 versement
2278 4662 2333 4704 de
2354 4665 2458 4713 cinq
2482 4675 2566 4704 ans
2583 4675 2681 4706 seu¬

1651 4716 1830 4768 lement,
1861 4719 1988 4768 porté
2016 4719 2043 4760 à
2070 4719 2149 4760 dix
2177 4733 2260 4763 ans
2287 4733 2404 4773 pour
2431 4724 2496 4764 les
2523 4723 2683 4774 petites

1648 4773 1848 4823 bourses,
1878 4777 2064 4819 n’existe
2120 4779 2245 4821 nulle
2271 4783 2389 4830 part;
2418 4782 2447 4822 il
2475 4783 2542 4825 est
2592 4783 2680 4824 fort

1646 4834 1883 4876 commode
1910 4848 2025 4887 pour
2056 4839 2120 4880 les
2148 4840 2336 4890 parents
2363 4841 2472 4881 dont
2500 4841 2540 4882 le
2568 4843 2679 4882 bud¬

1642 4894 1716 4940 get
1763 4892 1876 4933 n’est
1923 4905 2006 4945 pas
2060 4898 2199 4946 grevé
2254 4909 2336 4947 par
2390 4898 2445 4938 de
2502 4899 2687 4947 longues

1644 4951 1902 5001 échéances,
1940 4967 2118 4997 comme
2156 4958 2185 4996 il
2221 4958 2369 5000 arrive
2402 4970 2456 4999 en
2492 4960 2679 5001 matière

1644 5010 1958 5056 d’assurances
1989 5027 2069 5056 sur
2097 5016 2143 5056 la
2176 5016 2261 5066 vie,
2294 5017 2348 5058 de
2408 5018 2593 5060 sociétés
2624 5021 2677 5061 de

1644 5068 1976 5119 capitalisation
2005 5087 2062 5115 ou
2090 5076 2145 5116 de
2172 5076 2383 5117 tontines.

1695 5154 1726 5197 A
1750 5156 1962 5200 l’Avenir
1988 5160 2229 5210 Familial,
2255 5173 2309 5202 en
2331 5162 2531 5214 échange
2550 5164 2682 5204 d’une

1641 5214 1789 5263 prime
1810 5219 1932 5259 aussi
1957 5220 2134 5261 réduite
2157 5234 2244 5272 que
2270 5224 2467 5271 possible
2490 5225 2533 5264 et
2554 5225 2675 5264 inva¬

1643 5271 1799 5322 riable,
1823 5275 1863 5318 le
1883 5278 2120 5322 sociétaire
2143 5282 2286 5331 reçoit
2303 5294 2363 5322 un
2385 5283 2550 5333 capital
2571 5283 2674 5332 fixe,

1641 5331 1892 5376 déterminé
1930 5336 2295 5380 définitivement
2330 5342 2446 5381 dans
2479 5354 2538 5381 un
2575 5354 2675 5381 con¬

1640 5390 1729 5430 trat
1752 5393 1843 5433 très
1868 5394 2048 5447 simple.

1691 5475 1817 5518 Nous
1844 5493 1988 5523 avons
2012 5493 2093 5523 cru
2148 5486 2312 5527 rendre
2340 5498 2404 5526 un
2456 5486 2674 5528 véritable

1639 5534 1809 5578 service
1837 5539 1864 5578 à
1893 5551 1975 5584 nos
2002 5540 2209 5593 lecteurs,
2268 5555 2322 5585 en
2354 5544 2452 5586 leur
2508 5555 2674 5587 recom¬

1638 5595 1864 5637 mandant
1891 5599 2004 5641 cette
2032 5602 2194 5643 société
2223 5604 2312 5643 très
2342 5605 2552 5652 sérieuse,
2609 5605 2675 5646 di¬

1636 5664 1722 5702 gne
1742 5655 1797 5696 de
1820 5657 1919 5698 leur
1939 5661 2186 5710 confiance,
2210 5662 2237 5702 à
2257 5663 2300 5702 la
2321 5663 2408 5702 tête
2429 5664 2484 5703 de
2504 5662 2673 5715 laquel¬

1636 5711 1676 5755 le
1705 5724 1753 5754 se
1779 5716 1995 5759 trouvent
2022 5719 2105 5760 des
2129 5721 2391 5762 notabilités
2417 5723 2471 5762 de
2528 5723 2672 5764 toutes

1637 5771 1703 5811 les
1725 5774 1942 5824 opinions
1965 5779 2007 5817 et
2031 5780 2145 5819 dont
2168 5780 2234 5821 les
2257 5792 2390 5821 noms
2441 5781 2673 5824 résument

1635 5830 1733 5872 tout
1759 5845 1807 5873 ce
1837 5846 1925 5886 que
1952 5836 1997 5876 la
2028 5839 2159 5879 bonté
2190 5838 2362 5890 inspire
2390 5840 2444 5882 de
2502 5841 2671 5883 bonnes

1635 5890 1823 5932 actions.

1687 5973 1769 6016 Mû
1802 5976 2094 6029 Iniquement
2151 5994 2233 6034 par
2264 5996 2347 6029 nos
2403 5985 2671 6027 sentiments

1632 6034 2084 6092 philanthropiques,
2120 6054 2240 6083 nous
2297 6044 2453 6085 disons
2485 6044 2511 6084 à
2569 6047 2669 6087 tous

1632 6102 1748 6134 ceux
1775 6098 1854 6145 qui
1881 6098 2056 6141 aiment
2083 6102 2211 6143 leurs
2235 6103 2431 6152 enfants,
2460 6104 2668 6153 petits-en

1636 6151 1772 6203 fants,
1797 6168 1989 6208 neveux,
2015 6161 2168 6202 nièces
2190 6163 2237 6202 et
2255 6164 2465 6212 protégés
2490 6175 2499 6202 :
2523 6165 2671 6204 adres¬

1634 6223 1838 6256 sez-vous
1862 6217 1888 6257 à
1911 6217 2102 6260 I’avenir
2126 6222 2334 6262 familial
2356 6221 2468 6261 dont
2490 6222 2529 6262 le
2553 6224 2670 6273 siège

1631 6270 1769 6312 social
1797 6275 1863 6316 est
1890 6275 1917 6316 à
1945 6277 2089 6328 Paris,
2123 6278 2244 6320 mais
2270 6282 2350 6330 qui
2377 6281 2565 6332 possède
2592 6283 2670 6324 des

1631 6331 1958 6376 ramifications
1981 6337 2098 6380 dans
2123 6339 2254 6380 notre
2278 6338 2399 6388 ville,
2426 6340 2452 6378 à
2475 6339 2669 6383 Toulou¬

1632 6398 1678 6430 se
1705 6390 1748 6429 et
1774 6392 1851 6434 dès
1881 6395 2081 6448 demain,
2117 6398 2157 6438 si
2184 6409 2298 6439 vous
2325 6398 2499 6447 voulez,
2557 6412 2670 6441 vous

1576 6489 1583 6494 .
1631 6459 1804 6495 pouvez
1830 6453 2073 6496 bénéficier
2103 6457 2162 6498 de
2186 6469 2255 6499 ses
2278 6457 2524 6509 avantages
2547 6461 2591 6500 et
2614 6460 2668 6500 de

1624 6517 1694 6547 ses
1716 6511 1960 6559 garanties.

1684 6594 1803 6638 Pour
1862 6599 1964 6641 tous
2027 6603 2424 6657 renseignements
2454 6605 2495 6644 et
2552 6619 2667 6656 pour

1626 6656 1861 6705 souscrire,
1926 6660 2176 6704 s’adresser
2214 6674 2271 6703 au
2308 6662 2541 6705 Directeur
2600 6664 2662 6705 du

1627 6726 1644 6745 «
1676 6710 1799 6754 Trait
1829 6717 2025 6762 d’IJnion
2064 6740 2098 6764 ».

2853 476 3168 553 ABONNÉS
3229 490 3312 556 ET
3369 489 3718 562 LECTEURS

3091 581 3223 624 Lisez
3252 584 3362 626 bleu
3391 586 3490 629 eeei

2830 658 2972 701 Toute
2995 672 3219 711 personne
3243 663 3320 715 qui
3345 677 3591 716 procurera
3613 669 3639 709 à
3663 669 3707 711 la
3729 671 3804 711 Di¬

2778 717 2948 758 rection
2972 718 3090 760 deux
3115 721 3316 763 abonnés
3338 735 3594 775 nouveaux,
3620 729 3805 779 n’ayant

2775 774 2942 823 jamais
2961 777 3028 818 été
3050 778 3232 822 inscrits
3252 781 3298 820 ni
3320 782 3345 823 à
3365 783 3411 824 la
3434 786 3604 834 Rapide
3626 788 3802 836 Agence

2776 833 2823 872 ni
2850 836 2909 875 au
2936 837 3064 877 Trait
3091 838 3306 890 d’Union,
3337 852 3449 883 aura
3477 842 3597 885 droit
3628 858 3636 885 :
3664 845 3750 888 soit
3777 847 3802 887 à

2790 903 2879 933 une
2936 894 3254 948 prolongation
3315 900 3670 945 d’abonnement
3726 905 3784 947 de

2797 951 2913 994 deux
2942 953 3072 1005 mois,
3101 956 3187 997 soit
3213 957 3239 999 à
3265 971 3327 1000 un
3355 960 3661 1014 abonnement
3686 974 3785 1015 gra¬

2792 1013 2882 1053 tuit
2906 1013 2962 1054 de
2986 1017 3136 1057 même
3161 1017 3314 1060 durée.

2824 1129 2877 1137 —
2907 1109 3031 1153 Tous
3062 1122 3149 1156 nos
3174 1115 3386 1157 abonnés
3414 1120 3523 1159 sont
3547 1118 3677 1169 priés
3703 1120 3802 1162 d’a¬

2774 1170 2964 1213 dresser
2996 1174 3164 1217 lettres
3193 1179 3240 1217 et
3272 1178 3620 1228 observations,
3653 1192 3747 1224 non
3775 1183 3803 1225 à

2772 1232 2822 1273 la
2841 1246 2870 1269 k
2892 1234 3068 1284 Rapide
3099 1238 3279 1285 Agence
3298 1254 3345 1288 »,
3368 1242 3490 1283 mais
3513 1253 3575 1284 an
3601 1244 3801 1294 journal

2774 1295 2838 1337 dn
2857 1309 2886 1333 «
2907 1297 3041 1338 Trait
3064 1299 3264 1343 d’Union
3286 1316 3332 1350 »,
3361 1304 3432 1351 26,
3452 1314 3540 1346 rue
3567 1305 3800 1356 d’Asiorg,

2773 1356 3007 1401 Toulouse

2837 1450 2933 1488 EJK-
2958 1450 3039 1491 Les
3058 1452 3262 1494 bureaux
3284 1455 3345 1496 du
3366 1457 3548 1498 TRAIT
3570 1460 3804 1500 D’UNION

2778 1518 2834 1550 ne
2854 1514 2958 1550 sont
2978 1518 3161 1555 ouverts
3184 1524 3270 1564 que
3296 1516 3606 1569 l’après-midi,
3633 1522 3688 1561 de
3710 1524 3735 1562 2
3757 1523 3801 1563 h.

2777 1569 2803 1610 à
2823 1573 2846 1611 5
2868 1573 3045 1623 heures,
3069 1577 3133 1624 26,
3158 1588 3238 1617 rue
3259 1579 3482 1630 d’Astorg.

2838 1663 2933 1702 kM"
2966 1665 3088 1705 Tous
3119 1666 3181 1707 les
3211 1668 3599 1717 renseignements
3628 1682 3806 1713 concer¬

2779 1726 2890 1763 nant
2923 1726 2966 1765 la
2997 1727 3309 1768 combinaison
3343 1731 3559 1781 mariage,
3596 1734 3659 1774 les
3692 1735 3804 1775 loca¬

2778 1783 2912 1833 tions,
2969 1787 3124 1835 offies,
3183 1789 3432 1833 demandes
3459 1796 3502 1833 st
3530 1793 3628 1834 avis
3655 1796 3806 1837 divers

2779 1849 2880 1886 sont
2911 1846 3083 1889 donnés
3113 1852 3437 1899 gratuitement
3468 1855 3583 1897 dans
3613 1866 3696 1897 nos
3725 1858 3805 1899 bu¬

2779 1917 2933 1957 reaux,
2965 1909 3276 1962 l’après-midi,
3308 1914 3363 1955 de
3391 1917 3416 1956 2
3443 1917 3488 1956 h.
3517 1917 3544 1958 à
3571 1920 3596 1957 5
3624 1919 3800 1969 heures,

2779 1970 2842 2015 26,
2870 1981 2950 2010 rue
2976 1971 3199 2023 d’Astorg,
3227 1976 3470 2019 Toulouse.

2839 2136 3251 2210 PENSÉES
3314 2142 3743 2217 INÉDITES

2819 2319 2919 2355 Sous
2947 2330 2990 2356 ce
3015 2325 3116 2363 titre,
3147 2333 3248 2360 nous
3275 2328 3460 2363 insérons
3487 2333 3803 2369 gracieusement

2780 2359 2848 2392 des
2878 2361 3045 2401 phrases
3074 2368 3241 2404 courtes,
3273 2370 3544 2407 personnelles
3575 2379 3612 2405 et
3643 2377 3804 2415 n’ayant

2777 2399 2922 2438 jamais
2951 2402 3011 2435 été
3041 2404 3231 2443 publiées.

2816 2477 2869 2510 La
2900 2476 3080 2514 Comédie
3112 2481 3160 2515 de
3191 2483 3232 2517 la
3264 2484 3326 2518 vie
3360 2495 3402 2519 se
3438 2489 3530 2528 joue
3562 2485 3730 2524 derrière
3767 2493 3803 2525 le

2779 2518 2916 2553 rideau
2941 2521 3010 2554 des
3035 2531 3319 2560 convenances.

2829 2949 2888 2990 Le
2910 2950 3144 2995 Directeur
3166 2956 3234 2996 est
3251 2956 3457 3001 heureux
3479 2960 3754 3006 d’annoncer
3774 2964 3801 3005 à

2775 3018 2844 3050 ses
2868 3010 3070 3056 abonnés
3094 3013 3204 3065 qu’il
3220 3026 3246 3055 a
3261 3028 3316 3058 eu
3330 3018 3375 3058 la
3388 3018 3538 3061 bonne
3552 3021 3732 3064 fortune
3747 3024 3802 3066 de

2774 3068 2991 3110 s’assurer
3032 3072 3075 3113 le
3115 3084 3335 3116 concours
3360 3078 3415 3119 de
3440 3078 3676 3122 l’éminent
3700 3094 3800 3134 pro¬

2773 3125 2948 3171 fesseur
2992 3130 3048 3172 de
3096 3132 3413 3187 Graphologie,
3464 3138 3513 3181 G.
3546 3140 3796 3192 Lefranck,

2772 3187 2850 3237 qui
2876 3191 2983 3229 veut
3006 3190 3077 3232 hie
3084 3203 3107 3220 n
3137 3194 3297 3233 mettre
3321 3207 3370 3235 sa
3394 3198 3568 3239 science
3592 3199 3618 3239 à
3642 3200 3685 3240 la
3710 3203 3796 3244 dis¬

2772 3246 2950 3297 postion
2973 3248 3053 3292 des
3076 3250 3272 3295 lecteurs
3292 3254 3356 3295 du
3380 3255 3509 3299 Trait
3530 3257 3740 3302 d’Union.

2825 3306 3054 3352 Personne
3077 3312 3280 3363 n’ignore
3303 3313 3369 3355 les
3382 3317 3575 3358 services
3589 3329 3677 3369 que
3690 3321 3798 3372 peut

2770 3366 2933 3410 rendre
2986 3381 3074 3411 une
3114 3371 3248 3413 étude
3289 3375 3649 3429 graphologique
3691 3380 3793 3421 bien

2773 3423 2893 3466 faite.
2918 3426 3152 3480 L’analyse
3171 3431 3226 3472 de
3247 3432 3471 3477 l’écriture
3491 3438 3639 3478 révèle
3658 3438 3704 3481 la
3722 3452 3795 3480 va¬

2770 3482 2869 3525 leur
2913 3485 3072 3530 intime
3099 3489 3155 3532 de
3183 3491 3440 3545 l’individu,
3470 3505 3540 3538 ses
3568 3498 3795 3549 aptitudes

2771 3541 3116 3588 intellectuelles
3138 3551 3182 3588 et
3204 3552 3414 3594 morales.

2823 3602 2920 3644 Non
2948 3606 3200 3649 seulement
3226 3610 3256 3650 il
3283 3613 3349 3653 est
3373 3612 3645 3658 intéressant
3668 3617 3724 3660 de
3749 3628 3794 3661 se

2769 3659 2873 3702 bien
2896 3666 3129 3709 connaître
3152 3669 3404 3721 soi-même;
3428 3675 3544 3717 mais
3568 3676 3600 3718 il
3623 3678 3689 3717 est
3712 3679 3795 3720 uti¬

2771 3719 2812 3761 le
2854 3722 2896 3762 et
2936 3726 3136 3774 prudent
3176 3728 3398 3771 d’étudier
3440 3743 3553 3775 ceux
3580 3745 3688 3777 avec
3713 3737 3796 3777 les¬

2770 3779 2901 3830 quels
2936 3794 2993 3823 on
3014 3784 3160 3828 désire
3181 3789 3332 3831 entrer
3352 3803 3405 3832 en
3428 3793 3618 3834 relation
3640 3795 3796 3837 d’inté¬

2771 3839 2836 3880 rêt
2855 3851 2913 3881 ou
2933 3843 2989 3884 de
3009 3845 3266 3888 sentiment.

2822 3898 2880 3939 Le
2901 3900 3160 3951 professeur
3181 3905 3405 3950 Lefranck
3426 3910 3538 3954 dont
3556 3925 3671 3956 nous
3692 3925 3793 3957 con¬

2771 3958 2977 4002 naissons
3005 3961 3049 4002 la
3078 3964 3225 4006 sûreté
3270 3967 3325 4008 de
3369 3969 3635 4021 diagnostic,
3667 3975 3793 4016 satis-

2770 4014 2886 4058 faira
2908 4021 3249 4073 certainement,
3276 4025 3342 4068 les
3365 4027 3471 4078 plus
3494 4029 3720 4075 difficiles.

2823 4104 3089 4148 Conditions
3146 4109 3279 4152 faites
3335 4126 3424 4155 aux
3482 4115 3673 4159 lecteurs
3730 4121 3788 4160 du

2768 4161 2892 4202 Trait
2918 4165 3111 4208 d’Union
3142 4181 3150 4209 :

2767 4239 2891 4281 Dans
2921 4242 2961 4282 le
2991 4244 3175 4291 journal
3214 4279 3622 4294 .
3687 4257 3712 4296 0
3740 4259 3791 4297 50

2767 4315 2855 4357 Par
2884 4317 3013 4361 lettre
3047 4333 3056 4360 :
3087 4321 3284 4364 Portrait
3319 4358 3621 4371 .
3685 4335 3711 4372 3
3739 4336 3791 4374 00

2768 4392 2854 4433 Par
2882 4394 3011 4437 lettre
3042 4410 3049 4436 :
3078 4398 3273 4450 Analyse
3328 4404 3535 4448 détaillée
3588 4409 3630 4449 et

2820 4454 3041 4502 complète
3081 4469 3088 4496 :
3130 4489 3620 4508 .
3684 4471 3708 4510 5
3737 4472 3788 4511 00

2821 4530 3073 4574 S’adresser
3106 4547 3164 4576 au
3201 4537 3435 4582 Directeur
3468 4553 3521 4583 en
3557 4556 3788 4598 accompa¬

2766 4590 2907 4637 gnant
2930 4603 2978 4632 sa
3001 4592 3225 4639 demande
3247 4597 3353 4641 dVn
3378 4601 3466 4643 bon
3490 4602 3543 4645 de
3566 4605 3705 4655 poste.

2792 4778 3047 4836 Lettres
3089 4784 3167 4839 de
3207 4788 3753 4849 Remerciements

2816 4970 2873 5009 Le
2894 4971 3027 5013 cadre
3048 4973 3103 5013 de
3125 4975 3250 5016 notre
3271 4975 3454 5026 journal
3477 4992 3532 5022 ne
3553 4993 3668 5024 nous
3690 4996 3784 5035 per¬

2761 5029 2954 5070 mettant
2976 5042 3056 5082 pas
3106 5033 3324 5078 d’insérer
3374 5037 3438 5079 les
3489 5042 3785 5087 nombreuses

2761 5087 2913 5131 lettres
2945 5090 3000 5132 de
3033 5092 3324 5139 félicitations
3356 5098 3586 5142 adressées
3619 5114 3676 5144 au
3711 5104 3785 5145 Di¬

2761 5149 2935 5191 recteur
2961 5150 3123 5202 depuis
3150 5153 3194 5194 la
3220 5156 3418 5198 création
3446 5159 3500 5202 de
3527 5162 3638 5204 cette
3666 5175 3782 5205 com¬

2762 5206 2988 5257 binaison,
3026 5222 3140 5252 ceux
3175 5213 3231 5253 de
3266 5227 3348 5256 nos
3383 5219 3586 5261 abonnés
3621 5223 3700 5272 qui
3738 5224 3778 5263 le

2758 5265 3055 5310 désireraient
3080 5275 3301 5322 pourront
3326 5287 3378 5315 en
3433 5279 3630 5328 prendre
3681 5293 3781 5323 con¬

2759 5326 2994 5369 naissance
3027 5329 3142 5372 dans
3175 5344 3256 5374 nos
3290 5334 3508 5386 bureaux,
3545 5351 3624 5381 rue
3658 5341 3781 5383 d’As¬

2757 5383 2871 5435 torg,
2896 5388 2964 5437 26,
2992 5387 3233 5433 Toulouse.

2821 5576 3136 5677 Annonces
3189 5584 3254 5678 et
3303 5583 3450 5682 Avis
3503 5587 3712 5687 divers

2956 5726 2998 5780 3
3025 5725 3177 5783 francs
3206 5744 3312 5796 pour
3337 5733 3446 5787 trois
3474 5736 3580 5788 mois

2812 5914 2846 5951 1.
2874 5936 2929 5942 —
2955 5914 3021 5954 On
3051 5917 3273 5971 demande
3300 5921 3412 5971 petit
3438 5925 3603 5975 capital
3647 5936 3778 5977 paya¬

2756 5964 2828 6005 ble
2851 5977 2904 6006 en
2930 5969 3054 6011 rente
3075 5971 3269 6023 viagère.
3296 5975 3429 6019 Faire
3449 5977 3586 6020 offres
3607 5980 3650 6021 et
3671 5980 3780 6021 don¬

2756 6029 2835 6059 ner
2855 6020 2955 6061 tous
2976 6024 3363 6076 renseignements
3383 6042 3441 6070 au
3463 6031 3696 6074 Directeur
3717 6035 3776 6075 du

2755 6070 2882 6113 Trait
2904 6074 3111 6117 d’Union.

2804 6161 2843 6202 2.
2873 6165 2926 6201 —
2972 6165 3233 6210 Professeur
3277 6170 3414 6213 dame
3457 6176 3777 6216 recommandé

2752 6224 2866 6263 pour
2889 6215 3041 6266 leçons
3060 6219 3114 6259 de
3135 6220 3286 6270 piano.
3313 6222 3421 6265 Prix
3444 6227 3664 6271 modérés.
3690 6230 3777 6271 Bu¬

2751 6276 2859 6307 reau
2885 6268 2948 6310 du
2973 6270 3172 6318 journal.

2800 6366 2838 6406 3.
2871 6370 2922 6406 —
2947 6370 3218 6414 Demoiselle
3242 6375 3366 6416 seule
3390 6378 3442 6417 45
3467 6381 3772 6432 ans,-adopte¬

2748 6417 2837 6458 rait
2855 6419 2993 6470 jeune
3013 6422 3107 6465 fille
3127 6424 3336 6470 fortunée
3355 6441 3412 6471 ou
3435 6431 3594 6475 enfant
3613 6436 3773 6486 orphe¬

2746 6471 2838 6512 line
2857 6485 2915 6514 ou
2934 6476 3246 6520 abandonnée.
3270 6482 3471 6525 Prendre
3491 6486 3671 6530 adresse
3692 6489 3770 6529 bu¬

2746 6534 2854 6566 reau
2879 6526 2940 6568 du
2967 6528 3095 6571 Trait
3118 6531 3327 6575 d’Union.

2796 6625 2833 6664 4.
2853 6627 2908 6665 —
2929 6627 3116 6670 Famille
3139 6631 3228 6672 très
3247 6633 3508 6684 honorable,
3532 6640 3767 6688 prendrait

2740 6677 3063 6727 pensionnaire
3094 6682 3228 6727 dame
3260 6696 3318 6727 ou
3371 6688 3604 6732 Monsieur
3655 6693 3761 6742 aisé,

2741 6731 2983 6774 s’adresser
3011 6734 3184 6777 bureau
3213 6739 3273 6779 du
3304 6740 3501 6788 journal.

3930 502 3968 538 5.
3995 521 4050 527 —
4075 499 4143 541 On
4171 499 4397 544 demande
4422 503 4570 544 bonne
4597 503 4853 545 couturière
4878 504 4904 545 à

3878 549 3922 591 la
3935 550 4139 602 journée.
4158 552 4267 594 Voir
4280 552 4454 596 bureau
4468 554 4531 597 du
4546 555 4674 598 Trait
4686 556 4899 599 d’Union.

3928 640 3967 681 7.
3992 641 4047 678 —
4072 641 4211 682 Dame
4235 641 4373 691 ayant
4394 640 4543 683 loisirs
4567 642 4791 686 demande
4815 645 4903 686 tra¬

3876 709 3997 738 vaux
4027 698 4267 741 d’écriture
4295 712 4352 740 ou
4383 700 4546 742 travail
4577 703 4763 743 manuel
4793 704 4901 744 chez

3877 755 3976 795 elle.

3929 852 3968 891 8.
3993 853 4048 890 —
4073 852 4336 892 Professeur
4361 852 4415 894 de
4440 854 4640 903 français
4662 855 4902 899 donnerait

3877 908 4029 958 leçons
4060 910 4118 951 de
4162 911 4503 956 conversations
4533 914 4577 954 et
4624 914 4903 966 d’orthogra¬

3877 969 3965 1019 phe
3999 969 4025 1009 à
4056 980 4282 1018 personne
4314 972 4562 1022 étrangère.
4600 973 4714 1026 Cinq
4749 974 4902 1017 francs

3877 1038 3959 1079 par
3983 1027 4113 1069 mois.

3931 1124 3970 1162 9.
3999 1125 4054 1162 —
4083 1124 4252 1170 Leçons
4279 1124 4335 1167 de
4364 1124 4563 1177 français
4592 1129 4635 1169 et
4663 1128 4900 1181 d’anglais.

3880 1182 3944 1223 De
3968 1184 4016 1222 15
4039 1182 4064 1222 à
4087 1185 4139 1222 30
4164 1183 4316 1225 francs
4338 1196 4421 1235 par
4445 1185 4573 1227 mois.

3939 1243 4000 1283 10.
4026 1265 4080 1270 —
4103 1244 4247 1285 Jeune
4272 1243 4371 1286 fille
4396 1247 4535 1295 ayant
4556 1246 4724 1297 emploi
4753 1248 4907 1290 Sténo-

3883 1299 4259 1351 Dactylographe,
4323 1304 4456 1344 ferait
4504 1306 4667 1346 travail
4727 1308 4908 1358 supplé¬

3881 1358 4103 1398 mentaire
4128 1372 4243 1409 pour
4269 1362 4571 1412 particuliers.

3938 1454 4000 1493 11.
4032 1477 4086 1482 —
4116 1453 4345 1496 Véritable
4390 1457 4610 1498 occasion.
4642 1458 4697 1499 —
4729 1458 4906 1501 GRAN¬

3886 1513 3958 1551 DE
3993 1512 4359 1556 CHAPELIERE
4391 1516 4506 1556 osier
4554 1517 4698 1567 verni,
4732 1520 4758 1559 à
4788 1531 4907 1561 com-

3924 1570 4167 1621 irtiments,
4212 1573 4406 1617 doublée
4431 1575 4551 1623 toile,
4597 1575 4738 1619 belles
4763 1589 4910 1621 serru¬

3884 1642 3953 1673 res
3980 1631 4147 1679 cuivre,
4177 1633 4355 1675 vendue
4382 1635 4537 1676 moitié
4563 1637 4680 1688 prix.
4713 1639 4909 1680 S’adres¬

3883 1700 3955 1731 ser
3979 1690 4154 1732 bureau
4179 1692 4308 1734 Trait
4332 1693 4543 1736 d’Union.

3939 1787 4001 1825 12.
4031 1785 4085 1824 —
4111 1786 4243 1833 Veuf,
4272 1789 4594 1840 commerçant,
4625 1789 4772 1834 désire
4799 1793 4909 1833 s’en¬

3884 1844 4040 1885 tendre
4065 1856 4172 1885 avec
4195 1858 4417 1894 personne
4442 1848 4496 1889 de
4519 1851 4571 1888 30
4596 1862 4679 1891 ans
4699 1852 4905 1902 environ,

3883 1902 4093 1952 honnête,
4140 1905 4405 1953 présentant
4431 1906 4551 1956 bien,
4598 1910 4747 1953 bonne
4774 1912 4907 1953 cuisi¬

3884 1962 4021 2012 nière,
4053 1963 4154 2013 apte
4183 1964 4208 2004 à
4237 1964 4404 2015 diriger
4436 1968 4640 2019 ménage.

3937 2057 3998 2096 13.
4029 2057 4217 2098 Landes.
4239 2082 4296 2088 —
4318 2060 4460 2101 Dame
4484 2062 4621 2111 seule,
4648 2065 4785 2115 ayant
4808 2077 4905 2106 ren¬

3882 2114 3961 2163 tes,
3995 2116 4171 2157 maison
4205 2117 4247 2158 et
4302 2119 4471 2169 jardin,
4529 2122 4740 2165 habitant
4769 2125 4906 2176 petite

3884 2174 4006 2222 ville,
4042 2174 4201 2218 climat
4232 2177 4346 2225 sain,
4385 2179 4534 2222 désire
4564 2183 4761 2232 prendre
4793 2185 4902 2225 chez

3882 2232 3966 2274 elle
3995 2246 4110 2282 pour
4166 2236 4291 2278 avoir
4321 2249 4410 2280 une
4463 2239 4626 2281 société
4682 2252 4906 2293 personne

3882 2292 4018 2342 seule,
4046 2293 4151 2334 bien
4176 2294 4339 2345 élevée,
4367 2299 4507 2348 ayant
4528 2299 4688 2350 petites
4712 2302 4875 2343 rentes.

3937 2381 3998 2419 14.
4031 2378 4159 2420 Midi.
4187 2405 4241 2410 —
4296 2384 4436 2427 Dame
4490 2385 4580 2427 très
4633 2385 4903 2438 distinguée,

3883 2436 3984 2478 bien
4009 2439 4171 2488 élevée,
4196 2441 4407 2484 habitant
4427 2444 4599 2495 grande
4620 2445 4743 2495 ville,
4768 2449 4907 2500 ayant

3881 2495 4098 2539 intérieur
4127 2500 4421 2549 confortable,
4468 2503 4680 2545 voudrait
4708 2509 4905 2557 prendre

3878 2565 4055 2597 comme
4107 2558 4442 2609 pensionnaire,
4500 2563 4634 2604 dame
4688 2575 4747 2605 ou
4777 2574 4903 2608 mon¬

3880 2614 4001 2656 sieur
4029 2617 4141 2662 seul,
4172 2617 4502 2663 fonctionnaire
4529 2634 4586 2663 ou
4614 2623 4796 2665 rentier.

3936 2702 3997 2742 15.
4029 2702 4167 2745 Dame
4192 2712 4349 2754 veuve,
4405 2707 4541 2756 ayant
4562 2720 4621 2750 eu
4674 2719 4825 2752 revers
4849 2713 4905 2753 de

3881 2759 4075 2808 fortune,
4107 2765 4159 2801 37
4189 2775 4286 2811 ans,
4319 2775 4426 2808 sans
4454 2767 4650 2817 enfants,
4684 2770 4904 2811 excellen¬

3879 2818 3943 2859 tes
3969 2819 4206 2862 éducation
4234 2824 4277 2863 et
4304 2824 4588 2876 instruction,
4617 2827 4719 2880 apte
4745 2829 4770 2870 à
4795 2829 4903 2870 diri¬

3878 2889 3956 2927 ger
3987 2878 4219 2929 intérieur,
4254 2881 4491 2926 désirerait
4518 2887 4702 2927 trouver
4733 2889 4902 2940 emploi

3879 2936 4087 2979 caissière
4116 2951 4172 2979 ou
4202 2941 4401 2992 gérante,
4435 2943 4555 2984 hôtel
4584 2957 4642 2986 ou
4672 2946 4784 2988 café.
4816 2948 4903 2989 En¬

3878 2995 4035 3038 trerait
4059 3009 4115 3038 au
4142 3000 4311 3042 service
4335 3001 4389 3044 de
4415 3003 4648 3046 monsieur
4673 3006 4784 3056 seul,
4812 3008 4903 3050 mê¬

3878 3066 3949 3095 me
3976 3067 4084 3096 avec
4107 3057 4302 3101 enfants.
4333 3061 4444 3101 Très
4470 3063 4662 3105 sérieux.

3935 0 3996 3179 16.
4005 3141 4487 3187 Bouches-du-Rhône.
4520 3149 4577 3189 —
4610 3149 4894 3201 Célibataire,

3875 3200 3926 3238 70
3953 3210 4049 3246 ans,
4093 3204 4239 3244 comte
4266 3205 4580 3257 authentique,
4624 3208 4901 3252 descendant

3874 3257 4009 3299 d’une
4035 3260 4254 3302 ancienne
4281 3264 4323 3304 et
4349 3264 4526 3307 illustre
4553 3266 4743 3318 famille,
4772 3270 4900 3311 habi¬

3878 3317 3975 3356 tant
4008 3318 4133 3366 villa,
4170 3320 4383 3364 voudrait
4416 3324 4602 3375 adopter
4638 3328 4797 3369 enfant
4830 3341 4888 3370 ou

3874 3375 4009 3423 jeune
4033 3378 4217 3421 homme
4240 3380 4294 3422 de
4318 3381 4493 3425 famille
4517 3383 4654 3434 riche,
4681 3398 4786 3429 avec
4809 3389 4899 3440 pri¬

3876 3446 3960 3474 me.
3981 3435 4187 3479 Céderait
4213 3438 4339 3481 titres
4367 3442 4631 3487 nobiliaires
4657 3447 4700 3487 et
4713 3448 4898 3499 parche¬

3876 3495 4008 3535 mins.
4040 3495 4170 3539 Faire
4196 3498 4345 3540 offres.

3931 3590 3991 3628 17.
4020 3590 4053 3627 A
4079 3591 4246 3633 vendre
4271 3603 4384 3641 pour
4408 3604 4539 3638 cause
4564 3598 4616 3640 de
4642 3598 4800 3649 départ
4823 3601 4897 3644 ob¬

3871 3646 3960 3695 jets
3988 3649 4173 3692 anciens
4207 3665 4217 3691 :
4247 3652 4466 3706 meubles,
4498 3657 4725 3708 tableaux,
4759 3661 4898 3704 livres

3873 3708 4138 3757 argenterie,
4168 3710 4400 3754 dentelles.
4432 3715 4668 3758 Collection
4699 3720 4902 3765 timbres.

3921 3766 4171 3810 S’adresser
4203 3769 4375 3812 bureau
4400 3772 4407 3788 '
4422 3774 4531 3815 <’rait
4552 3775 4761 3818 d’Union.

3930 3827 3991 3864 18.
4020 3829 4073 3866 —
4102 3830 4135 3866 A
4165 3829 4332 3869 vendre
4360 3832 4569 3873 machine
4600 3834 4775 3890 Singer,
4805 3840 4897 3881 état

3873 3882 3928 3922 de
3959 3885 4082 3933 neuf,
4116 3885 4220 3936 prix
4250 3889 4448 3930 modéré.
4484 3892 4683 3938 Prendre
4715 3897 4896 3941 adresse

3873 3940 4046 3983 bureau
4072 3943 4134 3984 du
4162 3945 4353 3987 Journal

3927 4030 3989 4068 19.
4022 4031 4055 4067 A
4085 4030 4253 4073 vendre
4279 4033 4393 4075 beau
4422 4036 4627 4084 chapelet
4654 4041 4822 4090 cristal,
4852 4043 4896 4083 et

3871 4086 3985 4130 livre
4014 4090 4152 4132 ivoire
4208 4093 4382 4137 ancien.
4415 4095 4667 4139 S’adresser
4721 4101 4893 4144 bureau

3872 4145 3997 4187 Trait
4021 4148 4228 4190 d’Union.

3922 4227 3989 4267 20.
4012 4230 4060 4269 —
4080 4231 4224 4272 Dame
4252 4236 4416 4284 veuve,
4441 4236 4642 4276 habitant
4667 4241 4690 4278 à
4715 4238 4756 4277 la
4775 4250 4895 4281 cam¬

3869 4296 4012 4336 pagne
4057 4302 4164 4331 avec
4217 4305 4291 4334 ses
4339 4295 4452 4336 deux
4495 4299 4624 4349 lilies,
4669 4302 4898 4353 prendrait

3868 4346 4037 4398 dames,
4063 4350 4347 4397 demoiselles
4368 4370 4421 4398 ou
4447 4363 4688 4403 messieurs
4710 4365 4818 4414 âgés
4840 4376 4894 4405 eu

3870 4408 4021 4459 viager
4041 4423 4096 4452 ou
4114 4425 4166 4453 en
4188 4419 4389 4469 pension,
4416 4423 4484 4460 vie
4500 4423 4555 4462 de
4572 4424 4753 4477 famille,
4778 4426 4893 4468 beau

3869 4484 3976 4524 pays
3997 4474 4050 4514 de
4075 4481 4323 4529 montagne,
4352 4483 4473 4524 soins
4493 4486 4706 4530 dévoués.

3918 4568 3982 4607 21.
4002 4589 4051 4594 —
4070 4569 4106 4608 A
4129 4569 4266 4610 louer
4287 4582 4365 4610 rue
4379 4572 4433 4613 de
4450 4575 4577 4623 Metz,
4593 4590 4703 4629 pour
4723 4582 4893 4623 bureau

3866 4638 3922 4667 ou
3942 4629 4296 4681 garde-meuble,
4324 4637 4491 4683 grande
4519 4640 4639 4688 pièce
4661 4653 4715 4682 au
4739 4644 4895 4686 rez-de-

3864 4690 4080 4731 chaussée
4120 4705 4196 4732 sur
4238 4704 4359 4734 cour.
4410 4697 4666 4742 S’adresser
4726 4705 4894 4747 bureau

3870 4751 3984 4794 Trait
4002 4753 4182 4796 d’Union
4188 4786 4214 4798 ..

4035 4975 4730 5067 APOLLO-THÉATRE

3914 5116 3981 5157 En
4003 5119 4170 5161 dehors
4189 5122 4267 5163 des
4290 5125 4671 5175 représentations
4693 5130 4888 5174 cinéma¬

3862 5175 4187 5230 tographiques
4241 5181 4330 5223 très
4358 5184 4526 5227 suivies
4554 5190 4597 5230 et
4650 5188 4727 5233 des
4757 5191 4889 5233 CON¬

3861 5234 4046 5277 CERTS
4089 5238 4550 5293 SYMPHONIQUES
4592 5249 4629 5289 si
4655 5254 4889 5301 appréciés

3859 5293 3940 5335 des
3963 5296 4207 5346 amateurs,
4250 5301 4527 5345 L’APOLLO
4567 5307 4693 5349 vient
4715 5310 4888 5361 d’orga¬

3860 5352 3994 5402 niser,
4024 5355 4143 5397 deux
4171 5357 4258 5398 fois
4283 5372 4367 5407 par
4392 5364 4607 5414 semaine,
4639 5367 4747 5408 DES
4776 5370 4887 5410 SOI¬

3860 5411 4006 5454 REES
4060 5414 4135 5454 DE
4189 5417 4343 5459 GALA
4379 5444 4435 5451 —
4476 5423 4703 5466 CINEMA
4755 5428 4887 5470 CON¬

3860 5471 4011 5513 CERT
4033 5497 4088 5503 —
4113 5487 4220 5517 avec
4245 5477 4285 5519 le
4312 5489 4532 5522 concours
4557 5483 4634 5526 des
4660 5485 4886 5530 éminents

3857 5530 4034 5573 artistes
4059 5533 4120 5574 du
4148 5534 4503 5582 Conservatoire.

3910 5590 4033 5632 Cette
4064 5593 4287 5640 heureuse
4320 5596 4582 5641 innovation
4616 5602 4789 5648 obtient
4819 5620 4881 5648 un

3856 5649 4009 5690 succès
4060 5653 4373 5697 considérable
4394 5656 4436 5696 et
4458 5659 4589 5701 attire
4640 5674 4701 5703 un
4726 5665 4884 5715 public

3854 5706 3909 5748 de
3932 5708 4080 5751 choix.
4108 5710 4223 5753 C’est
4246 5713 4285 5754 le
4309 5717 4606 5763 rendez-vous
4629 5722 4684 5763 de
4707 5723 4751 5764 la
4773 5730 4883 5766 bon¬

3855 5778 3910 5806 ne
3931 5767 4106 5810 société.

3958 5966 4420 6036 Mesdames,

4088 6065 4553 6111 Demandez
4603 6074 4879 6120 toutes

3855 6148 3936 6227 LE
3971 6144 4340 6237 BRÉVIAIRE
4375 6158 4570 6240 DELA
4599 6154 4880 6247 BEAUTÉ

3887 6357 3977 6385 Dans
4001 6367 4046 6387 un
4070 6362 4131 6389 but
4155 6365 4194 6390 de
4218 6365 4471 6395 vulgarisation
4495 6368 4725 6405 scientifique,
4751 6375 4874 6403 l’envoi

3849 6403 3888 6423 en
3910 6401 3960 6426 est
3981 6402 4045 6429 fait
4066 6402 4187 6430 franco
4209 6410 4287 6432 sous
4310 6407 4356 6436 pli
4379 6408 4497 6440 fermé,
4519 6413 4638 6438 contre
4657 6414 4674 6439 0
4694 6416 4737 6441 fr.
4759 6417 4793 6443 40
4814 6415 4874 6449 (re¬

3847 6443 4050 6469 commandé
4071 6449 4079 6470 :
4098 6443 4115 6469 0
4134 6445 4176 6470 fr.
4197 6442 4242 6475 50)
4263 6453 4303 6473 en
4323 6448 4466 6476 timbres
4487 6451 4527 6477 de
4547 6454 4623 6479 tous
4644 6461 4739 6489 pays,
4762 6458 4874 6485 adres¬

3846 6479 3897 6507 sés
3921 6482 3942 6507 à
3965 6483 4135 6516 CLARKS,
4159 6485 4221 6516 130,
4247 6485 4382 6515 Galerie
4405 6491 4446 6517 de
4469 6491 4583 6521 Valois
4604 6492 4872 6531 (Palais-Royal)

4236 6650 4287 6688 Le
4320 6653 4475 6695 Gérant
4505 6669 4514 6694 :
4542 6659 4795 6699 ROUSSFL.

3891 6755 4154 6802 Imprimerie
4183 6760 4365 6804 spéciale
4393 6763 4448 6800 du
4480 6764 4597 6803 Trait
4625 6768 4816 6807 d'Union.
