5134 7504
2149 535 2221 574 LE
2254 537 2435 576 TRAIT
2467 536 2716 575 D’UNION

245 634 331 684 ble,
355 635 568 686 aimante,
591 636 723 687 goûts
744 635 947 686 simples,
972 636 1140 676 femme
1162 636 1271 676 d’in¬

244 694 426 744 térieur,
451 695 599 736 bonne
620 694 875 742 éducation,
900 695 1036 747 ayant
1058 695 1150 743 dot;
1171 707 1271 746 pro¬

244 754 434 796 testante
460 766 518 795 ou
543 753 816 803 catholique.
847 755 1014 795 Inutile
1039 755 1075 794 si
1102 766 1183 804 pas
1210 755 1272 795 sé¬

246 811 388 854 rieux.

298 910 416 950 6019.
447 910 684 950 Charente.
710 931 763 935 —
787 907 1071 955 Célibataire,
1099 910 1148 947 47
1174 919 1270 957 ans,

244 968 470 1019 orphelin,
531 967 804 1017 catholique,
838 968 975 1018 ayant
1004 967 1081 1007 dot
1111 967 1155 1007 et
1183 978 1274 1007 em¬

244 1027 337 1076 ploi
364 1028 479 1068 dans
504 1027 698 1068 carrière
723 1026 926 1075 libérale,
955 1027 1009 1067 de
1035 1027 1185 1067 bonne
1211 1026 1273 1066 fa¬

246 1086 372 1127 mille
398 1088 440 1127 et
464 1087 519 1128 de
545 1085 753 1126 moralité
778 1086 989 1136 parfaite,
1018 1084 1275 1136 épouserait

245 1145 507 1188 demoiselle
560 1156 618 1186 ou
645 1155 789 1186 veuve
843 1145 1053 1193 honnête,
1110 1146 1190 1195 âge
1217 1155 1271 1184 en

246 1206 447 1256 rapport,
480 1204 618 1256 ayant
646 1204 735 1244 dot.

298 1309 416 1348 6020.
452 1307 695 1347 Marseille.
726 1331 782 1335 —
812 1307 1059 1354 Monsieur,
1092 1307 1142 1344 45
1172 1316 1268 1356 ans,

246 1366 394 1408 bonne
424 1367 614 1415 famille,
647 1367 738 1406 très
767 1366 883 1407 belle
912 1364 1128 1407 situation
1159 1364 1274 1405 dans

244 1427 416 1476 grande
444 1426 566 1475 ville,
623 1424 835 1466 voudrait
887 1426 1078 1478 épouser
1107 1423 1275 1464 demoi¬

246 1485 354 1527 selle
388 1498 446 1527 ou
480 1486 614 1526 dame
649 1484 912 1534 honorable,
950 1484 1072 1535 jolie,
1111 1483 1270 1531 brune,

246 1546 383 1596 ayant
408 1544 603 1586 fortune.

299 1643 416 1680 6021.
448 1640 576 1680 Midi.
600 1663 654 1667 —
680 1639 963 1688 Célibataire,
992 1638 1173 1686 rentier,
1200 1647 1274 1676 en¬

244 1711 346 1741 core
380 1700 531 1751 jeune,
566 1699 664 1738 bien
722 1699 1090 1750 physiquement,
1128 1696 1275 1738 désire

245 1759 436 1811 épousçr
456 1758 720 1807 demoiselle
743 1774 799 1802 ou
818 1758 965 1807 dame,
989 1758 1044 1798 de
1064 1756 1274 1796 moralité

246 1818 599 1870 irréprochable,
627 1818 734 1867 jolie
760 1817 929 1858 femme
955 1828 1061 1858 avec
1086 1827 1142 1856 ou
1169 1827 1274 1855 sans

246 1877 336 1919 dot.

295 1978 412 2016 6026.
442 1976 495 2015 —
522 1975 791 2023 Sud-Ouest,
819 1974 979 2014 ancien
1006 1974 1199 2022 officier,
1228 1974 1273 2014 ti¬

243 2035 323 2084 tré,
344 2036 426 2087 âge
444 2047 563 2083 mur,
584 2034 700 2074 mais
719 2035 808 2074 très
827 2034 963 2083 jeune
983 2034 1188 2083 d’allure,
1210 2034 1274 2074 di¬

243 2093 419 2145 rigeant
444 2094 606 2135 affaire
632 2092 900 2144 rapportant
924 2094 950 2132 8
974 2092 999 2132 à
1026 2095 1172 2132 10.000
1198 2092 1271 2140 fr.,

242 2152 388 2195 désire
408 2152 610 2204 mariage
628 2164 736 2194 avec
755 2151 1018 2192 demoiselle
1036 2164 1094 2192 ou
1114 2163 1271 2199 veuve,

242 2211 297 2252 de
318 2214 368 2253 30
390 2212 415 2252 à
434 2214 486 2252 35
507 2224 602 2260 ans,
626 2210 930 2252 honorabilité
951 2211 1152 2260 absolue,
1175 2211 1274 2262 gaie

243 2271 331 2312 bon
356 2272 595 2320 caractère,
620 2271 848 2312 vraiment
871 2270 978 2320 jolie
1000 2271 1044 2311 et
1066 2271 1120 2312 de
1142 2282 1274 2322 gran¬

243 2330 296 2371 de
315 2331 549 2380 tournure,
572 2342 678 2371 avec
696 2343 754 2371 ou
774 2341 880 2371 sans
899 2328 1095 2371 fortune.

298 2440 415 2479 6032.
462 2440 684 2488 Aveyron.
708 2462 762 2466 —
802 2438 1004 2478 Licencié
1042 2448 1095 2477 en
1138 2438 1267 2484 droit,

243 2499 291 2536 29
315 2510 408 2547 ans,
434 2499 590 2548 grand,
613 2498 743 2547 brun,
762 2495 979 2546 orphelin,
1011 2498 1088 2536 200
1110 2496 1187 2534 000
1203 2495 1271 2544 fr.,

242 2559 427 2608 fortune,
446 2560 594 2600 désire
616 2562 806 2610 épouser
826 2557 1091 2598 demoiselle
1112 2570 1166 2598 ou
1185 2559 1274 2607 jeu¬

243 2632 298 2662 ne
319 2634 460 2663 veuve
482 2626 615 2674 ayant
632 2622 844 2660 situation
868 2620 1103 2671 analogue.

299 2726 418 2765 6033.
450 2726 542 2764 Lot.
568 2748 622 2752 —
666 2722 858 2763 Docteur
899 2722 1036 2763 établi
1078 2724 1130 2762 30
1172 2732 1268 2768 ans,

246 2783 316 2823 fils
354 2783 534 2836 unique,
574 2783 675 2823 bien
716 2782 1075 2832 physiquement,
1119 2779 1271 2830 grand,

244 2845 372 2895 brun,
392 2847 536 2886 désire
558 2847 749 2896 épouser
766 2843 1029 2884 demoiselle
1051 2846 1182 2895 ayant
1200 2842 1275 2880 dot

245 2908 296 2948 60
315 2920 370 2948 ou
394 2908 443 2948 c0
463 2908 542 2948 000
562 2908 612 2947 fr.

298 3007 348 3045 60
365 3011 400 3046 !5
445 3007 488 3047 —
522 3007 634 3047 Var.
668 3006 716 3044 —
748 3003 1050 3051 Célibataire,
1088 3007 1138 3043 33
1178 3014 1273 3052 ans,

244 3067 393 3108 blond,
426 3067 735 3119 physionomie
763 3066 987 3115 agréable,
1023 3066 1277 3106 économies

243 3131 366 3176 6,000
384 3131 547 3181 francs,
571 3128 782 3171 situation
800 3130 923 3170 2.300
943 3130 1088 3187 francs
1104 3139 1183 3179 par
1201 3138 1271 3175 an,

242 3194 387 3235 désire
408 3195 597 3244 épouser
617 3191 876 3231 demoiselle
899 3203 955 3231 ou
980 3202 1120 3231 veuve
1150 3191 1202 3228 de
1226 3195 1274 3227 23

243 3258 267 3295 à
288 3256 333 3296 31
366 3268 460 3306 ans,
498 3259 640 3295 même
675 3266 782 3294 avec
824 3253 988 3301 enfant,
1030 3255 1163 3305 ayant
1200 3251 1275 3290 dot

242 3319 534 3369 équivalente,
558 3320 751 3369 pouvant
774 3328 820 3357 se
843 3317 1051 3367 déplacer
1076 3319 1118 3355 et
1147 3315 1276 3364 gérer

242 3391 491 3420 commerce
514 3392 570 3420 au
593 3379 767 3419 besoin.

295 3474 347 3516 60
363 3482 411 3514 >6.
434 3476 482 3514 —
504 3474 772 3514 Cordeaux.
790 3471 834 3511 —
858 3470 1142 3511 Célibataire
1163 3468 1272 3517 seul,

243 3539 291 3576 52
311 3548 406 3585 ans,
425 3535 524 3575 bien
548 3546 654 3574 sous
675 3538 774 3574 tous
795 3534 859 3572 les
877 3536 1100 3583 rapports,
1120 3542 1276 3582 grosse

243 3599 415 3639 fortune
436 3601 478 3636 et
498 3598 620 3646 9,000
640 3596 787 3636 francs
808 3595 863 3634 de
892 3599 1055 3644 renies,
1084 3595 1251 3645 épouse

243 3660 327 3703 rait
348 3659 606 3701 demoiselle
632 3670 688 3699 ou
711 3668 849 3698 veuve
871 3655 926 3698 de
956 3658 1007 3697 30
1039 3660 1060 3697 à
1094 3659 1144 3696 45
1178 3668 1272 3696 ans.

243 3726 344 3766 bien
366 3723 708 3776 physiquement
736 3726 779 3762 et
807 3722 1111 3769 moralement,
1143 3722 1278 3770 ayant

242 3786 322 3826 des
346 3789 503 3824 rentes.

295 3878 414 3918 6037.
438 3898 488 3904 —
520 3876 662 3916 Tarn.
699 3896 747 3903 —
788 3872 1058 3921 Négociant,
1092 3873 1144 3911 40
1178 3883 1272 3920 ans,

243 3939 398 3990 grand,
418 3937 659 3988 distingué,
684 3938 774 3976 très
795 3935 912 3983 bien,
944 3935 1274 3986 sympathique,

244 4003 475 4050 musicien,
499 4000 616 4049 actif,
636 3999 949 4047 honorabilité,
971 3999 1096 4038 santé
1118 3998 1275 4048 parfai¬

240 4078 324 4123 tes,
360 4071 602 4124 possédant
638 4069 903 4111 immeubles
931 4070 1082 4119 35,000
1112 4069 1272 4116 francs,

242 4146 490 4176 commerce
507 4135 659 4175 ancien
679 4134 941 4183 rapportant
959 4132 1060 4182 plus
1079 4132 1132 4171 de
1155 4131 1276 4178 5,000

242 4198 390 4238 francs
411 4196 510 4246 l’an,
536 4195 739 4236 s’unirait
764 4208 787 4234 a
811 4194 1087 4244 demoiselle,
1122 4204 1273 4241 veuve,

243 4260 366 4302 seule
388 4272 440 4299 ou
467 4259 690 4306 divorcée,
708 4258 825 4308 jolie,
848 4256 948 4295 bien
974 4257 1088 4304 faite,
1118 4256 1276 4296 femme

242 4322 513 4370 d’intérieur,
539 4320 825 4370 intelligente,
855 4321 955 4369 apte
987 4320 1008 4358 5
1047 4319 1084 4359 le
1122 4328 1275 4358 secon¬

241 4378 342 4424 der,
386 4379 519 4426 ayant
562 4376 637 4415 dot
677 4374 968 4424 quelconque.
1016 4371 1276 4412 Recherche

240 4439 446 4490 qualités,
470 4436 674 4486 affinités,
701 4435 903 4476 affection
928 4436 1227 4487 réciproques.

295 4541 413 4580 (:0'i2.
435 4563 483 4567 —
509 4542 648 4582 Gard.
677 4539 720 4578 —
755 4536 1059 4584 Célibataire,
1094 4540 1144 4576 38
1178 4546 1272 4584 ans,

242 4602 510 4652 catholique,
553 4602 654 4643 bien
692 4598 1036 4651 physiquement
1058 4631 1066 4649 ,
1108 4598 1275 4639 famille

242 4664 502 4712 honorable,
542 4661 850 4716 propriétaire,
892 4659 1038 4702 désire
1075 4662 1275 4710 mariage

240 4738 348 4767 avec
370 4726 628 4767 demoiselle
651 4724 850 4764 sérieuse
868 4722 922 4762 de
952 4728 1000 4763 25
1036 4728 1059 4763 à
1094 4729 1144 4762 38
1178 4734 1272 4770 ans,

242 4794 372 4842 ayant
391 4790 552 4840 emploi
575 4788 850 4840 quelconque
874 4797 927 4824 ou
952 4787 1084 4836 petite
1104 4786 1192 4826 dot.

292 4892 412 4940 6047,
439 4892 614 4942 Ariège.
634 4914 688 4918 —
708 4889 852 4928 Jeune
876 4887 1074 4936 homme,
1098 4890 1149 4927 34
1172 4898 1268 4935 ans,

244 4951 516 5003 catholique,
555 4949 780 5002 physique
816 4947 1040 4998 agréable,
1080 4948 1167 4987 bon
1206 4958 1274 4986 ca¬

243 5010 427 5059 ractère,
457 5012 547 5052 très
599 5006 863 5055 honorable,
894 5008 1031 5059 ayant
1056 5006 1272 5047 situation

242 5070 463 5111 d’officier
519 5066 787 5110 ministériel
843 5066 898 5106 de
926 5068 1047 5107 3.000
1075 5066 1131 5106 fr.
1162 5064 1274 5116 petit

239 5128 364 5168 avoir
387 5130 429 5170 et
451 5131 731 5180 espérances,
756 5126 1013 5176 épouserait
1035 5124 1270 5167 demoisel¬

240 5187 280 5228 le
302 5199 407 5229 avec
428 5190 519 5230 dot.

295 5296 412 5344 6048,
451 5294 842 5335 Haute-Garonne.
873 5315 928 5321 —
987 5291 1270 5338 Célibataire,

240 5354 350 5398 seul,
386 5358 436 5396 60
495 5366 591 5403 ans,
627 5363 854 5403 voyageur
887 5351 942 5393 de
1000 5362 1268 5398 commerce,

242 5413 367 5453 avoir
390 5416 534 5454 10.000
555 5414 628 5462 fr.,
652 5411 800 5452 rentes
819 5413 898 5451 850
918 5410 991 5460 fr.,
1014 5411 1160 5451 désire
1180 5420 1272 5450 ma¬

242 5470 364 5523 riage
391 5484 499 5512 avec
552 5471 828 5519 demoiselle,
884 5470 1018 5511 dame
1043 5482 1186 5510 veuve
1214 5480 1271 5510 ou

240 5530 447 5571 divorcée
479 5531 504 5571 à
535 5543 614 5572 son
646 5529 802 5582 profit,
836 5530 1046 5577 honnête,
1080 5530 1134 5570 de
1164 5531 1215 5567 40
1246 5528 1271 5567 à

240 5591 290 5631 55
320 5602 415 5638 ans,
447 5592 584 5642 ayant
614 5588 827 5632 situation
859 5588 1160 5639 personnelle.

291 5696 409 5742 6049,
473 5691 955 5735 Bouches-du-Rhône.
986 5715 1043 5721 —
1099 5691 1271 5731 Céliba¬

238 5755 365 5803 taire,
388 5756 440 5792 70
462 5766 558 5803 ans,
583 5754 729 5795 comte
751 5752 1064 5804 authentique,
1089 5751 1270 5792 descen¬

238 5812 348 5854 dant
379 5812 513 5852 d’une
544 5814 763 5854 ancienne
795 5812 836 5851 et
867 5811 1044 5852 illustre
1076 5811 1266 5858 famille,

238 5872 447 5914 habitant
480 5872 606 5922 villa,
643 5871 855 5914 voudrait
890 5871 1076 5923 adopter
1111 5871 1270 5911 enfant

239 5943 295 5972 ou
326 5932 462 5981 jeune
491 5932 675 5972 homme
704 5931 759 5970 de
789 5930 964 5972 famille
994 5931 1131 5978 riche,
1164 5940 1271 5970 avec

237 5991 399 6041 prime.
430 5990 636 6032 Céderait
661 5990 788 6031 titres
812 5989 1076 6032 nobiliaires
1102 5990 1144 6030 et
1168 6000 1267 6039 par¬

238 6048 458 6089 chemins.
488 6050 618 6091 Faire
643 6050 798 6090 offres.

292 6132 410 6172 6050.
443 6132 695 6182 Dordogne.
722 6131 776 6171 —
804 6131 1013 6182 Coupeur
1055 6142 1108 6171 en
1154 6130 1267 6170 vête¬

240 6196 389 6232 ments
427 6200 540 6238 pour
580 6194 787 6232 hommes
824 6195 867 6230 et
892 6192 1070 6239 Dames,
1094 6192 1146 6228 34
1168 6202 1264 6238 ans,

236 6251 480 6300 distingué,
523 6250 797 6299 célibataire,
842 6250 990 6291 bonne
1031 6248 1262 6298 situation,

236 6311 383 6353 désire
412 6314 598 6363 prompt
626 6311 828 6362 mariage
859 6322 964 6352 avec
995 6308 1266 6351 Demoiselle

236 6382 290 6410 ou
310 6371 462 6410 Veuve
476 6370 619 6419 dotée,
638 6371 693 6410 de
713 6371 761 6407 24
786 6371 809 6408 à
831 6373 876 6408 34
894 6382 989 6411 ans.
1011 6368 1089 6408 Lui
1111 6368 1263 6408 écrire.

287 6452 405 6491 6051.
460 6452 601 6492 Paris.
648 6475 703 6480 —
751 6451 1098 6492 Fonctionnaire
1149 6450 1260 6498 Etat,

236 6511 379 6559 Paris,
423 6512 474 6550 38
516 6524 612 6560 ans,
656 6511 727 6551 bel
754 6510 924 6559 avenir,
954 6508 1168 6551 situation
1197 6520 1264 6548 ac¬

235 6571 372 6611 tuelle
426 6572 548 6611 3.500
603 6572 676 6619 fr.,
722 6570 868 6610 désire
912 6569 1114 6619 mariage
1159 6579 1266 6608 avec

234 6630 370 6679 jeune
395 6630 502 6679 fille,
528 6643 671 6672 veuve
695 6642 752 6671 ou
778 6628 984 6671 divorcée
1008 6628 1146 6680 ayant
1171 6628 1260 6668 dot.

236 6690 328 6742 Age
355 6700 407 6729 en
436 6691 636 6742 rapport.

288 6779 406 6817 6052.
443 6779 876 6818 Tarn-et-Garonne.
908 6798 964 6804 —
998 6776 1263 6815 Lieutenant

235 6836 524 6878 d’infanterie
543 6836 778 6883 coloniale,
799 6837 850 6875 38
868 6847 964 6884 ans,
986 6832 1260 6882 célibataire,

236 6896 495 6939 traitement
543 6898 710 6938 annuel
759 6896 881 6935 3.500
928 6895 1003 6944 fr.,
1052 6892 1264 6935 voudrait

1342 638 1532 688 épouser
1558 638 1828 679 Demoiselle
1852 638 1907 678 de
1930 639 1980 676 25
2005 638 2030 676 à
2054 639 2104 676 32
2130 647 2211 676 ans
2236 636 2371 687 ayant

1343 698 1418 738 dot
1446 708 1500 736 ou
1534 696 1747 739 situation
1780 696 2127 738 fonctionnaire.

1395 793 1512 833 6053.
1558 793 1694 833 Gard.
1719 816 1773 821 —
1799 792 2142 832 Contributions
2183 790 2371 831 indirec¬

1348 856 1428 891 tes.
1470 852 1738 893 Célibataire
1775 852 1828 892 de
1866 852 1955 892 très
1990 852 2139 892 bonne
2175 851 2364 899 famille,

1346 914 1468 951 4.000
1491 911 1546 952 fr.
1573 923 1780 960 revenus,
1807 912 2048 952 recherche
2071 922 2187 962 pour
2210 911 2374 952 maria¬

1346 984 1399 1023 ge
1456 982 1679 1022 personne
1724 972 1911 1023 grande,
1960 971 2156 1019 élancée,
2207 971 2368 1018 mince,

1350 1035 1368 1070 1
1393 1041 1452 1070 m\
1476 1033 1528 1070 70
1566 1032 1828 1079 minimum,
1868 1034 1920 1071 27
1956 1032 1982 1071 à
2019 1032 2070 1070 35
2108 1042 2204 1078 ans,
2247 1029 2373 1070 intel¬

1343 1090 1524 1141 ligente,
1573 1091 1799 1139 instruite,
1847 1091 1937 1131 très
1983 1091 2132 1130 bonne
2179 1089 2368 1136 famille,

1343 1150 1480 1200 ayant
1496 1150 1622 1190 avoir
1639 1163 1695 1191 ou
1715 1151 1805 1191 dot.
1828 1151 1980 1191 Prière
1999 1150 2174 1190 donner
2191 1149 2371 1190 adresse

1343 1211 1386 1250 et
1424 1210 1562 1260 photo
1602 1211 1680 1261 qui
1723 1219 1821 1250 sera
1846 1210 2031 1250 rendue.
2059 1210 2123 1250 Ne
2147 1208 2370 1259 répondra

1343 1270 1447 1319 qu’à
1480 1268 1607 1311 lettre
1640 1270 1792 1320 signée
1825 1268 2086 1310 réunissant
2116 1267 2372 1308 conditions

1342 1328 1574 1369 énoncées.

1396 1428 1514 1466 6054.
1547 1428 1770 1477 Aveyron.
1797 1451 1851 1455 —
1878 1427 1947 1468 Un
1991 1427 2119 1467 oncle
2160 1426 2374 1467 voudrait

1344 1487 1511 1526 marier
1535 1498 1614 1527 son
1638 1499 1782 1528 neveu
1804 1486 2014 1536 orphelin
2036 1488 2088 1526 28
2110 1498 2206 1534 ans,
2231 1486 2370 1536 gentil

1343 1556 1525 1595 garçon,
1560 1547 1720 1596 grand,
1756 1544 2000 1596 distingué,
2036 1546 2127 1586 fort
2158 1545 2370 1593 aimable,

1344 1603 1559 1644 situation
1580 1605 1796 1653 d’avenir,
1820 1604 2185 1656 appointements
2204 1604 2375 1646 actuels

1344 1666 1466 1703 5.000
1487 1663 1560 1713 fr.,
1584 1676 1691 1706 avec
1711 1665 1846 1716 jeune
1867 1666 1959 1706 fille
1980 1664 2034 1704 de
2054 1664 2203 1705 bonne
2225 1664 2373 1705 famil¬

1344 1723 1398 1770 le,
1420 1722 1543 1772 jolie,
1567 1724 1706 1775 ayant
1722 1724 1798 1764 dot
1817 1724 1991 1775 liquide
2011 1724 2064 1764 de
2084 1727 2135 1763 60
2155 1724 2180 1763 à
2201 1726 2374 1764 100.000

1344 1782 1510 1823 francs.

1404 1880 1522 1918 6056.
1560 1881 1811 1920 Bordeaux.
1844 1903 1899 1908 —
1934 1879 2127 1927 Retraité
2162 1880 2290 1928 ,seul,
2323 1881 2374 1919 55

1351 1951 1447 1988 ans,
1477 1939 1580 1979 bien
1610 1940 1838 1988 conservé,
1867 1940 1955 1980 bon
1984 1939 2223 1987 caractère,
2254 1950 2375 1980 reve¬

1351 2010 1438 2038 nus
1468 2000 1591 2039 2.000
1623 1999 1696 2047 fr.,
1731 1999 1943 2040 voudrait
1974 1999 2164 2050 épouser
2198 1999 2374 2039 Demoi¬

1352 2057 1459 2098 selle
1479 2070 1536 2098 ou
1556 2058 1698 2099 Dame
1716 2070 1859 2100 veuve
1879 2059 1934 2099 de
1952 2059 2003 2098 40
2023 2058 2048 2098 à
2067 2060 2118 2098 50
2138 2069 2219 2098 ans
2239 2058 2375 2108 ayant

1351 2116 1566 2158 situation
1599 2129 1652 2158 en
1687 2117 1888 2170 rapport.

1406 2214 1523 2254 6057.
1572 2214 1963 2255 Haute-Garonne.
1991 2238 2046 2242 —
2088 2211 2372 2262 Célibataire,

1351 2275 1401 2312 46
1422 2284 1517 2322 ans,
1540 2273 1612 2313 fils
1632 2272 1819 2324 unique,
1842 2272 2086 2323 distingué,
2108 2272 2375 2324 propriétai¬

1352 2344 1412 2381 re,
1460 2343 1653 2374 revenus
1695 2335 1819 2374 2.500
1863 2332 1936 2382 fr.,
1982 2332 2128 2374 désire
2172 2332 2375 2383 mariage

1354 2403 1459 2432 avec
1483 2392 1752 2434 Demoiselle
1774 2404 1831 2433 ou
1854 2392 2007 2434 Veuve
2028 2392 2083 2434 de
2103 2395 2154 2432 35
2175 2392 2200 2431 à
2221 2394 2272 2432 45
2295 2404 2376 2432 ans

1351 2453 1487 2503 ayant
1517 2451 1731 2493 situation
1763 2452 1999 2503 analogue.

1403 2547 1522 2587 6064.
1554 2547 1767 2588 Gironde.
1792 2571 1847 2576 —
1875 2550 2067 2587 Docteur
2095 2547 2308 2596 exerçant
2332 2547 2376 2587 la

1350 2606 1582 2647 médecine
1626 2619 1715 2647 aux
1760 2606 1975 2650 environs
2018 2607 2072 2647 de
2118 2606 2372 2654 Bordeaux,

1348 2666 1470 2715 veuf,
1514 2668 1564 2706 53
1606 2679 1702 2715 ans,
1746 2668 1835 2707 très
1859 2666 1962 2706 bien
1988 2666 2184 2717 portant,
2214 2667 2375 2707 nature

1350 2726 1450 2775 gaie
1475 2726 1516 2767 et
1543 2725 1872 2775 sentimentale,
1900 2724 2115 2766 situation
2147 2727 2292 2766 10.000
2319 2726 2374 2774 fr,

1351 2785 1607 2835 épouserait
1647 2796 1790 2827 veuve
1831 2786 1884 2826 de
1924 2787 1976 2826 38
2016 2786 2042 2826 à
2066 2787 2116 2826 45
2143 2797 2239 2834 ans,
2267 2787 2374 2826 d’un

1351 2844 1576 2896 physique
1618 2846 1828 2896 agréable
1868 2844 1910 2886 et
1960 2845 2186 2886 caractère
2238 2845 2374 2893 doux,

1351 2905 1490 2954 ayant
1509 2906 1534 2944 8
1556 2904 1582 2944 à
1607 2907 1752 2944 10.000
1775 2904 1831 2945 fr.
1856 2904 2020 2944 rentes.

1398 2995 1515 3034 6069.
1540 2995 1791 3035 Bordeaux.
1810 3019 1863 3022 —
1882 2995 2210 3042 Sous-officier,
2227 3005 2376 3044 comp¬

1351 3054 1484 3101 table,
1529 3056 1579 3093 34
1625 3067 1721 3103 ans,
1769 3055 1888 3102 bien,
1920 3054 2035 3095 libre
2063 3054 2131 3094 s’il
2160 3047 2201 3094 le
2231 3054 2375 3095 désire

1350 3113 1465 3154 dans
1488 3116 1512 3153 7
1536 3114 1666 3163 mois,
1695 3115 1875 3154 retraite
1898 3116 1922 3152 7
1947 3115 1971 3154 à
1995 3115 2074 3154 800
2099 3114 2266 3161 francs;
2292 3125 2376 3154 em¬

1351 3172 1442 3223 ploi
1467 3174 1571 3214 civil
1597 3175 1736 3215 début
1759 3176 1895 3222 2.000,
1922 3175 2188 3224 espérances
2215 3175 2375 3220 10.000;

1350 3234 1495 3274 désire
1526 3234 1727 3284 mariage
1758 3244 1864 3274 avec
1895 3234 2155 3274 demoiselle
2186 3232 2240 3274 de
2270 3235 2321 3272 22
2351 3232 2375 3272 à

1348 3295 1400 3332 32
1424 3304 1519 3341 ans,
1546 3293 1666 3341 bien,
1692 3294 1783 3335 très
1804 3294 2014 3342 honnête,
2043 3294 2180 3344 ayant
2203 3293 2292 3333 dot.

1403 3380 1520 3419 6070.
1556 3380 1808 3420 Bordeaux.
1838 3404 1891 3408 —
1922 3382 2067 3420 Gentil
2115 3383 2280 3428 garçon
2326 3383 2376 3419 25

1351 3451 1447 3486 ans,
1470 3439 1666 3486 châtain,
1688 3440 1811 3479 taille
1835 3442 1848 3478 1
1874 3450 1932 3478 m.
1955 3441 2020 3487 70,
2044 3438 2219 3479 famille
2240 3436 2378 3479 Hono¬

1352 3498 1490 3545 rable',
1542 3498 1815 3548 catholique,
1868 3499 2060 3546 sérieux,
2114 3498 2235 3545 actif,
2288 3500 2376 3539 très

1351 3558 1486 3604 doux,
1518 3558 1607 3598 très
1635 3559 1906 3606 affectueux,
1936 3559 2026 3599 état
2054 3558 2252 3605 lucratif,
2284 3560 2376 3599 éco¬

1352 3616 1540 3664 nomies,
1575 3617 1833 3668 épouserait
1863 3619 1999 3667 jeune
2031 3619 2123 3658 fille
2154 3619 2290 3667 ayant
2323 3619 2375 3658 si¬

1351 3676 1523 3718 tuation
1551 3687 1604 3717 en
1633 3679 1832 3730 rapport.
1863 3678 2076 3718 Bonheur
2103 3677 2272 3718 assuré.
2304 3678 2376 3718 Sé¬

1351 3737 1495 3775 rieux.

1415 3973 2311 4068 INTERVIEW-CONCOURS

1404 4208 1456 4248 Je
1487 4207 1711 4250 demande
1740 4208 1767 4249 à
1796 4209 1897 4250 tous
1926 4208 1991 4248 les
2021 4208 2214 4248 lecteurs
2244 4208 2299 4248 de
2328 4219 2376 4248 ce

1351 4267 1556 4315 numéro,
1604 4268 1631 4307 à
1674 4279 1771 4308 mes
1815 4268 2031 4315 abonnés,
2063 4268 2088 4307 à
2118 4278 2213 4307 mes
2243 4267 2374 4315 amis,

1351 4338 1524 4367 connus
1542 4338 1599 4367 ou
1619 4327 1845 4367 inconnus
1860 4327 1903 4367 et
1920 4327 2042 4367 aussi
2063 4339 2152 4367 aux
2171 4326 2377 4368 ennemis

1351 4387 1405 4426 de
1423 4387 1467 4426 la
1483 4387 1798 4427 combinaison
1814 4411 1869 4415 —
1883 4386 1952 4428 s’il
1968 4399 1999 4438 y
2015 4398 2070 4427 en
2089 4399 2116 4427 a
2128 4410 2183 4414 —
2198 4386 2254 4427 de
2270 4398 2376 4427 vou¬

1348 4444 1434 4486 loir
1456 4447 1558 4486 bien
1583 4446 1806 4498 répondre
1828 4458 1918 4487 aux
1940 4447 2173 4498 questions
2195 4447 2375 4487 suivan¬

1350 4504 1415 4546 tes
1446 4518 1454 4544 :

1405 4594 1606 4636 J’insiste
1640 4594 2061 4647 particulièrement
2098 4595 2263 4646 auprès
2298 4595 2376 4635 des

1351 4655 1530 4695 Dames.

1406 4743 1450 4779 1°
1479 4740 1572 4790 Que
1613 4751 1910 4793 pensez-vous
1951 4740 2012 4782 du
2054 4739 2245 4781 Journal
2272 4758 2291 4776 «
2318 4740 2376 4779 Le

1351 4800 1478 4841 Trait
1500 4801 1695 4842 d’Union
1724 4819 1759 4850 »,
1786 4801 1840 4840 de
1864 4812 1944 4842 son
1970 4799 2294 4852 organisation,
2322 4800 2376 4840 de

1350 4870 1398 4899 sa
1420 4859 1639 4901 direction
1659 4864 1676 4900 ?

1402 4950 1450 4987 2°
1484 4948 1642 4996 Quelle
1672 4951 1738 4989 est
1766 4948 1891 4990 votre
1921 4948 2192 4998 impression
2225 4959 2303 4988 sur
2333 4948 2376 4988 la

1348 5007 1662 5049 combinaison
1710 5007 1927 5059 mariage.
1977 5008 2039 5047 La
2086 5019 2375 5058 croyez-vous

1351 5067 1474 5116 utile,
1502 5068 1767 5115 nécessaire,
1794 5068 1942 5108 bonne
1967 5079 2024 5107 ou
2050 5067 2286 5107 mauvaise
2303 5070 2322 5107 ?

1400 5155 1448 5192 3°
1480 5152 1661 5202 Quelles
1687 5154 1788 5195 sont
1814 5154 1878 5194 les
1904 5152 2239 5195 modifications
2265 5152 2374 5204 qu’il

1346 5225 1460 5254 vous
1499 5212 1684 5264 plairait
1723 5214 1778 5255 de
1818 5214 1915 5254 voir
1956 5214 2170 5264 apporter
2195 5214 2308 5255 dans
2335 5213 2374 5252 le

1351 5272 1743 5315 fonctionnement
1776 5272 1831 5314 de
1867 5272 1911 5314 la
1944 5272 2259 5314 combinaison
2279 5276 2298 5312 ?
2316 5272 2374 5312 Le

1348 5332 1539 5374 Journal
1563 5333 1709 5375 doit-il
1734 5334 1872 5374 rester
1896 5345 1944 5374 ce
1967 5333 2077 5383 qu’il
2099 5334 2166 5374 est
2187 5344 2244 5375 ou
2268 5344 2375 5384 pen¬

1347 5403 1552 5434 sez-vous
1578 5392 1688 5444 qu’il
1715 5392 1851 5434 serait
1876 5394 1963 5434 bon
1990 5392 2044 5434 de
2071 5392 2135 5432 lui
2164 5392 2278 5433 faire
2303 5404 2375 5433 su¬

1347 5453 1418 5492 bir
1458 5452 1679 5494 certaines
1720 5452 2136 5494 transformations.
2166 5451 2375 5503 Lesquel¬

1347 5511 1411 5552 les
1431 5514 1448 5550 ?

1403 5579 1588 5623 Gomme
1616 5580 1735 5621 toute
1760 5591 1892 5631 peine
1918 5580 2077 5621 mérite
2103 5592 2164 5620 un
2192 5579 2375 5621 dédom¬

1348 5641 1608 5690 magement
1628 5642 1671 5681 et
1689 5651 1867 5680 comme
1887 5640 1930 5690 je
1950 5652 2005 5680 ne
2027 5640 2121 5680 suis
2141 5640 2265 5681 riche
2286 5652 2374 5691 que

1347 5699 1401 5739 de
1421 5698 1572 5739 bonne
1592 5699 1773 5740 volonté
1795 5700 1837 5740 et
1858 5699 1912 5739 de
1935 5699 2250 5748 dévouement,
2275 5699 2374 5750 j’of¬

1347 5759 1413 5799 fre
1436 5759 1462 5798 à
1483 5759 1605 5800 toute
1627 5770 1851 5810 personne
1874 5760 1952 5808 qui
1975 5759 2150 5799 voudra
2172 5759 2275 5800 bien
2301 5771 2372 5800 me

1346 5819 1519 5859 donner
1538 5819 1617 5859 des
1634 5819 1827 5860 conseils
1844 5818 2079 5870 pratiques
2095 5819 2138 5859 et
2156 5818 2290 5859 d’une
2310 5819 2373 5859 fa¬

1346 5879 1428 5919 cile
1456 5878 1748 5929 application,
1779 5891 1841 5919 un
1869 5878 2175 5919 abonnement
2202 5880 2374 5927 gratuit

1346 5939 1399 5978 de
1424 5938 1544 5978 deux
1570 5939 1687 5979 mois
1710 5950 1767 5978 ou
1794 5939 1899 5979 d’un
1928 5937 2043 5979 mois
2068 5938 2110 5978 et
2135 5949 2251 5988 pour
2276 5951 2372 5979 mes

1346 5997 1551 6038 abonnés
1590 5998 1774 6047 actuels,
1818 5998 1858 6039 le
1902 5997 2291 6039 renouvellement
2318 5998 2371 6039 de

1346 6058 1444 6097 leur
1464 6057 1680 6099 insertion
1703 6069 1819 6108 pour
1839 6068 1927 6096 une
1947 6058 2072 6107 égale
2091 6056 2244 6098 durée.

1398 6136 1479 6177 Les
1523 6137 1782 6178 meilleures
1825 6138 2039 6188 réponses
2082 6136 2232 6178 seront
2275 6149 2372 6179 seu¬

1344 6198 1408 6236 les
1432 6195 1644 6247 primées,
1671 6198 1766 6238 cela
1791 6198 1856 6238 est
1880 6208 1986 6238 sous
2011 6196 2224 6238 entendu.
2254 6198 2371 6237 Mais

1344 6256 1477 6307 qu’on
1506 6267 1550 6296 se
1576 6267 1771 6299 rassure.
1799 6258 1850 6298 Je
1876 6256 1991 6297 serai
2018 6258 2260 6307 généreux.

1397 6342 1523 6382 Nota.
1550 6366 1605 6372 —
1627 6344 1685 6383 Le
1724 6354 1944 6383 concours
1983 6354 2084 6382 sera
2122 6341 2215 6382 clos
2255 6342 2295 6382 le
2318 6344 2371 6383 30

1343 6402 1612 6453 septembre,
1643 6403 1723 6443 Les
1747 6402 1900 6443 lettres
1926 6414 1980 6443 ne
2007 6403 2158 6443 seront
2183 6413 2268 6453 pas
2288 6414 2370 6453 pu¬

1343 6462 1495 6502 bliées.
1528 6462 1610 6504 Les
1638 6474 1769 6503 noms
1798 6463 1876 6504 des
1904 6462 2285 6514 correspondants
2314 6475 2370 6503 ne

1343 6522 1494 6562 seront
1514 6533 1688 6563 connus
1708 6534 1795 6574 que
1818 6523 1879 6563 du
1899 6522 2139 6563 directeur.
2165 6522 2246 6563 Les
2267 6532 2368 6563 con¬

1342 6582 1548 6622 currents
1571 6583 1743 6633 primés
1766 6583 1918 6623 seront
1937 6583 2164 6632 prévenus
2186 6592 2268 6631 par
2291 6582 2368 6623 let¬

1342 6642 1408 6681 tre
1430 6642 1694 6683 affranchie.
1720 6643 1780 6682 La
1803 6642 1907 6692 plus
1928 6642 2100 6692 grande
2123 6640 2364 6682 discrétion

1340 6700 1407 6743 est
1426 6700 1607 6751 acquise
1626 6702 1652 6743 à
1671 6703 1786 6743 tous.

1395 6778 1547 6819 Ecrire
1572 6791 1580 6819 :
1603 6778 1793 6819 Journal
1816 6779 1943 6819 Trait
1963 6779 2174 6827 d’Union,
2198 6779 2262 6827 26,
2287 6792 2366 6820 rue

1340 6838 1544 6880 d’Astore
1544 6850 1548 6856 1
1555 6871 1563 6886 ,
1590 6837 1830 6879 Toulouse.

1988 6898 2100 6938 Jean
2125 6898 2283 6937 BACH.

2488 659 2746 787 Offres
2796 694 2954 764 aux
3004 660 3436 760 Messieurs

2503 876 2637 923 5,784.
2664 877 2717 915 —
2740 877 2884 915 Jeune
2935 875 3043 923 fille,
3097 874 3279 923 blonde,
3305 876 3357 915 24
3380 887 3477 923 ans,

2450 935 2719 982 couturière,
2748 935 2851 975 bien
2879 947 2983 976 sous
3009 935 3109 975 tous
3135 934 3199 974 les
3252 935 3477 986 rapports,

2449 994 2673 1034 caractère
2696 994 2820 1035 doux
2841 995 2883 1035 et
2905 995 3175 1042 affectueux,
3201 994 3377 1035 aimant
3400 1006 3478 1035 son

2452 1060 2683 1110 intérieur,
2737 1063 2861 1110 2,000
2887 1061 2941 1101 fr.
2970 1062 3024 1103 de
3049 1061 3140 1109 dot,
3196 1062 3477 1112 espérances,

2448 1121 2707 1171 épouserait
2732 1120 2967 1161 Monsieur
2995 1120 3189 1168 sérieux,
3247 1122 3368 1170 bien,
3425 1122 3480 1162 de

2447 1182 2499 1220 28
2521 1180 2546 1220 à
2566 1183 2616 1220 35
2637 1192 2733 1228 ans,
2759 1179 2966 1232 employé
2988 1180 3041 1222 de
3064 1180 3340 1232 préférence.
3367 1182 3480 1222 Bon¬

2450 1240 2563 1280 heur
2592 1240 2763 1280 assuré.

2502 1319 2636 1365 5,809.
2661 1319 2714 1356 —
2737 1318 3005 1359 Demoiselle
3028 1318 3083 1358 de
3105 1319 3156 1356 38
3179 1328 3275 1366 ans,
3302 1318 3477 1358 famille

2448 1380 2539 1420 très
2568 1379 2832 1427 honorable,
2868 1380 3016 1421 bonne
3047 1379 3304 1427 éducation,
3339 1380 3477 1420 musi¬

2448 1432 2620 1478 cienne,
2648 1431 2817 1473 femme
2841 1433 3120 1480 d’intérieur,
3147 1434 3224 1474 dot
3248 1435 3396 1474 10.000
3420 1434 3475 1472 fr.

2448 1485 2681 1535 comptant
2705 1486 2747 1526 et
2771 1498 2832 1526 un
2859 1486 3068 1527 mobilier
3092 1486 3291 1538 complet
3313 1487 3379 1527 lui
3404 1498 3477 1538 ap¬

2448 1547 2704 1596 partenant,
2737 1547 2995 1598 épouserait
3024 1548 3259 1588 monsieur
3288 1548 3344 1588 de
3373 1550 3424 1587 40
3453 1547 3476 1587 à

2448 1610 2500 1647 50
2530 1619 2609 1647 ans
2640 1610 2777 1658 ayant
2808 1609 2943 1659 petite
2972 1608 3205 1658 situation,
3239 1610 3375 1659 qu’au
3408 1610 3477 1650 be¬

2449 1670 2545 1710 soin
2576 1680 2637 1708 un
2668 1670 2837 1722 emploi
2893 1671 3071 1711 réservé
3128 1671 3475 1722 augmenterait.

2450 1731 2604 1772 Désire
2636 1731 2815 1772 habiter
2847 1743 2953 1772 avec
2984 1744 3065 1772 son
3098 1734 3204 1783 père
3235 1732 3479 1783 possédant

2448 1794 2568 1840 3,500
2599 1791 2752 1834 francs
2780 1793 2835 1833 de
2863 1794 2988 1834 rente
3015 1794 3211 1843 viagère.

2502 1879 2636 1924 5,828.
2658 1880 2712 1918 —
2735 1879 3017 1928 Demoiselle,
3040 1882 3087 1919 31
3111 1892 3207 1928 ans,
3231 1880 3347 1920 belle
3368 1880 3479 1920 fem¬

2450 1947 2535 1983 me,
2559 1936 2829 1988 distinguée,
2852 1938 3001 1979 bonne
3024 1939 3215 1987 famille,
3238 1939 3475 1980 éducation

2450 1996 2491 2035 et
2519 1995 2807 2043 instruction,
2837 1996 3007 2038 femme
3035 1997 3315 2047 d’intérieur,
3373 1999 3480 2038 bon¬

2451 2065 2504 2094 ne
2532 2054 2573 2094 et
2600 2054 2889 2103 affectueuse,
2920 2068 3025 2096 sans
3080 2056 3276 2105 fortune,
3333 2056 3480 2098 désire

2450 2114 2640 2163 épouser
2673 2114 2908 2154 Monsieur
2941 2116 3077 2166 ayant
3109 2115 3324 2156 situation
3359 2118 3477 2164 sûre,

2450 2172 2530 2219 âge
2558 2172 2733 2212 assorti.

2503 2259 2639 2304 5,830.
2674 2260 2729 2298 —
2764 2260 2917 2308 Dame,
2983 2260 3204 2310 divorcée,
3269 2263 3320 2302 38
3381 2274 3477 2310 ans,

2450 2318 2572 2356 2.000
2599 2316 2653 2356 fr.
2684 2318 2739 2359 de
2766 2319 2905 2367 rente,
2963 2320 3173 2368 honnête,
3232 2320 3481 2371 sympathi¬

2451 2387 2552 2426 que,
2581 2376 2827 2418 excellente
2853 2377 3044 2427 famille,
3073 2380 3331 2430 épouserait
3354 2380 3481 2420 Mon¬

2451 2435 2571 2475 sieur
2600 2435 2795 2484 sérieux,
2827 2438 2879 2475 45
2907 2437 2933 2478 à
2961 2439 3013 2478 60
3042 2450 3137 2487 ans,
3171 2439 3287 2479 belle
3344 2439 3480 2479 situa¬

2450 2492 2559 2532 tion.

2503 2571 2639 2618 5,843.
2665 2574 2713 2610 —
2740 2573 3023 2620 Demoiselle,
3050 2575 3102 2612 29
3153 2586 3249 2622 ans,
3305 2575 3480 2615 famille

2451 2632 2715 2680 honorable,
2744 2632 2983 2674 éducation
3014 2634 3208 2683 soignée,
3240 2635 3480 2675 musicien¬

2452 2703 2520 2739 ne,
2553 2694 2808 2741 ménagère,
2841 2694 2917 2735 dot
2952 2707 2959 2734 :
2991 2695 3240 2735 immeuble
3296 2707 3481 2746 rappor¬

2452 2754 2550 2793 tant
2567 2755 2592 2792 6
2611 2754 2636 2792 à
2655 2755 2733 2792 800
2753 2754 2920 2803 francs,
2944 2756 3123 2805 espèces
3144 2756 3291 2795 12.000
3312 2755 3479 2801 francs,

2452 2815 2717 2864 espérances
2747 2815 2983 2864 certaines,
3041 2815 3299 2866 épouserait
3356 2816 3483 2855 Mon¬

2452 2874 2573 2915 sieur
2600 2875 2795 2924 sérieux,
2823 2876 3039 2918 situation
3066 2878 3169 2916 sûre
3196 2887 3251 2916 en
3277 2875 3479 2927 rapport.

2454 2936 2605 2976 Ecrire
2628 2947 2717 2976 aux
2740 2938 2939 2987 parents.

2508 3010 2625 3047 5864.
2660 3010 2715 3047 —
2749 3009 3033 3056 Demoiselle,
3070 3011 3121 3048 39
3155 3019 3251 3056 ans,
3288 3007 3482 3059 pianiste

2454 3068 2509 3107 de
2531 3067 2680 3118 grand
2701 3067 2856 3114 talent,
2883 3067 2961 3108 dot
2982 3070 3133 3107 20.000
3156 3067 3230 3115 fr.,
3257 3067 3483 3107 caractère

2454 3127 2575 3166 doux
2600 3128 2643 3167 et
2667 3126 2937 3174 affectueux,
2965 3126 3223 3176 épouserait
3247 3124 3482 3166 Monsieur

2455 3184 2558 3227 bien
2580 3185 2717 3234 élevé,
2740 3184 2848 3235 jolie
2869 3183 3101 3233 situation,
3125 3184 3300 3226 aimant
3321 3184 3365 3224 la
3385 3196 3483 3224 mu¬

2455 3244 2597 3294 sique.
2631 3244 2695 3284 De
2723 3243 2985 3295 préférence
3016 3244 3243 3286 Toulouse
3273 3255 3331 3286 ou
3361 3243 3483 3283 envi¬

2456 3314 2575 3342 rons.

2504 3390 2640 3428 5.879.
2672 3391 2727 3427 —
2760 3391 3044 3438 Demoiselle,
3105 3391 3156 3428 39
3189 3400 3284 3437 ans,
3320 3390 3480 3437 brune,

2454 3447 2577 3488 taille
2641 3458 2880 3499 moyenne,
2947 3448 3167 3495 brevetée,
3233 3447 3480 3488 excellente

2455 3507 2623 3547 femme
2659 3507 2713 3547 de
2749 3507 2953 3557 ménage,
3020 3508 3245 3547 caractère
3281 3507 3404 3547 doux
3440 3509 3481 3546 et

2455 3567 2724 3614 affectueux,
2764 3566 2841 3606 dot
2875 3567 2998 3606 5.000
3035 3566 3188 3606 francs
3224 3578 3277 3606 en
3316 3566 3477 3613 rentes,

2456 3636 2532 3664 sur
2559 3624 2704 3672 l’Etat,
2732 3624 2878 3665 désire
2904 3624 3105 3676 mariage
3130 3624 3351 3676 religieux
3376 3636 3481 3666 avec

2456 3683 2716 3724 célibataire
2747 3695 2804 3724 ou
2836 3684 2944 3726 veuf
3003 3696 3108 3727 sans
3139 3684 3312 3734 enfant,
3348 3687 3482 3736 ayant

2455 3742 2669 3782 situation
2697 3743 2815 3782 sûre.
2846 3742 2902 3783 Se
2927 3743 3216 3793 déplacerait.

2504 3819 2640 3856 5.881.
2667 3819 2723 3856 —
2749 3819 3018 3858 Demoiselle
3043 3822 3095 3858 47
3120 3831 3216 3866 ans,
3246 3818 3349 3858 bien
3376 3830 3483 3858 sous

2454 3877 2552 3915 tous
2583 3875 2808 3927 rapports,
2843 3876 2959 3917 belle
2991 3876 3175 3924 femme,
3208 3875 3479 3926 distinguée,

2454 3935 2542 3975 très
2567 3935 2715 3975 bonne
2741 3935 2932 3984 famille,
2961 3935 3195 3987 employée
3220 3935 3483 3978 d’adminis¬

2456 3994 2620 4034 tration
2659 3994 2747 4034 bon
2784 3994 3059 4043 traitement,
3099 3995 3245 4036 désire
3281 3995 3483 4046 mariage

2454 4063 2559 4092 avec
2583 4051 2817 4094 Monsieur
2841 4054 2892 4092 45
2915 4054 2941 4094 à
2964 4056 3016 4094 55
3039 4066 3136 4103 ans,
3163 4054 3339 4095 famille
3364 4056 3404 4095 et
3429 4055 3483 4095 si¬

2454 4110 2627 4151 tuation
2651 4111 2851 4151 assortie.

2507 4188 2644 4238 5,888,
2685 4187 3077 4230 Haute-Garonne.
3116 4192 3170 4230 —
3208 4192 3477 4231 Demoiselle

2452 4247 2721 4298 distinguée,
2741 4250 2793 4287 25
2810 4259 2906 4296 ans,
2928 4248 3044 4290 belle
3064 4249 3248 4298 femme,
3269 4250 3345 4291 dot
3361 4252 3484 4290 5.000

2455 4305 2619 4352 francs,
2652 4307 2933 4356 espérances,
2965 4307 3113 4348 désire
3144 4308 3347 4359 mariage
3376 4321 3481 4350 avec

2454 4363 2689 4404 Monsieur
2711 4364 2766 4406 de
2788 4366 2840 4405 25
2861 4365 2887 4405 à
2909 4368 2960 4405 35
2983 4378 3080 4415 ans,
3105 4367 3243 4418 ayant
3265 4367 3480 4408 situation

2452 4424 2506 4464 de
2529 4423 2791 4474 préférence
2814 4425 2928 4465 dans
2951 4424 3016 4465 les
3039 4427 3247 4467 chemins
3271 4428 3324 4467 de
3350 4439 3431 4467 ier.

2503 4502 2640 4550 5,894,
2667 4502 2920 4542 Bordeaux.
2944 4504 2999 4542 —
3022 4504 3161 4543 Dame
3183 4506 3234 4544 28
3256 4516 3353 4552 ans,
3378 4505 3480 4545 bru¬

2452 4571 2522 4608 ne,
2558 4559 2680 4610 jolie,
2716 4560 2928 4609 sérieuse,
2963 4560 3178 4610 aimante,
3215 4563 3353 4613 ayant
3383 4574 3481 4612 gar¬

2451 4630 2533 4670 çon
2563 4618 2617 4659 de
2644 4620 2668 4658 7
2696 4631 2793 4669 ans,
2825 4630 2907 4671 pas
2936 4619 2963 4660 à
2990 4620 3171 4672 charge,
3202 4620 3291 4662 bon
3321 4620 3480 4662 métier

2451 4678 2505 4719 de
2530 4676 2736 4719 tailleuse
2759 4680 2801 4719 et
2823 4679 2960 4729 petite
2983 4680 3073 4728 dot,
3099 4680 3356 4731 épouserait
3380 4679 3481 4720 céli¬

2452 4736 2623 4776 bataire
2645 4747 2703 4778 ou
2727 4738 2835 4778 veuf
2857 4737 2911 4779 de
2935 4740 2987 4779 30
3016 4739 3041 4779 à
3071 4740 3123 4779 40
3144 4750 3241 4788 ans,
3267 4740 3404 4791 ayant
3427 4738 3481 4779 si¬

2452 4796 2641 4842 tuation,
2671 4807 2779 4838 avec
2804 4808 2863 4838 ou
2891 4807 2996 4839 sans
3021 4797 3217 4839 enfants.

2504 4886 2640 4932 5,897,
2666 4884 2877 4927 Gironde.
2900 4887 2953 4927 —
2973 4887 3119 4928 Jeune
3141 4887 3288 4936 dame,
3311 4888 3361 4927 23
3383 4898 3479 4935 ans,

2452 4944 2610 4991 brune,
2641 4955 2748 4987 sans
2775 4944 2965 4994 famille,
2997 4947 3207 4987 habitant
3233 4946 3277 4987 la
3303 4958 3481 4997 campa¬

2450 5014 2551 5052 gne,
2589 5002 2712 5052 jolie,
2751 5003 2840 5043 bon
2875 5005 3116 5056 caractère,
3156 5006 3313 5054 douce,
3352 5006 3481 5046 affec¬

2452 5062 2621 5108 tueuse,
2659 5062 2925 5104 charmante
2960 5064 3121 5106 fillette
3155 5066 3209 5106 de
3242 5064 3348 5115 cinq
3381 5075 3477 5112 ans,

2451 5120 2709 5171 épouserait
2773 5120 3008 5163 Monsieur
3073 5123 3210 5174 ayant
3261 5122 3475 5163 situation

2451 5182 2568 5227 sûre,
2595 5180 2676 5228 âge
2703 5180 2984 5222 indifférent.

2502 5267 2637 5314 5.899,
2673 5267 3063 5310 Lot-et-Garonne.
3092 5270 3148 5308 —
3179 5270 3361 5311 Femme
3393 5270 3479 5310 dis¬

2451 5324 2645 5376 tinguée,
2669 5326 2889 5367 ancienne
2909 5328 3131 5379 noblesse,
3155 5331 3205 5368 43
3225 5340 3321 5377 ans,
3344 5328 3480 5379 jeune

2448 5384 2645 5434 d’aspect
2675 5386 2717 5426 et
2744 5384 2799 5426 de
2827 5396 2967 5435 cœur,
2997 5387 3224 5438 physique
3252 5387 3476 5439 agréable,

2451 5443 2585 5494 ayant
2619 5443 2720 5483 subi
2753 5455 2920 5494 revers,
2953 5446 3212 5496 épouserait
3244 5446 3479 5487 Monsieur

2450 5503 2723 5552 catholique,
2775 5503 3043 5544 sentiments
3090 5506 3292 5553 délicats,
3344 5506 3480 5555 ayant

2452 5560 2631 5603 fortune
2657 5574 2716 5603 ou
2743 5562 2958 5604 situation
2985 5563 3188 5604 libérale.

2500 5639 2637 5686 5.900,
2661 5639 2914 5680 Bordeaux.
2935 5643 2988 5679 —
3008 5643 3176 5690 Veuve,
3197 5643 3248 5682 47
3268 5654 3365 5691 ans,
3388 5654 3480 5683 mo¬

2449 5695 2579 5738 ralité
2607 5698 2816 5749 parfaite,
2847 5699 2940 5741 très
2967 5699 3072 5740 bien
3119 5711 3225 5742 sous
3268 5700 3372 5743 tous
3415 5700 3480 5743 les

2448 5758 2672 5806 rapports,
2705 5759 2856 5798 20.000
2887 5758 2943 5799 fr.
2979 5759 3033 5800 de
3066 5759 3295 5811 capitaux,
3329 5762 3479 5800 30.000

2448 5815 2600 5856 francs
2655 5827 2708 5856 en
2753 5815 3027 5859 immeubles
3069 5819 3111 5859 et
3155 5820 3276 5859 1.000
3319 5819 3376 5859 fr.
3423 5819 3479 5860 de

2450 5875 2588 5922 rente,
2621 5875 2768 5915 désire
2799 5877 2991 5927 épouser
3021 5878 3256 5919 Monsieur
3287 5878 3342 5919 de
3371 5880 3423 5918 50
3452 5879 3479 5918 à

2447 5935 2499 5972 60
2516 5944 2613 5982 ans,
2636 5935 2820 5975 homme
2841 5935 2896 5976 de
2916 5947 3055 5984 cœur,
3079 5936 3348 5987 intelligent,
3372 5937 3475 5978 bien

2447 5991 2584 6040 élevé,
2612 5994 2793 6035 retraite
2817 6006 2876 6035 ou
2901 5995 3084 6036 fortune
3108 5996 3345 6047 analogue.

2504 6071 2631 6114 5903.
2659 6071 3169 6115 Charente-Inférieure.
3189 6078 3244 6114 —
3265 6075 3477 6115 Divorcée

2446 6130 2471 6170 à
2503 6140 2583 6170 son
2617 6130 2773 6182 profit,
2809 6133 2861 6171 33
2895 6144 2991 6181 ans,
3027 6132 3147 6174 deux
3179 6134 3376 6183 enfants,
3413 6145 3477 6175 re¬

2444 6190 2636 6230 cherche
2656 6190 2804 6242 appui,
2820 6191 3013 6238 sérieux,
3037 6192 3142 6240 bon,
3166 6191 3318 6242 fidèle,
3340 6194 3477 6244 petite

2444 6247 2676 6297 situation,
2713 6237 3017 6302 lfbridlâiiïlité
3050 6251 3261 6303 parfaite,
3298 6252 3477 6292 surtout

2445 6307 2503 6347 du
2530 6318 2668 6348 cœur.
2729 6307 2751 6332 *
2834 6291 2849 6311 *

2497 6394 2602 6434 5908
2633 6394 3073 6448 (Basses-Pyrénées)
3109 6398 3392 6444 Demoiselle,
3423 6398 3475 6436 23

2443 6463 2540 6498 ans,
2564 6452 2665 6494 bien
2688 6454 2852 6503 élevée,
2875 6455 3024 6496 bonne
3044 6455 3272 6503 conduite,
3296 6456 3383 6496 bon
3405 6467 3473 6497 ca¬

2444 6511 2628 6559 ractère,
2665 6514 2839 6564 grande
2872 6514 3192 6563 honorabilité,
3228 6516 3474 6566 possédant

2444 6580 2550 6610 avec
2576 6583 2647 6612 ses
2672 6574 2856 6623 parents
2881 6574 3111 6626 propriété
3137 6575 3192 6615 de
3221 6576 3368 6615 15.000
3396 6575 3471 6623 fr.,

2443 6642 2488 6671 se
2540 6631 2773 6672 marierait
2825 6643 2932 6674 avec
2995 6633 3229 6674 Monsieur
3276 6634 3469 6682 sérieux,

2443 6690 2591 6731 bonne
2619 6690 2851 6732 situation.
2883 6691 2939 6734 Se
2965 6692 3256 6744 déplacerait.

2495 6778 2613 6824 5915,
2662 6778 2916 6819 Bordeaux.
2944 6782 2999 6820 —
3040 6782 3185 6820 Jeune
3232 6791 3468 6828 personne,

2440 6836 2492 6875 22
2520 6847 2617 6884 ans,
2650 6836 2752 6878 bien
2784 6838 3154 6890 physiquement,
3187 6840 3336 6880 bonne
3365 6840 3472 6881 édu¬

2442 6895 2605 6946 cation,
2642 6896 2768 6938 avoir
2802 6899 2952 6940 30.000
2988 6899 3061 6949 fr.,
3100 6899 3247 6940 désire
3280 6900 3467 6951 épouser

3553 636 3787 676 Monsieur
3832 636 4077 688 distingué,
4125 638 4311 679 homme
4356 639 4411 679 de
4440 650 4576 680 cœur,

3552 695 3666 736 belle
3695 695 3912 736 situation
3942 698 3984 738 et
4012 695 4151 738 avoir.

3603 773 3721 819 5919,
3752 772 3891 812 Tarn.
3919 775 3973 814 —
3998 775 4141 814 Jeune
4168 773 4281 820 fille,
4311 775 4361 812 24
4389 784 4485 822 ans,
4516 774 4579 814 fa¬

3551 831 3676 871 mille
3700 831 3965 881 honorable,
3991 830 4112 883 jolie,
4140 831 4299 880 brune,
4326 834 4416 874 très
4440 832 4580 874 aima¬

3549 889 3636 938 ble,
3661 890 3933 940 couturière,
3956 893 4080 931 2.000
4101 890 4156 930 fr.
4183 890 4236 932 de
4260 892 4349 940 dot,
4373 894 4497 932 7.000
4519 892 4576 932 fr.

3549 948 3829 999 espérances,
3857 950 4114 1002 épouserait
4139 950 4374 991 Monsieur
4399 952 4453 992 de
4477 954 4529 991 25
4553 952 4580 991 à

3549 1010 3600 1048 35
3625 1019 3708 1047 ans
3734 1010 3872 1059 ayant
3899 1010 3985 1050 bon
4014 1008 4173 1049 métier
4200 1009 4385 1051 lucratif
4412 1023 4470 1051 ou
4498 1011 4580 1051 fai¬

3551 1067 3651 1107 sant
3680 1067 3741 1107 du
3772 1078 4040 1109 commerce.

3601 1145 3705 1183 5926
3733 1143 4021 1196 (Bordeaux).
4047 1168 4056 1174 -
4052 1168 4103 1173 —
4129 1146 4376 1195 Orpheline
4402 1148 4454 1187 32
4480 1159 4576 1195 ans,

3550 1203 3652 1243 bien
3679 1214 3784 1243 sous
3811 1204 3912 1244 tous
3936 1204 4000 1244 les
4024 1205 4251 1254 rapports,
4280 1205 4576 1256 intelligente,

3549 1260 3624 1302 dot
3647 1263 3797 1300 30.000
3823 1262 3879 1302 fr.
3908 1262 4163 1314 épouserait
4188 1262 4424 1305 Monsieur
4449 1267 4505 1306 de
4529 1268 4580 1305 35

3549 1319 3575 1360 à
3604 1322 3653 1359 40
3684 1331 3781 1368 ans,
3816 1320 3920 1362 bien
3951 1320 4087 1369 élevé,
4121 1324 4259 1372 ayant
4289 1323 4507 1364 situation
4539 1326 4580 1364 et

3551 1378 3801 1419 références
3827 1380 4060 1420 sérieuses.

3601 1456 3707 1494 5927
3731 1453 4019 1507 (Bordeaux).
4043 1458 4094 1495 —
4117 1458 4387 1499 Demoiselle
4407 1460 4459 1499 22
4480 1471 4577 1508 ans,

3552 1513 3697 1554 bonne
3734 1512 3925 1564 famille,
3963 1514 4319 1566 physiquement
4353 1516 4473 1566 bien,
4512 1530 4580 1559 ca¬

3553 1572 3720 1612 ractère
3748 1572 3872 1614 doux
3899 1575 3940 1614 et
3967 1574 4237 1623 affectueux,
4268 1575 4345 1616 dot
4371 1579 4493 1616 6.000
4522 1578 4577 1618 fr.

3551 1631 3592 1671 et
3613 1631 3893 1681 espérances,
3919 1632 4174 1682 épouserait
4196 1633 4432 1676 Monsieur
4454 1636 4509 1678 de
4529 1639 4581 1676 25

3551 1689 3576 1729 à
3605 1691 3656 1728 30
3688 1700 3784 1736 ans,
3817 1688 4149 1731 fonctionnaire
4181 1703 4240 1734 ou
4272 1698 4581 1746 commerçant

3552 1748 3688 1798 ayant
3711 1747 3941 1790 situation.

3604 1824 3723 1862 5934.
3749 1822 3907 1876 (Gers).
3929 1826 3983 1863 —
4005 1826 4289 1876 Demoiselle,
4311 1831 4363 1868 30
4383 1842 4479 1878 ans,
4503 1831 4579 1871 ho¬

3553 1881 3793 1922 norabilité
3842 1882 4051 1935 parfaite,
4101 1884 4311 1928 habitant
4358 1899 4465 1928 avec
4497 1900 4576 1930 son

3553 1941 3659 1991 père
3691 1940 3853 1992 qu'elle
3888 1954 3943 1982 ne
3975 1943 4083 1992 peut
4115 1943 4283 1994 quitter
4316 1947 4359 1987 et
4391 1946 4579 1987 l’aidant

3556 1999 3669 2039 dans
3723 2010 3800 2039 son
3855 2011 4123 2050 commerce,
4177 2003 4324 2045 désire
4376 2006 4579 2056 mariage

3555 2068 3660 2099 avec
3689 2058 3776 2098 bon
3809 2059 3989 2099 ouvrier
4019 2059 4241 2111 zingueur
4271 2075 4328 2103 ou
4357 2064 4580 2104 serrurier

3556 2115 3849 2166 mécanicien,
3877 2118 3959 2168 âge
3984 2119 4025 2159 et
4049 2119 4265 2160 situation
4293 2134 4347 2162 en
4376 2123 4576 2174 rapport.

3555 2176 3664 2215 Très
3689 2174 3883 2216 sérieux.

3607 2251 3712 2290 5935
3740 2251 4201 2304 (Hautes-Pyrénées).
4230 2258 4284 2295 —
4312 2258 4581 2296 Demoiselle

3553 2312 3605 2349 29
3628 2320 3726 2357 ans,
3750 2310 3873 2360 jolie,
3897 2322 3980 2362 pas
4004 2312 4129 2361 sotte,
4155 2315 4368 2355 voudrait
4389 2315 4581 2366 épouser

3555 2368 3689 2417 jeune
3718 2368 3904 2410 homme
3933 2370 4227 2413 connaissant
4254 2363 4579 2423 l'agriculture,

3555 2424 3806 2474 laborieux,
3850 2427 4079 2476 économe,
4123 2440 4397 2481 courageux,
4444 2432 4581 2482 ayant

3555 2483 3751 2535 qualités
3778 2486 3832 2527 de
3859 2496 3985 2526 cœur
4012 2488 4056 2527 et
4082 2489 4327 2538 possédant
4354 2492 4379 2529 4
4406 2490 4432 2530 à
4459 2492 4581 2530 5.000

3557 2542 3709 2583 francs
3735 2555 3849 2595 pour
3877 2544 4022 2594 partir
4048 2557 4101 2585 en
4130 2547 4391 2598 Amérique.

3605 2619 3720 2663 5936
3737 2619 4024 2671 (Bordeaux).
4042 2623 4098 2660 —
4131 2623 4415 2671 Demoiselle,
4435 2626 4485 2663 50
4503 2635 4584 2666 ans

3556 2688 3608 2716 en
3647 2678 3904 2727 paraissant
3927 2668 4004 2727 *40,
4042 2679 4203 2728 brune,
4243 2681 4359 2722 belle
4395 2682 4579 2730 femme,

3552 2747 3745 2776 revenus
3761 2738 3883 2776 7.000
3901 2736 4068 2786 francs,
4089 2738 4236 2780 désire
4256 2739 4459 2790 mariage
4476 2751 4581 2780 avec

3556 2795 3789 2835 monsieur
3832 2792 3936 2834 bien
3981 2795 4118 2843 élevé,
4149 2796 4481 2839 fonctionnaire
4524 2810 4581 2839 ou

3557 2852 3869 2904 propriétaire,
3905 2854 3960 2894 de
3991 2856 4041 2894 50
4072 2854 4097 2894 à
4131 2857 4181 2894 55
4213 2867 4308 2896 ans.
4347 2856 4512 2898 Inutile
4545 2858 4580 2896 si

3556 2923 3638 2960 pas
3660 2911 3852 2952 sérieux.

3610 2989 3729 3027 5944.
3772 2988 3825 3026 —
3864 2988 4107 3027 Toulouse.
4148 3013 4202 3018 —
4241 2990 4383 3030 Dame
4424 3000 4582 3038 veuve,

3556 3047 3603 3084 41
3635 3057 3732 3094 ans,
3762 3047 3850 3087 très
3877 3046 3997 3094 bien,
4028 3058 4181 3098 grosse
4211 3048 4406 3096 fortune,
4438 3050 4584 3090 désire

3555 3104 3746 3155 épouser
3775 3103 4008 3145 Monsieur
4035 3106 4280 3158 distingué,
4311 3107 4414 3147 bien
4443 3107 4580 3155 élevé,

3556 3164 3692 3213 ayant
3717 3162 3931 3204 situation
3959 3175 4012 3204 en
4040 3168 4241 3215 rapport.

3607 3242 3725 3280 5951.
3755 3240 3808 3278 —
3838 3240 4061 3290 Aveyron.
4093 3240 4237 3281 Jeune
4267 3240 4375 3288 fille,
4405 3243 4457 3282 22
4487 3254 4583 3288 ans,

3555 3299 3767 3347 sérieuse,
3819 3299 4019 3348 gentille,
4075 3299 4177 3339 bien
4229 3300 4392 3348 élevée,
4448 3300 4587 3340 musi¬

3555 3358 3728 3407 cienne,
3765 3359 3913 3400 30,000
3949 3358 4103 3398 francs
4137 3360 4404 3409 espérances
4440 3360 4583 3407 sûres,

3553 3416 3811 3467 épouserait
3839 3416 4071 3456 monsieur
4101 3417 4296 3464 fortuné,
4328 3419 4476 3458 même
4504 3419 4584 3468 âgé

3555 3476 3692 3526 ayant
3728 3476 3816 3515 bon
3852 3476 4092 3523 caractère,
4133 3476 4219 3515 bon
4257 3488 4396 3525 cœur,
4436 3477 4584 3516 bonne

3555 3535 3695 3574 santé.

3607 3603 3725 3642 5952.
3756 3603 3810 3640 —
3839 3603 4080 3642 Toulouse.
4109 3626 4163 3630 —
4192 3602 4333 3643 Dame
4364 3614 4505 3643 veuve
4533 3604 4585 3643 48

3556 3674 3652 3710 ans,
3716 3674 3820 3703 sans
3882 3662 4072 3711 famille,
4136 3662 4344 3704 tailleuse
4404 3663 4584 3711 établie,

3559 3724 3704 3763 18.000
3739 3722 3795 3762 fr.
3835 3724 3994 3772 argent
4027 3734 4085 3762 ou
4122 3723 4364 3775 propriété,
4402 3724 4587 3774 épouse¬

3556 3782 3642 3820 rait
3673 3782 3905 3820 monsieur
3936 3784 4071 3830 ayant
4103 3782 4251 3822 rentes
4280 3795 4337 3822 ou
4370 3783 4551 3822 shuati.-
4571 3794 4583 3820 ï

3554 3848 3607 3876 en
3633 3838 3832 3887 rapport.

3608 3915 3743 3954 5.958.
3765 3914 3820 3954 —
3841 3914 4052 3962 Gironde,
4073 3914 4210 3956 Dame
4231 3923 4388 3963 veuve,
4411 3915 4463 3954 45
4484 3924 4581 3962 ans,

3556 3974 3704 4014 bonne
3748 3972 3939 4026 famille,
3988 3974 4197 4023 honnête,
4244 3972 4583 4024 sympathique,

3555 4031 3725 4075 femme
3755 4032 4035 4083 d’intérieur,
4067 4035 4200 4084 goûts
4229 4032 4432 4084 simples,
4467 4034 4587 4073 1.100

3556 4091 3709 4132 francs
3740 4092 3928 4143 pension
3963 4094 4017 4135 de
4048 4094 4196 4142 l'Etat,
4228 4095 4305 4135 500
4337 4092 4491 4135 francs
4523 4103 4587 4134 re¬

3555 4162 3671 4191 venu
3692 4162 3773 4200 par
3793 4151 3901 4198 bail,
3923 4151 4177 4202 épouserait
4200 4152 4432 4194 monsieur
4451 4154 4587 4204 ayant

3556 4210 3771 4251 situation
3793 4211 3897 4250 sûre
3917 4222 3975 4251 ou
3996 4211 4192 4251 retraité.
4217 4212 4273 4252 Se
4293 4212 4584 4262 déplacerait.

3607 4296 3725 4335 5960.
3756 4296 3809 4334 —
3840 4295 4124 4343 Demoiselle,
4156 4298 4208 4335 39
4252 4307 4349 4345 ans,
4395 4296 4584 4347 grande,

3556 4356 3718 4403 mince,
3749 4354 3881 4406 goûts
3909 4352 4113 4404 simples,
4148 4356 4374 4398 caractère
4404 4358 4493 4398 très
4522 4355 4584 4396 af¬

3555 4414 3779 4460 fectueux,
3808 4411 4083 4463 catholique,
4112 4414 4189 4454 dot
4214 4417 4364 4455 28.000
4391 4415 4447 4455 fr.
4476 4416 4588 4456 dont

3553 4474 3701 4512 20.000
3735 4483 3788 4511 en
3825 4471 4019 4522 espèces,
4059 4472 4316 4522 épouserait
4352 4474 4584 4515 monsieur

3553 4531 3607 4571 de
3634 4532 3684 4571 40
3711 4531 3736 4571 à
3763 4534 3812 4570 54
3841 4542 3937 4577 ans,
3968 4532 4105 4580 ayant
4132 4531 4348 4573 situation
4377 4544 4435 4574 ou
4464 4534 4585 4574 fonc¬

3553 4590 3792 4631 tionnaire.
3824 4590 3879 4630 Se
3904 4588 4196 4639 déplacerait.

3607 4671 3725 4719 5965,
3759 4671 3883 4711 Gers.
3925 4670 3980 4706 —
4023 4670 4189 4719 Veuve,
4236 4683 4341 4711 sans
4387 4672 4583 4720 enfants,

3553 4732 3604 4769 49
3629 4742 3725 4779 ans,
3753 4730 3808 4770 de
3832 4730 3920 4770 très
3946 4728 4093 4768 bonne
4119 4727 4311 4778 famille,
4339 4731 4585 4771 excellente

3552 4789 3809 4838 éducation,
3844 4790 3992 4830 bonne
4025 4786 4324 4840 musicienne,
4360 4791 4586 4831 caractère

3555 4858 3641 4896 gar,
3679 4848 3796 4899 plein
3833 4846 4065 4892 d’entrain,
4102 4851 4249 4886 50.000
4285 4848 4431 4887 francs
4460 4848 4584 4898 capi¬

3554 4908 3663 4947 taux
3693 4908 3735 4947 et
3765 4908 3924 4948 autant
3956 4907 4280 4958 d’espérances,
4314 4906 4461 4951 désire
4492 4919 4585 4948 ma¬

3554 4976 3677 5016 riage
3709 4976 3816 5007 avec
3864 4967 4049 5007 homme
4097 4966 4149 5007 de
4197 4977 4337 5015 cœur,
4388 4966 4583 5016 sérieux,

3553 5025 3656 5067 bien
3681 5024 3820 5074 élevé,
3844 5024 4060 5067 situation
4086 5026 4128 5066 et
4151 5026 4231 5079 âge
4253 5037 4308 5067 en
4332 5027 4534 5078 rapport.

3605 5108 3724 5156 5967,
3763 5107 3976 5148 Gironde.
4025 5131 4079 5138 —
4129 5108 4403 5148 Institutrice
4452 5108 4581 5156 libre,

3552 5170 3604 5208 29
3638 5178 3733 5215 ans,
3786 5167 4038 5218 orpheline,
4088 5168 4276 5218 grande,
4329 5168 4584 5219 distinguée

3553 5226 3851 5274 musicienne,
3880 5227 4105 5276 physique
4135 5228 4359 5277 agréable,
4392 5239 4585 5268 revenus

3552 5286 3607 5326 de
3634 5287 3712 5325 900
3741 5286 3893 5326 francs
3923 5297 3975 5326 en
4011 5286 4296 5335 immeubles,
4328 5287 4585 5338 épouserait

3555 5344 3824 5385 Célibataire
3855 5357 3912 5386 ou
3960 5344 4091 5393 Veuf,
4140 5346 4404 5395 honorable,
4453 5346 4584 5387 affec¬

3553 5404 3707 5452 tueux,
3735 5403 3881 5444 bonne
3905 5403 4047 5452 santé,
4074 5403 4288 5444 situation
4315 5404 4447 5446 aisée.
4475 5406 4584 5446 Très

3553 5463 3745 5503 serieux.

3604 5540 3724 5586 5972,
3756 5539 3893 5578 Tarn.
3921 5539 3973 5579 —
4000 5539 4144 5579 Jeune
4192 5539 4347 5591 Dame,
4393 5540 4581 5591 grande,

3553 5599 3712 5646 brune,
3749 5598 3820 5639 bel
3871 5598 3997 5639 avoir
4047 5599 4304 5650 personnel,
4357 5599 4583 5651 physique

3553 5656 3777 5708 agréable,
3817 5658 3965 5698 bonne
4001 5658 4256 5706 éducation,
4312 5659 4401 5699 très
4452 5659 4582 5699 affec¬

3552 5716 3723 5765 tueuse,
3760 5715 3904 5756 désire
3940 5716 4141 5768 mariage
4192 5727 4299 5758 avec
4347 5716 4581 5758 Monsieur

3551 5776 3761 5823 hrnnête,
3792 5775 3973 5816 fortune
3999 5787 4055 5816 ou
4087 5776 4200 5816 belle
4227 5776 4457 5818 situation.
4489 5778 4583 5828 Age

3552 5835 3828 5875 indifférent.
3864 5834 3974 5874 Irait
4007 5847 4096 5875 aux
4128 5835 4340 5876 colonies.
4376 5835 4486 5876 Très
4519 5838 4583 5878 sé¬

3553 5893 3695 5934 rieux.

3607 5971 3725 6010 5974.
3766 5970 4007 6010 Toulouse.
4044 5995 4098 5999 —
4136 5972 4403 6012 Demoiselle
4441 5972 4580 6019 seule,

3552 6032 3603 6069 35
3633 6040 3729 6078 ans,
3763 6030 3852 6070 très
3880 6030 4093 6077 sérieuse,
4127 6029 4420 6078 affectueuse,
4456 6031 4584 6072 intel¬

3553 6088 3733 6139 ligente,
3773 6088 3943 6130 femme
3979 6087 4257 6137 d’intérieur,
4298 6090 4445 6130 bonne
4484 6102 4583 6140 pro¬

3556 6147 3739 6195 fession,
3779 6147 3924 6188 désire
3961 6147 4164 6198 mariage
4201 6158 4307 6188 avec
4345 6148 4581 6190 Monsieur

3547 6207 3809 6255 honorable,
3829 6207 3933 6255 bon,
3955 6208 4091 6258 ayant
4108 6207 4268 6257 petites
4287 6210 4436 6248 rentes
4452 6219 4508 6248 ou
4528 6208 4584 6248 si¬

3552 6264 3742 6306 tuation.

3603 6344 3724 6383 5976.
3759 6343 4012 6382 Bordeaux.
4057 6344 4112 6381 —
4143 6344 4293 6384 Veuve
4340 6346 4579 6392 d’officier,

3549 6403 3600 6440 60
3629 6413 3726 6447 ans,
3757 6403 3879 6442 5.600
3910 6400 4062 6440 francs
4109 6413 4316 6451 revenus,
4367 6415 4471 6444 sans
4517 6403 4579 6443 fa¬

3551 6460 3691 6508 mille,
3726 6462 3815 6502 très
3843 6461 4096 6507 conservée,
4131 6461 4247 6503 belle
4277 6463 4460 6511 femme,
4493 6463 4580 6503 ins¬

3555 6519 3704 6566 truite,
3760 6520 3905 6560 désire
3956 6519 4148 6568 épouser
4203 6521 4437 6562 Monsieur
4491 6522 4577 6562 dis¬

3552 6579 3721 6630 tingué,
3756 6580 3903 6619 bonne
3933 6579 4076 6627 santé,
4110 6582 4247 6631 ayant
4293 6583 4443 6622 rentes
4488 6580 4580 6622 suf¬

3551 6638 3752 6678 fisantes.
4301 6659 4320 6685 »

3600 6726 3719 6763 5980.
3748 6724 3801 6762 —
3831 6724 4100 6764 Demoiselle
4128 6726 4403 6768 américaine
4429 6727 4579 6768 élevée

3548 6795 3600 6822 en
3628 6784 3812 6828 France,
3838 6782 3967 6834 vingt
3989 6785 4087 6835 sept
4109 6795 4205 6831 ans,
4232 6785 4416 6835 parlant
4436 6788 4461 6826 3
4484 6786 4577 6826 lan¬

3545 6852 3669 6888 gues,
3704 6841 4035 6884 extrêmement
4092 6843 4387 6895 intelligente,
4445 6855 4576 6896 gran¬

3545 6900 3623 6942 des
3653 6900 3881 6954 aptitudes
3913 6902 4287 6952 commerciales,,
4320 6904 4401 6955 joli
4432 6906 4576 6946 trous-
