5194 7176
2378 325 2383 352 I

275 403 327 446 8^
364 400 552 448 année.
584 406 734 450 —N°
759 408 824 450 57
855 432 910 439 —
947 407 1036 460 |Q
1085 413 1226 454 cent.

1474 408 1821 521 ŒUVRE
1902 411 2017 521 DE
2096 412 2935 529 PHIUNTHBOPIE
3010 418 3435 535 SOCIALE

520 636 724 692 Paraissant
748 636 778 692 le
811 638 822 692 1
830 644 860 660 er
887 639 919 693 et
946 639 975 692 le
1007 638 1048 694 18

2272 660 2483 760 LE

3224 723 3236 782 /
3263 723 3325 782 jo

3836 430 3908 471 Du
3951 428 3969 471 1
3980 431 4011 449 er
4049 442 4113 474 au
4157 431 4215 475 15
4249 427 4469 476 Février
4507 432 4632 477 1912

3864 667 4067 724 Paraissant
4092 668 4121 724 le
4154 669 4166 726 1
4173 677 4204 694 er
4231 671 4263 726 et
4287 668 4317 727 le
4351 672 4389 727 1S

1391 1545 1652 1621 DES
1741 1530 2436 1626 INTÉRÊTS
2519 1535 3497 1655 RÉCIPROQUES

595 1674 1042 1726 Combinaison
1079 1675 1351 1739 Mariage
1389 1676 1574 1727 créée
1614 1691 1692 1727 en
1730 1673 1900 1730 1905
1971 1692 2006 1727 a
2041 1692 2076 1728 •
2113 1692 2148 1728 •
2220 1682 2510 1734 Bureaux
2549 1686 2610 1735 et
2644 1684 3161 1739 Administration
3198 1705 3213 1740 :
3251 1690 3359 1751 26.
3399 1707 3511 1744 rue
3551 1695 3589 1746 d
3607 1696 3837 1763 Astorg
3874 1727 3937 1734 —
3980 1702 4298 1758 Toulouse

369 1809 431 1843 LA
459 1807 590 1846 PLUS
616 1808 868 1846 HONNETE

367 1855 429 1888 LA
459 1855 592 1889 PLUS
621 1855 882 1891 DISCRETE

367 1902 428 1935 LA
458 1901 590 1936 PLUS
619 1903 816 1936 RAPIDE

367 1948 428 1982 LA
463 1947 595 1983 PLUS
628 1941 890 1983 SERIEUSE

367 1995 428 2029 LA
456 1995 588 2031 PLUS
614 1996 750 2035 SURE

366 2042 428 2076 LA
458 2042 625 2078 MOINS
654 2043 830 2078 CHERE

367 2089 462 2123 PAS
496 2090 979 2124 D’INTERMEDIAIRE

366 2136 460 2170 PAS
491 2137 555 2170 DE
587 2136 918 2171 COMMISSION

339 2277 649 2368 Dépositaire
655 2295 679 2353 s
721 2277 785 2352 du
823 2276 887 2352 Tr
891 2279 967 2353 ait
1007 2277 1211 2356 il'Uuinn

272 2419 382 2452 Paris
411 2427 418 2450 !
446 2419 610 2459 kiosque
640 2420 708 2456 136,
743 2428 808 2452 rue
836 2420 997 2461 Royale;
1026 2419 1187 2459 kiosque
1214 2419 1284 2456 224,

351 2460 567 2495 boulevard
600 2462 861 2499 Saint-Denis;
896 2462 1058 2501 kiosque
1093 2462 1162 2499 189,
1196 2461 1288 2493 bou¬

350 2502 486 2535 levard
519 2503 807 2542 Saint-Michel;
837 2503 1001 2543 kiosque
1032 2504 1103 2540 196,
1158 2504 1288 2535 boule¬

351 2545 447 2576 vard
470 2545 712 2585 Sébastopol.

270 2599 374 2636 Lyon
407 2606 414 2629 :
444 2598 619 2638 kiosque,
648 2598 678 2635 8,
710 2599 820 2639 place
848 2598 918 2632 des
946 2600 1157 2636 TerreUux;
1186 2598 1272 2631 kios

348 2646 436 2679 que,
456 2639 566 2680 place
584 2640 623 2672 la
640 2640 761 2678 Viste;
779 2640 943 2679 kiosque
963 2642 978 2672 1
999 2640 1069 2677 bis,
1091 2641 1126 2680 pi
1132 2648 1199 2672 ace
1217 2640 1284 2672 dés

348 2680 579 2720 Cordeliers;
604 2682 770 2720 kiosque
791 2682 822 2719 1,
846 2682 940 2721 quai
963 2683 1011 2714 de
1034 2683 1127 2715 Retz

267 2735 463 2766 Marseille
486 2743 492 2765 :
512 2735 675 2774 kiosque
695 2734 744 2772 12,
767 2734 888 2768 allées
907 2736 954 2768 de
975 2730 1164 2773 Meilhan;
1184 2735 1270 2768 kios

347 2783 421 2814 que
440 2776 491 2814 25,
514 2783 582 2808 rue
604 2776 787 2815 Noailles;
810 2776 974 2816 kiosque
995 2778 1023 2814 1,
1047 2784 1116 2811 rue
1138 2778 1283 2810 Canne-

346 2818 464 2851 bière.

264 2872 467 2903 Bordeaux
495 2879 502 2902 :
527 2871 691 2912 kiosque
717 2871 856 2910 Turbé,
883 2873 992 2913 place
1018 2872 1064 2905 de
1088 2873 1127 2905 la
1150 2872 1279 2906 Comé¬

342 2912 416 2944 die.

264 2967 487 3004 Perpignan
514 2966 520 2999 :
544 2966 709 3008 kiosque
731 2966 867 3007 Vergé.

262 3022 457 3052 Toulouse
483 3031 490 3051 :
515 3020 753 3059 principaux
775 3020 960 3060 kiosques

311 3179 685 3281 Abonnés
733 3188 811 3280 et
859 3180 1231 3282 Lecteurs

313 3352 370 3392 Ce
400 3352 735 3405 journal'n’est
796 3364 877 3404 pas
942 3364 1028 3394 une
1062 3354 1278 3394 création.

262 3423 366 3451 >ous
394 3413 431 3452 le
460 3424 570 3452 nom
597 3412 648 3452 de
676 3411 1066 3466 Rapide-Agence,
1100 3414 1129 3452 il
1154 3416 1281 3464 porte

252 3470 412 3523 depuis
435 3471 541 3523 plus
566 3470 619 3511 de
644 3471 748 3512 huit
774 3484 871 3519 ans,
901 3473 1014 3512 dans
1041 3475 1186 3512 toutes
1213 3472 1273 3512 les

254 3543 434 3584 régions
462 3531 523 3574 du
547 3531 662 3574 Midi
686 3534 726 3574 et
752 3532 805 3574 de
831 3532 874 3574 la.
898 3534 1067 3575 France
1091 3531 1278 3581 entière,

252 3589 503 3631 t'heureuse
538 3592 860 3632 combinaison
924 3591 1047 3632 créée
1080 3604 1163 3643 par
1197 3604 1280 3632 son

253 3650 488 3690 Directeur
518 3653 560 3690 et
591 3651 856 3703 poursuivie
890 3663 996 3691 avec
1031 3663 1095 3692 un
1125 3651 1280 3691 succès

251 3708 330 3762 qui
356 3719 410 3750 ne
435 3710 536 3750 s’est
560 3709 728 3762 jamais
755 3710 972 3751 démenti.

311 3768 600 3823 Transformé
632 3772 672 3810 et
706 3769 911 3822 modifié,
945 3783 1050 3811 sous
1084 3783 1171 3811 une
1203 3770 1276 3812 Di¬

249 3827 423 3868 rection
454 3830 680 3878 nouvelle,
714 3830 752 3871 le
811 3828 934 3872 Trait
963 3830 1164 3872 d’Union
1223 3843 1278 3871 va

254 3888 502 3928 désormais
532 3888 767 3942 s'occuper
798 3890 1122 3943 spécialement
1155 3891 1275 3932 d'an¬

255 3959 423 3989 nonces
455 3948 507 3988 de
540 3950 758 4002 mariage,
792 3951 891 4003 afin
920 3952 974 3992 de
1007 3951 1185 3992 donner
1216 3964 1276 3992 un

250 4007 416 4048 nouvel
443 4020 564 4050 essor
589 4008 614 4050 à
640 4012 752 4051 cette
780 4023 935 4052 œuvre
964 4010 1274 4059 intéressante,

251 4068 575 4119 humanitaire,
623 4068 1036 4124 philanthropique
1104 4072 1144 4111 et
1210 4082 1270 4111 so¬

246 4128 372 4169 ciale.

307 4187 367 4228 Ce
391 4188 504 4243 petit
527 4188 814 4242 journal-n'a
836 4203 916 4244 pas
943 4191 983 4230 la
1007 4190 1266 4243 prétention

251 4248 387 4287 d’être
444 4248 673 4290 littéraire.
703 4250 780 4291 Ses
810 4251 1011 4291 bureaux
1039 4261 1092 4290 ne
1118 4253 1268 4290 seront

246 4306 414 4359 jamais
440 4310 710 4351 encombrés
735 4311 789 4351 de
815 4310 1005 4350 curieux
1032 4309 1268 4351 indiscrets

251 4367 299 4407 ni
322 4366 374 4407 de
398 4378 509 4419 gens
532 4367 762 4423 d’affaires
781 4370 887 4423 plus
910 4382 968 4410 ou
1008 4371 1160 4411 moins
1196 4370 1270 4411 vé¬

250 4438 374 4466 reux.

310 4487 403 4526 Une
440 4489 754 4540 organisation
787 4488 979 4542 parfaite
1015 4491 1055 4531 el
1093 4502 1179 4530 une
1216 4493 1275 4530 te¬

248 4559 337 4586 nue
367 4547 703 4600 irréprochable
735 4563 746 4588 :
774 4547 896 4589 voilà
920 4561 970 4590 sa
995 4549 1160 4591 devise.

301 4606 519 4650 Abonnés
550 4612 592 4649 et
624 4608 817 4650 lecteurs
877 4612 980 4650 sont
1013 4610 1188 4651 assurés
1222 4611 1275 4651 de

248 4668 431 4707 trouver
454 4680 511 4708 en
536 4668 600 4707 lui
627 4680 690 4708 un
714 4668 951 4710 auxiliaire
976 4671 1269 4723 scrupuleux,

249 4726 384 4767 d'une
423 4727 670 4769 discrétion
707 4728 911 4778 absolue,
951 4731 991 4770 et
1030 4729 1167 4771 d’une
1207 4730 1270 4771 in¬

246 4787 497 4831 discutable
528 4787 723 4842 loyauté.

299 4843 394 4896 Que
427 4858 540 4888 ceux
572 4847 652 4901 qui
715 4858 768 4890 ne
834 4859 948 4891 nous
982 4848 1272 4891 connaissent

240 4919 319 4959 pas
348 4906 568 4947 viennent
599 4907 623 4948 à
653 4919 767 4950 nous
798 4922 903 4951 sans
932 4910 1118 4951 crainte.
1152 4910 1272 4951 Nous

239 4976 395 5006 serons
427 4967 631 5008 heureux
663 4968 715 5008 de
780 4970 842 5010 les
902 4968 1026 5009 aider
1058 4970 1111 5011 de
1144 4971 1271 5010 notre

239 5036 463 5067 concours
526 5027 717 5068 indirect
748 5041 831 5081 par
860 5029 899 5071 le
927 5029 1116 5083 journal
1147 5032 1187 5071 et
1219 5030 1271 5071 de

240 5095 323 5126 nos
386 5086 579 5128 conseils
610 5094 883 5140 personnels
945 5087 1121 5143 chaque
1183 5088 1271 5141 fois

238 5143 374 5197 qu’ils
407 5146 637 5190 voudront
704 5146 810 5190 bien
876 5158 991 5190 nous
1055 5147 1258 5188 accordei

242 5207 340 5247 leur
376 5207 615 5259 confiance
654 5211 694 5247 et
735 5222 850 5249 nous
890 5209 1142 5250 demander
1179 5222 1259 5251 nos

236 5264 347 5306 avis.

296 5324 391 5375 Que
455 5338 535 5364 nos
598 5327 790 5368 lecteurs
852 5328 1129 5370 deviennent
1191 5330 1266 5369 des

238 5384 368 5426 amis.
403 5383 496 5436 Que
524 5388 710 5436 partout
740 5391 781 5428 et
810 5387 835 5428 à
867 5390 982 5435 tous,
1016 5387 1068 5430 ils
1095 5388 1264 5442 fassent

242 5446 494 5493 connaître,
534 5458 638 5488 sans
674 5448 847 5488 crainte
887 5451 928 5488 et
964 5460 1068 5490 sans
1107 5449 1261 5496 honte,

239 5506 276 5546 le
304 5506 395 5546 bon
418 5497 823 5563 fonctionnement
851 5507 903 5548 de
931 5511 1059 5550 notre
1084 5508 1262 5560 organi¬

239 5564 387 5606 sation
427 5579 438 5612 ;
475 5563 610 5618 qu’ils
648 5579 764 5609 nous
799 5570 1050 5622 procurent
1088 5569 1126 5610 le
1159 5568 1261 5622 plus

238 5619 522 5678 d’adhésions
550 5622 771 5679 possibles,
807 5622 931 5667 voilà
967 5630 1092 5670 noire
1131 5624 1263 5669 désir.

298 5686 326 5724 A
367 5687 464 5726 tous
498 5687 537 5725 et
570 5684 594 5726 à
628 5688 791 5736 toutes,
830 5699 946 5728 nous
978 5688 1246 5730 souhaitons
1255 5722 1261 5736 ,

236 5757 294 5785 en
320 5747 487 5792 retour,
519 5745 670 5787 bonne
726 5747 901 5788 chance
957 5751 999 5787 et
1053 5751 1263 5801 prompte

239 5804 496 5846 réalisation
522 5804 574 5844 de
600 5806 719 5847 leurs
743 5807 849 5860 plus
875 5806 1032 5848 chères
1058 5807 1262 5860 espéran-

784 5924 856 5966 LA
882 5923 1205 5968 DIRECTION.

283 6083 369 6179 La
409 6082 741 6183 Puissance
787 6084 857 6182 de
899 6085 1215 6184 l'Annonce

287 6279 349 6319 En
374 6283 615 6331 acceptant,
640 6292 691 6320 en
722 6283 902 6323 octobre
928 6283 1042 6324 1910,
1070 6284 1107 6323 la
1126 6284 1259 6327 direc¬

235 6342 321 6381 tion
343 6342 400 6382 du
420 6340 748 6383 Trait-d'Union
777 6356 876 6383 mon
912 6342 1126 6391 intention
1159 6347 1259 6387 était

230 6403 285 6444 de
335 6404 443 6445 faire
478 6404 535 6444 de
582 6404 906 6448 l’intéressante
955 6408 1260 6450 combinaison

231 6466 430 6518 mariage
462 6478 544 6506 une
584 6478 734 6508 oeuvre
775 6470 975 6511 sérieuse
1019 6473 1060 6511 et
1096 6471 1202 6511 utile
1239 6475 1259 6512 à

231 6531 344 6568 tous.

287 6591 349 6630 En
363 6592 575 6642 quelques
590 6592 718 6642 mois,
739 6593 792 6634 de
815 6594 1110 6636 nombreuses
1128 6595 1263 6635 modi¬

231 6652 431 6692 fications
448 6658 523 6694 out
544 6655 611 6694 été
647 6655 860 6698 réalisées
900 6657 1012 6696 dans
1036 6657 1074 6697 le
1111 6658 1188 6698 but
1208 6659 1262 6699 de

233 6715 395 6754 rendre
420 6716 523 6766 plus
547 6718 780 6768 profitable
802 6718 1052 6771 l’originale
1086 6720 1184 6760 idée
1202 6720 1259 6762 du

231 6775 427 6826 mariage
450 6790 530 6828 par
552 6779 776 6829 publicité.

1683 1811 2620 1870 Directeur-Propriétaire
2661 1819 2676 1879 i
2716 1820 2892 1879 Jean
2942 1823 3183 1882 BACH

1478 1917 1688 1953 Annonces
1741 1918 1794 1954 de
1847 1918 2020 1966 Mariage
2067 1920 2155 1962 (six
2198 1921 2327 1967 lignes
2384 1924 2428 1959 et
2478 1923 2745 1963 abonnement
2793 1938 2847 1964 au
2897 1927 3081 1975 journal)

1547 1966 1657 2000 Trois
1694 1966 3080 2015 mois.....
3141 1978 3207 2012 11
3238 1979 3387 2016 francs.

1476 2017 1621 2060 Lignes
1642 2019 2938 2068 supplémentaires.
2955 2060 2962 2067 .
3187 2036 3209 2067 i
3284 2054 3316 2058 —

1475 2071 1718 2107 Annnonces
1738 2076 1776 2108 et
1799 2074 2004 2110 Locations
2027 2075 2143 2116 (trois
2165 2076 3079 2122 mois)..
3180 2087 3213 2119 4»
3283 2107 3319 2111 —

1476 2123 1574 2160 Avis
1591 2124 1740 2168 divers,
1762 2127 1888 2163 Offres
1910 2131 1947 2163 et
1970 2130 2188 2164 Demandes
2211 2130 2418 2175 d’emplois
2439 2130 2564 2172 (deux
2587 2134 3081 2176 mois).
3184 2138 3216 2172 3
3282 2159 3319 2165 —

1422 2279 1556 2319 Notre
1579 2280 1715 2321 siècle
1743 2282 1778 2321 si
1811 2283 1963 2323 fécond
1992 2295 2043 2323 en
2068 2284 2320 2324 inventions
2355 2288 2398 2325 et

1367 2340 1659 2382 découvertes
1679 2343 1735 2383 de
1776 2348 1919 2384 toutes
1964 2349 2122 2395 sortes,
2174 2358 2200 2387 a
2243 2359 2300 2387 vu
2350 2359 2397 2388 se

1366 2404 1506 2451 créer,
1546 2416 1592 2443 se
1635 2405 1902 2456 développer
1939 2411 1976 2447 et
2019 2419 2066 2446 se
2107 2410 2394 2451 transformer

1368 2476 1450 2504 une
1471 2466 1570 2505 bien
1595 2467 1791 2507 modeste
1815 2472 2060 2510 nouveauté
2095 2484 2102 2510 :
2137 2471 2384 2512 l'annonce.

1419 2528 1448 2566 Il
1483 2539 1510 2579 y
1550 2540 1574 2568 a
1611 2529 1846 2580 cinquante
1883 2543 1976 2582 ans,
2022 2533 2031 2572 1
2048 2545 2247 2574 annonce
2287 2535 2392 2575 était

1367 2600 1478 2637 rare,
1514 2590 1702 2632 discrète
1757 2592 1935 2635 limitée.
1978 2595 2268 2647 Aujourd’hui
2308 2597 2391 2637 elle

1365 2654 1555 2702 remplit,
1580 2655 1602 2692 à
1624 2654 1707 2693 elle
1728 2655 1865 2703 seule,
1890 2657 2000 2695 deux
2029 2668 2086 2696 ou
2119 2659 2225 2698 trois
2254 2670 2391 2708 pages

1363 2713 1440 2754 des
1455 2716 1620 2763 grands
1636 2718 1903 2768 qnolidiens,
1922 2719 2004 2758 elle
2028 2719 2177 2771 frappe
2200 2723 2222 2760 à
2247 2724 2391 2763 toutes

1366 2775 1427 2815 les
1447 2781 1608 2827 portes,
1631 2779 1714 2819 elle
1736 2792 1784 2819 se
1803 2780 1940 2830 glisse
1958 2782 2070 2822 dans
2091 2787 2190 2823 tous
2217 2786 2279 2823 les
2308 2785 2385 2823 mi¬

1363 2838 1495 2888 lieux,
1528 2840 1612 2879 elle
1638 2840 1814 2881 devient
1843 2844 2171 2895 envahissante,
2200 2848 2387 2896 gênante

1362 2900 1543 2956 parfois;
1570 2903 1651 2942 elle
1672 2906 1808 2953 trône,
1830 2905 1912 2945 elle
1936 2907 2176 2958 triomphe;
2196 2920 2246 2949 sa
2269 2910 2387 2959 puis¬

1359 2974 1492 3003 sance
1514 2968 1580 3003 est
1600 2964 1812 3007 illimitée.

1414 3024 1631 3074 Pourquoi
1670 3026 1782 3066 donc
1816 3027 2035 3067 s’étonner
2067 3029 2195 3079 qu’on
2239 3028 2383 3070 utilise

1359 3088 1468 3124 cette
1496 3087 1638 3126 même
1662 3087 1869 3137 publicité
1892 3100 2002 3139 pour
2023 3091 2191 3131 arriver
2222 3104 2274 3132 au
2314 3094 2381 3132 ré¬

1355 3158 1493 3195 sultat
1512 3156 1659 3196 désiré
1682 3168 1760 3208 par
1781 3163 1879 3199 tous
1894 3172 2003 3200 ceux
2038 3164 2110 3212 qui
2158 3165 2306 3204 rêvent
2330 3165 2383 3204 de

1358 3217 1500 3258 fonder
1528 3231 1583 3258 nu
1606 3227 1727 3271 loyer
1747 3224 1763 3259 ?

1411 3282 1516 3319 Peul
1540 3292 1593 3321 on
1626 3284 1843 3334 employer
1847 3296 1852 3303 1
1890 3296 2046 3336 moyen
2092 3288 2189 3335 plus
2228 3292 2304 3327 sûr
2343 3296 2382 3328 el

1358 3344 1499 3382 moins
1520 3344 1772 3393 dangereux
1795 3358 1905 3396 pour
1927 3353 2106 3399 essayer
2130 3349 2182 3387 de
2207 3362 2382 3400 rappro¬

1355 3405 1458 3444 cher
1490 3404 1602 3444 deux
1634 3406 1858 3448 destinées
1879 3411 1896 3449 ?
1924 3412 2247 3452 Certainement
2275 3424 2375 3452 non.

1358 3466 1406 3504 Et
1426 3466 1531 3506 c’est
1554 3479 1666 3519 pour
1685 3473 1798 3510 cette
1820 3472 1965 3511 raison
1989 3484 2074 3524 que
2100 3473 2308 3515 s’affirme
2326 3475 2379 3515 de

1352 3530 1448 3579 jour
1470 3540 1520 3570 en
1544 3533 1640 3581 jour
1663 3530 1702 3572 le
1721 3533 1947 3577 succès.de
1976 3536 2154 3576 l’œuvre
2191 3547 2275 3587 que
2307 3536 2376 3587 j’ai

1354 3601 1596 3650 entreprise
1620 3606 1660 3640 el
1680 3614 1766 3653 que
1784 3606 1824 3654 je
1848 3615 1902 3644 ne
1923 3606 2071 3649 crains
2096 3618 2174 3658 pas
2196 3607 2248 3647 de
2271 3619 2376 3647 con¬

1351 3661 1521 3701 sidérer
1542 3674 1714 3704 comme
1736 3665 2034 3709 humanitaire
2055 3672 2096 3708 et
2117 3670 2295 3710 sociale.

1407 3723 1544 3764 Rester
1566 3726 1838 3771 maintenant
1856 3727 1880 3768 â
1902 3730 2096 3771 détruire
2137 3732 2175 3772 le
2196 3733 2377 3783 préjugé

1351 3787 1424 3835 qui
1447 3787 1579 3827 tlétrit
1602 3791 1693 3827 tout
1711 3802 1760 3831 ce
1775 3791 1851 3842 qui
1867 3794 2026 3832 touche
2042 3806 2128 3832 aux
2147 3796 2378 3845 questions

1354 3850 1712 3891 matrimoniales.
1739 3854 1837 3895 Oui,
1863 3854 1887 3893 il
1914 3859 1976 3895 est
2000 3855 2079 3896 des
2114 3867 2302 3904 agences
2335 3861 2377 3897 et

1352 3909 1430 3951 des
1450 3916 1786 3955 entremetteurs
1806 3915 1911 3955 dont
1934 3916 1960 3955 il
1992 3915 2082 3957 faut
2118 3930 2164 3958 se
2207 3920 2374 3969 méfier;

1351 3974 1465 4014 mais
1486 3986 1540 4014 un
1571 3976 1760 4016 honnête
1796 3982 1839 4017 et
1873 3979 2089 4019 inoffensif
2126 3982 2298 4031 journal
2323 3994 2375 4022 ne

1342 4038 1518 4076 'saurait
1539 4037 1728 4088 inspirer
1761 4039 1815 4078 de
1851 4040 2048 4083 défiance
2092 4044 2114 4082 à
2158 4054 2374 4093 personne

1354 4098 1530 4151 lorsque
1552 4112 1600 4140 sa
1620 4101 1832 4142 direction
1856 4107 1921 4143 est
1943 4115 2160 4144 reconnue
2176 4107 2375 4146 sérieuse

1350 4160 1391 4197 et
1413 4158 1759 4210 irréprochable.

1404 4220 1538 4261 D’une
1563 4224 1687 4270 façon
1715 4224 1919 4273 générale
1940 4236 2050 4264 ceux
2071 4228 2143 4276 qui
2180 4227 2375 4276 aspirent

1349 4293 1404 4322 au
1427 4284 1624 4335 mariage
1644 4290 1876 4336 acceptent
1910 4291 1952 4327 et
1984 4288 2223 4328 sollicüent
2250 4290 2375 4329 l’avis

1350 4345 1451 4387 d'un
1490 4348 1594 4398 ami,
1636 4347 1958 4390 l'intervention
2008 4350 2064 4391 du
2110 4352 2294 4399 notaire,
2339 4354 2374 4393 le

1348 4410 1512 4448 conseil
1540 4409 1595 4448 du
1619 4411 1779 4460 prêtre,
1804 4415 1884 4452 etc.
1919 4412 2032 4452 C’est
2059 4425 2144 4464 que
2183 4415 2278 4456 rien
2300 4415 2368 4454 ici-

1351 4470 1428 4517 bgs
1447 4482 1500 4510 ne
1522 4475 1625 4522 peut
1643 4483 1691 4511 se
1715 4474 1895 4514 réaliser
1934 4487 2038 4515 sans
2086 4476 2124 4516 le
2160 4487 2374 4517 concours

1348 4524 1450 4564 d’un
1471 4524 1570 4564 aide
1592 4528 1852 4577 compétent.

1400 4587 1446 4627 Si
1468 4598 1578 4628 vous
1610 4599 1715 4628 avez
1754 4590 1792 4630 le
1832 4590 2033 4631 bonheur
2066 4592 2120 4632 de
2163 4593 2375 4643 posséder

1347 4650 1461 4691 amis
1488 4653 1530 4690 et
1567 4650 1792 4702 relations,
1826 4654 1862 4691 si
1896 4658 2018 4692 votre
2047 4655 2198 4696 milieu
2235 4655 2370 4696 social

1350 4723 1459 4752 vous
1480 4716 1650 4763 permet
1670 4714 1723 4755 de
1747 4719 1923 4755 trouver
1944 4719 2103 4756 autour
2124 4716 2178 4756 de
2200 4730 2310 4756 vous
2331 4717 2371 4756 la

1349 4786 1565 4824 personne
1597 4776 1674 4827 qui
1722 4778 1814 4816 doit
1861 4782 2068 4829 partager
2117 4783 2239 4819 votre
2286 4779 2369 4828 vie,

1347 4838 1638 4887 gardez-vous
1659 4838 1862 4890 d’égarer
1884 4840 2064 4880 ailleurs
2085 4852 2164 4880 vos
2192 4842 2367 4882 recher¬

1347 4899 1464 4942 ches.

1400 4963 1511 5003 Mais
1564 4964 1603 5003 si
1643 4975 1755 5014 pour
1791 4964 2012 5008 d’infinies
2049 4967 2223 5007 raisons
2263 4977 2371 5006 vous

1347 5026 1438 5066 êtes
1470 5027 1790 5075 embarrassés,
1824 5027 1959 5068 isolés
1994 5029 2106 5070 dans
2142 5030 2182 5070 la
2220 5030 2302 5079 vie,
2334 5029 2368 5068 si

1349 5091 1467 5127 voire
1507 5092 1748 5140 entourage
1784 5102 1836 5130 ne
1870 5103 1981 5131 vous
2015 5092 2183 5144 inspire
2213 5094 2372 5143 qu’une

1348 5147 1567 5194 médiocre
1588 5154 1827 5199 confiance,
1852 5165 2032 5207 essayez
2050 5154 2104 5194 de
2129 5155 2367 5195 l’annonce.

1349 5213 1440 5252 Elle
1463 5224 1571 5253 vous
1593 5219 1763 5264 promet
1791 5216 1960 5256 entière
1990 5222 2027 5254 el
2063 5216 2247 5256 absolue
2286 5216 2371 5255 dis¬

1345 5276 1525 5326 crétion,
1562 5280 1604 5316 et
1642 5278 1727 5318 elle
1763 5288 1875 5317 vous
1914 5278 2060 5318 donne
2101 5278 2279 5330 l’espoir
2318 5280 2371 5319 de

1347 5341 1523 5377 trouver
1540 5350 1588 5378 ce
1623 5351 1707 5388 que
1748 5351 1860 5379 nous
1882 5342 2130 5382 cherchons
2163 5345 2262 5382 tous
2302 5342 2372 5381 ici-

1326 5410 1330 5414 ■
1348 5399 1425 5439 bas
1451 5412 1456 5438 :
1489 5400 1526 5440 le
1557 5400 1756 5441 bonheur
1791 5402 1903 5443 dans
1935 5403 2096 5443 l’union
2131 5404 2303 5443 désirée
2331 5408 2371 5444 et

1347 5463 1488 5505 rêvée.
1998 5467 2110 5507 Jean
2134 5467 2279 5506 BACH

2472 2286 2691 2331 favoriser
2717 2291 2780 2331 les
2808 2292 2978 2334 unions
3005 2294 3172 2348 légales
3200 2300 3243 2336 el
3269 2295 3496 2340 clirétien-

2470 2360 2548 2388 ncs
2577 2362 2660 2402 par
2690 2364 2752 2390 un
2781 2352 2976 2404 procédé
3004 2352 3172 2396 discret
3199 2360 3243 2396 et
3271 2355 3488 2405 honnête,

2470 2409 2827 2451 contrairement
2847 2412 2869 2451 à
2893 2415 3088 2454 certains
3109 2415 3345 2467 journaux
3365 2416 3492 2456 simi¬

2470 2466 2597 2507 laires
2623 2470 2701 2521 qui
2726 2475 2829 2510 sont
2853 2470 2929 2511 des
2955 2484 3147 2524 agences
3172 2475 3489 2516 matrimonia¬

2466 2525 2527 2566 les
2548 2527 2799 2579 déguisées.

2527 2587 2582 2627 Le
2615 2588 2847 2629 Directeur
2875 2591 3012 2640 reçoit
3041 2591 3081 2632 le
3109 2594 3312 2634 courrier
3340 2595 3395 2635 de
3421 2608 3488 2635 ses

2467 2644 2685 2696 abonnés,
2713 2650 2826 2691 seul,
2857 2650 2888 2688 il
2913 2650 2953 2691 le
2980 2655 3217 2702 transmet,
3247 2659 3289 2695 et
3314 2655 3426 2704 seul,
3457 2655 3488 2694 il

2463 2706 2636 2759 répond
2661 2720 2749 2747 aux
2772 2707 2923 2751 lettres
2949 2712 3025 2763 qui
3055 2711 3116 2751 lui
3144 2718 3246 2754 sont
3299 2727 3485 2766 person¬

2464 2766 2711 2808 nellement
2733 2767 2973 2809 adressées.

2521 2825 2605 2866 Par
2631 2838 2721 2867 une
2747 2827 3069 2870 combinaison
3124 2830 3306 2874 d’offres
3332 2838 3376 2875 et
3430 2834 3484 2875 de

2460 2883 2708 2930 demandes
2736 2891 2780 2927 et
2810 2900 2891 2939 par
2920 2887 2962 2928 la
2993 2890 3385 2943 correspondance
3416 2892 3483 2932 di¬

2460 2950 2576 2984 recte
2601 2949 2729 2987 entre
2755 2946 2817 2988 les
2844 2947 3064 2999 abonnés,
3093 2948 3155 2991 les
3183 2951 3409 3006 mariages
3436 2966 3481 2993 se

2460 3003 2559 3044 font
2579 3018 2684 3046 sans
2704 3007 3082 3049 intermédiaires.

2531 3061 2651 3104 Nous
2691 3078 2745 3106 ne
2781 3067 2989 3108 saurions
3027 3080 3144 3110 assez
3180 3070 3355 3124 répéter
3392 3084 3480 3126 que

2460 3135 2572 3163 nous
2597 3123 2788 3166 n'avons
2811 3126 2908 3167 rien
2933 3127 2988 3167 de
3011 3141 3235 3171 commun
3259 3143 3367 3172 avec
3391 3144 3481 3173 une

2456 3194 2625 3234 agence
2660 3185 3019 3228 matrimoniale.
3059 3187 3156 3228 Non
3222 3190 3479 3232 seulement

2463 3255 2574 3283 nous
2608 3257 2661 3283 ne
2693 3244 2864 3285 faisons
2899 3260 2973 3298 pas
3007 3248 3060 3288 de
3092 3250 3332 3303 mariages,
3368 3251 3481 3292 mais

2458 3314 2619 3342 encore
2653 3315 2768 3343 nous
2802 3318 2856 3345 ne
2889 3305 3145 3349 réclamons
3177 3322 3357 3351 aucune
3418 3323 3481 3351 es¬

2458 3360 2563 3412 pèce
2592 3362 2647 3402 de
2673 3363 2972 3406 commission
3004 3371 3045 3406 et
3076 3371 3204 3408 notre
3235 3367 3328 3410 rôle
3357 3368 3481 3410 d’au¬

2455 3419 2629 3460 xiliaire
2660 3421 2824 3463 discret
2852 3436 2971 3464 cesse
3029 3439 3085 3464 au
3144 3434 3355 3470 moment
3384 3435 3480 3483 pré¬

2455 3479 2519 3520 cis
2551 3480 2612 3520 où
2647 3479 2709 3522 les
2744 3482 2982 3525 intéressés
3019 3498 3046 3525 ir
3067 3490 3148 3526 ont
3183 3486 3285 3540 plus
3322 3487 3480 3530 besoin

2455 3538 2507 3579 de
2535 3553 2616 3581 nos
2641 3545 2848 3584 services.

2515 3597 2648 3639 Notre
2684 3602 2880 3654 système
2919 3602 2989 3642 n’a
3028 3604 3125 3646 rien
3163 3606 3216 3646 de
3253 3619 3477 3650 commun

2456 3671 2546 3698 non
2579 3658 2680 3711 plus
2711 3673 2817 3700 avec
2848 3662 2908 3703 les
2940 3675 3171 3707 annonces
3201 3664 3277 3706 des
3308 3667 3477 3719 grands

2451 3717 2685 3770 journaux
2713 3720 2951 3772 parisiens.
2984 3722 3099 3763 Leur
3128 3724 3344 3768 méthode
3372 3739 3479 3767 con¬

2452 3777 2556 3819 siste
2584 3779 2605 3819 à
2635 3779 2807 3821 insérer
2834 3779 2910 3823 des
2938 3782 3187 3825 demandes
3245 3790 3287 3827 et
3343 3786 3480 3828 offres

2452 3838 2506 3878 de
2544 3839 2784 3893 mariages,
2825 3842 3167 3895 généralement
3204 3858 3473 3900 anonymes,

2452 3902 2494 3938 et
2524 3903 2707 3952 portant
2736 3900 3020 3944 l’indication
3059 3918 3067 3944 :
3100 3920 3120 3941 «
3153 3910 3279 3960 poste
3308 3911 3479 3948 restan¬

2451 3960 2493 3998 te
2519 3975 2559 3998 ».

2510 4017 2633 4059 Cette
2665 4019 2911 4062 discrétion
2943 4023 3031 4064 très
3064 4023 3269 4078 légitime
3301 4031 3343 4068 et
3373 4039 3476 4067 sans

2449 4074 2647 4132 dangers
2681 4084 2807 4120 entre
2844 4080 3067 4124 honnêtes
3104 4097 3231 4139 gens,
3272 4087 3477 4140 présente

2451 4143 2490 4183 le
2518 4144 2620 4199 plus
2679 4154 2874 4188 souvent
2931 4148 2984 4190 de
3043 4163 3203 4204 graves
3263 4152 3476 4195 inconvé¬

2452 4204 2617 4246 nients.
2669 4205 2739 4247 Un
2767 4211 3129 4263 correspondant
3156 4212 3234 4264 qui
3264 4212 3475 4255 dissimu¬

2452 4263 2490 4303 le
2519 4279 2600 4306 son
2632 4265 2821 4307 identité
2852 4282 2907 4311 ne
2935 4274 3045 4322 peut
3072 4270 3203 4311 offrir
3232 4271 3287 4312 de
3315 4285 3475 4325 garan¬

2450 4323 2532 4366 ties
2559 4326 2791 4367 sérieuses.
2822 4326 2938 4370 Neuf
2965 4327 3051 4370 fois
3079 4343 3156 4370 sur
3184 4330 3275 4379 dix,
3309 4331 3371 4373 les
3400 4335 3472 4374 let¬

2450 4387 2538 4425 tres
2594 4384 2817 4427 adressées
2872 4388 2895 4428 à
2951 4401 3021 4429 ces
3077 4402 3293 4431 coureurs
3321 4390 3376 4432 de
3401 4394 3477 4432 dot

2449 4448 2619 4486 restent
2640 4458 2745 4487 sans
2769 4446 2977 4502 réponse.
3007 4448 3065 4492 Le
3089 4450 3188 4491 naïf
3211 4463 3475 4506 correspon¬

2450 4503 2560 4547 dant
2590 4504 2828 4560 s’aperçoit
2858 4508 2968 4562 qu’il
3003 4523 3024 4550 a
3056 4510 3124 4551 été
3154 4510 3471 4552 l'amusement

2450 4563 2560 4607 d’un
2588 4566 2776 4608 fumiste
2801 4580 2860 4610 ou
2888 4568 2999 4609 d’un
3027 4569 3220 4611 farceur.

2510 4624 2697 4667 Pareille
2734 4627 3050 4670 mésaventure
3089 4630 3201 4671 n’est
3238 4643 3315 4684 pas
3351 4632 3372 4672 à
3412 4645 3471 4674 re¬

2447 4683 2623 4730 douter,
2657 4687 2788 4738 grâce
2816 4687 2836 4726 à
2871 4687 3124 4730 l’heureuse
3153 4690 3473 4732 combinaison

2448 4743 2508 4787 du
2538 4746 2570 4784 T
2575 4745 2655 4786 rail
2684 4746 2900 4788 d'Union.
2931 4748 3070 4790 Grâce
3096 4750 3120 4790 à
3149 4750 3228 4799 lui,
3261 4750 3408 4792 riches
3436 4758 3472 4792 el

2450 4818 2640 4856 pauvres
2700 4804 2827 4847 n’ont
2858 4808 2959 4861 plus
2990 4807 3145 4850 besoin
3177 4810 3231 4851 de
3260 4810 3476 4852 relations

2450 4864 2759 4916 personnelles
2795 4879 2911 4920 pour
2945 4866 3089 4909 s’unir
3127 4868 3395 4923 dignement
3436 4876 3472 4912 et

2447 4923 2572 4965 selon
2608 4923 2705 4967 leur
2739 4926 2872 4968 désir.
2938 4927 3321 4978 Journellement,
3361 4944 3476 4972 nous

2453 4997 2664 5026 recevons
2703 4984 2779 5027 des
2816 4986 2966 5028 lettres
3004 4987 3059 5028 de
3096 4990 3469 5032 remerciements

2448 5047 2490 5084 et
2524 5044 2579 5086 de
2613 5044 2907 5088 félicitations
2944 5059 3060 5100 pour
3096 5048 3135 5088 la
3173 5050 3376 5091 manière
3412 5051 3501 5091 sé-.

2449 5103 2593 5145 rieuse
2616 5103 2728 5146 dont
2752 5106 2886 5159 opère
2909 5106 2951 5147 la
2975 5106 3224 5151 Direction.

2507 5162 2571 5204 En
2603 5178 2651 5204 ce
2680 5166 2757 5218 qui
2789 5179 3013 5209 concerne
3044 5168 3083 5208 la
3115 5170 3472 5223 correspondan¬

2448 5235 2512 5269 ce,
2548 5236 2661 5265 nous
2693 5238 2808 5267 nous
2840 5226 3009 5268 faisons
3042 5242 3132 5269 une
3164 5228 3222 5270 loi
3254 5230 3308 5270 de
3338 5235 3476 5271 rester

2451 5288 2631 5326 neutres
2665 5290 2709 5327 et
2744 5284 2976 5340 d’ignorer
3011 5300 3060 5329 ce
3097 5286 3377 5342 qu’écrivent
3414 5290 3475 5331 les

2450 5343 2700 5385 intéressés.

2506 5400 2560 5444 Le
2584 5408 2725 5445 secret
2750 5403 2825 5446 des
2853 5404 3002 5447 lettres
3028 5412 3092 5448 est
3117 5406 3252 5448 chose
3278 5408 3426 5450 sacrée
3468 5410 3475 5448 I

2988 5477 3054 5518 LA
3089 5478 3409 5520 DIRECTION.

1410 5622 1638 5701 SERVICE
1692 5625 1762 5700 DE
1808 5625 2298 5704 RENSEIGNEMENTS

1400 5747 1542 5787 Toute
1571 5759 1796 5797 personne
1827 5750 1964 5800 ayant
1994 5748 2148 5790 besoin
2181 5748 2366 5790 d’infor¬

1348 5804 1543 5847 mations
1567 5808 1707 5855 sûres,
1732 5819 1791 5847 au
1814 5808 1940 5858 point
1963 5808 2017 5849 de
2038 5820 2124 5850 vue
2147 5808 2364 5849 financier

1342 5866 1631 5906 commercial
1659 5878 1716 5907 ou
1743 5866 1884 5916 privé,
1914 5867 2188 5908 concernant
2241 5868 2366 5907 affai¬

1342 5934 1424 5972 res,
1456 5924 1683 5975 mariages
1708 5937 1764 5966 ou
1795 5926 1960 5975 autres,
1993 5938 2175 5967 recevra
2202 5928 2263 5968 du
2292 5927 2365 5966 Di¬

1342 5984 1516 6024 recteur
1544 5985 1607 6025 les
1635 5984 2022 6037 renseignements
2048 5987 2112 6028 les
2139 5986 2244 6038 plus
2269 5988 2366 6038 pré¬

1341 6044 1418 6094 cis,
1447 6044 1472 6083 à
1496 6044 1575 6086 des
1600 6046 1702 6095 prix
1731 6047 1818 6086 très
1845 6047 2063 6087 modérés.
2095 6047 2176 6086 Ces
2202 6047 2365 6087 rensei¬

1340 6105 1578 6155 gnements
1600 6116 1646 6146 se
1668 6104 1822 6155 paient
1844 6106 2071 6146 d’avance.

1811 6182 1902 6239 ***

1418 6270 1892 6419 ConjMn&ison
1954 6291 2298 6421 Mariage

1543 6491 1843 6552 NOTRE
1935 6491 2167 6552 ROLE

1400 6604 1455 6645 Le
1483 6622 1501 6642 «
1529 6604 1650 6647 Trait
1673 6606 1874 6651 d’Union
1902 6627 1920 6647 »
1948 6615 2127 6665 accepte
2151 6614 2275 6652 tonte
2299 6624 2364 6651 es¬

1340 6663 1444 6715 pèce
1475 6664 1527 6704 de
1559 6666 1796 6719 publicité;
1827 6670 1942 6714 mais
1974 6669 2002 6710 il
2030 6668 2239 6726 s’occupe
2267 6671 2364 6724 spé¬

1338 6723 1583 6767 cialement
1610 6726 1889 6770 d’annonces
1919 6728 1974 6770 de
2007 6731 2244 6782 mariages.

1396 6783 1452 6827 Le
1476 6783 1559 6827 but
1586 6786 1758 6841 unique
1783 6787 1835 6829 de
1860 6787 1902 6830 la
1928 6788 2163 6831 Direction
2188 6802 2254 6832 est
2307 6790 2360 6830 de

2534 5645 3376 5732 CONDITIONS

2616 5779 2672 5818 11
2698 5779 2860 5818 francs
2883 5792 3004 5830 pour
3025 5782 3145 5820 trois
3169 5784 3291 5822 mois

2447 5870 2656 5908 Donnant
2672 5870 2789 5910 droit
2808 5870 2833 5910 à
2855 5882 2941 5911 une
2961 5882 3180 5920 annonce,
3204 5884 3260 5912 au
3281 5874 3463 5920 journal

2501 5946 2606 5976 sous
2626 5939 2887 5988 enveloppe,
2911 5943 2952 5978 et
2972 5950 3028 5979 au
3051 5940 3219 5980 service
3240 5943 3292 5982 de
3316 5942 3356 5980 la
3377 5951 3469 5980 cor¬

2499 5997 2821 6044 respondance.

2440 6054 2773 6095 Abonnement
2801 6055 2860 6106 au
2884 6055 3083 6106 journal
3108 6058 3221 6103 seul,
3256 6068 3369 6097 sous
3398 6068 3478 6096 en¬

2494 6108 2704 6158 veloppe.

2450 6172 2516 6210 Un
2535 6180 2592 6208 an
2612 6172 2635 6210 6
2653 6171 2820 6218 francs,
2841 6175 2908 6211 six
2931 6174 3045 6212 mois
3064 6175 3087 6212 3
3104 6174 3273 6212 francs.

2506 6353 3419 6463 FONCTIONNEMENT

2504 6615 2644 6659 Toute
2679 6631 2904 6671 personne
2937 6623 3012 6674 qui
3049 6622 3194 6663 désire
3227 6622 3471 6663 s’abonner

2440 6675 2466 6716 à
2491 6674 2531 6716 la
2556 6678 2877 6720 combinaison
2901 6694 2990 6720 mar
3007 6681 3126 6735 iages
3149 6679 3245 6723 doit
3268 6695 3468 6736 envoyer

2443 6748 2499 6775 au
2531 6735 2783 6787 Directeur,
2816 6751 2900 6780 son
2931 6751 3156 6791 annonce,
3190 6754 3275 6783 son
3336 6755 3463 6792 nom,

2444 6807 2527 6836 son
2548 6796 2724 6839 adresse
2774 6798 3008 6849 véritable,
3032 6804 3076 6843 et
3096 6799 3136 6843 le
3156 6802 3259 6860 prix
3279 6802 3335 6845 de
3383 6815 3465 6846 son

3624 1831 3673 1866 Le
3700 1844 3718 1863 «
3745 1834 3863 1871 Trait
3888 1836 4068 1872 d’Union
4095 1851 4115 1871 »
4141 1844 4201 1876 est
4252 1845 4409 1884 envoyé
4461 1851 4604 1883 contre

3571 1879 3591 1910 0
3615 1878 3665 1912 fr.
3692 1880 3734 1912 10
3756 1878 3784 1914 à
3805 1883 3919 1918 toute
3944 1890 4151 1923 personne
4175 1890 4245 1931 qui
4271 1898 4320 1924 en
4345 1893 4423 1928 fait
4449 1894 4489 1928 la
4537 1895 4599 1930 de¬

3572 1926 3737 1959 mande.

3621 1971 3682 2006 Un
3709 1978 3753 2006 n°
3777 1974 3988 2015 spécimen
4014 1982 4076 2014 est
4101 1981 4223 2018 offert
4248 1986 4600 2030 gracieusement,

3568 2015 3594 2050 à
3620 2020 3710 2054 tout
3736 2020 3926 2064 visiteur,
3951 2024 4060 2060 dans
4085 2034 4161 2063 nos
4185 2028 4389 2066 bureaux.

3617 2064 3668 2099 Le
3717 2066 3895 2103 Journal
3947 2074 4007 2107 est
4035 2072 4205 2109 adressé
4231 2075 4257 2110 à
4309 2085 4383 2112 nos
4411 2080 4597 2118 abonnés

3568 2118 3667 2144 sous
3695 2114 3921 2156 enveloppe
3949 2118 4119 2161 fermée,
4148 2128 4249 2158 sans
4276 2130 4440 2159 aucune
4493 2128 4596 2162 indi¬

3570 2164 3709 2198 cation
3744 2171 3991 2208 apparente.

3575 2301 3903 2355 abonnement,
3932 2310 4013 2350 soif
4040 2323 4149 2352 onze
4172 2314 4327 2365 francs
4347 2328 4467 2368 pour
4491 2319 4599 2359 trois

3574 2363 3689 2402 mois
3715 2375 3771 2402 en
3799 2367 4000 2414 mandai,
4031 2369 4118 2408 bon
4148 2372 4200 2412 de
4223 2378 4351 2424 poste
4376 2380 4435 2418 ou
4493 2378 4595 2418 tim¬

3576 2420 3689 2462 bres.

3630 2479 3685 2523 Le
3713 2480 3961 2531 Directeur,
3991 2488 4083 2528 seul
4112 2491 4283 2543 occupé
4308 2507 4364 2534 au
4391 2494 4595 2549 dépouil¬

3571 2538 3739 2582 lement
3767 2542 3826 2584 du
3855 2547 4056 2587 courrier
4083 2553 4161 2596 est,
4193 2550 4452 2603 cgalenient
4477 2556 4589 2606 seul,

3567 2604 3588 2638 à
3623 2603 3859 2644 connaître
3925 2604 4132 2648 l’adresse
4195 2611 4412 2654 véritable
4444 2614 4497 2656 de
4531 2630 4597 2658 ses

3567 2658 3785 2703 abonnés.
3823 2663 3948 2704 Cette
4012 2666 4190 2708 adresse
4223 2675 4288 2711 est
4323 2674 4591 2727 remplacée,

3566 2718 3677 2760 dans
3711 2720 3748 2759 le
3779 2722 3981 2774 journal,
4018 2739 4097 2778 par
4159 2742 4220 2768 un
4255 2732 4449 2774 numéro
4479 2735 4594 2776 d’or¬

3564 2776 3656 2827 dre,
3697 2780 4037 2835 indispensable
4101 2799 4219 2839 pour
4254 2788 4293 2829 la
4329 2804 4592 2848 correspon¬

3561 2834 3717 2878 dance.

3623 2904 3680 2945 Ce
3739 2910 3932 2950 numéro
3985 2916 4051 2952 est
4105 2919 4440 2971 communiqué
4464 2922 4487 2960 à
4516 2920 4589 2962 l’a¬

3562 2963 3716 3006 bonné
3741 2979 3796 3006 en
3821 2970 3973 3011 même
4000 2976 4147 3026 temps
4172 2975 4313 3028 qu’on
4340 2978 4403 3019 lui
4431 2991 4589 3022 accuse

3560 3023 3791 3079 réception
3819 3027 3880 3068 du
3908 3031 4111 3074 mandat.

3615 3090 3879 3146 supposons
3937 3098 4109 3150 qu’une
4136 3100 4191 3144 de
4217 3115 4300 3143 nos
4357 3103 4588 3150 abonnées

3559 3151 3724 3192 veuille
3751 3153 3892 3196 écrire
3919 3156 3941 3196 à
3972 3156 4027 3198 M.
4061 3158 4169 3208 X...,
4203 3160 4316 3203 dont
4342 3162 4585 3208 l’annonce

3557 3215 3684 3262 porte
3716 3212 3752 3251 le
3785 3217 3833 3251 n°
3867 3216 3904 3254 6.
3943 3214 4033 3258 Elle
4063 3218 4221 3260 inscrit
4252 3220 4532 3267 lisiblement
4561 3227 4581 3266 à

3558 3268 3598 3308 la
3632 3271 3789 3323 plume
3823 3288 3880 3314 ou
3915 3287 3969 3315 au
4005 3288 4174 3331 crayon
4208 3292 4289 3320 son
4324 3295 4434 3323 nom
4468 3290 4511 3324 et
4543 3286 4582 3325 le

3556 3331 3608 3368 n°
3637 3329 3661 3369 6
3688 3330 3801 3371 dans
3827 3332 3855 3371 T
3861 3332 4081 3374 intérieur
4107 3335 4160 3377 de
4187 3336 4225 3376 la
4255 3341 4480 3391 première
4505 3356 4580 3383 en¬

3556 3387 3761 3442 veloppe,
3799 3391 3909 3431 celle
3943 3394 4018 3445 qui
4056 3401 4183 3447 porte
4215 3396 4253 3437 le
4288 3411 4396 3440 nom
4431 3406 4472 3442 et
4506 3402 4580 3442 l’a¬

3555 3446 3704 3489 dresse
3740 3450 3800 3490 du
3836 3450 4073 3494 Directeur
4108 3454 4169 3496 du
4205 3456 4324 3499 Trait
4361 3459 4577 3502 d'Union.

3557 3507 3677 3551 Dans
3705 3515 3817 3551 cette
3844 3511 4096 3568 enveloppe
4123 3515 4207 3558 elle
4233 3516 4359 3571 place
4386 3519 4427 3560 la
4453 3519 4581 3563 lettre

3555 3568 3763 3608 cachetée
3800 3572 3877 3623 qui
3915 3572 4010 3613 doit
4045 3575 4137 3615 être
4175 3578 4337 3619 remise
4373 3592 4429 3619 au
4465 3584 4517 3620 n°
4557 3582 4580 3620 6

3553 3636 3636 3678 par
3670 3626 3946 3670 l'entremise
3981 3631 4041 3672 du
4078 3632 4329 3676 Directeur.
4369 3638 4438 3678 Au
4472 3651 4579 3688 reçu

3553 3686 3607 3726 de
3643 3691 3756 3727 cette
3793 3687 3935 3735 lettre,
3975 3689 4012 3730 le
4048 3690 4285 3734 Directeur
4319 3695 4503 3739 déchire
4539 3698 4577 3738 la

3554 3746 3777 3800 première
3813 3748 4080 3803 enveloppe,
4120 3750 4143 3791 à
4179 3765 4261 3792 son
4300 3765 4426 3803 nom,
4467 3756 4579 3798 dans

3554 3806 3808 3848 l’intérieur
3834 3808 3888 3850 de
3919 3808 4112 3864 laquelle
4140 3826 4185 3852 se
4213 3816 4372 3855 trouve
4400 3815 4512 3858 écrit
4539 3818 4580 3858 le

3556 3879 3665 3908 nom
3691 3867 3744 3908 de
3771 3867 4011 3912 l’abonnce
4035 3875 4077 3912 et
4103 3871 4143 3913 le
4168 3872 4361 3915 numéro
4388 3887 4493 3916 avec
4521 3876 4577 3917 le¬

3554 3926 3656 3979 quel
3685 3926 3769 3969 elle
3794 3934 3900 3970 veut
3925 3931 4268 3984 correspondre.

3613 3992 3698 4035 Sur
3726 3995 3767 4035 la
3798 3995 3924 4038 lettre
3952 3998 4161 4041 cachetée
4191 4000 4244 4042 de
4273 3999 4577 4056 l’expéditrice

3555 4053 3581 4092 il
3609 4054 3720 4096 écrit
3747 4055 3953 4098 l’adresse
3983 4058 4197 4102 véritable
4221 4060 4282 4103 du
4310 4063 4360 4104 n°
4389 4063 4411 4103 6
4437 4068 4476 4104 el
4504 4077 4579 4104 en¬

3555 4114 3652 4155 voie
3680 4120 3792 4156 cette
3822 4116 3949 4158 lettre
3975 4131 4079 4159 sans
4107 4118 4297 4161 l’ouvrir
4323 4121 4344 4163 è
4372 4135 4456 4163 son
4484 4123 4580 4164 des¬

3554 4172 3777 4219 tinataire,
3811 4173 3867 4216 M:
3899 4175 3987 4217 X...

3609 4239 3673 4280 De
3708 4246 3821 4282 cette
3858 4242 4007 4292 façon,
4048 4244 4087 4285 le
4123 4246 4352 4290 Directeur
4395 4253 4577 4292 connaît

3549 4298 3645 4340 seul
3681 4299 3892 4342 l’adresse
3928 4302 4005 4344 des
4040 4303 4160 4347 deux
4196 4309 4579 4363 correspondants

3549 4359 3626 4412 qui
3656 4365 3853 4412 peuvent
3876 4363 4120 4403 continuer
4144 4365 4165 4404 à
4192 4363 4331 4408 s’écrit
4395 4382 4472 4422 par
4497 4381 4577 4411 son

3552 4420 3810 4460 entremise.
3884 4419 4081 4475 Lorsque
4119 4422 4180 4464 les
4217 4424 4333 4473 deux
4373 4427 4577 4470 abonnés

3549 4484 3762 4522 trouvent
3796 4479 3856 4521 les
3891 4481 4287 4534 renseignements
4323 4504 4328 4525 ,
4374 4490 4521 4530 rituels
4556 4491 4576 4530 à

3550 4540 3647 4580 leur
3679 4554 3985 4588 convenance,
4024 4542 4076 4582 ils
4109 4549 4307 4594 peuvent
4368 4561 4376 4586 i
4388 4551 4492 4588 tirer
4523 4563 4577 4588 en

3549 4599 3764 4642 relations
3824 4600 4013 4644 directes
4073 4606 4116 4642 et
4147 4603 4307 4644 arriver
4377 4619 4434 4647 au
4498 4608 4576 4648 but

3547 4660 3783 4712 poursuivi
3813 4662 3867 4703 de
3896 4660 3992 4702 leur
4020 4661 4179 4703 union.

3608 4718 3668 4769 Si,
3709 4732 3765 4762 au
3803 4721 4043 4770 contraire,
4084 4720 4144 4763 les
4181 4723 4577 4776 renseignements

3547 4779 3775 4834 échangés
3807 4794 3860 4822 ne
3888 4780 3951 4822 les
4008 4780 4219 4823 satisfont
4276 4795 4369 4836 pas,
4404 4784 4459 4826 ils
4487 4800 4576 4827 ces¬

3547 4843 3647 4880 sent
3704 4839 3759 4880 de
3789 4840 4116 4894 correspondre
4177 4846 4219 4883 et
4279 4854 4460 4884 comme
4527 4846 4577 4886 ils

3548 4900 3764 4952 ignorent
3820 4900 3915 4941 l’un
3972 4907 4012 4942 et
4071 4900 4243 4950 l’autre,
4274 4901 4372 4943 leur
4398 4915 4508 4944 nom
4536 4915 4579 4946 et

3547 4959 3739 5008 adresse,
3776 4972 3927 5002 aucun
3962 4960 4095 5002 d’eux
4129 4960 4242 5003 n’est
4274 4966 4572 5015 compromis.

3607 5019 3640 5059 Il
3667 5024 3733 5061 est
3760 5019 3865 5061 bien
3892 5020 4095 5062 entendu
4153 5035 4240 5075 que
4299 5034 4413 5063 nous
4441 5022 4576 5063 décli¬

3549 5092 3664 5120 nons
3696 5084 3822 5121 toute
3856 5080 4201 5134 responsabilité
4235 5082 4428 5135 puisque
4463 5095 4577 5123 nous

3549 5153 3661 5180 nous
3688 5139 3859 5181 faisons
3884 5154 3947 5182 un
3973 5139 4129 5181 devoir
4155 5140 4208 5182 de
4233 5145 4371 5183 rester
4396 5151 4577 5183 neutres

3548 5204 3588 5240 et
3623 5199 3856 5252 d’ignorer
3891 5212 3939 5240 ce
3975 5199 4257 5252 qu’écrivent
4292 5214 4373 5242 nos
4408 5214 4575 5242 corres¬

3548 5257 3792 5312 pondants.

3604 5316 3765 5367 Depuis
3808 5315 3903 5356 huit
3943 5327 4022 5355 ans
4060 5327 4145 5366 que
4191 5328 4240 5356 ce
4286 5317 4459 5367 journal
4508 5322 4575 5358 est

3548 5371 3661 5420 créé,
3697 5372 3725 5412 il
3757 5371 3859 5414 s’est
3915 5373 4146 5415 contracté
4205 5372 4260 5415 de
4320 5374 4575 5416 nombreux

3549 5433 3774 5486 mariages
3807 5438 3850 5474 et
3882 5435 3981 5473 tout
4015 5432 4054 5472 le
4087 5432 4257 5475 monde
4291 5435 4376 5475 sait
4408 5434 4448 5475 la
4484 5448 4576 5476 ma¬

3551 5492 3671 5534 nière
3705 5492 3899 5534 sérieuse
3933 5491 4046 5534 dont
4079 5494 4213 5547 opère
4248 5492 4287 5534 la
4325 5494 4572 5535 Direction.

3601 5587 3727 5624 Nota.
3757 5610 3808 5614 —
3838 5587 3898 5625 Ne
3928 5595 4008 5632 pas
4036 5586 4213 5626 oublier
4269 5587 4333 5627 les
4386 5587 4576 5627 timbres

3547 5639 4023 5679 d’affranchissement
4056 5639 4323 5688 obligatoire
4359 5643 4472 5687 pour
4536 5643 4576 5679 ta

3548 5692 3768 5740 première
3799 5696 3839 5732 et
3871 5692 3911 5731 la
3940 5691 4179 5732 deuxième
4208 5694 4496 5740 enveloppes.

3585 5857 4183 5937 Recommandations
4229 5865 4543 5941 Générales

3594 6040 3632 6067 1°
3665 6040 3864 6071 Personne
3893 6048 3940 6072 ne
3970 6046 4061 6080 peut
4088 6046 4373 6083 correspondre
4400 6052 4496 6080 avec
4525 6048 4581 6080 tes

3552 6090 3728 6122 abonnés
3753 6098 3847 6124 sans
3873 6095 3988 6127 avoir
4012 6096 4125 6128 versé
4152 6098 4208 6128 les
4233 6098 4270 6129 11
4297 6099 4433 6131 francs
4460 6100 4581 6140 régle¬

3555 6143 3764 6176 mentaires
3793 6151 3801 6182 ;

3593 6209 3632 6238 3°
3660 6208 3879 6243 L'annonce
3901 6212 3969 6244 des
3990 6213 4165 6247 abonnés
4187 6215 4269 6247 doit
4292 6215 4476 6255 indiquer
4499 6219 4583 6250 leur

3553 6260 3636 6298 âge,
3668 6262 3751 6294 leur
3777 6262 3983 6304 situation,
4011 6267 4092 6299 s’ils
4119 6265 4292 6300 désirent
4319 6276 4369 6302 ou
4398 6276 4476 6303 non
4507 6279 4582 6303 une

3553 6314 3631 6344 dot.
3661 6315 3741 6346 Elle
3767 6315 3851 6349 doit
3877 6319 4033 6351 fournir
4061 6320 4232 6352 certains
4259 6319 4401 6355 détails
4429 6323 4476 6355 de
4507 6331 4583 6356 ma¬

3556 6366 3663 6398 nière
3683 6367 3707 6399 à
3728 6367 3851 6402 éviter
3873 6371 3941 6403 des
3962 6372 4325 6407 correspondances
4348 6375 4509 6409 Inutiles
4533 6384 4542 6414 ;

3595 6433 3635 6462 4°
3667 6432 3740 6463 Dès
3768 6435 3888 6471 qu’un
3917 6435 4073 6468 abonné
4100 6443 4124 6468 a
4151 6439 4292 6471 trouvé
4321 6441 4358 6472 la
4387 6447 4582 6479 personne

3555 6484 3601 6515 de
3621 6491 3692 6516 son
3713 6486 3844 6525 choix,
3865 6488 3891 6519 il
3912 6488 3995 6520 doit
4016 6487 4199 6527 prévenir
4220 6491 4255 6523 le
4276 6494 4476 6526 Directeur
4497 6495 4580 6526 afin

3555 6543 3629 6574 que
3653 6544 3724 6570 son
3748 6546 3929 6573 annonce
3953 6542 4029 6574 soit
4052 6542 4225 6576 enlevée.
4253 6546 4281 6576 Il
4306 6544 4455 6579 évitera
4477 6544 4581 6579 ainsi

3556 6590 3696 6622 l’envoi
3731 6591 3777 6623 de
3811 6592 3943 6626 lettres
3976 6595 4041 6633 qui
4076 6594 4299 6632 n’auraient
4332 6599 4420 6638 plus
4452 6599 4581 6635 aueMn

3556 6643 3623 6674 but
3649 6646 3687 6675 et
3713 6647 3959 6685 auxquelles,
3988 6654 4059 6686 par
4087 6648 4224 6683 devoir
4251 6651 4299 6685 de
4328 6651 4525 6690 politesse,
4556 6651 4580 6683 il

3557 6696 3709 6728 devrait
3731 6695 3925 6735 répondre
3945 6706 3955 6734 ;

3597 6762 3636 6791 5°
3664 6763 3732 6794 Les
3753 6770 3955 6796 annonces
3978 6768 4067 6798 sont
4088 6767 4136 6800 de
4157 6768 4217 6799 six
4243 6768 4368 6806 lignes
4389 6776 4440 6800 au
4465 6770 4587 6802 maxi¬

3559 6820 3679 6847 mum.
3736 6815 3805 6848 Les
3861 6816 3987 6858 lignes
4040 6820 4399 6859 supplémentaires
4453 6826 4588 6856 seront
