5228 7176
374 443 447 498 G?,
468 446 659 490 année.
686 467 750 477 —
771 439 839 490 N°
864 439 918 480 ^
954 471 1015 483 —
1048 450 1070 503 f
1079 449 1142 505 O
1176 458 1319 499 cent.

1560 454 1913 570 ŒUVRE
1988 459 2113 576 Dî
2176 459 3021 590 PHILANTHROPIE
3092 479 3521 597 SOCIALE

3742 503 3753 549 “
3821 508 3905 549 1AS

4073 504 4147 547 Du
4170 508 4208 547 1°
4244 518 4307 550 au
4337 510 4388 550 15
4409 511 4525 552 Juin
4547 514 4660 555 1912

615 671 818 731 Paraissant
841 674 874 732 le
903 676 956 733 1"
979 677 1014 733 et
1037 678 1070 734 te
1099 678 1142 735 15

2357 712 2397 808 1

2474 713 2570 812 L

3944 727 4145 782 Paraissant
4170 728 4200 783 le
4232 728 4246 783 1
4251 738 4284 755 er
4308 732 4343 787 et
4364 732 4396 787 le
4428 734 4469 790 1S

392 820 1903 1540 Trait
2152 855 4669 1586 d’ünian

1323 1647 1339 1657 .
1471 1579 1734 1655 DES
1823 1569 2514 1672 INTÉRÊTS
2595 1580 3574 1702 RÉCIPROQUES

681 1703 1128 1759 Combinaison
1163 1709 1435 1774 Mariage
1471 1710 1655 1763 créée
1695 1727 1772 1764 en
1810 1712 1980 1768 1905
2050 1731 2085 1766 •
2120 1732 2156 1767 •
2191 1733 2227 1768 •
2298 1722 2588 1779 Bureaux
2626 1727 2687 1778 et
2720 1728 3235 1788 Administration
3272 1753 3287 1788 :
3326 1739 3434 1800 26.
3472 1758 3584 1794 rue
3623 1744 3910 1814 d'Astorg
3947 1778 4012 1787 —
4050 1751 4366 1810 Toulouse

452 1836 518 1872 LA
543 1838 676 1874 PLUS
701 1839 954 1876 HONNETE

450 1883 516 1918 LA
543 1884 678 1920 PLUS
705 1886 967 1923 DISCRETE

451 1928 516 1966 LA
542 1930 676 1968 PLUS
703 1932 902 1968 RAPIDE

450 1976 516 2011 LA
547 1977 682 2013 PLUS
711 1978 975 2015 SERIEUSE

450 2021 515 2056 LA
540 2023 674 2059 PLUS
698 2024 834 2060 SURE

450 2067 515 2103 LA
542 2068 711 2105 MOINS
737 2071 914 2107 CHERE

450 2114 548 2150 PAS
580 2115 1064 2155 D’INTERMEDIAIRE

449 2160 548 2196 PAS
575 2162 643 2197 DE
670 2163 1003 2200 COMMISSION

1760 1847 2694 1918 Directeur-Propriétaire
2735 1891 2748 1920 ;
2791 1864 2967 1925 Jean
3014 1868 3256 1928 BACH

1557 1951 1767 1990 Annonces
1820 1954 1872 1991 de
1926 1955 2099 2002 Mariage
2144 1958 2233 2000 (six
2272 1958 2404 2006 lignes
2460 1966 2507 1999 et
2552 1964 2820 2006 abonnement
2868 1982 2923 2008 au
2970 1972 3155 2020 journal)

1624 2000 1735 2036 Trois
1772 2002 3154 2062 mois.
3212 2023 3279 2059 ±\
3310 2025 3458 2064 francs.

1554 2050 1700 2095 Lignes
1720 2052 3155 2115 supplémentaires.
3258 2082 3283 2113 f
3350 2099 3395 2106 _

1555 2104 1795 2140 Annnonces
1815 2111 1854 2143 et
1875 2108 2082 2146 Locations
2103 2111 2218 2153 (trois
2239 2113 3152 2168 mois).
3252 2130 3286 2166 8
3348 2152 3392 2159 _

1556 2156 1654 2193 Avis
1671 2156 1818 2202 divers,
1840 2160 1967 2198 0lires
1987 2166 2025 2199 et
2046 2164 2266 2202 Demandes
2286 2166 2495 2214 d’emplois
2514 2167 2641 2211 (deux
2659 2174 3154 2220 mois).
3255 2183 3291 2218 3
3350 2203 3395 2211 —

3692 1882 3744 1916 Le
3770 1894 3788 1913 «
3815 1884 3934 1920 Trait
3956 1886 4138 1923 d’Union
4164 1903 4183 1920 »
4208 1895 4271 1926 est
4319 1894 4478 1935 envoyé
4527 1899 4671 1932 contre

3642 1928 3663 1962 0
3685 1928 3736 1963 fr.
3762 1930 3806 1964 10
3827 1928 3854 1964 à
3875 1934 3990 1968 toute
4014 1940 4219 1974 personne
4243 1939 4314 1980 qui
4338 1947 4388 1975 en
4411 1942 4491 1978 fait
4515 1942 4556 1978 la
4602 1943 4668 1979 de*

3643 1976 3809 2011 mande.

3690 2022 3752 2056 Un
3780 2028 3823 2056 n°
3846 2023 4056 2063 spécimen
4082 2030 4144 2063 est
4168 2030 4291 2067 offert
4315 2034 4667 2079 gracieusement,

3640 2064 3667 2099 à
3690 2069 3780 2103 tout
3807 2070 3996 2113 visiteur,
4020 2071 4129 2107 dans
4154 2082 4230 2110 nos
4255 2076 4458 2115 bureaux.

3688 2112 3739 2148 Le
3788 2115 3965 2152 Journal
4016 2120 4078 2155 est
4103 2119 4274 2158 adressé
4300 2122 4327 2158 à
4376 2131 4451 2160 nos
4478 2126 4666 2164 abonnée

3639 2164 3739 2193 sous
3766 2163 3992 2204 enveloppe
4019 2164 4189 2208 fermée,
4216 2175 4319 2207 sans
4344 2178 4508 2207 aucune
4560 2174 4664 2210 indi¬

3642 2211 3780 2247 cation
3814 2219 4062 2256 apparente.

411 2303 728 2400 Dépositaire
733 2327 758 2385 s
799 2309 864 2386 à
901 2308 964 2385 Tr
967 2312 1044 2388 ait
1083 2310 1290 2390 d’Union

343 2449 455 2484 Paris
482 2450 492 2483 :
518 2450 684 2493 kiosque
710 2451 782 2490 136,
811 2460 881 2486 rue
907 2453 1070 2491 Royale;
1095 2454 1261 2496 kiosque
1286 2456 1358 2494 234,

423 2491 638 2527 boulevard
671 2494 934 2532 Saint-Denis;
967 2490 1131 2535 kiosque
1164 2497 1234 2535 189,
1270 2498 1360 2531 bou¬

420 2532 557 2567 levard
590 2535 878 2574 Saint-Miciiel;
908 2536 1073 2577 kiosque
1104 2539 1175 2576 196,
1230 2540 1360 2573 boule¬

423 2576 519 2608 vard
540 2576 784 2616 Sébastopol.

340 2630 447 2668 Lyon
477 2630 487 2662 :
514 2630 690 2670 kiosque,
719 2628 750 2667 8,
781 2629 893 2671 place
919 2632 990 2664 des
1017 2634 1231 2674 Terreaux;
1258 2634 1360 2667 kios¬

420 2678 507 2710 que,
527 2671 638 2712 place
654 2671 694 2704 la
711 2673 830 2712 Viste;
850 2674 1015 2714 kiosque
1033 2675 1051 2706 1
1068 2675 1140 2712 bis,
1160 2676 1271 2717 place
1290 2678 1358 2708 des

419 2713 653 2752 Cordeliers;
677 2713 842 2755 kiosque
863 2715 895 2752 1,
918 2715 1012 2755 quai
1034 2715 1083 2748 de
1106 2718 1199 2750 Retz

336 2766 534 2799 Marseille
555 2767 563 2798 :
582 2767 747 2807 kiosque
766 2768 816 2807 12,
838 2768 959 2802 allées
979 2770 1026 2803 de
1046 2770 1235 2810 Meilhan;
1256 2772 1355 2805 kios¬

415 2815 492 2847 que
510 2807 561 2846 25,
583 2815 654 2840 rue
673 2810 859 2850 Noailles;
879 2811 1044 2850 kiosque
1065 2813 1094 2850 1,
1115 2820 1187 2847 rue
1207 2814 1355 2847 Canne-

415 2850 535 2885 bière.

333 2903 540 2936 Bordeaux
565 2904 574 2936 :
597 2903 763 2944 kiosque
787 2906 927 2944 Turbé,
953 2907 1064 2947 place
1088 2907 1136 2940 de
1158 2908 1199 2943 la
1221 2907 1352 2942 Comé¬

414 2946 488 2979 die.

333 2999 556 3039 Perpignan
582 3000 591 3031 :
614 3000 779 3041 kiosque
787 2986 935 3049 jjfjergé.

331 3054 527 3086 Toulouse
552 3062 560 3094 :
584 3054 824 3094 principaux
844 3055 1030 3095 kiosques

383 3213 712 3317 Abonné
717 3248 758 3315 s
805 3224 884 3316 et
931 3215 992 3315 L
993 3224 1302 3318 ecteurs

353 3388 363 3428 '
380 3388 439 3428 Ce
468 3388 659 3442 journal
692 3388 805 3428 n’est
864 3400 946 3440 pas
1010 3400 1096 3430 une
1130 3387 1346 3430 création.

319 3448 435 3488 Sous
460 3448 500 3489 le
527 3458 639 3488 nom
663 3447 718 3488 de
743 3446 1135 3501 RapidœAgence,
1167 3448 1198 3489 il
1220 3451 1350 3502 porte

319 3507 480 3563 depuis
504 3509 608 3563 plus
635 3507 687 3550 de
715 3507 816 3551 huit
842 3504 1080 3559 aiw^dans
1108 3511 1254 3551 toutes
1282 3509 1342 3551 les

320 3579 503 3623 régions
528 3567 590 3608 du
614 3567 727 3608 Midi
751 3568 871 3607 et'de
898 3569 940 3608 la
964 3568 1133 3608 France
1159 3567 1344 3618 entière,

317 3625 568 3669 l’heureuse
604 3625 927 3667 combinaison
991 3625 1114 3668 créée
1147 3639 1231 3679 par
1263 3639 1348 3669 son

319 3687 554 3728 Directeur
586 3688 626 3726 et
656 3686 922 3738 poursuivie
955 3698 1063 3728 avec
1098 3699 1160 3728 un
1191 3687 1345 3728 succès

315 3746 396 3798 gui
422 3756 476 3786 ne
499 3744 604 3784 s’est
626 3744 794 3798 jamais
820 3744 1038 3787 démenti.

374 3803 667 3859 Transformé
696 3807 738 3846 et
771 3806 977 3859 modifié,
1010 3819 1115 3848 sous
1148 3818 1235 3846 une
1267 3805 1344 3847 Di¬

314 3863 489 3904 rection
519 3864 746 3914 nouvelle,
780 3866 818 3907 le
878 3864 1000 3907 Trait
1028 3864 1228 3907 d’Union
1288 3878 1344 3906 va

318 3923 568 3965 déformais
598 3912 856 3966 s’occuiÆ^
862 3924 1187 3979 spécialement
1219 3926 1343 3966 d’an-

319 3972 490 4041 nSncap
520 3983 574 4024 de
607 3966 824 4049 mariuf&,
858 3985 955 4038 afin
986 3985 1038 4026 de
1071 3978 1248 4026 donrîer
1281 3999 1343 4027 un

315 4025 482 4084 noudel
507 4055 630 4085 essor
654 4044 680 4086 à
705 4055 818 4086 ccue
844 4056 999 4085 œuvre
1028 4043 1339 4095 intéressante,

314 4102 640 4154 humanitaire,
687 4103 1100 4156 philanthropique
1166 4107 1208 4144 et
1272 4119 1342 4146 so¬

311 4161 439 4204 ciale.

372 4222 431 4263 Ce
455 4224 567 4278 petit
591 4223 780 4276 journal
807 4235 876 4263 na
898 4236 978 4276 pas
1005 4223 1046 4264 la
1070 4223 1334 4278 prétention

313 4281 451 4324 d’être
507 4283 737 4324 littéraire.
765 4282 844 4323 Ses
871 4282 1074 4323 bureaux
1099 4296 1155 4324 ne
1178 4288 1332 4326 seront

310 4341 479 4394 jamais
504 4342 772 4383 encombrés
799 4341 852 4383 de
878 4342 1067 4384 curieux
1094 4343 1331 4386 indiscrets

314 4403 364 4443 ni
383 4402 436 4444 de
460 4414 571 4455 gens
595 4400 823 4454 d’affaires
844 4401 949 4454 plus
971 4414 1030 4443 ou
1070 4404 1221 4444 moins
1258 4404 1331 4445 vé¬

311 4474 436 4503 reux.

371 4522 466 4562 Une
502 4520 815 4572 organisation
848 4521 1040 4573 parfaite
1075 4526 1115 4563 et
1152 4536 1239 4564 une
1276 4527 1335 4564 te¬

308 4592 399 4621 nue
427 4578 764 4632 irréprochable
794 4592 807 4620 :
833 4579 955 4620 voilà
979 4593 1028 4622 sa
1054 4580 1218 4623 devise.

362 4638 579 4680 Abonnés
611 4640 652 4679 et
685 4638 875 4680 lecteurs
936 4643 1039 4680 sont
1071 4642 1246 4682 assurés
1280 4643 1332 4683 de

308 4700 491 4739 trouver
514 4710 571 4740 en
596 4698 662 4738 lui
688 4710 750 4739 un
775 4698 1010 4740 auxiliaire
1035 4703 1328 4754 scrupuleux,

307 4758 445 4800 d’une
482 4757 731 4800 discrétion
766 4758 967 4808 absolue,
1007 4763 1049 4800 et
1086 4760 1223 4802 d’une
1262 4761 1327 4802 in¬

304 4815 556 4860 discutable
587 4818 783 4872 loyauté.

358 4874 452 4926 Que
486 4887 599 4918 ceux
630 4878 710 4931 qui
772 4890 827 4920 ne
891 4890 1005 4921 nous
1037 4880 1328 4923 connaissent

295 4947 379 4988 pas
405 4936 627 4979 viennent
655 4936 681 4979 à
710 4951 826 4980 nous
853 4951 959 4980 sans
986 4939 1172 4983 crainte.
1204 4940 1327 4982 Nous

296 5006 454 5036 serons
484 4995 690 5038 heureux
720 4998 772 5038 de
835 4998 896 5039 les
956 4998 1082 5040 aider
1112 4999 1164 5040 de
1199 5002 1326 5041 notre

295 5064 520 5095 concours
582 5055 775 5098 indirect
802 5069 886 5109 par
915 5058 954 5099 le
980 5058 1171 5112 journal
1200 5062 1242 5100 et
1274 5060 1324 5102 de

296 5123 379 5154 nos
441 5112 635 5155 conseils
666 5116 936 5167 personnels
998 5116 1175 5171 chaque
1235 5119 1325 5171 fois

294 5170 430 5223 qu’ils
462 5171 694 5213 voudront
759 5172 864 5215 bien
928 5186 1043 5216 nous
1107 5177 1320 5219 accorder

296 5234 395 5272 leur
430 5232 670 5286 confiance
707 5236 749 5274 et
787 5246 902 5276 nous
939 5236 1192 5279 demander
1228 5251 1310 5280 nos

291 5291 402 5332 avis.

350 5350 444 5402 Que
507 5363 588 5392 nos
650 5354 842 5395 lecteurs
902 5356 1179 5398 deviennent
1240 5358 1316 5398 des

290 5410 422 5452 amis.
455 5410 551 5463 Que
576 5413 763 5464 partout
791 5416 832 5455 et
860 5412 887 5455 à
915 5416 1031 5466 tous,
1064 5415 1118 5459 ils
1143 5416 1316 5471 fassent

294 5471 548 5519 connaître,
587 5484 691 5514 sans
727 5474 898 5516 crainte
936 5478 976 5516 et
1012 5488 1118 5518 sans
1156 5477 1311 5526 honte,

291 5530 329 5571 le
356 5531 448 5571 bon
470 5530 874 5583 fonctionnement
899 5536 952 5576 de
979 5538 1107 5577 noire
1132 5539 1314 5591 organi¬

290 5590 440 5631 sation
477 5603 492 5638 ;
527 5590 663 5644 qu’ils
699 5606 816 5636 nous
848 5598 1098 5648 procurent
1135 5596 1174 5639 le
1207 5598 1313 5650 plus

290 5644 574 5692 d’adhésions
602 5649 823 5706 possibles,
856 5650 980 5695 voilà
1011 5658 1140 5697 notre
1180 5652 1312 5699 désir.

347 5710 379 5750 A
417 5711 516 5751 tous
548 5712 589 5751 et
622 5711 646 5752 à
679 5714 840 5763 toutes,
876 5725 991 5755 nous
1023 5715 1308 5767 souhaitons,

286 5781 345 5810 en
370 5771 538 5818 retour,
570 5770 721 5813 bonne
775 5772 948 5814 chance
1003 5776 1046 5815 et
1098 5780 1311 5831 prompte

287 5827 547 5870 réalisation
572 5830 624 5871 de
650 5831 770 5872 leurs
792 5834 896 5887 plus
922 5832 1078 5876 chères
1103 5836 1311 5889 espéran¬

286 5899 372 5930 ces.

831 5951 903 5994 LA
928 5951 1250 5997 DIRECTION.

334 6107 423 6205 La
458 6107 791 6207 Puissance
838 6110 909 6211 de
948 6111 1265 6213 l'Annonce

343 6314 400 6343 rLU
426 6307 667 6357 acceptant,
692 6315 744 6344 en
774 6307 951 6348 octobre
975 6311 1090 6359 1910,
1116 6311 1156 6351 la
1173 6312 1310 6354 direc¬

286 6364 374 6404 tion
394 6366 452 6406 du
472 6367 800 6407 Trait-d'Union
826 6379 927 6408 mon
959 6371 1173 6415 intention
1207 6376 1311 6415 était

283 6426 340 6467 de
387 6426 495 6468 faire
530 6430 587 6470 de
634 6430 956 6471 l’intéressante
1003 6435 1310 6478 combinaison

284 6488 483 6540 mariage
514 6502 598 6532 une
638 6504 788 6534 œuvre
827 6494 1024 6535 sérieuse
1067 6502 1108 6538 et
1143 6500 1250 6540 utile
1284 6503 1307 6540 à

282 6552 392 6591 tous.

338 6614 403 6652 En
415 6615 628 6666 quelques
642 6620 771 6670 mois,
790 6618 845 6662 de
864 6618 1158 6663 nombreuses
1175 6626 1310 6665 modi-

280 6675 481 6716 ticalions
500 6682 574 6717 ont
595 6679 662 6719 été
700 6683 909 6724 réalisées
947 6684 1060 6724 dans
1081 6684 1120 6724 le
1156 6683 1234 6727 but
1254 6688 1308 6728 de

286 6738 450 6779 rendre
474 6738 576 6790 plus
600 6743 833 6792 profitable
855 6746 1099 6799 l’originale
1134 6747 1230 6790 idée
1248 6749 1306 6790 du

278 6800 477 6851 mariage
499 6814 580 6853 par
600 6803 824 6854 publicité.

1495 2315 1632 2355 Notre
1655 2319 1788 2359 siècle
1816 2320 1854 2360 si
1882 2322 2036 2362 fécond
2066 2335 2116 2363 en
2142 2324 2395 2368 inventions
2431 2332 2479 2369 et

1446 2376 1736 2419 découvertes
1759 2380 1813 2421 de
1854 2386 1998 2423 toutes
2042 2389 2200 2435 sortes,
2251 2399 2278 2427 a
2323 2402 2379 2430 vu
2427 2403 2474 2431 se

1443 2440 1584 2488 créer,
1623 2452 1672 2481 se
1713 2443 1981 2495 développer
2018 2451 2061 2486 et
2098 2459 2147 2488 se
2187 2451 2475 2492 transformer

1443 2512 1528 2540 une
1547 2501 1648 2543 bien
1672 2506 1871 2546 modeste
1892 2512 2140 2551 nouveauté
2175 2525 2183 2551 :
2217 2512 2464 2555 l’annonce.

1494 2564 1526 2602 Il
1560 2576 1588 2616 y
1628 2578 1653 2606 a
1690 2568 1926 2618 cinquante
1962 2582 2055 2620 ans,
2100 2571 2327 2616 l’annonce
2367 2578 2472 2616 était

1441 2635 1555 2676 rare,
1590 2627 1795 2677 discrète,
1836 2631 2014 2673 limitée.
2055 2635 2349 2687 Aujourd’hui
2387 2639 2471 2679 elle

1440 2690 1634 2738 remplit,
1658 2692 1681 2729 à
1703 2690 1786 2730 elle
1807 2694 1944 2743 seule,
1970 2696 2082 2736 deux
2110 2709 2167 2738 ou
2197 2699 2305 2740 trois
2332 2711 2470 2751 pages

1439 2748 1518 2788 des
1531 2752 1698 2800 grands
1714 2755 1982 2807 quotidiens,
2002 2759 2083 2799 elle
2106 2759 2258 2811 frappe
2280 2763 2304 2802 à
2326 2766 2470 2803 toutes

1440 2810 1505 2851 les
1522 2815 1686 2863 portes,
1707 2815 1793 2855 elle
1814 2828 1863 2858 se
1880 2818 2019 2868 glisse
2036 2822 2148 2862 dans
2167 2826 2269 2863 tous
2293 2824 2359 2864 les
2383 2826 2462 2864 mi¬

1438 2874 1571 2925 lieux,
1604 2876 1688 2916 elle
1715 2878 1891 2920 devient
1920 2883 2248 2932 envahissante,
2279 2888 2467 2937 gênante

1439 2937 1619 2988 parfois;
1645 2940 1728 2979 elle
1746 2944 1886 2991 trône,
1906 2944 1990 2983 elle
2011 2946 2254 2998 triomphe;
2274 2960 2324 2989 sa
2345 2951 2464 3000 puis¬

1433 3010 1568 3040 sance
1589 3003 1657 3041 est
1674 3002 1888 3044 illimitée.

1485 3060 1707 3110 Pourquoi
1746 3063 1859 3103 donc
1892 3065 2113 3108 s’étonner
2144 3070 2275 3119 qu’on
2316 3071 2462 3111 utilise

1431 3123 1543 3161 cette
1569 3124 1712 3163 même
1735 3123 1946 3174 publicité
1967 3139 2078 3178 pour
2099 3131 2268 3172 arriver
2298 3146 2352 3174 au
2388 3135 2459 3174 ré¬

1430 3192 1567 3231 sultat
1586 3194 1734 3234 désiré
1754 3207 1835 3247 par
1854 3200 1955 3239 tous
1968 3211 2080 3242 ceux
2113 3203 2188 3254 qui
2231 3206 2384 3245 rêvent
2404 3206 2458 3246 de

1431 3251 1583 3295 fonder
1601 3267 1659 3295 un
1680 3254 1803 3309 foyer
1822 3259 1840 3299 ?

1483 3318 1667 3358 Peut-on
1699 3320 1927 3373 employer
1963 3335 2122 3378 moyen
2163 3327 2264 3378 plus
2303 3332 2379 3370 sûr
2418 3334 2459 3370 et

1430 3379 1574 3419 moins
1594 3380 1849 3431 dangereux
1869 3394 1982 3437 pour
2002 3398 2182 3440 essayer
2204 3388 2259 3430 de
2280 3402 2459 3444 rappro¬

1427 3439 1531 3479 cher
1564 3442 1676 3482 deux
1707 3444 1932 3487 destinées
1951 3450 1971 3487 ?
1999 3450 2322 3492 Certainement
2351 3466 2452 3495 non.

1426 3502 1479 3543 Et
1500 3502 1604 3545 c’est
1626 3516 1739 3558 pour
1760 3510 1871 3548 cette
1894 3510 2040 3551 raison
2063 3524 2148 3563 que
2175 3514 2383 3557 s’affirme
2402 3518 2455 3556 de

1423 3566 1523 3614 jour
1542 3577 1596 3606 en
1616 3569 1715 3618 jour
1736 3570 1776 3608 le
1794 3573 1951 3612 succès
1968 3572 2023 3614 de
2050 3574 2228 3616 l’œuvre
2264 3589 2350 3629 que
2382 3578 2455 3631 j’ai

1424 3638 1670 3688 entreprise
1691 3642 1734 3678 et
1753 3651 1839 3691 que
1858 3643 1899 3692 je
1921 3655 1976 3683 ne
1995 3646 2145 3686 crains
2170 3659 2248 3699 pas
2269 3647 2323 3688 de
2344 3660 2452 3691 con¬

1424 3697 1594 3739 sidérer
1615 3711 1787 3742 comme
1810 3703 2107 3748 humanitaire
2128 3712 2170 3748 et
2190 3710 2370 3751 sociale.

1479 3759 1614 3802 Reste
1636 3763 1911 3806 maintenant
1930 3769 1955 3807 à
1975 3768 2170 3811 détruire
2210 3772 2248 3812 le
2268 3774 2451 3824 préjugé

1422 3823 1497 3871 qui
1518 3822 1652 3866 flétrit
1673 3830 1766 3866 tout
1783 3838 1833 3868 ce
1848 3829 1923 3879 qui
1939 3831 2099 3872 touche
2115 3844 2201 3872 aux
2222 3836 2452 3886 questions

1422 3884 1786 3928 matrimoniales.
1812 3890 1908 3932 Oui.
1934 3892 1963 3931 il
1986 3898 2051 3933 est
2074 3894 2152 3935 des
2186 3906 2376 3946 agences
2410 3902 2451 3938 et

1421 3944 1500 3987 des
1522 3951 1856 3992 entremetteurs
1877 3951 1983 3994 dont
2004 3955 2031 3994 il
2063 3956 2154 3996 faut
2190 3970 2238 4000 se
2276 3960 2446 4011 méfier;

1420 4010 1535 4050 mais
1556 4023 1611 4051 un
1641 4013 1831 4055 honnête
1867 4018 1909 4055 et
1943 4016 1983 4055 in
1989 4019 2160 4058 offensif
2196 4022 2371 4071 journal
2394 4035 2448 4063 ne

1419 4074 1586 4114 saurait
1608 4074 1799 4127 inspirer
1831 4076 1886 4118 de
1922 4078 2119 4121 défiance
2163 4082 2187 4120 à
2228 4094 2446 4134 personne

1418 4132 1598 4187 lorsque
1619 4148 1669 4178 sa
1688 4139 1903 4180 direction
1926 4144 1992 4182 est
2010 4154 2231 4184 reconnue
2246 4146 2445 4187 sérieuse

1417 4195 1460 4232 et
1480 4194 1828 4246 irréprochable.

1470 4255 1606 4296 D’une
1631 4258 1756 4306 façon
1783 4263 1988 4310 générale
2010 4275 2119 4304 ceux
2140 4267 2215 4318 qui
2250 4268 2444 4319 aspirent

1415 4327 1470 4356 au
1493 4319 1691 4370 mariage
1711 4328 1943 4374 acceptent
1978 4330 2019 4366 et
2052 4327 2290 4370 sollicitent
2318 4331 2443 4370 l’avis

1414 4378 1518 4419 d’un
1555 4382 1661 4433 ami,
1703 4382 2027 4428 l’intervention
2076 4389 2135 4430 du
2177 4391 2360 4439 notaire,
2405 4394 2444 4432 le

1412 4445 1579 4484 conseil
1604 4444 1663 4484 du
1685 4448 1844 4498 prêtre,
1871 4451 1952 4489 etc.
1984 4450 2099 4491 C’est
2126 4463 2211 4504 que
2251 4454 2344 4494 rien
2368 4454 2436 4494 ici-

1411 4504 1492 4546 bas
1512 4517 1565 4547 ne
1586 4512 1690 4558 peut
1710 4519 1756 4549 se
1778 4510 1961 4551 réaliser
1999 4523 2105 4554 sans
2151 4516 2191 4555 le
2227 4528 2442 4558 concours

1404 4558 1515 4599 ■d’un
1535 4560 1635 4601 aide
1657 4564 1918 4614 compétent.

1466 4622 1511 4662 Si
1533 4634 1643 4664 vous
1674 4636 1779 4666 avez
1819 4625 1858 4667 le
1896 4626 2098 4668 bonheur
2131 4630 2186 4670 de
2227 4634 2440 4682 posséder

1411 4684 1526 4723 amis
1553 4690 1596 4726 et
1630 4687 1857 4739 relations,
1890 4691 1928 4729 si
1960 4694 2083 4731 votre
2111 4692 2263 4732 milieu
2299 4696 2439 4735 social

1412 4756 1523 4786 vous
1543 4752 1714 4798 permet
1733 4751 1788 4791 de
1811 4755 1988 4792 trouver
2009 4758 2168 4794 autour
2189 4754 2243 4794 de
2265 4767 2375 4796 vous
2395 4756 2436 4796 la

1410 4818 1627 4856 personne
1662 4812 1736 4862 qui
1786 4814 1876 4852 doit
1924 4821 2132 4867 partager
2179 4822 2302 4858 votre
2348 4820 2432 4868 vie,

1407 4869 1699 4919 gardez-vous
1722 4873 1924 4924 d’égarer
1947 4878 2128 4919 ailleurs
2148 4891 2228 4922 vos
2255 4882 2434 4923 recher¬

1406 4932 1526 4975 ches.

1459 4996 1571 5036 Mais
1624 4998 1663 5037 si
1703 5010 1815 5051 pour
1855 5000 2075 5042 d’infinies
2110 5004 2285 5045 raisons
2326 5016 2435 5047 vous

1403 5058 1495 5099 êtes
1528 5060 1850 5112 embarrassés,
1883 5063 2019 5105 isolés
2054 5065 2166 5107 dans
2202 5068 2243 5107 la
2280 5068 2363 5117 vie,
2395 5068 2431 5107 si

1402 5123 1526 5159 votre
1563 5126 1807 5172 entourage
1842 5136 1896 5165 ne
1929 5138 2040 5167 vous
2073 5128 2242 5179 inspire
2271 5131 2432 5180 qu’une

1404 5183 1624 5224 médiocre
1646 5188 1886 5234 confiance,
1911 5199 2091 5240 essayez
2110 5190 2163 5231 de
2186 5191 2427 5234 l’annonce.

1400 5243 1496 5285 Elle
1519 5258 1628 5286 vous
1650 5253 1822 5299 promet
1851 5252 2019 5292 entière
2047 5255 2088 5291 et
2120 5254 2307 5295 absolue
2343 5255 2430 5295 dis¬

1400 5308 1582 5358 crétion,
1619 5315 1661 5350 et
1699 5312 1784 5354 elle
1820 5325 1931 5354 vous
1970 5314 2118 5355 donne
2157 5315 2336 5367 l’espoir
2374 5318 2430 5356 de

1399 5372 1579 5410 trouver
1596 5383 1644 5412 ce
1679 5384 1764 5423 que
1804 5386 1916 5415 nous
1938 5376 2186 5417 cherchons
2219 5382 2319 5418 tous
2356 5379 2428 5420 ici-

1398 5431 1479 5471 bas
1503 5446 1511 5470 :
1542 5434 1582 5472 te
1611 5434 1812 5475 bonheur
1846 5438 1958 5476 dans
1990 5439 2153 5479 l’union
2187 5439 2358 5480 désirée
2388 5446 2428 5482 et

1397 5495 1542 5540 rêvée.
2054 5503 2166 5544 Jean
2189 5502 2353 5543 BACH.

1463 5655 1692 5735 SERVICE
1747 5660 1816 5736 DE
1863 5662 2354 5742 RENSEIGNEMENTS

1454 5776 1596 5819 Toute
1625 5790 1849 5831 personne
1879 5784 2019 5834 ayant
2047 5783 2202 5824 besoin
2234 5785 2419 5827 d’infor¬

1399 5835 1595 5878 mations
1619 5839 1760 5888 sûres,
1786 5851 1844 5882 au
1866 5841 1995 5892 point
2015 5842 2070 5883 de
2090 5854 2178 5885 vue
2199 5843 2418 5886 financier

1394 5897 1684 5938 commercial
1711 5910 1768 5940 ou
1794 5899 1938 5952 privé,
1967 5903 2240 5944 concernant
2294 5904 2419 5945 affai¬

1392 5964 1477 6003 res,
1507 5956 1735 6008 mariages
1759 5970 1818 5999 ou
1847 5962 2012 6010 autres,
2044 5972 2227 6003 recevra
2253 5962 2316 6003 du
2343 5964 2416 6004 Di¬

1393 6015 1568 6056 recteur
1594 6015 1658 6056 les
1686 6018 2072 6071 renseignements
2100 6022 2164 6063 les
2189 6021 2295 6075 plus
2319 6024 2416 6075 pré¬

1391 6074 1469 6124 cis,
1498 6074 1524 6114 à
1548 6075 1626 6116 des
1650 6076 1754 6127 prix
1780 6079 1868 6119 très
1894 6080 2114 6122 modérés.
2146 6082 2227 6123 Ces
2252 6084 2416 6124 rensei¬

1391 6135 1631 6184 gnements
1651 6147 1698 6178 se
1719 6136 1874 6188 paient
1894 6138 2124 6182 d’avance.

1468 6299 1785 6448 donjbina
1790 6322 1945 6437 igon
2004 6325 2067 6423 M
2072 6326 2349 6455 ariage^

1592 6522 1893 6587 NOTRE
1984 6526 2217 6589 ROLE

1447 6634 1504 6676 Le
1531 6652 1551 6675 «
1576 6636 1699 6680 Trait
1722 6639 1923 6684 d’Union
1948 6659 1968 6682 »
1996 6650 2175 6698 accepte
2199 6651 2324 6687 toute
2347 6659 2411 6688 es¬

1386 6694 1493 6747 pèce
1521 6695 1576 6738 de
1603 6697 1844 6752 publicité;
1872 6703 1988 6744 mais
2016 6704 2048 6744 il
2076 6704 2284 6759 s’occupe
2313 6707 2410 6759 spé¬

1387 6755 1628 6800 cialement
1658 6758 1936 6804 d’annonces
1967 6762 2020 6804 de
2050 6763 2291 6821 mariages.

1445 6814 1502 6856 Le
1525 6814 1610 6859 but
1635 6819 1806 6872 unique
1831 6820 1884 6863 de
1910 6821 1948 6863 la
1977 6822 2208 6866 Direction
2235 6835 2300 6868 est
2354 6825 2407 6867 de

2558 2331 2774 2376 favoriser
2801 2336 2864 2379 les
2892 2340 3063 2382 unions
3089 2341 3256 2396 légales
3283 2347 3327 2385 et
3354 2343 3580 2388 chrétien¬

2555 2404 2634 2434 nes
2663 2406 2744 2446 par
2774 2408 2838 2435 un
2867 2399 3062 2450 procédé
3090 2400 3256 2444 discret
3284 2407 3328 2444 et
3356 2403 3575 2455 honnête,

2554 2452 2912 2497 contrairement
2931 2456 2956 2497 à
2978 2459 3174 2500 certains
3194 2462 3431 2514 journaux
3450 2465 3578 2506 simi¬

2552 2507 2683 2551 laires
2708 2512 2787 2566 qui
2811 2519 2915 2555 sont
2939 2514 3016 2556 des
3040 2530 3232 2571 agences
3256 2522 3575 2565 matrimonia¬

2551 2567 2614 2609 les
2634 2568 2885 2624 déguisées.

2610 2627 2666 2670 Le
2695 2630 2932 2674 Directeur
2958 2636 3099 2686 reçoit
3124 2635 3167 2678 le
3194 2640 3398 2682 courrier
3423 2642 3480 2683 de
3506 2656 3575 2684 ses

2548 2687 2768 2740 abonnés,
2796 2693 2910 2736 seul,
2939 2693 2971 2734 il
2997 2694 3036 2736 le
3062 2699 3302 2747 transmet,
3330 2704 3372 2741 et
3397 2702 3511 2752 seul,
3540 2703 3573 2743 il

2547 2747 2724 2800 répond
2747 2762 2835 2790 aux
2858 2751 3010 2796 lettres
3035 2755 3115 2807 qui
3138 2755 3204 2796 lui
3227 2763 3331 2799 sont
3384 2772 3572 2813 person¬

2550 2806 2798 2850 nellement
2818 2808 3060 2855 adressées.

2606 2866 2690 2907 Par
2716 2879 2807 2910 une
2831 2870 3154 2915 combinaison
3208 2874 3391 2919 d’offres
3418 2883 3460 2919 et
3515 2880 3570 2920 de

2546 2923 2792 2970 demandes
2822 2934 2867 2970 et
2895 2943 2976 2983 par
3006 2931 3048 2973 la
3079 2935 3472 2988 correspondance
3502 2939 3570 2980 di¬

2544 2988 2661 3026 recte
2688 2991 2815 3028 entre
2840 2987 2903 3032 les
2930 2990 3151 3044 abonnés,
3179 2992 3243 3036 les
3268 2996 3495 3051 mariages
3519 3012 3567 3039 se

2542 3042 2644 3085 font
2663 3058 2767 3087 sans
2787 3048 3168 3094 intermédiaires.

2616 3099 2737 3144 Nous
2772 3118 2831 3146 ne
2866 3108 3076 3151 saurions
3111 3123 3231 3154 assez
3265 3114 3441 3170 répéter
3476 3130 3564 3172 que

2542 3174 2658 3204 nous
2682 3162 2872 3207 n’avons
2895 3167 2995 3210 rien
3019 3168 3072 3211 de
3096 3183 3320 3215 commun
3344 3187 3452 3216 avec
3475 3190 3566 3219 une

2542 3234 2711 3276 agence
2746 3226 3104 3271 matrimoniale.
3143 3230 3244 3273 Non
3308 3234 3564 3279 seulement

2544 3294 2660 3323 nous
2691 3296 2749 3327 ne
2777 3284 2950 3330 faisons
2983 3302 3060 3342 pas
3091 3290 3146 3332 de
3175 3292 3418 3347 mariages,
3451 3298 3568 3338 mais

2542 3351 2704 3383 encore
2736 3355 2852 3386 nous
2886 3359 2942 3388 ne
2972 3347 3230 3392 réclamons
3263 3364 3442 3395 aucune
3503 3368 3567 3396 es¬

2540 3400 2648 3454 pèce
2676 3400 2731 3443 de
2759 3406 3060 3448 commission
3090 3412 3132 3451 et
3161 3415 3291 3452 notre
3319 3411 3414 3456 rôle
3443 3413 3567 3457 d’au¬

2539 3459 2716 3502 xiliaire
2743 3462 2910 3505 discret
2936 3477 3057 3507 cesse
3114 3479 3172 3508 au
3228 3478 3440 3514 moment
3467 3480 3568 3529 pré¬

2539 3517 2603 3559 cis
2638 3520 2697 3561 où
2732 3520 2794 3563 les
2828 3523 3067 3568 intéressés
3103 3527 3234 3571 n’ont
3267 3529 3370 3583 plus
3404 3532 3564 3575 besoin

2538 3575 2592 3619 de
2618 3591 2699 3620 nos
2724 3582 2931 3623 services.

2598 3636 2732 3680 Notre
2768 3643 2964 3695 système
3000 3644 3075 3686 n’a
3109 3648 3208 3688 rien
3246 3648 3301 3690 de
3335 3663 3560 3694 commun

2539 3710 2631 3738 non
2662 3698 2764 3752 plus
2795 3714 2902 3743 avec
2930 3702 2992 3744 les
3023 3718 3255 3749 annonces
3286 3708 3361 3750 des
3392 3711 3562 3763 grands

2534 3756 2769 3808 journaux
2796 3762 3034 3814 parisiens.
3067 3764 3182 3807 Leur
3210 3767 3426 3811 méthode
3453 3782 3562 3812 con¬

2535 3815 2640 3858 siste
2665 3819 2690 3859 à
2717 3818 2888 3862 insérer
2916 3820 2992 3863 des
3020 3822 3269 3868 demandes
3326 3832 3370 3870 et
3423 3828 3560 3872 offres

2534 3875 2588 3916 de
2624 3878 2866 3932 mariages,
2907 3882 3251 3934 généralement
3286 3900 3555 3943 anonymes,

2532 3939 2576 3976 et
2603 3942 2788 3990 portant
2816 3939 3104 3984 l’indication
3139 3958 3149 3986 :
3182 3962 3203 3984 «
3232 3952 3360 4000 poste
3388 3954 3559 3991 restan¬

2530 3998 2574 4036 te
2599 4011 2639 4037 ».

2590 4054 2714 4098 Cette
2746 4057 2991 4103 discrétion
3023 4063 3111 4106 très
3144 4064 3350 4120 légitime
3379 4074 3423 4111 et
3454 4082 3556 4111 sans

2530 4113 2727 4170 dangers
2759 4124 2888 4162 entre
2921 4119 3147 4167 honnêtes
3181 4139 3310 4179 gens,
3348 4130 3557 4182 présente

2528 4180 2570 4223 le
2596 4182 2700 4236 plus
2758 4195 2952 4228 souvent
3008 4188 3064 4231 de
3120 4204 3281 4244 graves
3340 4195 3556 4236 inconvé¬

2530 4242 2695 4285 nients.
2746 4243 2818 4286 Un
2846 4250 3207 4303 correspondant
3232 4252 3312 4306 qui
3340 4252 3555 4296 dissimu¬

2527 4301 2568 4343 le
2595 4315 2680 4344 son
2707 4303 2899 4348 identité
2927 4320 2986 4351 ne
3012 4314 3123 4363 peut
3148 4310 3280 4352 offrir
3307 4312 3363 4354 de
3391 4326 3553 4367 garan¬

2527 4361 2608 4403 ties
2636 4363 2868 4408 sérieuses.
2899 4366 3015 4410 Neuf
3041 4368 3129 4411 fois
3156 4384 3234 4412 sur
3260 4371 3352 4423 dix,
3385 4372 3448 4415 les
3474 4375 3553 4416 let¬

2524 4424 2614 4463 tres
2669 4422 2894 4472 adressées
2947 4428 2971 4468 à
3027 4442 3098 4470 ces
3152 4443 3370 4475 coureurs
3395 4432 3450 4476 de
3475 4434 3554 4476 dot

2523 4486 2694 4524 restent
2715 4495 2821 4526 sans
2845 4486 3052 4541 réponse.
3082 4488 3141 4534 Le
3164 4490 3263 4532 naïf
3286 4504 3551 4548 correspon¬

2526 4541 2636 4584 dant
2664 4542 2904 4598 s’aperçoit
2933 4546 3046 4602 qu’il
3076 4562 3100 4590 a
3131 4550 3199 4591 été
3228 4549 3552 4596 l’amusement

2523 4600 2634 4643 d’un
2660 4602 2850 4647 fumiste
2875 4619 2936 4649 ou
2962 4606 3074 4649 d’un
3099 4607 3295 4652 farceur.

2580 4660 2772 4704 Pareille
2805 4666 3126 4711 mésaventure
3159 4668 3276 4712 n’est
3309 4686 3388 4726 pas
3423 4674 3448 4714 à
3482 4687 3550 4716 re¬

2522 4719 2698 4771 douter,
2729 4723 2863 4777 grâce
2888 4726 2914 4767 à
2942 4726 3199 4771 l’heureuse
3227 4731 3548 4776 combinaison

2521 4779 2582 4823 du
2610 4780 2730 4824 Trait
2756 4784 2972 4827 d’Union.
3003 4786 3143 4831 Grâce
3168 4790 3193 4830 à
3219 4789 3300 4840 lui,
3330 4791 3479 4834 riches
3503 4799 3548 4835 et

2519 4854 2712 4895 pauvres
2771 4843 2902 4887 n’ont
2927 4846 3032 4900 plus
3061 4847 3220 4891 besoin
3248 4850 3304 4892 de
3330 4850 3547 4895 relations

2519 4902 2830 4954 personnelles
2866 4916 2983 4958 pour
3017 4904 3162 4948 s’unir
3198 4907 3471 4964 dignement
3504 4916 3548 4955 et

2518 4959 2645 5002 selon
2677 4960 2777 5003 leur
2809 4963 2943 5006 désir.
3008 4963 3391 5019 Journellement,
3428 4986 3546 5015 nous

2520 5031 2736 5062 recevons
2774 5020 2850 5065 des
2886 5022 3038 5067 lettres
3075 5024 3130 5068 de
3166 5030 3540 5073 remerciements

2518 5083 2560 5120 et
2594 5080 2648 5121 de
2682 5080 2976 5126 félicitations
3013 5098 3130 5139 pour
3163 5087 3206 5128 la
3240 5090 3444 5132 manière
3479 5091 3544 5132 sé¬

2515 5139 2663 5183 rieuse
2686 5139 2800 5184 dont
2821 5143 2956 5198 opère
2978 5144 3021 5185 la
3043 5145 3294 5188 Direction.

2576 5199 2642 5240 En
2671 5214 2720 5243 ce
2750 5202 2829 5255 qui
2858 5216 3083 5247 concerne
3111 5204 3154 5247 la
3183 5208 3544 5263 correspondan¬

2516 5271 2580 5308 ce,
2614 5271 2730 5302 nous
2760 5274 2876 5303 nous
2906 5262 3078 5304 faisons
3108 5279 3199 5307 une
3228 5267 3290 5307 loi
3320 5268 3375 5309 de
3403 5273 3543 5312 rester

2516 5322 2699 5362 neutres
2732 5326 2776 5363 et
2811 5320 3044 5376 d’ignorer
3078 5336 3127 5367 ce
3163 5323 3444 5379 qu’écrivent
3478 5328 3541 5372 les

2515 5378 2768 5422 intéressés.

2571 5436 2626 5479 Le
2650 5444 2791 5482 secret
2815 5439 2891 5483 des
2918 5440 3068 5487 lettres
3092 5448 3158 5487 est
3182 5446 3318 5490 chose
3343 5447 3492 5491 sacrée
3531 5449 3539 5491 !

3052 5515 3124 5557 LA
3151 5515 3475 5560 DIRECTION.

2595 5679 3442 5772 CONDITIONS

2678 5815 2735 5854 11
2759 5815 2923 5855 francs
2943 5830 3067 5868 pour
3088 5819 3208 5860 trois
3231 5823 3354 5861 mois

2507 5906 2718 5945 Donnant
2734 5906 2850 5947 droit
2868 5906 2895 5947 à
2915 5918 3003 5951 une
3023 5920 3242 5960 annonce,
3264 5922 3322 5952 au
3342 5912 3524 5960 journal

2559 5982 2665 6015 sous
2683 5976 2946 6027 enveloppe,
2970 5980 3011 6018 et
3031 5988 3088 6019 au
3108 5979 3279 6019 service
3299 5982 3353 6023 de
3374 5980 3416 6022 la
3435 5991 3526 6021 cor*

2558 6034 2881 6082 respondance.

2498 6091 2831 6132 Abonnement
2858 6094 2916 6146 au
2943 6095 3140 6146 journal
3166 6096 3280 6144 seul,
3315 6108 3427 6138 sous
3455 6110 3534 6138 en¬

2551 6143 2761 6195 veloppe.

2506 6206 2572 6246 Un
2592 6215 2648 6246 an
2668 6208 2692 6247 6
2708 6208 2876 6258 francs,
2898 6211 2966 6251 six
2987 6211 3103 6251 mois
3122 6214 3146 6252 3
3162 6214 3330 6253 francs.

2559 6391 3472 6502 FONCTIONNEMENT

2556 6652 2696 6696 Toute
2729 6667 2955 6709 personne
2988 6663 3067 6715 qui
3100 6659 3246 6703 désire
3278 6660 3522 6703 s’abonner

2495 6711 2520 6752 à
2543 6711 2584 6755 la
2609 6715 2931 6759 combinaison
2953 6722 3180 6776 mariages
3203 6720 3300 6764 doit
3322 6735 3522 6778 envoyer

2496 6786 2552 6813 au
2585 6772 2836 6827 Directeur,
2868 6788 2954 6819 son
2984 6791 3212 6832 annonce,
3244 6795 3329 6824 son
3391 6795 3517 6832 nom,

2495 6844 2574 6873 son
2599 6833 2775 6878 adresse
2824 6838 3060 6889 véritable,
3084 6846 3126 6883 et
3148 6840 3187 6882 le
3209 6842 3310 6895 prix
3331 6842 3386 6885 de
3436 6855 3518 6884 son

3656 2350 3987 2406 abonnement,
4011 2358 4100 2399 soit
4121 2371 4232 2400 onze
4253 2362 4410 2415 francs
4428 2377 4550 2418 pour
4572 2368 4682 2410 trois

3656 2411 3772 2451 mois
3798 2424 3855 2452 en
3882 2416 4086 2466 mandat,
4115 2418 4207 2459 bon
4231 2419 4284 2462 de
4307 2426 4436 2475 poste
4460 2429 4520 2467 ou
4578 2426 4682 2467 tim¬

3655 2468 3770 2510 bres.

3714 2527 3770 2570 Le
3795 2528 4046 2583 Directeur,
4075 2536 4171 2577 seul
4195 2540 4369 2594 occupé
4391 2553 4450 2583 au
4474 2542 4680 2598 dépouil¬

3652 2585 3824 2630 lement
3850 2588 3912 2631 du
3939 2594 4142 2635 courrier
4167 2600 4247 2648 est,
4278 2598 4538 2653 également
4563 2604 4675 2655 seul,

3650 2648 3675 2686 à
3707 2647 3944 2691 connaître
4006 2650 4217 2696 l’adresse
4278 2658 4496 2703 véritable
4528 2662 4583 2704 de
4615 2678 4683 2706 ses

3651 2703 3870 2748 abonnés.
3907 2707 4033 2752 Cette
4098 2712 4276 2757 adresse
4307 2723 4374 2759 est
4408 2722 4679 2776 remplacée,

3650 2762 3762 2806 dans
3792 2765 3834 2807 le
3862 2766 4066 2820 journal,
4100 2786 4183 2827 par
4242 2787 4306 2816 un
4338 2780 4535 2823 numéro
4564 2781 4682 2824 d’or¬

3647 2822 3741 2874 dre,
3780 2824 4124 2882 indispensable
4186 2847 4304 2887 pour
4337 2835 4380 2877 la
4412 2850 4679 2895 correspon¬

3646 2880 3803 2924 dance.

3707 2949 3767 2991 Ce
3821 2954 4018 2996 numéro
4071 2963 4138 2999 est
4191 2965 4527 3020 communiqué
4550 2968 4575 3008 à
4600 2968 4678 3011 l’a¬

3647 3006 3803 3052 bonné
3826 3024 3883 3052 en
3907 3014 4060 3056 même
4083 3022 4233 3072 temps
4259 3022 4400 3075 qu’on
4426 3025 4492 3068 lui
4516 3040 4675 3071 accuse

3644 3066 3879 3123 réception
3904 3072 3966 3115 du
3992 3075 4196 3119 mandat.

3700 3132 3966 3190 Supposons
4023 3142 4195 3196 qu’une
4222 3146 4276 3189 de
4304 3162 4388 3191 nos
4446 3152 4675 3198 abonnées

3643 3194 3811 3236 veuille
3836 3196 3979 3240 écrire
4003 3200 4028 3242 à
4056 3201 4114 3243 M.
4146 3202 4255 3255 X...,
4288 3207 4403 3250 dont
4428 3210 4672 3256 l’annonce

3643 3256 3771 3303 porte
3799 3254 3840 3296 le
3868 3259 3919 3296 n°
3951 3258 3991 3299 6.
4025 3259 4120 3303 Elle
4148 3263 4310 3307 inscrit
4337 3267 4620 3316 lisiblement
4647 3275 4671 3315 à

3642 3310 3683 3351 la
3715 3311 3875 3364 plume
3907 3330 3966 3358 ou
3999 3331 4058 3361 au
4090 3334 4259 3376 crayon
4292 3339 4376 3367 son
4410 3340 4521 3371 nom
4554 3336 4598 3372 et
4630 3332 4670 3374 le

3641 3372 3693 3410 n°
3722 3371 3747 3412 6
3774 3372 3887 3415 dans
3913 3375 4168 3421 l’intérieur
4192 3381 4248 3423 de
4271 3383 4315 3423 la
4340 3387 4567 3439 première
4591 3403 4668 3432 en¬

3640 3430 3848 3487 veloppe,
3884 3434 3995 3476 celle
4027 3438 4107 3492 qui
4140 3445 4268 3494 porte
4300 3442 4341 3484 le
4373 3457 4484 3487 nom
4517 3452 4560 3490 et
4592 3448 4667 3491 l’a¬

3640 3487 3790 3533 dresse
3824 3492 3887 3536 du
3922 3494 4159 3541 Directeur
4193 3500 4255 3544 du
4290 3503 4411 3547 Trait
4447 3507 4664 3552 d’Union.

3640 3548 3763 3591 Dans
3790 3558 3904 3594 cette
3928 3556 4182 3612 enveloppe
4207 3561 4292 3602 elle
4316 3564 4444 3616 placé
4470 3567 4512 3606 la
4538 3568 4668 3611 lettre

3639 3608 3847 3651 cachetée
3883 3612 3962 3664 qui
3999 3614 4095 3656 doit
4128 3617 4222 3659 être
4256 3622 4420 3664 remise
4456 3638 4514 3667 au
4550 3630 4603 3667 n°
4642 3628 4666 3670 6

3636 3678 3720 3718 par
3752 3667 4031 3714 l’entremise
4064 3675 4127 3716 du
4162 3676 4414 3722 Directeur.
4452 3683 4523 3726 Au
4556 3698 4664 3738 reçu

3636 3726 3692 3767 de
3726 3732 3839 3769 cette
3874 3728 4018 3780 lettre,
4057 3732 4097 3775 le
4132 3733 4370 3780 Directeur
4403 3739 4587 3785 déchire
4621 3746 4664 3787 la

3635 3787 3860 3838 première
3895 3791 4163 3847 enveloppe,
4202 3795 4226 3835 à
4262 3810 4346 3839 son
4382 3811 4510 3850 nom,
4550 3803 4663 3846 dans

3635 3846 3890 3889 l'intérieur
3914 3849 3971 3892 de
3998 3850 4195 3906 laquelle
4222 3868 4268 3898 se
4294 3861 4456 3901 trouve
4482 3862 4595 3903 écrit
4622 3864 4662 3904 le

3636 3918 3746 3947 nom
3772 3906 3827 3948 de
3852 3907 4092 3955 l’abonnée
4116 3919 4160 3955 et
4184 3914 4224 3955 le
4248 3918 4444 3961 numéro
4471 3934 4578 3964 avec
4602 3922 4660 3964 le¬

3634 3964 3738 4018 quel
3764 3966 3848 4008 elle
3874 3975 3982 4012 veut
4004 3975 4348 4028 correspondre.

3691 4031 3779 4075 Sur
3804 4035 3847 4075 la
3875 4035 4006 4079 lettre
4031 4039 4243 4084 cachetée
4270 4044 4325 4086 de
4352 4044 4659 4102 l’expéditrice

3631 4090 3663 4131 il
3688 4092 3799 4135 écrit
3823 4094 4033 4139 l’adresse
4057 4099 4276 4144 véritable
4300 4103 4361 4146 du
4388 4110 4440 4147 n°
4468 4108 4491 4148 6
4516 4115 4560 4151 et
4583 4123 4659 4152 en¬

3630 4151 3730 4192 voie
3756 4158 3871 4196 cette
3896 4154 4026 4198 lettre
4052 4171 4156 4201 sans
4183 4160 4374 4203 l’ouvrir
4399 4165 4420 4207 à
4451 4180 4535 4208 son
4562 4168 4658 4211 des¬

3628 4210 3854 4262 tinataire,
3884 4212 3943 4254 M.
3974 4214 4063 4258 X...

3684 4276 3750 4319 De
3784 4283 3899 4322 celte
3932 4279 4084 4332 façon,
4123 4283 4163 4326 le
4198 4285 4431 4332 Directeur
4469 4296 4658 4337 connaît

3624 4336 3722 4379 seul
3756 4337 3967 4383 l’adresse
4003 4341 4080 4384 des
4116 4342 4235 4387 deux
4271 4352 4655 4404 correspondants

3624 4396 3704 4450 qui
3727 4404 3929 4451 peuvent
3951 4403 4196 4446 continuer
4218 4405 4241 4447 à
4267 4420 4287 4448 s
4301 4408 4417 4450 ecrir
4434 4440 4443 4450 ,
4465 4423 4548 4464 par
4571 4426 4655 4455 son

3626 4459 3887 4501 entremise.
3958 4460 4158 4516 Lorsque
4193 4464 4256 4507 les
4291 4465 4410 4508 deux
4447 4470 4652 4515 abonnés

3623 4520 3838 4560 trouvent
3870 4520 3931 4562 les
3965 4523 4360 4579 renseignements
4392 4530 4595 4573 mutuels
4629 4534 4652 4574 à

3622 4575 3722 4618 leur
3750 4591 4059 4632 convenance,
4095 4582 4151 4624 ils
4181 4591 4382 4638 peuvent
4412 4591 4566 4631 entrer
4595 4603 4652 4633 en

3620 4635 3836 4680 relations
3896 4639 4086 4683 directes
4146 4647 4190 4684 et
4220 4644 4390 4687 arriver
4451 4660 4508 4691 au
4569 4650 4654 4694 but

3619 4698 3859 4748 poursuivi
3886 4698 3940 4740 de
3966 4698 4066 4740 leur
4091 4702 4253 4744 union.

3679 4755 3740 4806 Si,
3779 4770 3838 4798 au
3873 4759 4115 4810 contraire,
4154 4760 4217 4803 les
4253 4766 4651 4822 renseignements

3619 4814 3846 4870 échangés
3875 4831 3931 4859 ne
3959 4818 4022 4860 les
4079 4821 4292 4865 satisfont
4349 4839 4443 4880 pas,
4475 4827 4531 4870 ils
4559 4842 4650 4872 ces¬

3618 4879 3720 4916 sent
3775 4875 3830 4918 de
3859 4879 4189 4932 correspondre
4248 4887 4293 4924 et
4352 4898 4535 4930 comme
4594 4888 4650 4931 ils

3617 4934 3835 4987 ignorent
3888 4936 3986 4980 l’un
4042 4944 4085 4982 et
4139 4940 4315 4992 l’autre,
4345 4944 4444 4987 leur
4468 4959 4581 4988 nom
4605 4956 4650 4990 et

3618 4994 3810 5046 adresse,
3846 5009 3999 5040 aucun
4032 4998 4166 5043 d’eux
4199 5000 4314 5043 n’est
4344 5005 4643 5058 compromis.

3675 5053 3711 5095 Il
3736 5060 3804 5096 est
3827 5055 3936 5098 bien
3962 5059 4167 5102 entendu
4222 5073 4311 5114 que
4367 5074 4484 5104 nous
4511 5063 4647 5107 décli¬

3616 5126 3734 5155 nons
3766 5119 3891 5158 toute
3922 5119 4271 5172 responsabilité
4302 5122 4499 5177 puisque
4531 5138 4648 5167 nous

3616 5186 3731 5215 nous
3756 5173 3927 5216 faisons
3952 5191 4016 5218 un
4042 5178 4199 5219 devoir
4223 5179 4278 5220 de
4302 5186 4442 5223 rester
4466 5192 4647 5226 neutres

3615 5238 3659 5274 et
3691 5232 3925 5289 d’ignorer
3958 5250 4008 5278 ce
4042 5236 4328 5291 qu’écrivent
4360 5255 4444 5284 nos
4478 5255 4647 5287 corres¬

3616 5292 3860 5347 pondants.

3668 5350 3832 5401 Depuis
3873 5352 3968 5391 huit
4007 5364 4088 5394 ans
4126 5366 4212 5405 que
4256 5367 4306 5395 ce
4351 5359 4527 5407 journal
4571 5364 4639 5399 est

3613 5405 3728 5456 créé,
3761 5407 3794 5448 il
3822 5405 3927 5448 s’est
3980 5411 4213 5452 contracté
4271 5411 4327 5455 de
4386 5414 4644 5459 nombreux

3612 5467 3839 5522 mariages
3872 5471 3915 5510 et
3947 5472 4047 5511 tout
4079 5470 4120 5512 le
4152 5471 4323 5515 monde
4356 5474 4443 5516 sait
4473 5474 4516 5517 la
4548 5490 4644 5519 ma¬

3613 5524 3736 5567 nière
3770 5526 3965 5570 sérieuse
3998 5528 4112 5571 dont
4144 5531 4279 5584 opère
4312 5531 4354 5574 la
4388 5532 4639 5579 Direction.

3663 5618 3790 5660 Nota.
3816 5643 3872 5651 —
3899 5622 3961 5662 Ne
3991 5632 4072 5671 pas
4099 5623 4275 5663 oublier
4331 5625 4395 5664 les
4450 5627 4640 5671 timbres

3608 5672 4086 5715 d’affranchissement
4119 5675 4386 5727 obligatoire
4419 5688 4536 5727 pour
4598 5682 4640 5722 la

3608 5726 3830 5774 première
3859 5730 3901 5768 et
3932 5728 3972 5768 la
4002 5727 4240 5771 deuxième
4270 5732 4559 5782 enveloppes.

3639 5892 4239 5977 Recommandations
4285 5903 4601 5985 Générales

3647 6072 3687 6102 1°
3720 6075 3920 6108 Personne
3947 6084 3997 6111 ne
4024 6082 4117 6119 peut
4143 6083 4430 6122 correspondre
4455 6092 4552 6120 aveo
4579 6088 4638 6122 les

3606 6124 3783 6159 abonnés
3808 6134 3903 6162 sans
3928 6130 4042 6164 avoir
4067 6132 4179 6166 versé
4207 6134 4263 6167 les
4290 6135 4326 6168 11
4352 6136 4489 6172 franot
4515 6139 4637 6180 régie*

3607 6179 3818 6212 mentairea
3846 6187 3855 6220 ;

3646 6243 3686 6273 3°
3712 6244 3932 6279 L’annonce
3953 6248 4022 6280 des
4041 6250 4219 6283 abonnés
4239 6253 4323 6287 doit
4345 6255 4531 6295 indiquer
4550 6259 4637 6291 leur

3604 6294 3690 6334 âge,
3720 6296 3804 6328 leur
3830 6299 4035 6340 situation,
4063 6302 4146 6336 s’ils
4171 6302 4347 6340 désirent
4372 6315 4423 6342 ou
4451 6316 4531 6343 non
4558 6318 4635 6344 une

3604 6348 3682 6381 dot.
3711 6350 3793 6380 Elle
3818 6351 3903 6383 doit
3927 6354 4086 6387 fournir
4112 6359 4286 6391 certains
4311 6359 4454 6394 détails
4480 6363 4529 6395 de
4556 6371 4635 6396 ma¬

3606 6400 3712 6434 nière
3732 6402 3758 6435 à
3778 6402 3900 6436 éviter
3922 6405 3991 6437 des
4011 6411 4375 6447 correspondances
4397 6412 4560 6447 inutiles
4582 6422 4592 6453 ;

3644 6467 3683 6497 4°
3716 6466 3790 6499 Dès
3818 6468 3938 6506 qu’un
3967 6471 4123 6504 abonné
4151 6480 4175 6507 a
4202 6475 4342 6508 trouvé
4370 6476 4407 6511 la
4436 6484 4632 6518 personne

3603 6520 3650 6551 de
3670 6527 3741 6551 son
3762 6520 3892 6560 choix,
3914 6522 3939 6553 il
3962 6524 4044 6558 doit
4063 6525 4248 6563 prévenir
4268 6530 4304 6560 le
4323 6531 4526 6565 Directeur
4544 6533 4631 6564 afin

3603 6578 3677 6611 que
3700 6579 3772 6604 son
3795 6580 3978 6608 annonce
4000 6578 4078 6610 soit
4100 6579 4273 6612 enlevée.
4300 6582 4328 6613 Il
4354 6582 4503 6618 évitera
4526 6584 4630 6619 ainsi

3603 6626 3744 6658 l’envoi
3777 6627 3824 6659 de
3858 6628 3991 6662 lettres
4022 6631 4089 6670 qui
4123 6634 4347 6668 n’auraient
4378 6635 4468 6674 plus
4498 6644 4631 6671 aueun

3602 6679 3670 6712 but
3696 6682 3734 6711 et
3759 6682 4004 6720 auxquelles,
4035 6691 4107 6722 par
4134 6687 4271 6720 devoir
4296 6687 4346 6722 de
4374 6688 4572 6730 politesse,
4602 6690 4630 6724 il

3599 6731 3754 6764 devrait
3774 6731 3968 6771 répondre
3987 6742 3999 6772 ;

3642 6798 3680 6827 5°
3707 6799 3776 6830 Les
3798 6806 3999 6832 annonces
4022 6804 4111 6834 sont
4132 6804 4180 6835 de
4201 6804 4261 6836 six
4286 6805 4412 6844 lignes
4434 6814 4484 6840 au
4509 6810 4631 6843 maxi¬

3602 6856 3722 6883 mum.
3779 6851 3847 6884 Les
3903 6852 4030 6892 lignes
4080 6854 4440 6894 supplémentaires
4495 6867 4631 6898 seront
