5196 7176
2395 354 2467 392 LE
2498 352 2680 392 TRAIT
2712 351 2959 392 D’UNION

503 475 647 516 payées
670 475 694 507 à
715 474 848 507 raison
871 471 919 506 de
941 472 956 503 1
980 471 1093 503 franc
1117 468 1154 502 la
1178 467 1283 507 ligne
1306 472 1406 505 pour
1427 464 1523 498 trois

500 526 612 558 mois.
644 523 695 555 Ce
723 521 827 555 délai
859 518 1007 558 écoulé,
1039 519 1094 550 les
1126 514 1336 550 intéressés
1366 511 1527 546 doivent

499 576 715 610 demander
746 575 780 607 le
811 571 1150 606 renouvellement
1180 576 1191 607 ;

539 636 580 667 6°
618 634 667 664 Le
701 631 882 664 montant
911 629 983 662 des
1011 626 1300 660 abonnements
1333 622 1416 654 doit
1447 619 1528 652 être

500 684 660 722 adressé
678 692 728 719 au
750 683 952 716 Directeur
970 681 1022 714 du
1040 676 1335 712 Trait-d'Union
1355 682 1403 707 en
1424 679 1531 706 man¬

502 743 602 780 dats,
630 740 727 771 bons
753 738 800 770 de
827 738 936 776 poste
962 742 1011 767 ou
1038 734 1202 766 timbres
1228 739 1238 769 ;

543 800 584 829 7°
614 798 664 828 La
691 794 887 827 Direction
916 791 1112 828 n'accepte
1136 795 1212 827 que
1236 787 1304 819 des
1328 787 1531 816 annonces

503 851 582 884 très
603 849 811 886 sérieuses,
832 846 951 879 celles
971 844 1068 876 dont
1091 843 1127 874 la
1148 839 1351 873 rédaction
1374 844 1422 868 ne
1444 840 1532 868 con¬

503 903 671 937 viendra
697 907 768 940 pas
795 899 929 932 seront
956 894 1132 928 refusées
1162 902 1171 932 ;

546 962 586 992 9°
614 959 672 993 On
698 958 791 996 peut
812 951 1099 992 correspondre
1123 951 1147 984 à
1172 951 1208 982 la
1231 949 1308 981 fois
1332 952 1428 979 avec
1452 944 1534 982 plu¬

505 1014 634 1047 sieurs
663 1007 839 1043 abonnés
867 1014 879 1049 ;

547 1071 608 1102 10°
648 1070 699 1100 La
735 1066 825 1107 plus
860 1060 1115 1096 élémentaire
1152 1058 1336 1098 politesse
1371 1054 1444 1087 fait
1480 1059 1532 1084 un

507 1122 643 1156 devoir
674 1127 751 1154 aux
782 1115 960 1152 abonnés
990 1116 1038 1148 de
1068 1112 1263 1152 répondre
1291 1116 1370 1142 aux
1402 1108 1534 1140 lettres

507 1181 656 1216 reçues.
691 1175 767 1207 Pas
798 1171 896 1204 n’est
926 1167 1063 1202 besoin
1094 1167 1143 1199 de
1174 1166 1340 1203 longues
1371 1161 1535 1200 phrases

508 1231 608 1263 dans
631 1226 803 1261 certains
826 1230 906 1258 cas.
932 1223 1039 1255 Deux
1066 1222 1166 1254 mots
1188 1216 1379 1250 suffisent
1403 1220 1413 1253 ;

550 1287 610 1317 11°
639 1283 763 1316 Toute
794 1282 904 1314 lettre
932 1279 999 1318 qui
1031 1282 1131 1308 nous
1158 1275 1217 1306 est
1242 1270 1426 1305 adressée
1455 1275 1538 1306 per¬

510 1336 800 1372 sonnellement
817 1336 854 1366 et
873 1332 939 1372 qui
959 1328 1155 1364 demande
1175 1333 1251 1359 une
1271 1323 1438 1363 réponse
1455 1320 1539 1354 doit

510 1394 591 1426 être
611 1386 903 1427 accompagnée
924 1386 1016 1417 d’un
1039 1383 1182 1416 timbre
1203 1380 1251 1412 de
1272 1379 1310 1411 10
1334 1375 1536 1410 centimes.

551 1450 612 1480 12°
644 1448 695 1479 Ne
724 1451 795 1486 pas
823 1441 976 1476 oublier
1006 1439 1063 1472 les
1090 1436 1253 1472 timbres
1282 1430 1538 1471 obligatoires

511 1508 610 1542 pour
631 1502 668 1532 la
688 1496 882 1539 première
903 1496 940 1527 et
960 1494 998 1526 la
1016 1490 1226 1525 deuxième
1246 1486 1496 1524 enveloppes.

554 1559 614 1589 14°
639 1558 687 1588 Le
710 1554 924 1588 Directeur,
944 1548 1134 1582 soucieux
1156 1546 1203 1578 de
1223 1547 1434 1577 conserver
1455 1539 1479 1571 à
1503 1539 1538 1570 la

514 1604 788 1638 combinaison
819 1602 871 1632 du
902 1598 1011 1631 Trait
1039 1596 1208 1628 d’Union
1237 1598 1310 1624 son
1339 1587 1539 1623 caractère

514 1650 847 1690 d’irréprochable
868 1646 1114 1682 délicatesse,
1138 1641 1222 1680 prie
1246 1642 1300 1672 les
1323 1641 1539 1677 personnes

514 1702 580 1740 qui
620 1696 932 1735 correspondent
970 1695 1018 1727 de
1042 1690 1198 1724 vouloir
1222 1689 1311 1722 bien
1336 1684 1492 1724 joindre
1515 1683 1539 1715 à

516 1752 600 1782 leur
620 1747 784 1780 numéro
806 1743 1014 1784 personnel
1038 1742 1121 1772 leur
1141 1744 1232 1771 nom
1252 1743 1302 1770 ou
1321 1733 1540 1766 seulement

516 1799 620 1830 leurs
648 1795 835 1828 initiales.
862 1791 948 1824 Ceci
975 1790 1059 1822 afin
1086 1786 1248 1820 d’éviter
1275 1785 1312 1817 la
1338 1779 1540 1814 transmis¬

515 1847 602 1879 sion
622 1846 669 1876 de
690 1844 822 1875 lettres
839 1838 1044 1873 adressées
1063 1836 1087 1870 à
1107 1836 1143 1868 la
1164 1831 1362 1866 Direction
1383 1835 1453 1869 par
1472 1828 1539 1859 des

515 1900 613 1934 gens
643 1890 918 1924 malhonnêtes
944 1890 982 1920 et
1009 1892 1088 1919 non
1115 1880 1304 1916 abonnés.

558 1951 680 1983 Toute
711 1949 823 1980 lettre
852 1952 899 1977 ne
930 1943 1087 1982 portant
1115 1946 1186 1980 pas
1215 1944 1292 1971 une
1323 1932 1539 1967 indication

516 1999 668 2038 précise
686 1998 735 2028 de
755 1993 1012 2034 l’expéditeur
1030 1996 1120 2023 sera
1138 1987 1320 2021 détruite.

558 2056 618 2087 15°
656 2054 779 2086 Toute
814 2048 1071 2089 suppression
1107 2047 1339 2079 d’annonce,
1375 2040 1542 2076 change¬

519 2105 624 2135 ment
666 2108 716 2132 ou
760 2098 1035 2131 modification
1078 2091 1310 2126 d’insertion
1351 2095 1399 2119 en
1424 2092 1542 2119 cours

517 2151 836 2187 d’abonnement,
868 2146 1031 2179 nuisant
1059 2143 1084 2175 à
1115 2143 1153 2174 la
1182 2141 1312 2172 bonne
1342 2135 1544 2175 organisa¬

516 2202 600 2234 tion
623 2199 670 2231 de
692 2203 756 2231 ma
776 2194 1052 2228 combinaison
1076 2188 1286 2227 mariages,
1310 2186 1364 2217 les
1388 2188 1544 2223 person¬

519 2255 587 2280 nes
627 2246 694 2284 qui
735 2251 783 2277 en
823 2244 955 2275 feront
979 2242 1016 2273 la
1039 2236 1235 2271 demande
1259 2238 1457 2272 expresse,
1483 2231 1544 2262 de¬

519 2298 635 2328 vront
658 2300 699 2326 se
722 2294 947 2327 conformer
971 2295 1021 2321 au
1045 2287 1140 2319 tarif
1164 2284 1325 2316 suivant
1349 2288 1359 2312 :

562 2349 824 2389 Suppression
860 2346 1364 2380 d’annonce.
1414 2337 1431 2367 5
1454 2335 1502 2366 fr.

562 2399 835 2438 Changement
867 2394 1364 2434 complet.
1413 2383 1430 2415 3
1454 2384 1503 2414 fr.

564 2446 822 2486 Supplément
850 2443 966 2476 d’une
996 2440 1366 2478 ligne.
1415 2431 1430 2463 1
1455 2432 1504 2462 fr.

562 2506 685 2536 Toute
708 2506 904 2542 personne
924 2493 1104 2530 abonnée
1126 2499 1220 2527 sans
1242 2495 1435 2527 annonce,
1458 2494 1547 2519 con¬

520 2559 632 2586 serve
666 2558 738 2583 son
772 2548 878 2581 droit
910 2543 1142 2578 d’insertion
1175 2539 1339 2580 gratuit,
1371 2536 1548 2576 pendant

520 2603 628 2635 toute
647 2600 684 2631 la
702 2596 822 2632 durée
839 2596 887 2628 de
904 2600 976 2627 son
995 2590 1274 2626 abonnement.

1138 2656 1193 2689 LE
1219 2650 1506 2687 DIRECTEUR.

522 2827 891 2938 OFFRES
954 2825 1159 2927 AUX
1222 2819 1551 2925 DAMES

574 3034 692 3074 6072.
716 3030 1039 3074 Deux-Sèvres.
1056 3052 1111 3057 —
1130 3026 1220 3067 Fils
1238 3026 1291 3066 de
1308 3023 1432 3064 riche
1451 3030 1548 3071 pro¬

522 3095 750 3146 priétaire,
767 3095 820 3132 24
838 3102 935 3139 ans,
956 3090 1060 3130 bien
1079 3098 1185 3130 sous
1203 3087 1304 3127 tous
1322 3080 1547 3134 rapports,

522 3154 738 3196 situation
778 3148 1114 3202 indépendante
1154 3146 1180 3187 à
1203 3143 1346 3191 Paris,
1371 3142 1427 3183 de
1450 3140 1551 3180 cent

522 3213 652 3255 mille
692 3212 847 3252 francs
886 3220 970 3261 par
996 3218 1071 3256 an,
1100 3202 1358 3258 épouserait
1383 3199 1551 3242 demoi¬

523 3274 631 3315 selle
654 3272 710 3315 de
736 3274 784 3312 18
808 3271 835 3312 à
857 3271 908 3311 25
934 3280 1030 3318 ans,
1059 3266 1195 3319 ayant
1219 3275 1275 3304 au
1302 3260 1548 3302 minimum

522 3335 672 3375 30.000
699 3332 852 3372 francs
879 3328 969 3371 dot.

578 3393 795 3434 Annonce
820 3390 911 3431 très
936 3385 1134 3429 sérieuse
1160 3383 1203 3424 et
1228 3380 1420 3435 pressée.

577 3468 695 3512 6073.
748 3463 1259 3508 Charente-Inférieure.
1307 3483 1362 3488 —
1407 3458 1551 3498 Jeune

527 3531 710 3571 homme
740 3530 792 3570 28
827 3539 923 3575 ans,
958 3522 1271 3578 propriétaire,
1306 3519 1422 3559 beau
1455 3527 1554 3567 gar¬

524 3602 623 3642 çon,
650 3587 894 3639 distingué,
922 3584 1146 3627 caractère
1168 3580 1364 3627 sérieux,
1391 3575 1555 3619 désire¬

525 3650 615 3691 rait
639 3650 831 3700 épouser
857 3643 1120 3687 demoiselle
1147 3640 1203 3683 de
1228 3640 1378 3680 bonne
1406 3634 1555 3678 famil¬

524 3710 582 3760 le,
614 3707 827 3756 aimante,
858 3705 931 3747 bel
959 3702 1100 3751 avoir,
1131 3699 1226 3742 fille
1255 3699 1310 3740 de
1336 3706 1554 3738 commer¬

527 3768 644 3820 çant,
671 3767 708 3809 si
731 3763 944 3818 possible.

586 3846 706 3887 6075.
775 3842 1028 3884 Bordeaux.
1064 3863 1119 3869 —
1155 3834 1439 3883 Célibataire,
1504 3832 1555 3872 36

534 3916 631 3954 ans,
710 3903 814 3945 bien
891 3896 1262 3954 physiquement,
1341 3891 1555 3935 situation

534 3962 866 4011 commerciale,
898 3960 1022 4002 avoir
1051 3958 1199 3999 30.000
1245 3955 1397 3996 francs
1426 3951 1468 3994 et
1495 3962 1559 3992 es¬

534 4027 764 4078 pérances,
798 4018 1055 4074 épouserait
1111 4017 1247 4067 jeune
1278 4015 1447 4055 femme
1504 4011 1559 4051 de

534 4087 586 4126 26
611 4083 636 4126 à
662 4086 714 4124 34
739 4092 836 4131 ans,
892 4076 1092 4120 modeste
1120 4075 1163 4117 et
1188 4075 1243 4115 de
1268 4072 1402 4124 goûts
1454 4070 1559 4111 sim¬

536 4144 648 4196 ples,
731 4142 868 4194 ayant
946 4136 1160 4179 situation
1241 4129 1558 4175 commerciale

537 4202 820 4255 quelconque
846 4211 904 4240 ou
927 4198 1019 4238 dot.

590 4279 708 4323 6077.
774 4276 944 4319 Guinée
1008 4272 1262 4323 Française.
1295 4294 1348 4300 —
1383 4267 1560 4308 Institu¬

535 4344 636 4382 teur
663 4338 871 4386 colonial,
897 4338 950 4376 24
974 4345 1071 4382 ans,
1098 4331 1259 4384 grand,
1288 4330 1422 4377 brun,
1450 4327 1562 4378 phy¬

538 4400 666 4453 sique
699 4396 908 4450 agréable
968 4392 1184 4435 situation
1219 4388 1408 4431 actuelle
1440 4387 1562 4426 5.000

538 4462 706 4508 francs,
767 4456 917 4504 reptes
945 4456 1024 4495 500
1069 4452 1237 4499 francs,
1296 4448 1563 4499 espérances

538 4522 686 4562 50.000
716 4518 883 4565 francs,
934 4511 1191 4566 épouserait
1246 4508 1448 4559 collègue
1504 4516 1562 4546 ou

537 4580 674 4631 jeune
706 4578 802 4618 fille
834 4574 1008 4616 aimant
1063 4582 1272 4623 voyager.
1336 4566 1560 4608 Situation

539 4650 593 4680 en
626 4636 827 4690 rapport.

591 4716 710 4757 6079.
775 4714 1027 4754 Bordeaux.
1056 4732 1110 4738 —
1168 4703 1451 4751 Célibataire,
1512 4703 1563 4741 40

540 4789 636 4826 ans,
670 4777 804 4823 brun,
839 4770 1046 4823 employé
1092 4770 1207 4810 dans
1236 4764 1408 4818 grande
1438 4760 1560 4810 ville,

539 4837 650 4890 petit
682 4834 822 4882 avoir,
857 4832 1122 4883 espérances
1182 4828 1308 4867 sûres
1342 4824 1395 4864 de
1456 4823 1504 4862 16
1538 4820 1563 4860 à

542 4898 687 4938 18.000
716 4892 884 4941 francs,
915 4887 1175 4942 épouserait
1217 4894 1442 4938 personne
1486 4882 1563 4920 ho¬

541 4955 743 5003 norable,
807 4950 1015 4993 tailleuse
1050 4948 1106 4989 de
1140 4946 1416 4999 préférence,
1482 4942 1562 4991 âge

539 5018 581 5056 et
607 5012 823 5056 situation
851 5022 907 5051 en
936 5008 1138 5060 rapport.

670 5100 730 5142 Ne
756 5098 965 5147 craignez
991 5104 1071 5144 pas
1112 5094 1166 5134 de
1207 5100 1319 5132 vous
1360 5096 1562 5136 compro¬

539 5163 698 5203 mettre
730 5169 783 5200 en
817 5158 968 5198 disant
1000 5162 1088 5204 que
1119 5162 1231 5192 vous
1262 5151 1353 5191 êtes
1383 5147 1561 5188 abonné

538 5232 595 5263 au
620 5220 746 5260 Trait
770 5216 982 5259 d’Union.

590 5306 711 5347 6082.
747 5296 1259 5354 Pyrénées-Orientales.
1291 5318 1345 5323 —
1391 5291 1563 5332 Céliba¬

536 5367 666 5414 taire,
688 5366 739 5404 37
760 5374 855 5411 ans,
879 5360 980 5403 bien
1006 5370 1110 5400 sous
1130 5359 1231 5399 tous
1251 5352 1475 5406 rapports,
1499 5360 1563 5391 re¬

538 5435 683 5467 venus
723 5424 779 5464 de
818 5424 843 5462 3
869 5421 895 5462 à
919 5421 1042 5460 4.000
1066 5418 1235 5464 francs,
1263 5416 1352 5455 bon
1378 5422 1560 5464 garçon,

539 5484 686 5528 désire
720 5483 922 5534 mariage
956 5490 1063 5521 avec
1096 5478 1232 5529 jeune
1264 5474 1372 5523 fille,
1408 5474 1490 5524 âge
1523 5469 1564 5511 et

539 5546 619 5587 dot
643 5556 699 5586 en
729 5542 931 5594 rapport.

594 5620 711 5663 6089.
738 5618 935 5662 Canada.
956 5640 1011 5647 —
1028 5616 1174 5657 Jeune
1195 5612 1379 5654 homme
1392 5611 1444 5651 33
1466 5619 1562 5656 ans,

539 5680 749 5722 habitant
771 5675 1070 5718 merveilleux
1092 5684 1219 5724 pays,
1243 5671 1402 5712 climat
1423 5667 1564 5708 excel¬

541 5740 648 5789 lent,
682 5740 770 5781 bon
802 5736 962 5779 métier
992 5731 1260 5786 rapportant
1287 5732 1340 5772 20
1370 5740 1395 5768 a
1423 5730 1475 5769 22
1506 5727 1560 5767 fr.

540 5813 622 5854 par
643 5800 763 5851 jour,
790 5797 937 5840 désire
959 5794 1160 5845 mariage
1184 5803 1291 5834 avec
1313 5790 1450 5841 jeune
1473 5786 1566 5827 fille

542 5860 597 5903 de
616 5861 667 5900 24
691 5859 716 5899 à
738 5859 789 5899 30
812 5867 907 5905 ans,
935 5865 1040 5896 avec
1063 5864 1120 5894 ou
1144 5863 1250 5894 sans
1273 5850 1363 5891 dot.

590 5939 707 5979 6091.
747 5934 1134 5976 Lot-et-Garonne.
1167 5951 1223 5958 —-
1258 5923 1569 5968 Fonctionnai¬

538 5999 583 6040 re
607 5998 722 6047 Etat,
748 5995 870 6044 veuf,
896 5996 947 6034 40
970 6002 1066 6040 ans,
1090 5990 1196 6031 bien
1220 5998 1325 6029 sous
1347 5986 1448 6027 tous
1472 5995 1569 6034 rap¬

538 6058 677 6110 ports,
711 6054 973 6098 traitement
1002 6054 1124 6093 2.000
1156 6049 1211 6090 fr.
1246 6058 1353 6089 avec
1383 6054 1570 6087 avance¬

537 6118 678 6166 ment,
710 6112 968 6168 épouserait
1026 6108 1288 6153 demoiselle
1319 6118 1379 6148 ou
1408 6114 1567 6152 veuve,

538 6188 644 6219 sans
670 6175 866 6223 enfants,
896 6174 952 6215 de
977 6175 1028 6213 28
1056 6172 1082 6212 à
1107 6173 1158 6212 38
1184 6180 1282 6218 ans,
1312 6166 1448 6218 ayant
1476 6164 1566 6206 dot.

538 6235 704 6278 Inutile
734 6235 774 6277 si
803 6247 887 6284 pas
915 6231 1111 6272 sérieux.

591 6314 708 6355 6092.
743 6313 966 6362 Aveyron.
994 6331 1048 6338 —
1076 6305 1360 6354 Célibataire,
1391 6304 1442 6344 40
1470 6312 1566 6352 ans,

539 6372 755 6414 militaire
790 6369 1066 6418 retraitable,
1128 6368 1208 6407 768
1243 6366 1300 6407 fr.
1338 6363 1568 6404 annuelle¬

538 6433 678 6482 ment,
711 6431 847 6484 ayant
878 6428 996 6471 droit
1026 6429 1051 6469 à
1081 6439 1143 6467 un
1175 6424 1343 6478 emploi
1375 6423 1566 6471 réservé,

537 6491 683 6535 désire
714 6490 915 6542 mariage
947 6499 1055 6530 avec
1084 6484 1347 6528 demoiselle
1378 6495 1435 6525 ou
1465 6494 1568 6524 veu¬

537 6566 590 6594 ve
619 6563 724 6593 sans
751 6550 932 6592 enfants
960 6550 1015 6590 de
1043 6550 1095 6587 35
1123 6548 1148 6588 à
1176 6550 1227 6587 40
1255 6557 1351 6594 ans,
1383 6544 1471 6584 bon
1499 6555 1568 6583 ca¬

538 6611 722 6660 ractère,
750 6611 826 6652 dot
854 6611 902 6651 10
927 6610 952 6650 à
975 6610 1127 6649 20.000
1151 6607 1206 6647 fr.
1235 6618 1292 6647 ou
1319 6603 1487 6656 emploi
1514 6603 1568 6644 de

535 6671 683 6712 l’Etat.
718 6671 828 6711 Très
859 6668 1026 6719 pressé.

595 6740 714 6780 6097.
747 6738 1134 6779 Lot-et-Garonne.
1162 6755 1216 6767 —
1240 6732 1386 6776 Jeune
1440 6731 1566 6772 hom¬

1599 473 1687 514 me,
1712 461 1788 504 fils
1811 459 1999 512 unique,
2023 460 2074 499 28
2095 468 2192 508 ans,
2217 458 2352 505 brun,
2378 455 2492 497 beau
2514 454 2652 507 phy-.

1600 524 1744 575 sique,
1771 520 1895 563 taille
1949 524 1967 560 1
1995 532 2056 560 m.
2083 521 2148 568 70,
2203 518 2280 559 dot
2302 518 2451 557 50.000
2502 515 2558 555 fr.
2586 514 2628 552 et

1599 583 1795 635 grandes
1822 582 2086 632 espérances
2113 576 2370 630 épouserait
2394 574 2627 617 demoisel¬

1603 644 1643 684 le
1668 644 1722 684 de
1748 646 1796 683 18
1819 642 1846 683 à
1870 643 1920 682 22
1945 652 2040 688 ans,
2067 639 2171 680 bien
2195 638 2359 687 élevée,
2387 635 2560 677 aimant
2584 634 2630 675 la

1603 715 1854 754 campagne
1880 702 1923 743 et
1947 700 2084 752 ayant
2110 698 2340 740 situation.

1656 782 1761 820 6098
1788 780 1829 820 et
1855 778 1972 819 6099.
2005 776 2396 817 Haute-Garonne.
2424 798 2479 802 —
2503 773 2628 812 Deux

1606 840 1762 888 frères,
1787 838 1958 887 nobles,
1982 836 2022 878 le
2069 835 2267 888 premier
2315 836 2366 874 20
2387 844 2483 882 ans,
2507 831 2547 872 le
2568 843 2631 874 se¬

1605 899 1722 942 cond
1742 902 1794 939 24
1817 909 1913 947 ans,
1939 898 2078 949 ayant
2098 895 2192 936 l'un
2215 895 2259 936 et
2279 894 2439 936 l’autre
2462 891 2631 944 emploi

1607 959 1806 1011 lucratif,
1834 956 2032 999 désirent
2082 955 2283 1006 mariage
2335 964 2442 995 avec
2466 952 2634 995 demoi¬

1607 1020 1715 1061 selle
1739 1030 1798 1060 ou
1822 1018 1958 1059 dame
1981 1016 2118 1068 ayant
2143 1015 2339 1056 fortune.
2368 1014 2489 1055 Pour
2514 1012 2554 1054 le
2581 1015 2600 1052 1
2603 1018 2634 1035 er

1608 1080 1748 1120 écrire
1771 1091 1827 1120 au
1851 1084 1904 1118 n°
1931 1079 2048 1126 6098,
2074 1087 2188 1128 pour
2211 1076 2251 1117 le
2272 1077 2297 1115 2
2298 1079 2312 1096 e
2332 1074 2474 1116 écrire
2495 1087 2552 1115 au
2576 1079 2630 1112 n°

1607 1139 1725 1179 6099.

1739 1216 1863 1256 Lisez
1883 1226 1936 1255 en
1960 1216 1984 1255 4
1987 1219 1999 1236 e
2023 1223 2135 1264 page
2159 1214 2196 1254 le
2219 1214 2419 1254 courrier
2440 1211 2632 1262 grapho¬

1612 1276 1807 1327 logique.

1663 1353 1781 1394 6102.
1837 1352 2058 1394 Charente
2078 1372 2091 1382 -
2115 1350 2376 1391 Inférieure.
2399 1349 2453 1387 —
2503 1348 2634 1395 Veuf,

1611 1418 1715 1450 sans
1739 1407 1934 1455 enfants,
1959 1406 2010 1445 39
2034 1415 2129 1453 ans,
2186 1407 2203 1443 1
2230 1415 2290 1444 m.
2318 1405 2383 1451 58,
2435 1400 2634 1448 châtain,

1611 1471 1820 1519 charron,
1854 1467 1990 1509 établi
2021 1466 2182 1519 depuis
2215 1468 2263 1506 10
2292 1477 2387 1514 ans,
2421 1462 2634 1504 situation

1610 1525 1732 1564 2.000
1762 1523 1816 1563 fr.
1847 1521 2035 1572 liquide,
2066 1519 2211 1562 désire
2239 1519 2428 1570 épouser
2456 1526 2638 1568 person¬

1612 1589 1668 1618 ne
1695 1576 1883 1617 environ
1910 1578 1962 1616 30
1990 1587 2086 1623 ans,
2115 1574 2264 1615 bonne
2291 1572 2432 1620 santé,
2490 1572 2638 1611 bonne

1612 1628 1839 1677 conduite,
1874 1630 2011 1680 ayant
2040 1627 2151 1679 petit
2182 1626 2308 1667 avoir
2364 1626 2406 1666 et
2436 1624 2639 1676 pouvant

1614 1684 1652 1727 le
1678 1682 1906 1726 seconder.
1936 1680 2123 1723 Sérieux
2147 1680 2190 1720 et
2214 1680 2379 1731 pressé.

1671 1747 1788 1787 6106.
1816 1743 2247 1785 Tarn-et-Garonne.
2270 1766 2324 1770 —
2346 1742 2488 1781 Jeune
2513 1739 2639 1780 hom¬

1619 1816 1691 1846 me
1715 1807 1766 1844 33
1791 1815 1886 1851 ans,
1914 1802 2088 1844 famille
2112 1802 2360 1843 honorable
2384 1800 2428 1843 et
2451 1810 2556 1840 sans
2579 1799 2638 1839 tâ¬

1618 1866 1715 1914 che,
1743 1863 1971 1916 physique
1995 1863 2219 1914 agréable,
2248 1859 2474 1903 caractère
2498 1859 2636 1907 doux,

1619 1924 1710 1967 très
1728 1924 1921 1972 sérieux,
1947 1922 2223 1975 agriculteur
2244 1922 2300 1963 de
2322 1923 2340 1960 1
2346 1924 2375 1942 er
2395 1920 2542 1967 ordre,
2566 1928 2639 1970 pe¬

1619 1986 1698 2027 tite
1722 1984 1814 2036 dot,
1842 1983 2062 2026 sérieuses
2086 1980 2355 2030 économies,
2384 1978 2640 2032 épouserait

1616 2043 1878 2086 demoiselle
1930 2055 1987 2083 ou
2015 2052 2171 2090 veuve,
2227 2041 2284 2083 de
2307 2042 2359 2080 24
2384 2039 2410 2080 à
2435 2042 2486 2079 35
2540 2050 2635 2086 ans,

1617 2105 1752 2156 ayant
1775 2103 1892 2146 belle
1914 2102 2127 2144 situation
2154 2112 2209 2142 ou
2234 2099 2340 2152 jolie
2363 2097 2589 2151 propriété
2614 2096 2639 2137 à

1618 2163 1660 2206 la
1690 2174 1955 2214 campagne.

1674 2241 1792 2281 6107.
1824 2238 2036 2281 Gironde.
2063 2262 2118 2268 —
2142 2236 2375 2279 Monsieur
2402 2234 2510 2277 veuf
2536 2246 2641 2275 sans

1624 2311 1841 2342 annonce.

1676 2373 1794 2414 6108.
1819 2372 1930 2414 Gers
1947 2395 2001 2400 —
2022 2368 2291 2411 Célibataire
2310 2368 2361 2408 40
2383 2376 2478 2416 ans,
2503 2377 2558 2407 ne
2578 2366 2642 2407 les

1624 2431 1880 2484 paraissant
1960 2442 2056 2483 pas,
2115 2428 2324 2470 habitant
2399 2425 2640 2478 propriété,

1625 2492 1762 2544 ayant
1788 2490 1865 2534 dot
1892 2492 1934 2531 et
1959 2491 2239 2542 espérances,
2268 2487 2372 2528 bien
2400 2484 2643 2538 physique¬

1621 2555 1761 2601 ment,
1804 2550 2010 2592 conduite
2053 2546 2414 2599 irréprochable,
2459 2544 2646 2584 catholi¬

1626 2627 1712 2667 que
1763 2612 2042 2666 pratiquant,
2095 2610 2242 2653 désire
2292 2607 2494 2659 mariage
2544 2606 2644 2647 reli¬

1624 2675 1761 2727 gieux
1787 2683 1894 2715 avec
1919 2671 2182 2714 demoiselle
2207 2683 2266 2712 ou
2291 2679 2435 2711 veuve
2460 2666 2645 2708 catholi¬

1627 2743 1728 2787 que,
1754 2735 1890 2786 ayant
1911 2731 2051 2774 avoir.

1680 2813 1797 2852 6109.
1827 2812 1920 2851 Lot.
1942 2833 1997 2839 —
2018 2808 2137 2850 Veuf
2186 2806 2283 2848 seul
2306 2808 2359 2847 50
2407 2816 2504 2854 ans,
2555 2803 2645 2844 bon

1623 2883 1758 2922 cœur,
1796 2870 1886 2911 très
1923 2868 2111 2919 sérieux,
2143 2867 2348 2915 honnête,
2383 2863 2471 2904 bon
2503 2872 2648 2903 carac¬

1622 2936 1728 2985 tère,
1752 2934 1882 2982 brun,
1907 2936 1924 2971 1
1950 2943 2007 2971 m.
2037 2935 2104 2980 65,
2135 2927 2377 2980 possédant
2407 2926 2555 2974 20,000
2576 2924 2647 2975 fr.,

1624 2996 1891 3038 immeubles
1908 3006 1963 3035 ou
1984 2994 2205 3044 capitaux,
2224 2990 2475 3043 épouserait
2490 2988 2650 3028 demoi¬

1623 3062 1732 3102 selle
1758 3071 1812 3100 ou
1831 3069 1972 3099 veuve
1996 3056 2134 3105 seule,
2164 3054 2373 3095 situation
2403 3064 2459 3092 ou
2488 3053 2571 3101 âge
2596 3062 2647 3091 en

1624 3125 1818 3175 rapport.
1841 3122 1899 3161 Se
1920 3118 2190 3171 déplacerait
2210 3127 2266 3156 au
2288 3115 2456 3156 besoin.

1683 3195 1800 3235 6113.
1838 3191 2268 3233 Tarn-et-Garonne.
2303 3212 2356 3218 —
2415 3184 2649 3227 Monsieur

1632 3255 1822 3303 abonné,
1846 3264 1952 3294 sans
1971 3261 2188 3292 annonce.

1684 3332 1801 3373 6115.
1825 3331 1949 3373 Gers.
1968 3354 2022 3359 —
2039 3326 2323 3375 Célibataire,
2342 3324 2395 3367 30
2413 3336 2510 3374 ans,
2531 3334 2650 3363 com¬

1627 3388 2162 3442 merçant-propriétaire,
2187 3396 2375 3426 revenus
2397 3383 2511 3423 deux
2530 3382 2652 3422 mille

1627 3446 1739 3487 deux
1751 3447 1874 3486 cents
1893 3443 1960 3492 fr.,
1979 3441 2079 3483 bien
2096 3440 2451 3492 physiquement,
2466 3435 2652 3488 parfaite

1632 3506 1950 3555 honorabilité,
1979 3503 2236 3556 épouserait
2287 3502 2425 3553 jeune
2452 3499 2546 3540 fille
2596 3498 2652 3539 de

1631 3571 1683 3610 20
1710 3567 1735 3607 à
1760 3569 1811 3608 27
1838 3578 1934 3615 ans,
1963 3563 2174 3614 sérieuse,
2202 3560 2416 3604 situation
2444 3571 2498 3602 en
2552 3570 2651 3610 rap¬

1633 3627 1749 3679 port,
1777 3625 1979 3678 pouvant
2003 3623 2161 3664 l'aider
2186 3622 2301 3663 dans
2326 3631 2407 3662 son
2434 3628 2651 3660 commer¬

1634 3698 1696 3728 ce.

1682 3765 1799 3805 6116.
1822 3764 1964 3805 Tarn.
1986 3783 2039 3790 —
2073 3759 2306 3802 Monsieur
2339 3767 2446 3796 sans
2471 3752 2639 3795 famille

1631 3831 1680 3871 60
1698 3840 1792 3879 ans,
1826 3827 1923 3869 n'en
1956 3826 2207 3879 paraissant
2243 3834 2329 3876 que
2366 3823 2431 3871 50,
2476 3819 2656 3860 robuste

1630 3896 1771 3943 santé,
1834 3892 2142 3934 universitaire
2198 3890 2374 3930 retraité
2447 3887 2551 3927 2000
2600 3884 2653 3927 fr.

1631 3962 1686 4003 de
1704 3964 1851 4002 rentes
1871 3963 1913 4001 et
1946 3958 2123 4010 capital,
2160 3956 2306 3996 désire
2338 3951 2656 4003 correspondre

1631 4039 1736 4077 qvec
1773 4027 1902 4067 dame
1938 4035 2093 4075 veuve,
2125 4020 2382 4069 honorable,
2436 4018 2654 4068 instruite,

1632 4095 1682 4134 50
1698 4094 1722 4133 à
1743 4094 1792 4132 60
1811 4102 1904 4139 ans,
1931 4092 2060 4142 ayant
2084 4097 2290 4128 revenus.
2311 4084 2514 4125 Sérieux.

1686 4157 1803 4196 6117.
1844 4154 2230 4195 Lot-et-Garonne.
2266 4151 2320 4189 —
2352 4151 2496 4189 Jeune
2532 4147 2658 4186 hom¬

1632 4211 1704 4250 me
1726 4211 1777 4248 25
1799 4219 1895 4257 ans,
1920 4206 2211 4258 agriculteur,
2237 4202 2435 4249 instruit,
2460 4211 2540 4252 pas
2563 4198 2660 4240 vul¬

1632 4263 1771 4315 gaire,
1827 4263 1963 4314 ayant
2015 4270 2206 4300 avances
2258 4258 2300 4298 et
2324 4254 2551 4308 propriété
2606 4251 2659 4292 de

1635 4319 1781 4359 15.000
1802 4316 1876 4364 fr.,
1898 4312 2156 4366 épouserait
2174 4312 2310 4362 jeune
2330 4319 2567 4360 personne,
2591 4316 2659 4346 ca¬

1635 4370 1819 4419 ractère,
1850 4370 1931 4420 âge
1959 4368 2000 4408 et
2030 4365 2244 4408 situation
2275 4375 2328 4404 en
2360 4361 2547 4412 rapport
2602 4371 2658 4400 ou

1635 4424 1758 4466 riche
1783 4435 1888 4464 sans
1912 4420 2140 4474 préjugés.

1690 4506 1730 4544 2°
1750 4506 1806 4544 Le
1824 4502 1948 4542 Trait
1968 4500 2161 4542 d’Union
2182 4500 2247 4539 est
2268 4507 2327 4537 un
2348 4496 2528 4546 journal
2551 4495 2658 4534 hon¬

1638 4566 1738 4606 nête
1765 4568 1806 4603 et
1836 4564 2062 4610 n’accepte
2091 4571 2178 4610 que
2234 4558 2311 4599 des
2339 4566 2566 4596 annonces
2595 4552 2659 4595 sé¬

1638 4626 1822 4666 rieuses.

1689 4703 1806 4742 6118.
1838 4699 2223 4740 Lot-et-Garonne.
2248 4718 2302 4724 —
2328 4692 2458 4740 Veuf,
2486 4693 2538 4732 49
2563 4702 2658 4738 ans,

1636 4755 1928 4807 agriculteur,
1956 4751 2182 4793 chevalier
2207 4750 2269 4790 du
2295 4746 2456 4788 Mérite
2481 4743 2662 4796 Agrico¬

1636 4810 1691 4859 le,
1718 4807 1834 4850 belle
1859 4803 2086 4859 propriété
2111 4803 2166 4846 de
2190 4803 2378 4855 rapport
2428 4799 2470 4840 et
2494 4796 2663 4848 d’agré¬

1638 4863 1776 4911 ment,
1799 4862 1944 4904 désire
1964 4859 2105 4901 union
2126 4868 2235 4899 avec
2254 4866 2478 4908 personne
2498 4852 2662 4895 sérieu¬

1636 4928 1696 4965 se,
1722 4916 1776 4958 de
1799 4918 1848 4956 38
1871 4915 1898 4955 à
1919 4916 1970 4955 50
1994 4924 2090 4962 ans,
2116 4912 2218 4962 apte
2241 4910 2266 4951 à
2288 4908 2458 4960 diriger
2480 4919 2530 4948 sa
2552 4903 2662 4946 mai¬

1636 4982 1716 5011 son
1742 4971 1783 5010 et
1807 4970 1944 5019 ayant
1968 4967 2044 5008 dot
2070 4967 2215 5007 10.000
2240 4964 2296 5004 fr.

1690 5041 1807 5082 6119.
1834 5039 2076 5079 Toulouse.
2097 5059 2151 5067 —
2173 5034 2305 5082 Veuf,
2330 5036 2382 5074 59
2404 5042 2500 5081 ans,
2527 5030 2664 5080 ayant

1638 5094 1906 5147 profession,
1931 5091 2106 5132 maison
2128 5102 2183 5130 en
2204 5087 2312 5130 ville
2332 5088 2375 5130 et
2394 5094 2659 5136 campagne,

1640 5158 1833 5189 revenus
1865 5146 1988 5186 2.500
2024 5144 2080 5193 fr,
2118 5140 2386 5184 sentiments
2420 5138 2657 5188 religieux,

1638 5202 1783 5244 désire
1807 5199 2008 5251 mariage
2034 5208 2139 5239 avec
2163 5206 2388 5247 personne
2412 5193 2500 5234 très
2526 5192 2663 5232 hono¬

1638 5254 1776 5304 rable,
1803 5254 1929 5304 d’âge
1953 5252 2128 5301 assorti',
2154 5249 2285 5300 goûts
2308 5246 2508 5298 simples.
2535 5244 2663 5286 Réfé¬

1639 5319 1792 5350 rences
1826 5307 2015 5356 exigées.

1691 5381 1808 5420 6120.
1843 5374 2259 5427 Basses-Pyrénées.
2290 5375 2343 5412 —
2371 5371 2501 5419 Veuf,
2550 5370 2660 5419 seul,

1639 5433 1807 5475 certain
1863 5432 1960 5483 âge,
2019 5427 2351 5470 fonctionnaire
2405 5425 2460 5466 de
2514 5423 2661 5470 l’Etat,

1637 5490 1760 5530 2.000
1786 5487 1842 5528 fr.
1871 5484 2054 5538 jusqu’à
2079 5484 2123 5525 la
2150 5482 2216 5523 fin
2244 5482 2299 5523 de
2326 5492 2394 5523 ses
2420 5479 2562 5530 jours,
2592 5476 2662 5518 bel

1639 5544 1837 5591 homme,
1871 5540 1997 5580 avoir
2026 5535 2282 5590 personnel,
2342 5534 2467 5575 santé
2524 5531 2665 5573 excel¬

1640 5596 1772 5645 lente,
1811 5593 2019 5636 habitant
2052 5591 2160 5632 ville
2195 5590 2371 5638 d’eaux,
2408 5584 2665 5638 épouserait

1640 5648 1911 5691 Demoiselle
1935 5660 1992 5688 ou
2018 5647 2160 5686 Dame
2186 5646 2240 5686 de
2264 5645 2315 5683 40
2340 5643 2366 5683 à
2391 5643 2442 5682 56
2466 5651 2562 5688 ans,
2590 5639 2666 5679 ho¬

1639 5703 1825 5745 norable
1852 5703 1895 5743 et
1919 5701 2024 5742 bien
2051 5698 2214 5746 élevée,
2243 5697 2381 5747 ayant
2406 5694 2555 5735 rentes
2606 5704 2664 5732 ou

1640 5756 1907 5800 économies.

1691 5830 1810 5870 6122.
1844 5827 2184 5867 Haute-Marne.
2210 5822 2267 5862 —-
2294 5822 2481 5863 Officier
2510 5820 2664 5860 minis¬

1640 5883 1780 5932 tériel,
1808 5883 1855 5923 31
1887 5892 1982 5928 ans,
2012 5875 2314 5920 honorabilité
2339 5874 2548 5927 parfaite,
2578 5872 2666 5912 très

1642 5935 1909 5987 intelligent,
1942 5934 2166 5975 caractère
2194 5930 2281 5982 gai,
2314 5928 2558 5982 possédant
2585 5938 2663 5967 son

1640 5991 1773 6032 étude
1794 5989 1952 6030 valeur
1971 5988 2121 6027 30.000
2142 5984 2198 6024 fr.
2223 5985 2266 6025 et
2287 5984 2438 6024 autres
2460 5981 2667 6032 espéran¬

1640 6055 1726 6092 ces,
1752 6039 1989 6084 désirerait
2012 6039 2214 6088 mariage
2239 6048 2344 6079 avec
2397 6032 2666 6076 Demoiselle

1642 6099 1760 6144 bien,
1795 6098 1851 6139 de
1883 6098 2033 6138 bonne
2091 6092 2281 6140 famille,
2314 6094 2368 6131 20
2399 6090 2426 6131 à
2455 6092 2508 6130 25
2567 6099 2664 6136 ans,

1642 6151 1778 6204 ayant
1806 6151 1882 6192 dot
1910 6150 1967 6191 de
1992 6149 2044 6187 25
2071 6147 2098 6188 à
2124 6147 2272 6188 30.000
2303 6144 2358 6184 fr.
2391 6143 2433 6183 et
2460 6142 2666 6194 espéran¬

1640 6217 1726 6247 ces.

1692 6276 1811 6318 6124.
1843 6275 2065 6326 Aveyron.
2091 6295 2144 6302 —
2167 6272 2312 6312 Jeune
2365 6268 2562 6315 homme,
2615 6268 2668 6306 27

1642 6343 1737 6380 ans,
1768 6331 1871 6372 bien
1903 6339 2007 6371 sous
2036 6327 2136 6368 tous
2166 6324 2390 6376 rapports,
2448 6320 2667 6363 ancienne

1643 6384 1832 6432 famille,
1869 6383 2019 6422 50.000
2055 6380 2111 6420 fr.
2150 6378 2423 6419 immeubles
2483 6384 2666 6427 person¬

1642 6437 1739 6479 nels
1762 6438 1804 6476 et
1826 6436 2091 6487 espérances
2114 6434 2255 6479 sûres,
2280 6430 2536 6482 épouserait
2585 6428 2672 6467 De¬

1642 6490 1860 6539 moiselle,
1887 6488 2022 6540 ayant
2048 6487 2124 6527 dot
2149 6485 2384 6535 analogue.
2415 6483 2483 6523 Au
2510 6480 2663 6524 besoin

1640 6559 1686 6587 se
1712 6543 1965 6595 déplacera.

1694 6611 1811 6651 6125.
1844 6607 2247 6651 Haute-Garonne.
2268 6604 2317 6644 —
2339 6600 2474 6651 Veuf,
2495 6603 2544 6640 44
2567 6610 2662 6651 ans,

1641 6672 1856 6724 physique
1885 6672 2028 6721 jeune,
2067 6668 2242 6709 retraité
2267 6667 2323 6706 de
2345 6663 2488 6714 l’Etat,
2511 6664 2591 6704 800
2611 6662 2662 6709 fr.

1642 6734 1832 6775 Possède
1864 6733 1939 6783 joli
1972 6731 2211 6772 immeuble
2239 6727 2340 6771 neuf
2370 6729 2412 6768 et
2445 6723 2666 6779 propriété

2698 452 2829 494 d'une
2851 452 3003 493 valeur
3023 452 3078 492 de
3099 451 3247 492 20.000
3268 450 3427 491 francs.
3461 448 3724 501 Epouserait

2700 527 2839 556 veuve
2860 527 2915 556 ou
2938 514 3195 555 demoiselle
3219 515 3294 563 qui
3316 514 3459 554 aurait
3481 511 3724 552 l'intention

2702 579 2751 619 de
2777 582 2980 630 partager
3003 578 3070 618 vie
3090 575 3334 627 agréable..

2754 652 2871 692 6127.
2903 650 3307 692 Haute-Garonne.
3339 669 3390 677 —
3424 646 3724 693 Célibataire,

2699 716 2749 752 42
2782 723 2878 760 ans,
2912 712 3067 763 grand,
3106 711 3234 759 brun,
3272 710 3436 751 famille
3470 711 3558 751 très
3588 711 3726 748 hono¬

2702 774 2838 826 rable,
2863 775 2984 815 avoir
3011 776 3060 814 25
3082 774 3160 814 000
3183 774 3218 812 fr
3240 806 3250 820 ,
3283 772 3491 812 situation
3520 771 3728 820 indépen¬

2702 839 2832 878 dante
2855 841 3111 888 rapportant
3129 840 3249 876 4.A»^
3270 837 3323 874 Ir.
3343 846 3420 886 par
3439 846 3508 885 an,
3526 833 3728 875 s’unirait

2703 912 2811 941 avec
2845 898 3104 940 demoiselle
3138 910 3195 939 ou
3228 908 3367 938 veuve
3402 901 3534 950 ayant
3566 899 3648 946 âge
3687 900 3729 936 et

2704 963 2892 1014 position
2912 961 3203 1014 équivalente.

2757 1036 2875 1075 6129.
2907 1032 3108 1074 Hérault.
3133 1034 3188 1075 —
3213 1032 3480 1075 Célibataire
3522 1028 3635 1080 seul,
3677 1032 3730 1071 38

2707 1107 2802 1144 ans,
2835 1095 2935 1135 n’en
2966 1091 3224 1146 paraissant
3251 1104 3339 1144 que
3367 1094 3433 1143 30,
3464 1090 3728 1144 propriétai¬

2707 1167 2753 1196 re
2774 1154 3051 1204 viticulteur,
3076 1152 3276 1203 instruit,
3301 1151 3404 1193 bien
3427 1152 3565 1201 élevé,
3591 1150 3730 1192 musi¬

2707 1215 2820 1263 cien,
2855 1214 3028 1256 famille
3076 1212 3340 1256 honorable,
3372 1211 3628 1264 épouserait
3659 1210 3730 1250 de¬

2707 1273 2911 1316 moiselle
2932 1274 2987 1315 de
3010 1274 3160 1315 bonne
3182 1272 3358 1313 famibe
3380 1284 3437 1312 ou
3459 1283 3602 1313 veuve
3626 1280 3730 1311 sans

2708 1335 2904 1383 enfants,
2928 1346 3036 1375 avec
3055 1319 3146 1375 dot.
3171 1335 3234 1374 De
3255 1331 3515 1383 préférence
3538 1331 3732 1372 Toulou¬

2709 1406 2754 1435 se
2775 1406 2833 1435 ou
2855 1394 3083 1435 environs.
3111 1394 3166 1434 Se
3190 1392 3476 1443 déplacerait.

2763 1481 2880 1521 6131.
2926 1480 3050 1521 Gers.
3088 1503 3144 1508 —
3196 1478 3478 1528 Célibataire,
3531 1480 3579 1518 41
3635 1488 3730 1526 ans,

2712 1542 2858 1580 15.000
2887 1540 2942 1580 fr.
2974 1552 3028 1582 en
3059 1540 3252 1591 espèces,
3284 1539 3432 1579 bonne
3462 1536 3731 1579 instruction

2710 1600 2753 1640 et
2794 1599 3048 1649 éducation,
3079 1599 3257 1640 sérieux
3283 1600 3325 1641 et
3351 1599 3578 1647 économe,
3608 1598 3734 1638 hom¬

2711 1672 2783 1702 me
2838 1660 2894 1702 de
2946 1671 3084 1707 cœur,
3131 1658 3272 1700 solide
3316 1656 3542 1707 affection,
3588 1656 3735 1699 désire

2712 1719 2853 1761 union
2898 1731 3007 1761 avec
3050 1718 3313 1760 demoiselle
3341 1730 3399 1759 ou
3427 1728 3570 1759 veuve
3598 1716 3734 1767 ayant

2712 1779 2860 1819 bonne
2895 1779 3110 1820 situation
3146 1779 3187 1819 et
3222 1777 3491 1819 excellentes
3523 1775 3730 1827 qualités.

2712 1839 2795 1880 Lui
2817 1839 2972 1880 écrire.

2770 1926 2974 1973 Envoyez
3006 1923 3031 1963 à
3066 1925 3106 1963 la
3140 1923 3364 1963 Direction
3399 1923 3476 1963 des
3508 1931 3735 1962 annonces

2713 1984 2947 2032 sérieuses,
2971 1986 3131 2034 vraies,
3154 1983 3364 2031 sincères,
3390 1983 3598 2031 précises,
3622 1992 3735 2030 pour

2714 2044 2852 2085 éviter
2879 2046 2959 2084 des
2982 2044 3208 2093 surprises
3236 2043 3495 2092 imprévues
3520 2047 3560 2082 et
3614 2042 3735 2082 désa¬

2714 2104 2933 2152 gréables.

2767 2191 2886 2231 6132.
2911 2190 3047 2230 Tarn.
3068 2213 3122 2219 —
3142 2191 3284 2231 Jeune
3308 2189 3506 2238 homme,
3530 2189 3663 2236 brun,
3686 2190 3736 2227 27

2717 2262 2812 2300 ans,
2835 2250 3088 2302 négociant,
3110 2250 3324 2291 situation
3345 2251 3371 2290 7
3390 2249 3416 2290 à
3434 2251 3556 2290 8.000
3575 2248 3632 2288 fr.
3655 2259 3738 2299 par

2716 2322 2788 2359 an,
2812 2312 3077 2362 espérances
3098 2311 3196 2351 cent
3216 2310 3356 2351 mille.
3381 2307 3648 2360 Epouserait
3667 2307 3738 2347 de¬

2718 2369 2922 2411 moiselle
2940 2370 2994 2410 de
3014 2371 3066 2410 20
3086 2369 3111 2410 à
3130 2371 3182 2410 25
3202 2382 3298 2419 ans,
3320 2367 3443 2420 jolie,
3467 2366 3735 2419 distinguée,

2715 2432 2847 2480 ayant
2868 2430 2943 2468 dot
2966 2428 3020 2468 de
3039 2428 3090 2468 20
3111 2430 3134 2467 à
3151 2430 3202 2468 50
3223 2430 3299 2468 000
3320 2428 3481 2468 francs.

2770 2502 2888 2540 6133.
2915 2500 3043 2540 Midi.
3063 2522 3118 2528 —
3136 2500 3267 2549 Veuf,
3291 2500 3339 2539 41
3363 2510 3458 2549 ans,
3482 2511 3543 2540 un
3566 2496 3737 2547 enfant,

2720 2559 2867 2608 16.000
2905 2559 2956 2598 fr.
3003 2570 3196 2599 revenus
3243 2558 3428 2598 annuels
3476 2568 3527 2598 en
3579 2559 3739 2604 rentes,

2719 2619 2867 2662 désire
2884 2618 3086 2671 mariage
3106 2630 3212 2660 avec
3231 2617 3491 2660 demoiselle
3512 2629 3570 2659 ou
3591 2617 3738 2666 dame,

2719 2691 2826 2720 sans
2846 2679 3042 2728 enfants,
3066 2678 3186 2728 bien,
3210 2679 3343 2731 goûts
3365 2677 3567 2730 simples,
3592 2678 3742 2719 bonne

2719 2739 2942 2789 moralité,
2990 2739 3126 2790 ayant
3168 2739 3386 2791 quelques
3430 2747 3635 2779 revenus.
3670 2736 3742 2778 Sé¬

2720 2799 2864 2840 rieux.

2767 2867 2884 2908 6134.
2914 2866 3151 2908 Charente.
3175 2889 3230 2896 —
3267 2867 3411 2907 Jeune
3452 2866 3650 2915 homme,
3692 2866 3743 2904 35

2722 2939 2818 2975 ans,
2864 2927 3026 2979 grand,
3074 2926 3208 2975 brun,
3258 2924 3433 2970 famille
3478 2924 3741 2973 honorable,

2722 2986 2947 3038 propriété
2991 2988 3139 3027 20.000
3183 2987 3238 3026 fr.
3270 2984 3379 3038 qu’il
3424 2984 3618 3036 exploite
3662 2984 3744 3026 lui-

2723 3048 2885 3096 même,
2927 3044 3182 3098 épouserait
3222 3044 3483 3087 demoiselle
3521 3056 3578 3086 ou
3602 3055 3744 3085 veuve

2723 3106 2911 3148 voulant
2951 3106 3128 3148 habiter
3170 3105 3216 3144 la
3240 3114 3490 3157 campagne
3515 3104 3556 3146 et
3583 3104 3745 3145 s’occu¬

2723 3179 2802 3218 per
2844 3167 2906 3207 du
2948 3167 3138 3217 ménage
3179 3176 3237 3207 ou
3263 3166 3318 3207 de
3343 3163 3479 3216 petite
3506 3162 3742 3204 industrie.

2724 3228 2811 3268 Pas
2830 3227 3039 3279 exigeant
3058 3238 3136 3267 sur
3154 3225 3244 3266 dot.
3268 3223 3471 3266 Sérieux.

2776 3295 2894 3336 6136.
2934 3291 3359 3344 Hautes-Pyrénées.
3391 3315 3446 3322 —
3479 3291 3746 3335 Célibataire

2723 3358 2775 3395 37
2795 3366 2892 3406 ans,
2916 3355 3038 3396 idées
3058 3355 3220 3404 larges,
3243 3353 3322 3394 dot
3341 3354 3463 3392 5.000
3484 3352 3540 3394 fr.
3563 3352 3747 3403 épouse¬

2726 3415 2811 3456 rait
2835 3414 3096 3456 demoiselle
3122 3424 3179 3455 ou
3203 3423 3344 3455 veuve
3370 3411 3424 3454 de
3447 3413 3499 3452 26
3523 3411 3548 3451 à
3571 3412 3623 3451 35
3648 3422 3743 3451 ans.

2727 3475 2929 3516 Sérieux.

2778 3552 2896 3593 6137.
2931 3551 3055 3593 Gers.
3087 3552 3140 3591 —
3170 3551 3416 3598 Monsieur,
3448 3551 3499 3589 50
3530 3560 3624 3596 ans,
3659 3548 3747 3588 très

2727 3610 2919 3659 sérieux,
2946 3608 3071 3651 santé
3097 3607 3289 3660 parfaite
3314 3607 3355 3649 et
3379 3604 3609 3655 situation,
3635 3604 3748 3647 dési¬

2727 3683 2772 3712 re
2823 3671 3012 3720 épouser
3062 3667 3195 3710 dame
3232 3679 3291 3708 ou
3330 3666 3591 3709 demoiselle
3614 3666 3750 3716 ayant

2727 3730 2923 3782 éprouvé
2967 3727 3122 3779 peines
3166 3727 3374 3769 morales.
3407 3727 3563 3767 Bonne
3606 3723 3746 3775 santé,

2727 3789 2859 3840 goûts
2900 3787 3103 3839 simples,
3135 3786 3284 3827 rentés
3326 3787 3368 3828 et
3411 3795 3603 3827 revenus
3631 3786 3747 3833 sûrs,

2728 3848 2830 3890 d’au
2854 3849 3003 3890 moins
3024 3848 3146 3888 3.000
3168 3846 3224 3887 fr.

2779 3926 2899 3965 6138.
2926 3924 3234 3966 Haute-Loire.
3255 3946 3308 3951 —
3328 3923 3444 3963 Veuf
3466 3932 3573 3963 avec
3593 3920 3751 3963 enfant

2730 3986 2783 4027 de
2803 3987 2827 4025 6
2847 3996 2943 4035 ans,
2967 3984 3306 4035 entrepreneur,
3328 3984 3380 4022 39
3402 3994 3496 4032 ans,
3521 3982 3622 4023 bien
3647 3992 3751 4023 sous

2729 4046 2830 4086 tous
2858 4043 3083 4095 rapports,
3114 4043 3239 4085 taille
3269 4044 3288 4082 1
3319 4054 3380 4083 m.
3410 4043 3476 4090 71,
3508 4040 3752 4092 possédant

2732 4104 2876 4144 12.000
2900 4103 2974 4152 fr.,
3016 4101 3162 4144 désire
3202 4102 3404 4154 mariage
3454 4111 3560 4143 avec
3610 4108 3750 4141 veuve

2730 4175 2837 4206 sans
2855 4163 3038 4205 enfants
3054 4175 3111 4204 ou
3132 4162 3395 4204 demoiselle
3413 4161 3678 4203 au-dessous
3698 4159 3751 4200 de

2729 4226 2781 4264 35
2804 4233 2899 4272 ans,
2926 4223 3062 4275 ayant
3083 4222 3160 4263 dot
3182 4220 3418 4272 analogue.

2783 4302 2902 4341 6140.
2935 4299 3147 4341 Gironde.
3176 4299 3231 4339 —
3260 4297 3543 4347 Célibataire,
3574 4299 3624 4337 38
3654 4307 3751 4344 ans,

2732 4360 2835 4400 bien
2860 4370 2964 4400 sous
2989 4360 3088 4400 tous
3115 4359 3337 4410 rapports,
3380 4355 3595 4398 situation
3635 4367 3754 4396 com¬

2732 4418 2959 4467 merciale,
2985 4418 3111 4460 avoir
3131 4418 3174 4458 et
3195 4419 3474 4470 espérances,
3499 4414 3755 4467 épouserait

2732 4477 2994 4520 demoiselle
3015 4491 3072 4520 ou
3093 4488 3235 4519 veuve
3256 4476 3393 4528 ayant
3414 4474 3628 4518 situation
3651 4486 3755 4515 ana¬

2734 4539 2864 4588 logue
2890 4548 2948 4578 ou
2974 4538 3063 4579 dot.
3094 4538 3303 4578 Pourrait
3330 4546 3374 4577 se
3399 4534 3623 4587 déplacer.

2788 4615 2904 4655 6141.
2931 4614 3168 4655 Charente.
3189 4636 3243 4643 —
3266 4614 3356 4654 Fils
3376 4614 3562 4664 unique,
3584 4614 3636 4652 26
3656 4623 3752 4660 ans,

2735 4674 2930 4727 qualités
2955 4674 3203 4726 physiques
3231 4674 3272 4714 et
3299 4671 3507 4722 morales,
3538 4671 3756 4714 ancienne

2735 4734 2925 4783 famille,
2970 4734 3048 4775 dot
3091 4735 3263 4774 100.000
3305 4734 3361 4774 fr.
3391 4731 3501 4772 dont
3526 4734 3675 4772 55.000
3701 4743 3755 4772 en

2735 4795 2927 4847 espèces,
2959 4792 3104 4834 désire
3132 4792 3334 4844 mariage
3362 4802 3470 4834 avec
3496 4790 3757 4832 demoiselle

2736 4853 2999 4906 honorable,
3046 4852 3260 4894 situation
3289 4853 3415 4904 égale
3442 4863 3499 4892 ou
3527 4850 3758 4901 supérieu¬

2738 4924 2798 4955 re.

2792 5003 2848 5042 Le
2876 5000 3003 5040 Trait
3030 4998 3224 5041 d’Union
3254 5002 3319 5038 est
3363 5010 3423 5038 un
3467 4996 3649 5047 journal
3694 4995 3760 5035 sé¬

2738 5056 2864 5096 rieux
2887 5056 2928 5094 et
2951 5052 3059 5094 utile
3079 5052 3104 5095 à
3124 5058 3240 5094 tous.

2786 5139 2904 5178 6143.
2918 5138 3060 5178 Tarn.
3083 5139 3125 5178 —
3151 5135 3446 5183 Célibataire,
3463 5137 3512 5174 32
3526 5144 3623 5182 ans,
3641 5131 3758 5180 bien,

2735 5211 2840 5240 sous
2860 5203 2959 5240 tous
2980 5199 3044 5240 les
3066 5200 3284 5250 rapports,
3308 5196 3615 5249 propriétaire,
3632 5196 3744 5246 négo

2734 5263 2866 5311 ciant,
2903 5260 3152 5310 industriel,
3193 5260 3403 5303 situation
3443 5258 3758 5300 commerciale

2737 5326 2882 5367 10.000
2921 5325 3080 5375 francs,
3120 5323 3372 5374 épouserait
3408 5322 3570 5363 femme
3606 5320 3759 5360 d’inté¬

2737 5388 2852 5427 rieur
2874 5387 2927 5427 de
2957 5388 3007 5427 20
3028 5390 3053 5427 à
3074 5388 3124 5429 30
3146 5398 3241 5435 ans,
3273 5386 3403 5436 goûts
3425 5383 3624 5435 simples,
3655 5393 3759 5420 con¬

2736 5451 2934 5491 naissant
2956 5459 3218 5491 commerce.
3244 5447 3462 5488 Situation
3484 5458 3538 5488 en
3560 5447 3758 5496 rapport.

2788 5516 2906 5556 6145.
2930 5515 3174 5556 Charente.
3198 5512 3245 5551 —
3267 5510 3567 5558 Célibataire,
3592 5510 3639 5547 23
3662 5519 3758 5555 ans,

2738 5578 2791 5620 de
2815 5576 2977 5619 famille
3005 5576 3092 5616 très
3113 5572 3371 5623 honorable,
3395 5571 3495 5612 bien
3527 5570 3763 5623 physique¬

2738 5645 2856 5683 ment
2891 5644 2934 5682 et
2972 5639 3098 5686 libre,
3146 5638 3290 5679 désire
3338 5638 3514 5687 prompt
3563 5632 3762 5682 mariage

2739 5715 2843 5745 avec
2862 5703 2995 5755 jeune
3027 5699 3117 5742 fille
3156 5712 3210 5740 ou
3251 5707 3390 5738 veuve
3427 5700 3558 5748 ayant
3586 5696 3674 5736 dot.
3706 5695 3762 5734 Se

2736 5764 3005 5819 déplacerait
3027 5776 3080 5804 au
3112 5762 3282 5803 besoin.
3324 5787 3335 5805 -

2788 5830 2908 5870 6146.
2923 5830 3020 5869 Lot.
3031 5850 3068 5854 —
3078 5824 3208 5872 Veuf,
3223 5824 3335 5872 seul,
3349 5822 3447 5863 titre
3467 5823 3520 5862 de
3535 5822 3694 5868 comte,
3711 5822 3763 5858 66

2738 5903 2831 5943 ans,
2856 5890 2980 5931 santé
3002 5887 3202 5940 parfaite,
3239 5883 3462 5938 propriété
3492 5884 3547 5925 de
3578 5883 3762 5934 rapport

2736 5959 2778 5996 et
2798 5954 3084 6004 d’agrément,
3108 5950 3255 5990 désire
3276 5951 3468 6000 épouser
3501 5943 3760 5986 demoiselle

2738 6030 2792 6059 ou
2814 6016 2943 6058 dame
2964 6025 3120 6062 veuve,
3144 6022 3251 6052 avec
3275 6023 3327 6051 ou
3352 6019 3458 6051 sans
3479 6008 3664 6049 enfants.

2790 6078 2894 6121 6146
2925 6078 3006 6119 bis.
3030 6078 3226 6119 Landes.
3256 6096 3306 6103 —
3334 6072 3558 6112 Monsieur
3589 6069 3763 6111 abonné

2738 6167 2760 6195 s
2763 6154 2844 6184 ans
2862 6151 3074 6182 annonce.

2791 6217 2910 6258 6147.
2943 6214 3155 6258 Gironde.
3183 6235 3225 6242 —
3225 6225 3240 6241 j
3279 6212 3422 6252 Jeune
3467 6208 3664 6256 homme,
3711 6208 3762 6245 32

2739 6287 2835 6326 ans,
2884 6274 3082 6327 châtain,
3130 6272 3322 6320 sérieux,
3371 6270 3472 6310 bien
3519 6267 3762 6320 physique¬

2739 6337 2878 6386 ment,
2907 6339 2962 6379 de
2989 6334 3163 6376 famille
3190 6330 3451 6374 honorable.
3482 6326 3759 6371 Mécanicien

2739 6397 2891 6446 établi,
2916 6407 3040 6438 assez
3063 6394 3151 6436 bon
3177 6390 3376 6443 rapport,
3402 6391 3548 6431 désire
3571 6391 3762 6439 épouser

2740 6454 3000 6499 demoiselle
3040 6455 3095 6496 de
3118 6455 3170 6494 24
3194 6454 3219 6494 à
3243 6454 3294 6491 30
3319 6462 3414 6500 ans,
3458 6447 3670 6494 aimable,
3698 6444 3762 6484 in¬

2739 6517 2983 6568 telligente,
3011 6512 3265 6556 couturière
3290 6512 3345 6553 de
3369 6511 3631 6563 préférence
3655 6516 3763 6546 avec

2740 6576 2875 6628 petite
2904 6576 2995 6616 dot.

2791 6656 2911 6695 6153.
2943 6654 3131 6693 Vienne.
3159 6651 3206 6691 —
3242 6650 3474 6691 Monsieur
3503 6646 3624 6693 veuf,
3655 6653 3762 6683 sans

2739 6714 2935 6763 enfants,
2960 6711 3232 6762 catholique,
3259 6708 3452 6750 honnête
3475 6706 3516 6747 et
3538 6706 3592 6746 de
3614 6703 3762 6746 bonne

3799 443 3988 496 famille,
4015 444 4150 495 ayant
4173 442 4386 483 situation
4410 442 4666 493 épouserait
4688 439 4819 482 dame

3799 515 3940 547 veuve
3967 516 4024 546 ou
4052 502 4312 546 demoiselle
4340 503 4461 554 âgée,
4507 502 4644 552 ayant
4685 499 4819 542 situa¬

3799 564 3904 606 tion.
3935 563 4137 604 Sérieux.

3852 641 3971 680 6154.
4000 640 4238 680 Charente.
4261 662 4315 674 —-
4338 638 4423 687 Oui
4447 636 4658 678 voudrait
4680 648 4726 679 se
4751 635 4822 675 dé¬

3800 700 3952 752 placer
3994 711 4108 751 pour
4151 700 4340 750 épouser
4394 698 4635 746 charmant
4687 699 4822 746 jeune

3802 763 3999 810 homme,
4022 761 4075 800 32
4095 770 4192 807 ans,
4217 768 4323 799 sans
4345 757 4574 804 relations,
4597 755 4823 807 physique

3802 819 4024 878 agréable,
4084 818 4354 866 affectueux,
4407 816 4631 859 caractère
4686 816 4820 861 doux,

3802 879 4008 931 employé
4039 878 4452 920 d’administration
4484 878 4543 918 de
4571 874 4718 927 l’Etat,
4750 886 4823 926 ga¬

3803 939 3947 991 gnant
3963 941 4084 979 2.O0O
4107 940 4162 980 fr.
4186 949 4268 990 par
4290 948 4362 986 an,
4387 938 4524 989 ayant
4544 935 4822 985 espérances.

3803 999 3886 1039 Lui
3905 998 4059 1039 écrire.
4082 998 4191 1039 Très
4210 995 4402 1039 sérieux.

3854 1088 3916 1129 La
3928 1085 4254 1127 combinaison
4275 1082 4492 1132 mariage
4514 1081 4694 1132 répond
4715 1080 4743 1122 à
4762 1091 4828 1122 nu

3803 1148 3966 1191 be&oin
3986 1147 4151 1190 social.

3858 1237 3976 1279 6155.
4010 1238 4399 1278 Haute-Garonne.
4426 1258 4480 1265 —
4506 1236 4598 1276 Fils
4640 1233 4826 1283 unique,

3806 1296 4080 1345 célibataire,
4106 1299 4158 1336 39
4182 1308 4278 1346 ans,
4306 1296 4444 1346 ayant
4467 1292 4694 1347 propriété
4719 1294 4831 1333 mai¬

3807 1371 3886 1400 son
3914 1359 3956 1399 et
3979 1358 4248 1406 économies,
4276 1356 4423 1397 désire
4464 1357 4654 1407 épouser
4694 1353 4830 1403 jeune

3807 1419 3900 1460 fille
3924 1419 3979 1460 de
4000 1419 4052 1459 25
4075 1418 4101 1457 à
4124 1419 4175 1458 38
4198 1428 4295 1467 ans,
4322 1415 4458 1466 ayant
4482 1416 4537 1458 de
4563 1417 4611 1456 15
4633 1412 4659 1452 à
4682 1414 4830 1452 20.000

3808 1479 3863 1519 fr.
3887 1479 3940 1520 de
3962 1478 4052 1519 dot.

3860 1566 3979 1604 6156.
4006 1563 4148 1603 Aude.
4169 1585 4223 1590 —
4247 1559 4547 1610 Propriétaire
4571 1557 4832 1601 viticulteur

3808 1623 3976 1664 certain
4035 1624 4130 1674 âge,
4206 1619 4552 1663 d’honorabilité
4621 1617 4830 1671 parfaite,

3807 1696 3932 1724 cœur
3955 1684 4196 1735 généreux,
4223 1682 4358 1731 jeune
4382 1680 4582 1730 d’esprit,
4607 1680 4663 1720 de
4686 1689 4832 1719 carac¬

3811 1744 3915 1792 tère,
3943 1744 3998 1786 de
4023 1743 4167 1783 forces
4191 1742 4454 1793 physiques,
4482 1742 4618 1790 ayant
4642 1748 4833 1779 revenus

3810 1806 3863 1845 de
3886 1806 3988 1844 3000
4012 1804 4067 1844 fr.
4094 1802 4239 1844 désire
4262 1803 4411 1843 entrer
4434 1811 4487 1841 en
4512 1800 4701 1840 relation
4727 1808 4833 1836 avec

3810 1863 4071 1904 demoiselle
4096 1875 4154 1903 ou
4179 1859 4312 1903 dame
4337 1872 4480 1903 veuve
4506 1860 4643 1910 ayant
4668 1856 4832 1910 capital

3810 1923 4067 1975 disponible
4095 1924 4151 1964 de
4181 1923 4327 1961 15.000
4355 1922 4411 1963 fr.

3864 2011 3982 2048 6157.
4004 2010 4142 2049 Tarn.
4160 2030 4214 2037 —
4234 2007 4491 2055 Négociant,
4512 2006 4563 2044 40
4580 2016 4676 2054 ans,
4699 2005 4835 2044 hono¬

3812 2067 3951 2116 rable,
3987 2068 4178 2116 sérieux,
4214 2066 4336 2113 actif,
4372 2067 4443 2107 bel
4476 2067 4674 2112 homme,
4710 2063 4835 2105 santé

3811 2128 4020 2180 parfaite,
4078 2130 4166 2170 très
4208 2127 4547 2178 sympathique,
4594 2122 4836 2174 possédant

3814 2190 3963 2228 30.000
3999 2188 4072 2235 fr.,
4112 2188 4216 2239 plus
4250 2197 4503 2227 commerce
4537 2184 4751 2236 prospère
4787 2184 4828 2223 et

3812 2247 3988 2296 ancien,
4020 2247 4288 2299 rapportant
4315 2247 4438 2287 5.000
4466 2246 4523 2285 fr.
4554 2244 4660 2291 l’an,
4691 2242 4837 2284 désire

3815 2308 4015 2356 mariage
4051 2319 4156 2348 avec
4188 2306 4450 2347 demoiselle
4483 2316 4539 2345 ou
4574 2302 4707 2345 dame
4740 2314 4836 2343 seu¬

3815 2369 3870 2418 le,
3899 2368 3988 2408 très
4030 2366 4131 2407 bien
4161 2367 4202 2408 et
4255 2366 4391 2415 ayant
4418 2363 4507 2405 dot.
4567 2362 4611 2403 Si
4640 2362 4836 2412 possible

3816 2427 4111 2471 musicienne,
4170 2424 4285 2466 mais
4342 2426 4519 2464 surtout
4573 2432 4655 2473 pas
4711 2423 4835 2468 sotte,

3816 2487 3983 2527 femme
4027 2484 4305 2531 d’intérieur,
4351 2484 4525 2523 aimant
4570 2491 4836 2523 commerce.

3817 2547 3862 2587 Si
3895 2546 4020 2597 plait,
4052 2543 4262 2595 qualités,
4295 2553 4393 2584 sera
4423 2552 4503 2592 pas
4533 2539 4755 2591 exigeant.

3870 2632 3987 2672 6158.
4020 2630 4294 2679 Cambodge.
4322 2652 4375 2657 —
4404 2630 4547 2668 Jeune
4578 2627 4761 2667 homme
4788 2627 4839 2665 27

3818 2702 3914 2739 ans,
3946 2690 4107 2742 grand,
4156 2690 4290 2737 brun,
4341 2687 4567 2740 physiqne
4615 2684 4838 2736 agréable,

3818 2750 4151 2792 fonctionnaire
4227 2747 4518 2796 Indo-Chine,
4582 2744 4842 2787 traitement

3817 2812 3940 2851 7.000
3970 2810 4044 2859 fr.,
4078 2808 4268 2850 brillant
4298 2808 4469 2855 avenir,
4502 2804 4747 2846 excellente
4779 2804 4842 2843 fa¬

3819 2869 3959 2919 mille,
3987 2869 4228 2910 recherche
4251 2879 4366 2919 pour
4390 2867 4592 2916 mariage
4615 2864 4751 2914 jeune
4776 2863 4843 2903 fil¬

3819 2931 3860 2971 le
3882 2930 3937 2971 de
3962 2932 4011 2971 18
4033 2930 4060 2971 à
4080 2931 4132 2970 24
4156 2939 4252 2976 ans,
4278 2928 4429 2970 bonne
4451 2924 4706 2975 éducation,
4732 2924 4842 2964 fem¬

3820 3003 3891 3031 me
3914 2988 4178 3031 d’intérieur
4202 2988 4339 3039 ayant
4360 2987 4555 3038 qualités
4578 2985 4632 3026 de
4655 2995 4779 3025 cœur
4802 2988 4844 3024 et

3822 3048 4019 3102 d’esprit.
4052 3050 4139 3090 Dot
4167 3047 4418 3088 nécessaire
4446 3058 4562 3098 pour
4591 3043 4759 3084 asseoir
4789 3043 4843 3084 si¬

3822 3109 3994 3150 tuation
4018 3109 4135 3150 dans
4154 3107 4344 3148 finance.
4370 3106 4580 3147 Timbrer
4603 3104 4628 3143 à
4648 3105 4673 3143 0
4696 3103 4750 3143 fr.
4776 3106 4840 3143 25.

3879 3204 3978 3247 Lire
4007 3214 4060 3244 en
4091 3206 4131 3242 4"
4162 3212 4274 3252 page
4306 3202 4344 3242 le
4374 3201 4574 3242 courrier
4603 3199 4841 3247 grapholo¬

3822 3267 3972 3315 gique.

3874 3359 3993 3397 6159.
4020 3357 4212 3396 Vendée.
4235 3379 4287 3384 —
4305 3355 4450 3396 Jeune
4471 3355 4655 3392 homme
4674 3354 4727 3392 30
4746 3363 4843 3398 ans,

3823 3416 4030 3458 moralité
4083 3415 4291 3467 parfaite,
4350 3415 4439 3455 très
4482 3412 4674 3463 sérieux,
4720 3411 4844 3452 avoir

3826 3479 3971 3516 10.000
4002 3476 4076 3524 fr.,
4107 3474 4365 3527 épouserait
4391 3475 4529 3524 jeune
4558 3472 4652 3514 fille
4682 3471 4846 3512 sérieu¬

3823 3548 3883 3584 se,
3908 3535 4122 3576 situation
4144 3547 4198 3576 en
4223 3535 4422 3586 rapport,
4447 3534 4672 3584 physique
4696 3531 4846 3581 agréa¬

3823 3596 3908 3636 ble.

3871 3681 3987 3722 6161,
4035 3679 4246 3720 Gironde.
4289 3679 4343 3718 —
4384 3678 4514 3727 Veuf,
4558 3679 4608 3719 50
4634 3687 4728 3724 ans,
4758 3687 4847 3716 em¬

3824 3740 3955 3791 ployé
3982 3740 4035 3780 de
4063 3740 4195 3779 l’Etat
4221 3739 4335 3779 dans
4360 3738 4534 3788 grande
4559 3735 4681 3784 ville,
4711 3735 4848 3786 ayant

3826 3799 3944 3839 droit
3970 3799 3995 3838 à
4022 3798 4202 3839 retraite
4228 3799 4283 3839 de
4324 3798 4447 3835 2.400
4474 3795 4547 3843 fr.,
4593 3794 4848 3845 épouserait

3825 3867 4062 3911 personne,
4087 3858 4167 3909 âge
4190 3858 4231 3898 et
4252 3855 4466 3897 situation
4488 3866 4542 3896 en
4565 3855 4764 3906 rapport.

3879 3944 3996 3985 6163.
4044 3944 4266 3992 Aveyron,
4294 3943 4348 3980 —
4375 3942 4504 3989 Veuf,
4550 3942 4601 3980 40
4644 3950 4740 3986 ans,
4786 3938 4848 3978 sé¬

3827 4006 3970 4054 rieux,
3999 4007 4023 4044 2
4064 4004 4246 4044 enfants
4289 4006 4334 4043 11
4363 4003 4404 4042 et
4430 4003 4454 4041 5
4496 4012 4591 4040 ans.
4623 3998 4847 4039 Situation

3827 4067 3946 4106 1.200
3968 4064 4023 4104 fr.
4050 4075 4131 4114 par
4156 4074 4212 4103 an
4236 4063 4278 4102 et
4301 4062 4399 4110 logé
4423 4063 4447 4099 à
4469 4062 4553 4099 vie.
4579 4057 4845 4099 Economies

3826 4127 3946 4165 4.000
3971 4124 4027 4164 fr.
4055 4120 4224 4172 Depuis
4245 4122 4298 4160 20
4323 4131 4404 4160 ans
4428 4117 4542 4160 dans
4566 4118 4714 4159 même
4765 4116 4846 4156 im¬

3826 4183 4056 4234 primerie.
4085 4178 4352 4232 Epouserait
4377 4175 4639 4219 demoiselle
4663 4190 4720 4218 ou
4746 4187 4850 4216 veu¬

3827 4254 3880 4284 ve
3903 4243 3959 4283 de
3978 4244 4028 4283 30
4050 4242 4075 4282 à
4096 4243 4147 4282 40
4170 4252 4266 4291 ans,
4291 4251 4395 4280 sans
4418 4236 4612 4285 enfants,
4638 4235 4847 4281 honnête,

3829 4303 4040 4351 dévouée,
4066 4303 4108 4342 et
4130 4299 4332 4352 pouvant
4355 4310 4403 4339 se
4423 4295 4648 4347 déplacer.

3884 4389 3999 4428 6164.
4024 4387 4363 4434 Hautes-Alpes.
4382 4407 4434 4411 —
4440 4381 4704 4423 Lieutenant
4724 4380 4848 4421 chas¬

3833 4456 3959 4487 seurs
3987 4446 4151 4496 alpins,
4179 4447 4231 4485 35
4258 4455 4355 4490 ans,
4386 4451 4491 4482 sans
4518 4440 4715 4490 fortune,
4743 4447 4851 4478 sans

3834 4504 4062 4551 relations,
4091 4504 4328 4545 éducation
4356 4502 4398 4542 et
4425 4499 4680 4550 réputation
4710 4495 4850 4539 excel¬

3835 4566 3989 4611 lentes,
4024 4562 4259 4604 désirerait
4291 4559 4491 4609 mariage
4549 4571 4655 4600 avec
4714 4558 4849 4608 jeune

3834 4626 3926 4666 fille
3950 4634 4004 4663 ou
4031 4632 4187 4671 veuve,
4212 4619 4484 4668 catholique,
4512 4619 4659 4659 bonne
4707 4614 4847 4660 santé,

3835 4685 3923 4732 dot,
3955 4680 4169 4723 situation
4199 4683 4239 4723 et
4268 4676 4506 4722 éducation
4535 4690 4587 4718 en
4647 4672 4847 4727 rapport,

3834 4743 3964 4795 goûts
3991 4739 4191 4790 simples,
4221 4737 4398 4780 famille
4422 4737 4683 4779 honorable.
4739 4732 4851 4772 Très

3835 4801 4027 4844 sérieux.

3887 4885 4004 4928 6167.
4044 4885 4487 4924 Lot-et-Garonne.—
4507 4878 4852 4922 Fonctionnaire

3838 4947 3951 4995 Etat,
3984 4943 4107 4993 veuf,
4140 4946 4191 4984 40
4222 4956 4317 4992 ans,
4352 4940 4454 4980 bien
4487 4952 4591 4983 sous
4622 4941 4722 4982 tous
4752 4948 4852 4996 rap¬

3836 5006 3974 5056 ports,
4003 5002 4261 5044 traitement
4284 5003 4407 5043 2.000
4434 4999 4507 5047 fr.,
4534 5011 4640 5041 avec
4667 5007 4852 5039 avance¬

3839 5066 3976 5114 ment,
4014 5062 4268 5113 épouserait
4304 5058 4564 5103 demoiselle
4599 5071 4656 5100 ou
4692 5064 4848 5103 veuve,

3837 5136 3942 5166 sans
3963 5120 4160 5169 enfants,
4184 5122 4239 5161 de
4259 5124 4310 5161 34
4332 5122 4358 5160 à
4378 5120 4430 5159 38
4453 5130 4549 5167 ans,
4574 5118 4711 5170 ayant
4759 5114 4848 5154 dot.

3839 5183 4003 5224 Inutile
4023 5179 4059 5221 si
4080 5191 4160 5230 pas
4180 5180 4370 5221 sérieux.

3890 5267 4008 5310 6171.
4057 5267 4473 5307 Lot-et-Garonne.
4519 5287 4573 5294 —
4622 5259 4853 5303 Monsieur

3839 5327 4028 5376 abonné,
4054 5335 4158 5365 sans
4179 5335 4396 5367 annonce.

3890 5411 4008 5454 6172.
4059 5411 4448 5451 Haute-Garonne.
4468 5429 4523 5436 —
4567 5403 4851 5452 Célibataire,

3838 5475 3887 5514 60
3907 5482 4002 5519 ans,
4024 5468 4214 5510 d’allure
4232 5470 4336 5522 plus
4354 5467 4504 5518 jeune,
4526 5467 4636 5516 seul,
4659 5464 4851 5512 sérieux,

3839 5532 3923 5572 bon
3942 5528 4180 5576 caractère,
4198 5529 4334 5580 ayant
4347 5527 4601 5567 économies
4617 5524 4762 5566 10.000
4777 5522 4851 5571 fr.,

3840 5591 3986 5634 rentes
4016 5590 4135 5628 1.000
4165 5586 4220 5628 fr.
4252 5588 4356 5635 l’an,
4391 5583 4535 5627 désire
4567 5586 4775 5638 partager
4806 5592 4855 5622 sa

3839 5648 4031 5692 solitude
4054 5658 4159 5687 avec
4180 5644 4440 5688 demoiselle
4463 5656 4519 5685 ou
4542 5647 4675 5686 dame
4695 5653 4850 5691 veuve,

3839 5706 4100 5755 honorable,
4128 5716 4235 5747 avec
4259 5719 4315 5748 ou
4343 5714 4447 5744 sans
4472 5703 4667 5752 enfants,
4695 5699 4855 5754 petites

3839 5770 4000 5811 rentes.
4025 5765 4080 5807 Se
4100 5763 4387 5816 déplacerait.

3887 5853 4004 5895 6174.
4038 5851 4178 5892 Aude.
4204 5875 4258 5880 —
4290 5848 4520 5891 Monsieur
4547 5847 4722 5891 abonné
4750 5856 4853 5886 sans

3835 5923 4051 5955 annonce.

3887 5997 3991 6040 6175
4032 5996 4156 6036 Gers.
4179 6020 4234 6028 —
4255 5994 4386 6042 Veuf,
4411 5995 4460 6036 42
4482 6007 4578 6040 ans,
4630 5992 4852 6046 régisseur

3835 6058 3995 6112 depuis
4019 6058 4067 6096 10
4087 6068 4168 6099 ans
4190 6058 4303 6099 dans
4326 6055 4472 6096 même
4494 6053 4735 6107 propriété,
4786 6062 4854 6092 ca¬

3836 6120 4004 6162 ractère
4025 6115 4147 6158 doux
4168 6118 4210 6159 et
4231 6117 4319 6167 gai,
4342 6115 4598 6164 épouserait
4618 6111 4853 6155 demoisel¬

3835 6179 3874 6221 le
3899 6191 3956 6221 ou
3982 6187 4138 6228 veuve,
4167 6177 4304 6230 ayant
4356 6174 4443 6214 bon
4470 6186 4608 6223 cœur,
4664 6179 4770 6213 avec
4795 6183 4852 6212 ou

3834 6250 3939 6279 sans
3959 6236 4050 6286 dot,
4073 6235 4155 6288 âge
4175 6234 4450 6278 indifférent.

3887 6317 4004 6360 6178.
4032 6316 4274 6359 Toulouse.
4299 6338 4351 6344 —
4378 6314 4608 6356 Monsieur
4660 6311 4850 6362 abonné,

3833 6390 3939 6420 sans
3956 6386 4198 6419 annonces.

3886 6462 4003 6504 6179.
4063 6462 4448 6503 Lot-et-Garonne.
4476 6484 4527 6490 —
4555 6462 4698 6501 Jeune
4728 6455 4852 6496 hom¬

3835 6524 3920 6573 me,
3946 6523 3999 6562 32
4023 6531 4118 6571 ans,
4145 6520 4300 6570 blond,
4327 6519 4417 6559 très
4456 6519 4559 6562 bien
4612 6513 4852 6570 physique¬

3835 6583 3972 6630 ment,
4028 6580 4328 6624 honorabilité
4376 6579 4584 6629 parfaite,
4641 6575 4852 6625 indépen¬

3834 6644 3957 6691 dant,
3987 6640 4112 6682 avoir
4138 6643 4287 6683 80.000
4314 6637 4387 6686 fr.,
4416 6640 4575 6680 autant
4599 6634 4852 6686 d’espéran¬

3834 6715 3919 6753 ces,
3948 6702 4203 6752 épouserait
4230 6698 4488 6742 demoiselle
4515 6695 4771 6746 catholique
4799 6696 4852 6737 de
