5201 7168
2567 340 2639 379 LE
2669 342 2844 383 TRAIT
2884 346 3130 391 D'UNION

671 439 722 478 50
744 438 771 478 à
792 440 844 479 70
868 450 950 481 ans
976 437 1139 488 (même
1163 436 1419 490 souffrant),
1447 436 1563 479 mais
1586 435 1690 478 bien

670 498 793 538 élevé
815 499 858 539 et
878 499 1072 539 honnête
1094 499 1293 539 homme.
1319 497 1429 538 Irait
1451 495 1693 548 n’importe

671 556 743 596 où.
772 556 883 598 Très
908 555 1102 596 sérieux.

719 624 839 664 6170.
869 623 1290 664 Seine-Inférieure.
1318 625 1371 662 —
1415 623 1688 663 Institutrice

668 682 783 732 Etat,
814 686 864 723 25
890 695 987 732 ans,
1019 683 1166 726 bonne
1194 683 1335 733 santé,
1365 684 1454 724 très
1480 682 1595 734 gaie,
1626 682 1688 722 fa¬

668 742 796 783 mille
826 742 1089 792 honorable,
1122 743 1400 795 espérances,
1434 739 1691 795 épouserait

668 800 1000 844 fonctionnaire
1018 802 1191 854 grande
1210 802 1318 844 ville
1336 802 1464 844 ouest
1507 814 1564 843 ou
1586 799 1688 842 sud-

668 861 809 902 ouest.

687 926 690 933 '
717 929 835 969 6176.
860 930 1104 970 Toulouse.
1125 952 1179 958 —
1203 931 1356 976 Dame,
1381 939 1524 970 veuve
1547 926 1687 968 d’offi¬

666 988 755 1028 cier
786 986 1071 1037 ministériel,
1102 990 1152 1028 38
1183 999 1279 1036 ans,
1311 987 1448 1036 seule,
1481 999 1587 1028 sans
1616 998 1688 1027 en¬

667 1046 803 1096 fants,
842 1049 978 1099 ayant
1015 1047 1191 1088 maison
1227 1060 1279 1088 en
1317 1047 1438 1096 ville,
1479 1056 1684 1095 revenus,

666 1106 840 1148 aimant
864 1107 936 1148 vie
960 1107 1120 1155 calme,
1148 1106 1294 1148 désire
1320 1108 1511 1159 épouser
1564 1118 1689 1148 mon¬

666 1166 786 1206 sieur
808 1166 862 1207 de
884 1167 936 1207 50
958 1167 983 1207 à
1004 1168 1055 1206 60
1076 1177 1172 1215 ans,
1199 1166 1466 1218 intelligent,
1492 1166 1684 1216 sérieux,

666 1226 803 1278 ayant
824 1226 973 1267 bonne
995 1225 1224 1267 situation-

718 1298 835 1337 6177.
868 1296 1258 1338 Haute-Garonne.
1285 1320 1339 1327 —
1368 1299 1522 1346 Dame,
1554 1298 1688 1339 abon¬

667 1356 763 1407 née,
788 1367 894 1398 sans
916 1367 1135 1399 annonce.

720 1427 862 1468 Toute
888 1428 1015 1467 lettre
1039 1428 1204 1468 devant
1227 1428 1319 1468 être
1342 1428 1586 1469 transmise
1611 1436 1691 1476 par

668 1488 731 1528 les
748 1488 872 1528 soins
892 1488 944 1529 de
966 1490 1008 1528 la
1029 1488 1255 1528 Direction
1276 1491 1318 1528 et
1336 1499 1391 1530 ne
1411 1491 1592 1537 portant
1611 1498 1692 1538 pas

667 1548 706 1591 le
731 1556 838 1588 nom
862 1547 915 1588 de
942 1547 1235 1596 l’expéditeur
1256 1558 1358 1588 sera
1380 1547 1590 1588 détruite.

717 1620 836 1659 6184.
862 1619 1107 1660 Toulouse.
1127 1620 1181 1658 —
1207 1618 1490 1668 Demoiselle,
1515 1621 1567 1660 30
1589 1629 1685 1668 ans,

663 1678 876 1728 sérieuse,
914 1677 1068 1729 douce,
1110 1678 1212 1719 bien
1250 1678 1412 1727 élevée,
1454 1678 1695 1718 excellente

664 1738 963 1792 musicienne,
998 1739 1224 1792 physique
1259 1739 1484 1792 agréable,
1520 1739 1688 1780 femme

664 1799 943 1849 d’intérieur,
975 1801 1107 1851 goûts
1138 1800 1340 1852 simples,
1372 1801 1510 1851 ayant
1538 1811 1594 1841 eu
1624 1811 1687 1840 re¬

663 1871 766 1900 vers
790 1858 845 1901 de
871 1859 1068 1909 fortune,
1123 1859 1268 1900 désire
1320 1861 1511 1911 épouser
1564 1871 1688 1900 mon¬

664 1919 800 1967 sieur,
834 1919 1101 1960 sentiments
1131 1919 1366 1971 religieux,
1399 1920 1480 1971 âge
1510 1919 1684 1969 assorti,

664 1978 871 2031 employé
899 1990 956 2019 ou
986 1978 1332 2028 fonctionnaire,
1362 1978 1498 2031 ayant
1552 1980 1688 2020 situa¬

664 2037 758 2079 tion
779 2039 898 2079 sûre.

717 2098 835 2139 6186.
892 2098 1104 2138 Gironde.
1155 2122 1208 2127 —
1259 2096 1527 2140 Demoiselle
1579 2097 1692 2138 dans

664 2168 713 2199 sa
738 2158 928 2207 famille,
954 2159 1006 2198 32
1028 2170 1126 2208 ans,
1152 2159 1288 2211 ayant
1311 2159 1388 2200 dot
1414 2160 1559 2199 10.000
1611 2159 1684 2208 fr.,

663 2217 920 2268 épouserait
938 2218 1171 2259 monsieur
1191 2219 1328 2270 ayant
1347 2218 1561 2259 situation
1580 2218 1688 2259 ville

663 2286 720 2319 ou
742 2287 1008 2328 campagne.

716 2338 822 2377 6187
866 2335 1294 2387 Hautes-Pyrénées.
1343 2362 1396 2367 —
1420 2339 1584 2387 Veuve,
1638 2339 1688 2377 46

664 2406 760 2447 ans,
786 2396 840 2439 de
862 2396 951 2439 très
974 2397 1123 2439 bonne
1146 2397 1336 2448 famille,
1360 2398 1547 2449 grande,
1602 2397 1687 2438 dis¬

663 2456 860 2508 tinguée,
886 2456 967 2507 joli
1019 2456 1260 2509 physique,
1314 2456 1482 2498 femme
1532 2457 1688 2499 d’inté¬

663 2516 801 2566 rieur,
837 2516 927 2558 très
960 2518 1308 2568 commerçante,
1344 2518 1491 2558 désire
1522 2528 1687 2558 corres¬

663 2576 838 2628 pondre
862 2587 968 2617 avec
991 2576 1225 2618 monsieur
1272 2579 1579 2628 commerçant,
1630 2588 1684 2618 ou

663 2635 1011 2687 fonctionnaire,
1040 2636 1234 2687 sérieux,
1263 2636 1474 2687 honnête,
1503 2638 1687 2680 homme

663 2695 717 2738 de
739 2707 879 2736 cœur.

718 2755 836 2799 6188,
868 2752 1287 2806 Basses-Pyrénées.
1394 2756 1514 2798 Belle
1554 2756 1691 2804 jeune

664 2810 763 2850 fille
786 2811 834 2851 18
856 2821 952 2860 ans,
978 2808 1203 2860 instruite,
1227 2808 1331 2852 bien
1354 2810 1516 2858 élevée,
1542 2808 1691 2850 famil¬

663 2862 707 2906 le
733 2863 997 2912 honorable,
1023 2863 1166 2915 petite
1193 2863 1285 2911 dot,
1315 2862 1455 2904 belles
1483 2864 1691 2915 espéran¬

664 2926 750 2966 ces,
807 2916 1065 2968 épouserait
1120 2916 1430 2967 commerçant
1486 2927 1543 2958 ou
1602 2927 1691 2957 em¬

663 2970 797 3022 ployé
823 2970 1018 3021 sérieux,
1047 2972 1099 3011 26
1124 2971 1151 3010 à
1176 2972 1227 3011 30
1254 2982 1350 3020 ans,
1379 2971 1516 3021 ayant
1543 2970 1691 3011 bonne

663 3023 895 3064 situation.

714 3078 832 3129 620Y.
856 3076 1098 3119 Toulouse.
1116 3100 1172 3106 —
1191 3079 1343 3119 Veuve
1361 3076 1498 3127 seule,
1520 3079 1571 3117 43
1592 3087 1688 3127 ans,

661 3137 822 3188 brune,
851 3136 967 3179 belle
994 3136 1178 3188 femme,
1207 3138 1359 3179 bonne
1383 3136 1572 3186 famille,
1603 3135 1690 3177 dis¬

662 3196 858 3248 tinguée,
891 3197 1179 3247 affectueuse,
1212 3196 1499 3246 instruction,
1531 3198 1690 3239 éduca¬

660 3255 754 3296 tion
780 3256 1012 3308 parfaites,
1043 3259 1163 3298 1.200
1188 3256 1339 3298 francs
1365 3257 1420 3298 de
1445 3256 1598 3298 rentes
1619 3258 1689 3296 sû¬

660 3327 747 3366 res,
776 3318 899 3357 8.000
928 3316 984 3358 fr.
1015 3316 1182 3368 capital
1211 3316 1254 3359 et
1281 3316 1514 3366 intérieur,
1544 3316 1690 3358 désire

660 3377 852 3428 épouser
887 3375 1220 3419 fonctionnaire
1269 3372 1451 3417 rétraité
1499 3387 1557 3417 ou
1590 3387 1689 3427 pro¬

659 3435 875 3488 priétaire
922 3436 1059 3488 ayant
1092 3435 1379 3486 instruction,
1431 3436 1687 3486 éducation,

659 3490 891 3545 situation,
914 3496 996 3547 âge
1015 3506 1071 3537 en
1091 3495 1291 3550 rapport.
1317 3497 1428 3538 Très
1449 3495 1642 3538 sérieux.

711 3555 831 3596 6203.
871 3555 1146 3606 Perpignan.
1196 3557 1251 3595 —
1284 3557 1452 3607 Veuve,
1488 3558 1540 3596 50
1590 3567 1685 3606 ans,

659 3615 821 3665 brune,
857 3615 947 3657 bon
981 3616 1219 3666 caractère,
1257 3616 1467 3666 sérieuse,
1504 3615 1690 3656 catholi¬

659 3686 762 3727 que,
791 3675 1059 3718 sentiments
1084 3675 1319 3728 religieux,
1350 3676 1487 3727 ayant
1511 3678 1588 3716 800
1630 3675 1684 3716 fr.

659 3746 854 3776 revenus
874 3735 917 3778 et
935 3736 1216 3787 espérances,
1239 3735 1467 3776 demande
1487 3735 1690 3786 mariage

660 3804 768 3835 avec
788 3795 1022 3836 monsieur
1046 3795 1287 3837 d’environ.
1303 3798 1354 3836 60
1376 3807 1472 3846 ans,
1496 3795 1608 3845 seul,
1635 3795 1688 3836 si¬

659 3854 834 3896 tuation
859 3866 915 3895 en
938 3855 1140 3907 rapport.

711 3915 830 3955 6204.
858 3915 1100 3955 Toulouse.
1124 3939 1178 3944 —
1204 3915 1486 3964 Demoiselle,
1513 3917 1564 3956 23
1590 3926 1684 3964 aps,

658 3974 910 4024 orpheline,,
935 3974 1116 4024 blonde,
1140 3974 1264 4026 jolie,
1289 3975 1587 4026 musicienne,
1611 3975 1690 4016 dot

658 4034 806 4073 50.000
839 4032 1006 4083 francs,
1040 4033 1186 4076 désire
1218 4035 1408 4086 épouser
1455 4034 1687 4076 monsieur

659 4091 715 4133 de
735 4093 787 4132 28
811 4092 836 4134 à
858 4094 909 4132 35
932 4104 1028 4143 ans,
1055 4092 1175 4144 bien,
1202 4092 1395 4143 sérieux,
1422 4095 1559 4147 ayant
1579 4095 1687 4136 bon¬

658 4162 715 4192 ne
742 4150 972 4194 situation.

711 4212 828 4251 6205.
859 4211 1102 4252 Marseille.
1126 4215 1180 4252 —
1207 4215 1360 4262 Dame,
1387 4215 1438 4254 34
1462 4225 1556 4263 ans,
1583 4226 1686 4255 veu¬

658 4282 711 4313 ve
743 4282 850 4311 sans
879 4271 1086 4321 enfants,’
1125 4272 1428 4315 honorabilité
1475 4274 1683 4326 parfaite,

658 4329 761 4370 bien
792 4341 899 4371 sous
928 4331 1028 4371 tous
1059 4331 1123 4371 les
1167 4332 1392 4383 rapports,
1439 4332 1688 4374 excellente

658 4387 847 4438 famille,
880 4389 991 4439 jolie
1018 4390 1108 4440 dot,
1142 4391 1399 4443 épouserait
1427 4392 1686 4432 célibataire

656 4459 713 4488 ou
748 4448 855 4488 veuf
904 4448 1096 4498 sérieux,
1150 4450 1366 4491 situation
1415 4452 1596 4492 assurée
1645 4452 1687 4493 et

657 4505 839 4547 homme
863 4506 918 4547 de
939 4518 1074 4548 cœur.

708 4580 766 4619 Le
792 4579 927 4620 Trait
940 4579 1139 4622 d’Uiiion
1159 4582 1271 4629 peut
1283 4580 1385 4622 être
1406 4580 1555 4631 copié,
1572 4583 1608 4623 il
1630 4591 1689 4623 ue

651 4632 810 4674 craint
836 4643 919 4684 pas
939 4635 1010 4675 les
1031 4634 1323 4678 imitateurs.

707 4707 825 4748 6207.
851 4708 1106 4750 Toulouse.
1124 4731 1172 4737 —
1194 4710 1493 4757 Demoiselle,
1516 4714 1565 4750 39
1590 4722 1684 4760 ans,

647 4768 750 4809 bien
783 4780 891 4810 sous
920 4774 1019 4810 tous
1046 4772 1110 4811 les
1139 4776 1359 4822 rapports,
1393 4773 1684 4824 musicienne,

648 4830 809 4872 femme
828 4831 1100 4882 d'intérieur,
1123 4834 1196 4875 dot
1218 4834 1363 4875 10.000
1382 4827 1419 4874 fr
1441 4867 1451 4884 ,
1475 4835 1687 4875 mobilier

647 4891 702 4933 de
728 4895 871 4935 même
902 4896 1071 4944 valeur,
1102 4895 1306 4936 habitant
1334 4909 1440 4938 avec
1470 4908 1520 4937 sa
1550 4908 1683 4948 sœur,

652 4966 809 5006 veuve,
834 4958 971 5008 ayant
990 4955 1221 5007 situation,
1244 4959 1287 4999 et
1306 4971 1386 5000 son
1406 4962 1515 5012 père
1531 4962 1680 5012 possé¬

651 5014 763 5055 dant
786 5018 908 5058 4.500
934 5016 988 5058 fr.
1016 5018 1142 5059 rente
1166 5019 1360 5070 viagère,
1415 5019 1562 5063 désire
1587 5032 1680 5062 ma¬

652 5075 776 5127 riage
795 5088 902 5117 avec
920 5078 1153 5119 monsieur
1171 5079 1224 5119 de
1243 5082 1294 5120 45
1312 5080 1338 5120 à
1356 5082 1407 5120 50
1424 5092 1520 5130 ans,
1543 5083 1679 5132 ayant

651 5135 819 5186 emploi
847 5148 906 5178 ou
935 5147 1192 5180 ressources
1217 5140 1540 5190 personnelles.

704 5196 822 5239 6212.
852 5198 908 5237 —
936 5199 1220 5248 Demoiselle,
1253 5198 1304 5240 40
1334 5211 1430 5250 ans,
1488 5202 1675 5252 grande,

650 5253 920 5307 distinguée,
948 5258 1220 5310 catholique,
1249 5260 1474 5302 caractère
1499 5262 1588 5303 très
1614 5262 1675 5302 af¬

651 5313 876 5366 fectueux,
907 5317 1038 5369 goûts
1067 5319 1306 5370 modestes,
1339 5320 1415 5362 dot
1440 5323 1590 5362 26.000
1618 5322 1672 5363 fr.

650 5376 808 5426 argent
835 5377 876 5418 et
904 5377 1190 5428 immeubles,
1220 5380 1446 5423 demande
1474 5382 1675 5434 mariage

649 5434 871 5486 religieux
903 5447 1010 5479 avec
1042 5438 1374 5482 fonctionnaire
1432 5454 1490 5483 ou
1551 5455 1676 5483 mon¬

648 5496 771 5536 sieur
794 5496 850 5538 de
872 5498 924 5538 40
947 5498 974 5539 à
996 5500 1047 5539 55
1072 5511 1168 5551 ans,
1198 5502 1335 5552 ayant
1359 5502 1588 5544 situation.
1619 5503 1675 5544 Se

648 5554 938 5606 déplacerait.

700 5616 819 5656 6214.
859 5618 1249 5662 Haute-Garonne.
1297 5646 1351 5651 —
1402 5623 1674 5665 Institutrice

647 5672 763 5724 Etat,
792 5678 844 5716 24
874 5688 969 5727 ans,
1000 5675 1104 5720 bien
1159 5681 1526 5733 physiquement,
1558 5683 1675 5725 belle

646 5730 830 5787 femme,
860 5735 1020 5787 brune,
1048 5738 1164 5791 petit
1186 5743 1356 5791 avenir,
1410 5742 1555 5785 désire
1581 5755 1673 5784 ma¬

647 5792 770 5844 riage
795 5807 900 5837 avec
924 5798 1060 5847 jeune
1085 5800 1270 5843 homme
1294 5802 1348 5843 de
1372 5804 1423 5843 25
1448 5804 1474 5843 à
1499 5805 1550 5844 35
1574 5815 1670 5854 ans,

644 5853 854 5907 employé
881 5855 1310 5901 d’administration.

698 5915 815 5955 6216.
848 5917 1131 5970 Demoiselle,
1159 5922 1211 5960 24
1235 5932 1330 5970 ans,
1358 5922 1451 5964 fille
1475 5923 1531 5966 de
1554 5935 1672 5964 com¬

644 5975 873 6024 merçants
891 5987 946 6016 en
966 5988 1084 6028 gros,
1108 5979 1233 6020 taille
1256 5983 1274 6019 1
1297 5992 1358 6022 m.
1382 5983 1447 6031 60,
1470 5983 1667 6032 châtain,

644 6032 855 6084 sérieuse.,
919 6036 1188 6091 distinguée,
1251 6040 1547 6093 musicienne,
1584 6043 1671 6084 ins¬

643 6091 794 6144 truite,
818 6095 975 6138 brevet
994 6099 1246 6150 supérieur,
1271 6103 1409 6152 ayant
1430 6103 1508 6143 dot
1526 6114 1584 6144 ou
1607 6115 1670 6146 es¬

644 6152 862 6203 pérances
924 6158 1052 6200 sûres
1086 6160 1235 6199 50.000
1272 6159 1346 6210 fr.,
1410 6162 1666 6214 épouserait

643 6214 890 6264 monsieur,
912 6215 995 6268 âge
1013 6219 1057 6260 et
1073 6219 1290 6261 situation
1309 6233 1364 6262 en
1385 6224 1585 6274 rapport.

695 6275 812 6315 6217.
876 6276 1267 6320 Haute-Garonne.
1298 6305 1352 6310 —
1384 6283 1666 6334 Demoiselle,

641 6332 690 6372 41
715 6344 812 6383 ans,
838 6336 1097 6387 paraissant
1118 6338 1224 6390 plus
1245 6340 1396 6394 jeune,
1424 6344 1670 6385 excellente

643 6389 811 6435 femme
847 6394 1126 6446 d’intérieur,
1166 6399 1394 6451 économe,
1432 6402 1658 6454 instruite,

640 6450 716 6492 dot
742 6454 864 6494 5.000
889 6454 943 6496 fr.
993 6468 1051 6499 en
1077 6459 1271 6511 espèces,
1299 6462 1380 6511 joli
1431 6464 1667 6507 trousseau

639 6511 682 6552 et
704 6511 866 6563 petites
891 6518 1156 6568 espérances
1183 6522 1324 6571 sûres,
1354 6522 1666 6567 désire's’unir

637 6568 664 6610 à
688 6574 922 6616 monsieur
945 6576 1205 6622 célibataire
1230 6593 1288 6623 ou
1311 6583 1435 6634 veuf,
1463 6596 1568 6626 sans
1593 6596 1667 6626 en¬

638 6627 774 6682 fants,
802 6636 940 6687 ayant
964 6638 1179 6681 situation
1207 6643 1402 6684 assurée.
1434 6644 1490 6686 Se
1514 6643 1665 6696 dépla¬

636 6692 788 6732 cerait.

1828 432 1947 472 6219.
1980 431 2303 474 Deux-Sèvres.
2330 457 2384 462 —
2412 435 2694 486 Demoiselle,
2751 439 2802 477 32

1777 502 1872 542 ans,
1899 491 2047 531 bonne
2072 492 2418 545 famille,-goûts
2442 495 2800 548 simples,-gran¬

1775 550 1844 600 de,
1879 551 2040 601 brune,
2103 552 2239 603 ayant
2271 551 2500 608 situation,
2563 554 2799 598 désirerait

1775 611 2100 664 correspondre
2126 624 2232 654 avec
2284 614 2517 656 monsieur
2543 615 2597 656 de
2622 617 2674 655 35
2699 616 2724 656 à
2749 618 2799 656 45

1775 683 1871 720 ans,
1901 671 2231 715 fonctionnaire
2259 674 2312 716 de
2338 674 2612 726 préférence.

1828 734 1946 774 6225.
1979 734 2368 775 Haute-Garonne.
2394 759 2448 764 —
2475 738 2616 776 Dame
2639 746 2795 783 veuve,

1776 791 1955 840 blonde,
1999 794 2050 831 45
2075 804 2170 841 ans,
2214 793 2439 844 physique
2480 795 2703 846 agréable,
2731 807 2799 835 ca¬

1776 851 1946 892 ractère
1972 851 2092 892 doux
2120 852 2164 892 et
2188 852 2457 902 affectueux,
2488 855 2624 903 ayant
2651 866 2705 896 eu
2735 867 2798 894 re¬

1775 921 1890 958 vers,
1920 911 2164 961 possédant
2215 912 2375 962 petites
2428 914 2698 964 économies,
2727 916 2798 955 de¬

1777 970 1942 1012 mande
1969 971 2172 1020 mariage
2198 983 2253 1011 ou
2280 972 2408 1023 place
2436 973 2490 1013 de
2516 983 2799 1023 gouvernan¬

1776 1027 1816 1070 te
1850 1028 1956 1068 chez
1991 1029 2223 1071 monsieur
2257 1042 2314 1071 ou
2347 1031 2480 1074 dame
2514 1033 2650 1074 seule.
2689 1034 2818 1074 Très,

1776 1087 1968 1127 sérieux.

1830 1147 1946 1187 6226.
1978 1147 2218 1191 Toulouse.
2245 1173 2299 1178 —
2327 1150 2595 1192 Demoiselle
2622 1154 2673 1192 45
2699 1164 2795 1200 ans,

1773 1206 1913 1253 seule,
1943 1207 2090 1248 bonne
2143 1211 2490 1259 commerçante,
2544 1211 2683 1263 petite
2706 1214 2795 1260 clôt,

1775 1265 1921 1306 désire
1946 1267 2136 1316 épouser
2162 1267 2395 1308 monsieur
2419 1269 2486 1320 de.
2498 1272 2551 1311 50
2574 1271 2600 1311 à
2623 1274 2674 1311 55
2699 1282 2794 1319 ans,

1776 1324 1898 1371 veuf,
1930 1336 2034 1367 sans
2062 1327 2242 1370 enfants
2270 1339 2328 1371 ou
2356 1328 2631 1380 célibataire,
2663 1331 2799 1383 ayant

1778 1382 2007 1424 situation.

1830 1444 1946 1484 6227.
1984 1444 2225 1488 Toulouse.
2259 1471 2313 1476 —
2348 1447 2615 1491 Demoiselle
2663 1450 2798 1490 abon¬

1776 1503 1857 1544 née
1883 1514 1991 1544 sans
2012 1515 2230 1546 annonce.

1828 1563 1946 1602 6229.
1984 1563 2235 1604 Bordeaux.
2294 1587 2348 1594 —
2408 1567 2690 1617 Demoiselle,
2747 1571 2798 1608 45

1777 1631 1873 1670 ans,
1903 1622 2051 1672 noble,
2077 1623 2275 1672 grandes
2300 1626 2509 1676 qualités,
2539 1624 2642 1668 bien
2670 1627 2725 1670 de
2751 1639 2801 1668 sa

1775 1691 2012 1731 personne,
2044 1682 2192 1725 bonne
2220 1683 2517 1734 musicienne,
2547 1687 2624 1727 dot
2650 1688 2798 1728 22.000

1777 1738 1832 1779 fr.
1866 1739 1953 1780 bon
1986 1742 2223 1792 caractère,
2282 1743 2538 1795 épouserait
2566 1747 2799 1787 monsieur

1776 1799 1856 1848 âge
1885 1799 2059 1848 assorti,
2091 1801 2363 1852 catholique,
2395 1803 2495 1844 titré
2523 1816 2581 1846 ou
2609 1806 2666 1846 de
2692 1807 2798 1846 bon¬

1776 1869 1832 1900 ne
1860 1857 2048 1905 famille,
2078 1859 2339 1904 célibataire
2363 1875 2420 1903 ou
2448 1863 2555 1905 veuf
2582 1866 2718 1916 ayant
2744 1875 2799 1906 si¬

1776 1916 1966 1958 tuation.

1828 1978 1946 2017 6231.
1984 1978 2236 2020 Bordeaux.
2291 2002 2345 2008 —
2404 1983 2686 2032 Demoiselle,
2747 1987 2799 2024 28

1778 2046 1872 2085 ans,
1932 2037 2203 2090 catholique,
2262 2039 2365 2080 bien
2395 2042 2558 2092 élevée,
2615 2042 2796 2094 blonde,

1774 2094 1973 2145 gentille,
2008 2096 2295 2148 affectueuse,
2330 2102 2467 2150 ayant
2496 2101 2631 2152 petite
2662 2104 2796 2144 situa¬

1778 2153 1886 2203 tion,
1942 2156 2199 2206 épouserait
2251 2159 2484 2200 monsieur
2538 2161 2592 2202 de
2619 2163 2671 2203 30
2696 2164 2722 2203 à
2748 2164 2799 2203 35

1775 2223 1871 2262 ans,
1907 2213 2238 2259 fonctionnaire
2271 2230 2327 2260 ou
2362 2222 2567 2272 employé
2602 2221 2795 2271 sérieux,

1778 2273 2016 2315 Bordeaux
2040 2274 2094 2316 de
2117 2276 2392 2327 préférence.

1834 2343 1892 2383 Ne
1920 2342 2127 2383 déchirez
2152 2355 2232 2393 pas
2256 2356 2303 2386 ce
2328 2346 2526 2395 journal.
2558 2350 2798 2389 Donnez-Ie

1775 2399 1803 2440 à
1823 2411 1901 2443 vos
1924 2402 2055 2442 amis.

1910 2536 2120 2607 MA
2136 2538 2490 2613 RIAG
2504 2542 2668 2613 ES

1830 2666 1894 2706 En
1923 2667 2087 2708 février
2115 2670 2223 2711 trois
2251 2671 2478 2724 mariages
2503 2676 2603 2715 sont
2628 2687 2798 2716 annon¬

1775 2727 1845 2767 cés
1871 2726 1896 2766 à
1922 2727 1964 2767 la
1992 2727 2232 2771 Direction-
2262 2731 2496 2774 Meilleurs
2522 2746 2671 2776 vœux.

2539 2794 2578 2834 J.
2604 2795 2743 2835 Bach.

1835 2928 2249 3001 PENSÉES
2311 2934 2739 3005 INÉDITES

1819 3068 1919 3100 Sous
1940 3076 1982 3102 ce
2004 3065 2095 3104 titre
2116 3078 2215 3104 nous
2238 3072 2464 3107 insérerons
2484 3075 2798 3115 gracieusement

1776 3107 1845 3141 des
1875 3110 2040 3148 phrases
2071 3114 2236 3151 courtes,
2269 3106 2540 3155 personnelles
2571 3118 2607 3150 et
2637 3122 2798 3159 n’ayant

1775 3149 1919 3188 jamais
1950 3152 2008 3184 ôté
2039 3153 2228 3193 publiées.

2099 3215 2233 3250 Parler
2258 3218 2311 3251 est
2337 3214 2436 3259 bien,

2096 3263 2235 3298 Penser
2260 3267 2311 3301 est
2340 3263 2484 3307 mieux,

2098 3307 2194 3355 Agir
2219 3312 2271 3347 est
2300 3314 2396 3347 tout.

1923 3399 1931 3411 ,
2136 3387 2147 3399 •
2232 3378 2340 3407 o©->

1894 3439 2058 3487 L’esprit
2079 3446 2131 3479 est
2152 3442 2360 3490 la,parure
2380 3444 2424 3483 de
2446 3445 2722 3494 l’intelligence.

1852 3554 2166 3630 ABONNÉS
2228 3567 2330 3632 ET'
2368 3566 2716 3637 LECTEURS

2090 3643 2219 3684 Lisez
2250 3644 2359 3686 bien
2388 3646 2487 3688 ceei

1827 3702 1968 3744 Toute
1991 3714 2215 3755 personne
2239 3707 2315 3758 qui
2340 3719 2584 3759 procurera
2608 3711 2632 3751 à
2658 3710 2699 3752 la
2724 3711 2796 3751 Di¬

1775 3760 1943 3802 rection
1968 3763 2086 3804 deux
2111 3764 2311 3807 abonnés
2334 3779 2588 3819 nouveaux,
2615 3770 2798 3822 n’ayant

1772 3819 1938 3870 jamais
1958 3822 2024 3864 été
2047 3823 2227 3865 inscrits
2247 3824 2294 3865 ni
2315 3826 2340 3866 à
2360 3826 2406 3867 la
2430 3828 2599 3875 Rapide
2620 3830 2796 3879 Agence

1774 3879 1820 3919 ni
1847 3881 1905 3920 au
1934 3882 2059 3921 Trait
2087 3882 2301 3933 d’Union,
2332 3895 2443 3926 aura
2471 3886 2591 3929 droit
2622 3900 2629 3926 :
2658 3888 2744 3930 soit
2770 3888 2796 3929 à

1792 3948 1880 3979 une
1939 3939 2256 3992 prolongation
2316 3942 2668 3988 d’abonnement
2726 3948 2782 3990 de

1795 3998 1911 4038 deux
1939 3999 2068 4050 mois,
2099 4000 2184 4043 soit
2209 4002 2236 4043 à
2262 4015 2324 4044 un
2351 4003 2657 4057 abonnement
2680 4016 2779 4057 gra¬

1791 4058 1878 4099 tuit
1904 4058 1958 4100 de
1984 4060 2132 4102 même
2157 4060 2310 4104 durée.

1817 4146 1867 4151 —
1899 4123 2024 4166 Tous
2054 4136 2140 4170 nos
2167 4127 2377 4170 abonnés
2406 4132 2512 4172 sont
2540 4131 2668 4182 priés
2691 4132 2798 4184 [d’a¬

1765 4185 1955 4227 dresser
1987 4189 2155 4230 lettres
2184 4191 2231 4230 et
2263 4192 2611 4241 observations,
2643 4204 2735 4236 non
2764 4195 2792 4236 à

1764 4247 1814 4289 la
1833 4260 1861 4284 »
1884 4249 2060 4299 Rapide
2090 4255 2271 4300 Agence
2359 4256 2481 4296 mais
2503 4266 2565 4298 au
2591 4258 2791 4308 journal

1764 4311 1827 4352 du
1848 4324 1875 4347 «
1898 4312 2031 4353 Trait
2055 4314 2252 4356 d’iniou
2276 4329 2323 4363 *,
2352 4318 2423 4365 26,
2441 4328 2528 4359 rue
2555 4320 2787 4368 d’Astorg,

1763 4373 2010 4415 Toulouse.

1827 4447 1923 4486 8*r-
1948 4448 2028 4487 Les
2048 4448 2251 4490 bureaux
2274 4451 2334 4492 du
2355 4453 2535 4492 TRAIT
2559 4455 2790 4496 D’UNION

1770 4517 1823 4547 ne
1846 4512 1947 4548 sont
1969 4514 2150 4551 ouverts
2174 4522 2259 4560 que
2285 4512 2594 4563 l’après-midi,
2621 4517 2675 4558 de
2698 4519 2722 4556 2
2744 4518 2788 4558 h.

1768 4567 1794 4609 à
1813 4572 1836 4609 5
1859 4571 2035 4619 heures,
2058 4574 2122 4622 26,
2148 4583 2227 4614 rue
2248 4575 2471 4626 d’Astorg.

1955 4643 2076 4683 Tous
2106 4643 2167 4684 les
2198 4646 2584 4695 renseignements
2614 4658 2790 4690 concer¬

1769 4706 1879 4742 nant
1912 4704 1953 4743 la
1986 4706 2296 4747 combinaison
2331 4711 2546 4758 mariage,
2583 4711 2645 4751 les
2679 4713 2791 4752 loca¬

1766 4762 1899 4811 tions,
1956 4766 2111 4812 offies,
2169 4768 2418 4811 demandes
2444 4774 2486 4811 et
2515 4772 2611 4812 avis
2640 4773 2790 4815 divers

1766 4828 1866 4866 sont
1898 4826 2070 4868 donnés
2099 4830 2423 4878 gratuitement
2454 4834 2568 4875 dans
2599 4844 2680 4876 nos
2711 4835 2789 4875 bu¬

1766 4898 1920 4937 reaux,
1952 4890 2262 4939 i’après-midi,
2295 4894 2347 4932 de
2376 4895 2400 4933 2
2428 4895 2472 4934 h.
2503 4894 2528 4934 à
2556 4899 2579 4935 5
2608 4898 2784 4947 heures,

1766 4951 1830 4995 26,
1858 4961 1936 4991 rue
1963 4951 2184 5002 d’Astorg,
2214 4955 2454 5000 Toulouse.

1815 5252 1873 5294 Le
1895 5253 2128 5296 Directeur
2151 5258 2219 5298 est
2238 5258 2441 5301 heureux
2463 5261 2736 5304 d’annoncer
2758 5264 2784 5305 à

1760 5322 1830 5353 ses
1855 5313 2055 5356 abonnés
2079 5315 2188 5367 qu’il
2204 5328 2230 5355 a
2246 5328 2300 5359 eu
2314 5318 2358 5359 la
2372 5319 2520 5361 bonne
2536 5321 2715 5363 fortune
2728 5323 2783 5366 de

1760 5373 1976 5414 s’assurer
2017 5373 2059 5417 le
2099 5387 2318 5419 concours
2344 5379 2399 5420 de
2424 5379 2659 5423 l’éminent
2682 5395 2782 5434 pro¬

1760 5430 1934 5475 fesseur
1979 5434 2032 5474 de
2082 5436 2396 5490 Graphologie,
2448 5439 2497 5481 G.
2532 5441 2779 5492 Lefranck,

1760 5492 1840 5544 qui
1863 5494 1971 5535 veut
1992 5494 2064 5536 hie
2070 5507 2094 5526 n
2122 5495 2282 5538 mettre
2307 5511 2356 5540 sa
2380 5499 2553 5543 science
2577 5501 2604 5542 à
2627 5502 2670 5543 la
2695 5503 2780 5546 dis¬

1762 5551 1938 5603 postion
1962 5554 2039 5596 des
2064 5555 2256 5598 lecteurs
2279 5558 2340 5599 du
2367 5559 2492 5600 Trait
2516 5561 2725 5603 d’Union.

1813 5611 2040 5656 Personne
2062 5615 2267 5666 n’ignore
2290 5618 2355 5659 les
2367 5619 2561 5663 services
2574 5631 2661 5672 que
2675 5623 2783 5674 peut

1760 5671 1921 5715 rendre
1974 5685 2062 5716 une
2102 5675 2235 5716 étude
2275 5679 2634 5732 graphologique
2677 5683 2779 5724 bien

1759 5730 1879 5772 faite.
1904 5731 2137 5786 L’analyse
2157 5735 2212 5779 de
2231 5736 2456 5780 l’écriture
2476 5740 2623 5783 révèle
2642 5740 2687 5783 la
2706 5755 2778 5784 va¬

1759 5789 1856 5831 leur
1900 5791 2060 5836 intime
2087 5795 2142 5836 de
2170 5796 2426 5849 l’individu,
2456 5810 2526 5842 ses
2554 5800 2779 5853 aptitudes

1759 5847 2100 5894 intellectuelles
2125 5855 2167 5896 et
2190 5856 2398 5898 morales.

1811 5909 1907 5950 Non
1936 5911 2186 5956 seulement
2211 5914 2242 5955 il
2270 5916 2334 5958 est
2360 5918 2629 5963 intéressant
2652 5921 2707 5964 de
2734 5935 2778 5965 se

1757 5968 1860 6009 bien
1883 5972 2116 6014 connaître
2138 5975 2388 6027 soi-même;
2412 5979 2528 6019 mais
2552 5980 2583 6022 il
2606 5982 2673 6023 est
2695 5982 2777 6023 uti¬

1757 6026 1797 6071 le
1839 6029 1880 6070 et
1923 6031 2120 6083 prudent
2163 6034 2382 6078 d’étudier
2424 6048 2536 6080 ceux
2564 6050 2670 6083 avec
2698 6042 2778 6083 les¬

1755 6088 1886 6140 quels
1921 6102 1978 6131 on
1998 6091 2145 6134 désire
2165 6094 2316 6138 entrer
2335 6110 2389 6139 en
2411 6098 2600 6140 relation
2622 6100 2777 6143 d’inté¬

1756 6148 1821 6190 rêt
1840 6160 1898 6190 ou
1919 6152 1974 6192 de
1995 6151 2252 6195 sentiment.

1809 6208 1867 6249 Le
1886 6210 2146 6260 professeur
2166 6214 2389 6258 Lefranck
2411 6215 2520 6259 dont
2540 6232 2655 6263 nous
2674 6234 2776 6263 con¬

1755 6267 1962 6311 naissons
1990 6271 2032 6312 la
2062 6273 2210 6314 sûreté
2254 6274 2307 6316 de
2352 6277 2618 6328 diagnostic,
2650 6282 2774 6322 satis¬

1756 6326 1871 6368 faire.
1895 6330 2233 6382 certainement,
2263 6334 2325 6376 les
2349 6335 2455 6387 plus
2479 6337 2703 6382 difficiles.

1808 6387 2074 6431 Conditions
2115 6392 2244 6434 faites
2287 6407 2375 6435 aux
2415 6395 2607 6441 lecteurs
2648 6399 2702 6442 de
2726 6412 2774 6442 ce

1752 6443 1935 6494 journal
1966 6462 1974 6488 :

1751 6523 1835 6563 Par
1857 6523 1982 6566 lettre
2006 6539 2012 6566 :
2039 6527 2223 6580 Croquis
2246 6527 2635 6578 silhouette.'
2675 6539 2700 6575 0
2731 6539 2780 6579 75

1856 6600 1904 6607 —
2038 6583 2226 6623 Portrait,
2251 6587 2611 6636 À...
2674 6591 2700 6630 3
2759 6604 2779 6631 »

1854 6655 1906 6663 —
2039 6636 2229 6688 Analyse
2246 6636 2376 6682 détaillée
2391 6643 2415 6682 et
2435 6639 2609 6694 complète..
2676 6644 2700 6684 5
2759 6656 2779 6685 »

1804 6703 1840 6742 A
1866 6704 2010 6754 partir
2035 6706 2096 6747 du
2124 6708 2142 6746 1
2151 6711 2180 6730 er
2204 6710 2455 6763 décembre,
2483 6716 2580 6756 tout
2606 6719 2767 6758 nouvel

2883 443 3059 486 abonné
3110 458 3166 488 ou
3208 448 3450 506 réabonné,
3491 456 3568 506 qui
3610 457 3783 499 voudra
3807 471 3906 502 sou¬

2883 504 3043 546 mettre
3095 519 3175 548 son
3230 510 3423 554 écriture
3465 516 3751 566 personnelle
3794 531 3907 560 aura

2883 563 2998 605 droit
3051 567 3074 607 à
3115 580 3175 608 un
3227 571 3408 622 croquis
3447 574 3687 627 silhouette
3737 580 3907 627 gratuit

2883 623 2996 663 dans
3036 625 3076 666 le
3115 627 3315 679 journal,
3344 643 3449 674 sous
3489 646 3551 675 un
3594 636 3906 690 pseudonyme

2881 683 3179 738 quelconque.

2936 744 2971 783 Il
3015 747 3079 787 est
3122 751 3460 800 expressément
3503 758 3823 799 recommandé
3851 758 3906 799 de

2882 814 2938 843 ne
2987 815 3068 855 pas
3120 808 3390 852 contrefaire
3410 839 3414 843 ■
3431 825 3510 854 son
3552 815 3746 858 écriture
3786 819 3827 859 et
3851 819 3904 860 de

2883 863 3068 907 n’écrire
3090 878 3179 918 que
3202 880 3279 910 sur
3303 870 3362 911 du
3386 874 3546 924 papier
3569 886 3658 915 non
3684 877 3803 927 rayé.

2937 1023 3122 1064 Colibri.
3150 1049 3203 1057 —
3232 1028 3402 1069 Colibri
3430 1032 3496 1072 est
3524 1044 3611 1074 une
3641 1035 3905 1076 charmante

2886 1097 2902 1115 «
2928 1082 3082 1124 oiselle
3108 1102 3126 1119 »
3152 1088 3230 1136 qui
3255 1100 3311 1132 ne
3335 1090 3558 1133 demande
3583 1094 3687 1143 qu’à
3711 1096 3906 1145 gazouil¬

2882 1142 2960 1190 ler,
2989 1152 3043 1182 en
3071 1158 3132 1186 un
3157 1149 3391 1199 perpétuel
3416 1150 3519 1200 duo,
3550 1152 3696 1195 toutes
3745 1155 3809 1196 les
3834 1168 3906 1196 va¬

2883 1200 3071 1244 riations
3130 1206 3191 1248 du
3222 1209 3356 1250 verbe
3416 1211 3572 1251 aimer.
3634 1214 3786 1256 Prière
3819 1227 3907 1255 aux

2882 1259 3176 1315 étourneaux,
3214 1266 3311 1318 pies
3344 1268 3623 1319 jacassantes
3656 1273 3699 1313 et
3733 1275 3905 1326 vulgai¬

2884 1331 2954 1361 res
3006 1322 3199 1374 pierrots
3226 1328 3279 1368 de
3304 1328 3543 1373 s’abstenir
3574 1346 3580 1372 :
3608 1332 3707 1377 le.ur
3760 1336 3907 1387 pépie¬

2883 1383 3008 1423 ment
3030 1386 3096 1426 est
3116 1386 3216 1438 trop
3240 1399 3471 1432 commun.

2938 1442 3227 1495 Intelligence
3256 1458 3494 1499 moyenne,
3526 1450 3760 1502 jugement
3788 1466 3907 1506 pres¬

2883 1512 2971 1551 que
2995 1504 3203 1555 toujours
3226 1510 3318 1556 sûr,
3346 1520 3472 1551 cœur
3495 1511 3586 1554 très
3637 1513 3807 1564 tendre,
3835 1527 3908 1556 vo¬

2885 1560 3005 1602 lonté
3026 1566 3103 1615 qui
3126 1578 3150 1606 a
3170 1567 3325 1609 besoin
3348 1570 3402 1611 de
3423 1583 3468 1611 se
3490 1571 3694 1623 fortifier,
3716 1575 3908 1615 caractè¬

2886 1630 2931 1659 re
2952 1621 3041 1663 fort
3057 1626 3130 1675 gai
3150 1627 3348 1678 quoique
3367 1630 3459 1670 très
3477 1630 3543 1671 vif
3562 1644 3644 1683 par
3664 1635 3904 1675 moments.

2876 1680 3056 1723 Aimant
3087 1686 3127 1723 la
3159 1686 3228 1724 vie
3262 1687 3384 1736 large
3410 1692 3452 1728 et
3488 1699 3560 1730 ses
3598 1692 3732 1734 aises,
3765 1693 3910 1732 visant,

2884 1751 2942 1781 au
2967 1742 3211 1794 distingué,
3238 1746 3448 1800 défiante,
3475 1762 3580 1791 sans
3604 1763 3830 1803 manquer
3854 1754 3908 1794 de

2887 1799 3128 1855 franchise,
3163 1806 3208 1844 ni
3242 1818 3390 1856 avare,
3424 1808 3471 1848 ni
3504 1814 3694 1852 souvent
3724 1813 3904 1862 égoïste,

2884 1862 3132 1914 mignonne
3154 1866 3196 1907 et
3216 1866 3483 1919 attrayante,
3508 1871 3612 1911 telle
3632 1872 3697 1912 est
3720 1872 3903 1914 Colibri.

2883 1920 3183 1981 Ajouterai-je
3204 1926 3368 1976 qu’elle
3392 1930 3457 1971 est
3480 1931 3568 1971 très
3592 1933 3796 1983 coquette
3815 1937 3834 1974 ?
3855 1958 3908 1963 —

2886 1979 3020 2023 Santé
3048 1984 3307 2027 excellente.

2938 2043 3059 2084 Avis.
3086 2067 3139 2071 —
3167 2045 3260 2094 Que
3287 2046 3335 2091 le.
3358 2047 3484 2090 futur
3512 2051 3803 2095 oiseau-frère
3832 2067 3906 2106 ap¬

2883 2102 3008 2151 porte
3031 2103 3085 2144 de
3107 2107 3212 2155 quoi
3239 2108 3368 2148 dorer
3392 2110 3431 2151 le
3453 2108 3547 2151 nid.

2935 2164 3354 2216 Joseph-François.
3380 2191 3435 2198 —
3462 2170 3576 2212 Sans
3602 2174 3772 2224 grande
3800 2174 3904 2215 acti¬

2880 2219 2969 2262 vité
2992 2222 3036 2262 ni
3058 2224 3298 2278 physique,
3322 2229 3368 2267 ni
3389 2227 3723 2283 intellectuelle,
3747 2234 3808 2275 M.
3833 2236 3904 2275 Jo¬

2880 2283 3242 2335 seph-François,
3275 2288 3352 2338 qui
3384 2290 3496 2330 n’est
3526 2303 3607 2343 pas
3664 2304 3902 2344 empereur

2880 2340 3156 2393 d’Autriche,
3222 2359 3276 2388 ne
3312 2359 3510 2400 manque
3571 2354 3787 2403 pourtant
3820 2366 3902 2406 pas

2879 2401 3092 2454 d’acquis.
3123 2405 3159 2444 Il
3183 2406 3249 2447 est
3272 2407 3360 2448 très
3386 2410 3580 2452 sensible
3606 2413 3648 2453 et
3671 2426 3750 2455 son
3778 2414 3903 2467 juge¬

2881 2464 3004 2503 ment
3031 2464 3096 2505 est
3124 2464 3212 2507 très
3241 2467 3332 2508 sûr.
3364 2469 3425 2508 La
3452 2469 3631 2513 volonté
3659 2483 3746 2524 peu
3776 2486 3900 2516 accu¬

2879 2522 2964 2571 sée,
2993 2524 3155 2574 sujette
3182 2527 3354 2578 parfois
3379 2529 3404 2568 à
3428 2530 3507 2572 des
3531 2533 3898 2583 emportements,

2880 2582 2950 2623 n’a
2975 2595 3056 2634 pas
3080 2595 3202 2626 assez
3227 2587 3282 2627 de
3307 2587 3427 2630 force
3451 2601 3567 2640 pour
3591 2594 3834 2643 permettre
3859 2595 3902 2635 la

2880 2642 3137 2684 réalisation
3196 2647 3274 2687 des
3331 2650 3502 2700 projets
3559 2652 3810 2696 ambitieux
3839 2655 3899 2695 du

2879 2702 3116 2754 scripteur.
3152 2706 3286 2747 Assez
3315 2707 3527 2751 économe
3559 2724 3663 2755 sans
3720 2715 3811 2756 être
3840 2715 3902 2756 la¬

2879 2760 2971 2803 dre.

2935 2823 3260 2875 Personnalité,
3300 2839 3390 2868 non
3426 2842 3531 2872 sans
3566 2833 3739 2883 mérite,
3778 2835 3892 2876 mais

2879 2882 3141 2934 dépourvue
3166 2887 3220 2927 de
3247 2887 3389 2934 relief.

3504 2951 3552 2994 G.
3588 2954 3821 2997 Lefranck

2910 3088 3166 3144 Lettres
3207 3094 3285 3145 de
3324 3095 3868 3154 Remerciements

2932 3239 2992 3280 Le
3012 3240 3146 3282 cadre
3166 3242 3222 3283 de
3241 3243 3368 3284 notre
3388 3243 3571 3294 journal
3592 3259 3649 3288 ne
3670 3260 3784 3291 nous
3803 3262 3900 3302 per¬

2880 3300 3071 3342 mettant
3094 3311 3174 3351 pas
3224 3301 3440 3344 d’insérer
3492 3305 3555 3347 les
3607 3308 3902 3351 nombreuses

2880 3356 3032 3399 lettres
3066 3360 3119 3400 de
3151 3360 3443 3406 félicitations
3475 3365 3704 3408 adressées
3736 3379 3794 3409 au
3827 3371 3901 3410 Di¬

2880 3418 3054 3459 recteur
3080 3419 3242 3472 depuis
3268 3422 3312 3463 la
3339 3422 3535 3466 création
3563 3426 3618 3467 de
3644 3428 3755 3469 cette
3783 3440 3898 3470 com¬

2882 3475 3107 3528 binaison,
3146 3491 3259 3522 ceux
3295 3483 3348 3523 de
3385 3495 3466 3525 nos
3503 3483 3703 3528 abonnés
3739 3488 3817 3539 qui
3855 3490 3895 3530 le

2878 3536 3172 3581 désireraient
3199 3544 3418 3592 pourront
3443 3556 3496 3584 en
3552 3547 3746 3597 prendre
3798 3560 3899 3590 con¬

2879 3596 3114 3639 naissance
3148 3599 3261 3640 dans
3294 3612 3374 3642 nos
3407 3601 3627 3654 bureaux,
3664 3618 3743 3647 rue
3776 3607 3898 3649 d’As¬

2878 3655 2990 3707 torg,
3018 3659 3082 3707 26,
3112 3659 3352 3702 Toulouse.

2939 3823 3254 3921 Annonces
3307 3828 3372 3920 et
3419 3827 3568 3924 Avis
3619 3828 3826 3926 divers

2932 4009 2966 4046 1.
2994 4031 3047 4037 —
3074 4008 3140 4050 On
3170 4010 3391 4065 demande
3418 4014 3531 4065 petit
3555 4015 3720 4067 capital
3764 4029 3891 4070 paya¬

2877 4059 2950 4100 ble
2971 4072 3025 4100 en
3050 4063 3176 4105 rente
3195 4063 3388 4115 viagère.
3416 4069 3547 4111 Faire
3568 4071 3703 4111 offres
3726 4072 3767 4112 et
3791 4072 3898 4116 don¬

2876 4124 2956 4154 ner
2975 4114 3076 4156 tous
3096 4118 3483 4170 renseignements
3503 4134 3559 4165 au
3582 4124 3815 4167 Directeur
3835 4127 3895 4167 du

2878 4167 3003 4208 Trait
3026 4169 3232 4212 d’Union.

2926 4248 2964 4287 2.
2995 4250 3048 4287 —
3094 4250 3355 4294 Professeur
3399 4252 3534 4295 dame
3577 4260 3896 4301 recommandé

2875 4311 2990 4350 pour
3012 4301 3162 4352 leçons
3183 4306 3236 4344 de
3259 4307 3408 4356 piano.
3435 4306 3542 4347 Prix
3565 4310 3784 4355 modérés.
3811 4314 3895 4354 Bu¬

2875 4364 2983 4395 reau
3009 4354 3071 4396 du
3096 4355 3294 4406 journal.

2927 4436 2964 4475 3.
2992 4436 3046 4474 —
3074 4436 3340 4479 Demoiselle
3367 4442 3489 4483 seule
3515 4443 3566 4483 45
3592 4454 3687 4492 ans,
3718 4443 3895 4495 adopte¬

2875 4487 2961 4528 rait
2981 4489 3119 4539 jeune
3138 4490 3231 4532 fille
3252 4491 3461 4536 fortunée
3479 4507 3537 4539 ou
3559 4497 3718 4539 enfant
3736 4499 3895 4550 orphe¬

2874 4541 2964 4582 line
2984 4554 3042 4584 ou
3062 4543 3371 4589 abandonnée.
3395 4547 3595 4592 Prendre
3616 4551 3795 4595 adresse
3816 4554 3895 4594 bu¬

2875 4605 2980 4636 reau
3007 4595 3068 4636 du
3095 4596 3221 4640 Trait
3244 4595 3454 4642 d’Union.

2925 4678 2963 4716 4.
2983 4676 3038 4715 —
3059 4676 3246 4719 Famille
3267 4679 3356 4720 très
3375 4681 3636 4734 honorable,
3660 4687 3894 4736 prendrait

2873 4730 3198 4779 pensionnaire,
3226 4733 3360 4774 dame
3391 4744 3451 4776 ou
3500 4738 3735 4780 Monsieur
3783 4742 3889 4790 aisé,

2874 4783 3112 4826 s’adresser
3142 4786 3314 4828 bureau
3343 4786 3404 4828 du
3434 4788 3630 4838 journal.

2923 4868 2961 4906 5.
2987 4890 3042 4895 —
3068 4867 3135 4907 On
3162 4868 3388 4912 demande
3413 4872 3560 4915 bonne
3587 4877 3840 4919 couturière
3866 4879 3892 4919 à

2873 4918 2915 4959 la
2928 4920 3131 4969 journée.
3151 4922 3258 4963 Voir
3272 4923 3445 4966 bureau
3460 4925 3520 4967 du
3538 4927 3664 4969 Trait
3676 4930 3886 4973 d’Union.

2922 4993 2959 5032 7.
2984 5015 3039 5021 -—
3064 4995 3203 5035 Dame
3226 4996 3364 5046 ayant
3384 4995 3534 5039 loisirs
3558 4998 3780 5043 demande
3803 5003 3888 5043 tra¬

2870 5062 2988 5090 vaux
3018 5051 3255 5095 d’écriture
3284 5068 3341 5096 ou
3373 5055 3534 5097 travail
3566 5059 3749 5100 manuel
3782 5063 3888 5102 chez

2870 5107 2968 5148 elle.

2922 5188 2959 5227 8.
2986 5190 3040 5227 —
3066 5189 3326 5232 Professeur
3351 5191 3404 5235 de
3430 5192 3627 5245 français
3650 5197 3888 5239 donnerait

2868 5246 3038 5295 leçons,
3051 5248 3105 5291 de
3153 5252 3490 5299 conversations
3522 5257 3565 5297 et
3611 5256 3887 5310 d’orthogra¬

2868 5306 2955 5356 phe
2990 5306 3012 5346 à
3047 5319 3269 5357 personne
3303 5311 3548 5364 étrangère.
3588 5315 3700 5367 Cinq
3726 5316 3886 5359 .francs

2867 5375 2950 5414 par
2973 5367 3100 5408 mois.

2920 5443 2957 5482 9.
2988 5446 3041 5483 —
3071 5446 3236 5491 Leçons
3266 5446 3319 5488 de
3351 5446 3547 5499 français
3576 5451 3619 5491 et
3648 5451 3882 5504 d’anglais.

2867 5500 2931 5542 Do
2944 5504 3004 5543 .15
3026 5501 3052 5543 à
3073 5506 3125 5544 30
3150 5504 3302 5547 francs
3323 5519 3406 5556 par
3431 5509 3556 5551 mois.

2920 5581 2980 5619 10.
3007 5582 3062 5620 —
3086 5582 3227 5624 Jeune
3254 5582 3350 5623 fille
3377 5587 3512 5633 ayant
3536 5586 3703 5639 emploi
3732 5587 3883 5631 Sténo-

2866 5638 3239 5691 Dactylographe,
3303 5643 3436 5684 ferait
3484 5646 3646 5687 travail
3707 5651 3885 5700 supplé¬

2864 5697 3083 5739 mentaire
3108 5710 3223 5748 pour
3249 5702 3550 5753 particuliers.

2918 5778 2978 5815 11.
3011 5799 3066 5806 —
3094 5775 3323 5820 Véritable
3368 5780 3587 5823 occasion.
3621 5782 3675 5822 —
3707 5782 3882 5824 GRAN¬

2867 5835 2938 5872 DE
2972 5834 3337 5879 CHAPELIERË
3370 5841 3485 5880 osier
3532 5843 3674 5890 verni,
3709 5843 3735 5882 à
3766 5854 3883 5883 com-

2892 5892 3146 5946 artiments,
3190 5896 3382 5940 doublée
3408 5899 3527 5950 toile,
3574 5900 3712 5943 belles
3739 5911 3884 5944 serru¬

2864 5963 2932 5994 res
2959 5953 3127 6001 cuivre,
3156 5958 3332 5999 vendue
3360 5960 3514 6000 moitié
3540 5961 3656 6012 prix.
3690 5960 3884 6003 S’adres¬

2863 6022 2932 6051 ser
2958 6012 3131 6055 bureau
3158 6016 3284 6058 Trait
3310 6018 3519 6059 d’Union.

2919 6092 2979 6130 12.
3008 6092 3062 6130 —
3090 6092 3219 6140 Veuf,
3249 6098 3571 6147 commerçant,
3601 6098 3747 6142 désire
3774 6100 3884 6139 s’en¬

2862 6148 3018 6191 tendre
3042 6163 3147 6192 avec
3171 6165 3392 6202 personne
3417 6158 3471 6198 de
3495 6159 3546 6196 30
3571 6170 3651 6200 ans
3675 6158 3878 6208 environ,

2862 6208 3070 6259 honnête,
3117 6214 3380 6261 présentant
3408 6216 3526 6266 bien,
3574 6218 3722 6262 bonne
3749 6219 3880 6259 cuisi¬

2860 6267 2995 6319 nière,
3028 6271 3128 6319 apte
3158 6272 3182 6312 à
3211 6272 3379 6323 diriger
3410 6275 3612 6328 ménage.

2914 6346 2974 6385 13.
3005 6346 3192 6388 Landes.
3216 6372 3263 6378 —
3295 6351 3435 6392 Dame
3458 6353 3595 6402 seule,
3623 6355 3759 6406 ayant
3783 6367 3880 6394 ren¬

2858 6403 2936 6453 tes,
2971 6407 3145 6446 maison
3179 6408 3220 6448 et
3276 6409 3445 6459 jardin,
3503 6411 3714 6455 habitant
3742 6414 3878 6465 petite

2859 6464 2980 6510 ville,
3017 6466 3175 6508 climat
3206 6467 3320 6516 sain,
3358 6470 3504 6511 désire
3537 6474 3733 6523 prendre
3767 6474 3875 6513 chez

2855 6522 2939 6564 elle
2968 6534 3082 6571 pour
3139 6527 3263 6568 avoir
3292 6540 3381 6571 une
3436 6529 3596 6572 société
3654 6543 3876 6584 personne

2856 6583 2992 6631 seule,
3020 6583 3123 6624 bien
3150 6586 3312 6636 élevée,
3341 6590 3478 6639 ayant
3499 6591 3660 6642 petites
3683 6592 3847 6632 rentes.

2908 6661 2970 6700 14.
3003 6660 3131 6702 Midi.
3268 6666 3406 6709 Dame
3460 6667 3548 6709 très
3603 6669 3871 6719 distinguée,

2853 6717 2956 6760 bien
2979 6720 3141 6771 élevée,
3167 6722 3377 6766 habitant
3397 6727 3568 6776 grande
3590 6727 3712 6778 ville,
3738 6728 3876 6781 ayant

3985 458 4200 502 intérieur
4230 462 4523 511 confortable,
4571 466 4783 507 voudrait
4811 471 5004 518 prendre

3982 528 4159 560 comme
4212 520 4544 572 pensionnaire,
4603 524 4737 567 dame
4791 538 4850 567 ou
4879 539 5004 568 mon¬

3984 576 4103 619 sieur
4130 580 4243 626 seul,
4275 579 4604 624 fonctionnaire
4631 596 4689 626 ou
4717 586 4898 627 rentier.

4038 655 4099 695 15.
4131 656 4270 698 Dame
4295 666 4450 706 veuve,
4507 660 4644 708 ayant
4663 675 4721 703 eu
4774 670 4924 705 revers
4951 667 5005 704 de

3985 712 4178 762 fortune,
4211 719 4262 755 37
4294 728 4388 762 ans,
4423 729 4527 761 sans
4559 720 4752 770 enfants,
4787 724 5004 764 excellen¬

3983 772 4048 813 tes
4074 774 4311 815 éducation
4339 776 4380 816 et
4408 775 4690 829 instruction,
4719 782 4821 831 apte
4847 784 4873 823 à
4898 783 5003 824 diri¬

3982 842 4059 879 ger
4092 832 4323 880 intérieur,
4359 835 4594 879 désirerait
4623 839 4804 880 trouver
4836 844 5002 895 emploi

3982 890 4190 933 caissière
4219 906 4275 934 ou
4305 894 4516 945 gérante,,
4537 898 4656 938 hôtel
4687 911 4744 939 ou
4775 900 4885 942 café.
4919 903 5003 942 En¬

3986 950 4139 990 trerait
4163 963 4219 992 au
4247 952 4414 995 service
4439 955 4493 996 de
4519 957 4751 998 monsieur
4776 960 4887 1009 seul,
4916 963 5004 1003 mê¬

3984 1019 4055 1050 me
4082 1022 4188 1051 avec
4213 1011 4407 1052 enfants.
4439 1014 4547 1055 Très
4574 1018 4765 1057 sérieux.

4042 1088 4100 1124 16.
4112 1087 4592 1132 Bouches-du-Rhône.
4627 1117 4680 1123 —
4716 1094 4998 1147 Célibataire,

3988 1146 4035 1183 70
4061 1156 4156 1192 ans,
4202 1148 4347 1188 comte
4374 1150 4684 1202 authentique,
4730 1152 5006 1198 descendant

3986 1203 4118 1246 d’une
4146 1207 4363 1248 ancienne
4391 1209 4432 1248 et
4460 1210 4634 1254 illustre
4663 1211 4851 1264 famille,
4882 1217 5007 1257 habi¬

3991 1264 4084 1303 tant
4119 1265 4244 1312 villa,
4282 1264 4495 1308 voudrait
4527 1271 4713 1320 adopter
4748 1274 4907 1314 enfant
4939 1288 4995 1318 ou

3987 1321 4122 1369 jeune
4145 1323 4327 1365 homme
4352 1326 4404 1366 de
4430 1327 4603 1372 famille
4627 1325 4765 1379 riche,
4791 1344 4895 1375 avec
4918 1336 5008 1383 pri¬

3988 1391 4074 1421 me.
4093 1383 4302 1426 Céderait
4326 1384 4452 1427 titres
4480 1389 4742 1431 nobiliaires
4770 1392 4811 1431 et
4824 1396 5008 1443 parche¬

3990 1440 4122 1482 mins.
4155 1442 4283 1485 Faire
4310 1444 4458 1486 offres.

4042 1520 4103 1558 17.
4132 1522 4166 1559 A
4191 1521 4359 1562 vendre
4383 1531 4496 1569 pour
4519 1534 4651 1567 cause
4674 1527 4728 1567 de
4753 1526 4911 1575 départ
4933 1532 5007 1572 ob¬

3986 1574 4071 1624 jets
4102 1579 4284 1621 anciens
4320 1594 4327 1620 :
4359 1583 4576 1635 meubles,
4611 1586 4836 1635 tableaux,
4871 1589 5007 1632 livres

3986 1637 4250 1687 argenterie,
4281 1639 4511 1682 dentelles.
4538 1644 4780 1686 Collection
4813 1646 5014 1691 timbres.

4036 1697 4286 1740 S’adresser
4318 1700 4488 1741 bureau
4519 1703 4643 1744 Trait
4664 1704 4873 1747 d’Union.

4071 1884 4174 1961 Une
4211 1887 4456 1979 Agréable
4495 1893 4548 1966 et
4581 1893 4708 1970 utile
4749 1891 4918 1973 Soirée

4033 2078 4150 2122 Nous
4196 2082 4293 2125 n’en
4350 2087 4636 2131 connaissons
4684 2099 4763 2143 pas
4812 2088 4860 2131 de
4903 2094 5007 2146 plus

3981 2142 4236 2196 attrayante
4267 2158 4346 2200 que
4376 2148 4482 2190 celle
4510 2151 4660 2201 passée
4689 2163 4714 2193 a

4110 2238 4879 2330 L’APOLLO-THÉATRE

3980 2374 4028 2404 en
4060 2364 4280 2407 admirant
4308 2379 4388 2410 sur
4419 2368 4576 2412 l’écran
4612 2372 5004 2432 cinématographi¬

3980 2436 4072 2480 que,
4112 2427 4175 2470 les
4210 2429 4359 2472 scènes
4395 2431 4712 2478 intéressantes
4750 2437 4789 2478 et
4824 2448 5006 2493 sugges¬

3979 2488 4091 2532 tives
4134 2501 4213 2544 que
4259 2492 4343 2535 l’on
4388 2506 4441 2536 ne
4483 2498 4687 2540 retrouve
4726 2499 4847 2540 nulle
4883 2506 5000 2556 part.

3980 2550 4090 2593 C’est
4123 2563 4175 2595 un
4208 2556 4420 2607 spectacle
4451 2558 4499 2599 où
4532 2559 4595 2602 les
4624 2559 4812 2603 familles
4839 2574 4884 2605 se
4906 2566 5003 2608 don¬

3977 2615 4083 2655 nent
4112 2616 4392 2660 rendez-vous
4423 2620 4465 2661 et
4494 2620 4586 2663 d’où
4619 2623 4724 2666 elles
4749 2633 4792 2666 se
4815 2626 5005 2670 retirent

3978 2676 4176 2728 toujours
4210 2679 4464 2723 satisfaites.
4507 2682 4560 2724 On
4598 2696 4650 2726 ne
4680 2687 4784 2739 peut
4823 2691 4950 2732 venir
4979 2692 5003 2732 à

3979 2737 4186 2783 Toulouse
4202 2752 4305 2785 sans
4326 2743 4483 2786 visiter
4503 2744 4735 2799 l’èlêgante
4755 2749 4863 2791 salle
4884 2751 4933 2795 de

4214 2835 4772 2907 L'APOLLO

4964 3094 4999 3129 m

4049 3147 4348 3194 Manufacture
4378 3151 4597 3188 d’articles
4627 3152 4779 3192 KATO

4476 3223 4498 3258 à
4522 3220 4690 3268 fenêtre
4712 3226 4924 3272 diaphane
4961 3202 4996 3272 ü

4960 3277 4996 3308 ÿ£>

4962 3309 4996 3344 &

4960 3346 4997 3380 M

4959 3384 4996 3418 N

4957 3405 4998 3452 8

4153 3359 4544 3427 Enveloppes
4615 3364 4773 3418 Kato
4795 3366 4818 3384 *

4152 3446 4322 3510 Papier
4355 3450 4376 3499 à
4414 3451 4556 3503 lellre
4592 3454 4608 3470 *
4630 3453 4779 3505 KATO
4799 3455 4818 3472 *

4959 3528 4996 3560 m

3974 3575 4008 3625 É
4060 3591 4292 3627 Demander
4323 3593 4610 3635 Echantillons
4960 3600 4995 3632 36

3974 3654 4007 3691 X
4055 3655 4208 3692 LOUIS
4238 3658 4434 3695 CASSAN
4464 3660 4558 3696 aîné

3972 3702 4008 3775 p!
4059 3722 4116 3760 37,
4144 3730 4216 3756 rue
4243 3723 4314 3759 des
4342 3724 4572 3762 Couteliers
4959 3710 4992 3779 D

3972 3756 4009 3830 A
4060 3784 4335 3823 TOULOUSE
4956 3764 4993 3842 D

3972 3832 4008 3874 W
4956 3837 4992 3887 1

3971 3872 4256 3912 Ml'XNWLLZE
4261 3878 4549 3920 XUUUMZLX
4556 3883 4769 3920 ZMAULR
4776 3883 4993 3925 ZWNWM

4164 4039 4566 4075 EXCELLENTE
4616 4047 4810 4078 PRIME

4420 4108 4468 4134 DE
4494 4109 4542 4136 LA

4035 4165 4936 4287 MICHELINE

4006 4363 4052 4392 La
4080 4363 4212 4393 Maison
4248 4366 4389 4395 Michel
4424 4367 4628 4403 Sabatier,
4666 4369 4707 4398 de
4742 4368 4989 4410 Carcassonne,

3971 4396 4064 4427 vient
4077 4399 4118 4427 de
4134 4400 4231 4430 créer
4246 4407 4314 4431 une
4327 4403 4437 4432 caisse
4453 4402 4634 4439 coihposëe
4654 4404 4694 4434 de
4711 4404 4762 4432 sis
4778 4406 4970 4440 bouteilles.

4080 4464 4111 4490 1*
4142 4465 4185 4491 La
4215 4466 4406 4500 Micheline,
4435 4470 4536 4495 Reine
4563 4471 4619 4495 des
4647 4470 4823 4500 Liqueurs.

4078 4499 4111 4526 2*
4145 4502 4253 4527 Cacao
4286 4504 4575 4532 Puerto-Cabello.

4076 4535 4109 4562 3*
4142 4537 4251 4564 Rhum
4280 4539 4467 4568 St-Michel.

4079 4571 4108 4596 4*
4148 4575 4228 4599 Fine
4267 4574 4415 4603 Martoli.

4076 4607 4109 4632 5°
4135 4609 4216 4635 L’Or
4240 4610 4324 4636 Kina
4347 4612 4539 4644 Sabathier,
4564 4611 4624 4639 Vin
4646 4611 4786 4644 apéfitf.

4076 4641 4109 4667 6‘
4135 4643 4251 4671 Grand
4275 4646 4464 4679 Mousseux,
4487 4648 4590 4676 cuvée
4611 4647 4775 4680 réservée,
4796 4650 4874 4683 plus
4894 4652 4986 4688 quel¬

4076 4683 4159 4708 ques
4179 4679 4306 4711 primes
4325 4687 4368 4708 au
4391 4683 4491 4710 choix
4512 4685 4558 4712 du
4579 4683 4696 4712 client.

4077 4723 4159 4752 Prix
4182 4726 4303 4756 franco
4325 4728 4366 4755 de
4387 4730 4464 4762 port
4486 4730 4519 4758 et
4542 4731 4617 4759 tous
4639 4731 4747 4760 droits
4770 4735 4875 4766 payés
4899 4738 4984 4765 dans

3969 4755 4003 4783 la
4023 4756 4155 4788 France
4173 4762 4311 4791 entière.

4310 4819 4503 4855 Vingt-cinq
4526 4822 4642 4851 francs

3970 4989 4051 5068 LE
4086 4979 4455 5071 BRÉVIAIRE
4490 4992 4575 5070 DE
4602 4994 4683 5071 LA
4714 4983 4991 5077 BEAUTÉ

4136 5151 4327 5194 Madame,

4011 5210 4146 5248 Quelle
4171 5219 4244 5250 que
4268 5216 4344 5247 soit
4368 5218 4476 5248 votre
4500 5214 4704 5256 situation,
4732 5224 4779 5250 ne
4803 5219 4996 5257 gaspillez

3969 5261 4039 5291 pas
4069 5254 4177 5285 votre
4203 5258 4343 5295 argent
4392 5264 4439 5288 en
4470 5262 4657 5296 essayant
4707 5260 4763 5291 les
4794 5262 4993 5300 multiples

3970 5295 4147 5332 produits
4173 5295 4219 5328 de
4248 5296 4404 5336 Beauté,
4431 5298 4568 5330 vantés
4596 5306 4664 5337 par
4691 5302 4798 5333 force
4824 5302 4993 5334 réclame

3967 5338 4066 5367 dans
4091 5338 4179 5368 tous
4206 5336 4259 5371 les
4284 5340 4496 5376 journaux,
4526 5340 4624 5371 mais
4652 5342 4746 5373 lisez
4771 5344 4930 5375 d’abord
4958 5346 4994 5374 la

3967 5376 4240 5410 merveilleuse
4264 5380 4446 5412 méthode
4467 5381 4520 5412 du
4544 5380 4769 5419 spécialiste
4792 5384 4991 5416 GLARKS.

3968 5419 4015 5448 Le
4042 5416 4239 5451 Bréviaire
4262 5421 4309 5452 de
4335 5422 4370 5452 la
4396 5420 4551 5458 Beauté,
4576 5423 4642 5459 qui
4668 5431 4766 5456 vous
4791 5427 4992 5464 enseigne¬

3968 5466 4022 5496 ra,
4044 5464 4091 5488 en
4114 5459 4256 5492 termes
4278 5463 4398 5494 clairs
4420 5463 4456 5494 et
4479 5462 4619 5500 précis,
4643 5464 4728 5496 l’art
4750 5466 4796 5497 de
4820 5466 4992 5499 s’embel¬

3968 5499 4016 5530 lir
4043 5506 4137 5530 sans
4165 5504 4313 5539 grands
4340 5503 4480 5534 efforts
4508 5506 4545 5536 et
4572 5503 4764 5536 d’obtenir
4793 5504 4909 5539 d’une
4938 5508 4992 5538 fa¬

3966 5546 4038 5578 çon
4062 5541 4198 5577 rapide
4219 5546 4255 5575 et
4276 5543 4463 5581 certaine,
4486 5544 4634 5575 finesse
4655 5546 4706 5576 du
4730 5547 4840 5584 teint,
4862 5549 4991 5580 velou¬

3963 5579 3999 5612 té
4026 5581 4072 5611 de
4114 5581 4338 5620 l’épiderme
4362 5587 4399 5616 et
4438 5586 4625 5623 gracieux
4667 5586 4991 5626 développement

3962 5622 4031 5654 des
4053 5622 4211 5655 formes.

4004 5662 4108 5694 Cette
4138 5663 4268 5696 éditon
4298 5667 4424 5700 forme
4455 5675 4506 5698 un
4538 5668 4635 5699 beau
4667 5668 4822 5700 volume
4852 5671 4899 5703 de
4928 5668 4987 5702 168

3963 5709 4094 5742 pages,
4120 5704 4300 5743 imprimé
4324 5715 4391 5739 sur
4416 5708 4552 5747 papier
4575 5710 4682 5740 riche
4704 5711 4740 5742 et
4766 5710 4917 5744 illustré
4940 5711 4987 5742 de

3960 5744 4040 5778 très
4063 5747 4319 5780 nombreuses
4339 5755 4531 5786 gravures
4554 5752 4591 5782 et
4613 5750 4779 5782 dessins.
4806 5752 4911 5784 Dans
4934 5758 4986 5783 un

3962 5785 4028 5816 but
4042 5784 4089 5815 de
4103 5786 4391 5823 vulgarisation
4428 5788 4695 5826 scientifique,
4711 5790 4850 5822 l’envoi
4867 5798 4914 5822 en
4930 5794 4986 5822 est

3960 5826 4035 5859 fait
4058 5827 4195 5859 franco
4219 5834 4312 5860 sous
4337 5830 4390 5867 pli
4415 5830 4552 5868 fermé,
4577 5832 4712 5863 contre
4736 5830 4755 5862 0
4779 5834 4826 5863 fr.
4851 5833 4891 5866 40
4919 5834 4987 5873 (re¬

3959 5868 4194 5899 commandé
4218 5875 4226 5898 :
4247 5867 4267 5899 0
4286 5871 4334 5900 fr.
4358 5869 4410 5910 50)
4437 5879 4485 5903 en
4508 5871 4672 5904 timbres
4695 5873 4742 5903 de
4763 5876 4851 5906 tous
4875 5879 4984 5911 pays,

3959 5906 4138 5940 adressés
4164 5909 4188 5942 à
4235 5908 4432 5952 GLARKS,
4460 5911 4532 5952 130,
4560 5912 4714 5944 Galerie
4759 5914 4806 5946 de
4854 5914 4986 5947 Valois

3964 5948 4264 5989 (Palais-Royal)
4301 5952 4423 5983 Paris.

4002 6015 4139 6048 NOTA.
4162 6035 4203 6039 —
4227 6016 4331 6051 Vous
4378 6027 4423 6051 ne
4470 6025 4648 6051 recevrez
4694 6027 4763 6058 pas
4788 6030 4839 6054 un
4888 6023 4985 6054 livre

3959 6060 4216 6098 quelconque,
4242 6062 4339 6092 mais
4364 6068 4439 6092 une
4462 6060 4555 6098 jolie
4582 6059 4760 6094 méthode
4784 6064 4985 6103 descripti¬

3959 6107 4016 6138 ve,
4044 6100 4339 6139 indispensable
4363 6102 4386 6133 à
4410 6103 4539 6134 toutes
4567 6103 4620 6134 les
4645 6104 4794 6137 dames.

4002 6142 4103 6173 Vous
4127 6143 4259 6174 n’avez
4280 6143 4424 6180 jamais
4449 6150 4516 6173 ren
4541 6151 4590 6174 vu
4614 6144 4660 6179 de
4683 6146 4819 6184 pareil.

4000 6183 4103 6215 Vous
4132 6191 4179 6216 ne
4208 6185 4455 6215 retrouverez
4480 6183 4626 6220 jamais
4655 6194 4730 6219 une
4759 6190 4859 6220 offre
4887 6190 4984 6220 sem¬

3959 6224 4098 6255 blable.

3999 6263 4102 6296 Vous
4137 6263 4379 6295 n’achèterez
4411 6263 4554 6301 jamais
4588 6267 4672 6300 rien
4706 6268 4851 6302 d’aussi
4887 6268 4982 6300 utile

3955 6306 3979 6338 à
4004 6313 4055 6337 un
4083 6306 4169 6343 prix
4194 6306 4302 6336 aussi
4330 6306 4525 6343 modique.

4000 6347 4205 6378 D’ailleurs
4235 6354 4331 6378 vous
4360 6353 4408 6378 ne
4437 6347 4592 6387 risquez
4621 6352 4719 6389 rien,
4748 6358 4864 6391 parce
4891 6359 4980 6390 que,

3955 6387 4071 6421 chose
4094 6387 4240 6424 unique
4260 6389 4297 6419 et
4319 6389 4604 6430 merveilleuse,
4626 6394 4778 6431 chaque
4800 6393 4981 6426 méthode

3954 6430 4011 6459 est
4036 6428 4326 6466 accompagnée
4351 6429 4442 6461 d’un
4470 6431 4543 6464 bon
4570 6434 4616 6464 de
4643 6435 4980 6472 remboursement

3957 6468 4137 6506 intégral.
4656 6491 4664 6505 ,

3998 6508 4098 6539 Nous
4127 6515 4223 6542 vous
4252 6516 4478 6548 engageons
4507 6514 4607 6546 donc
4636 6515 4660 6547 à
4688 6520 4735 6546 en
4764 6515 4979 6547 demander

3955 6557 4006 6580 un
4031 6558 4128 6588 pour
4151 6552 4403 6590 aujourd'hui
4431 6555 4568 6587 même.

4339 6651 4394 6689 Le
4427 6654 4580 6690 ûérant
4612 6663 4619 6688 :
4649 6654 4902 6694 ROUSSEL.

3999 6741 4264 6788 Imprimerie
4292 6744 4475 6790 spéciale
4502 6745 4556 6780 du
4589 6746 4705 6783 Trait
4734 6747 4924 6785 d'Union.
