5134 7504
354 590 490 639 jeune
520 590 612 630 fille
643 590 698 630 de
728 591 779 630 20
810 590 836 630 à
864 592 916 630 22
947 602 1042 638 ans,
1077 590 1291 631 situation
1325 602 1378 631 en

355 652 554 705 rapport.

408 735 543 780 5,807.
574 735 627 772 —
659 735 788 782 Veuf,
822 733 934 781 seul,
967 743 1072 772 sans
1103 732 1298 782 enfants,
1331 735 1383 772 33

356 807 451 843 ans,
482 807 732 836 commerce
760 795 1027 846 rapportant
1056 797 1203 836 10.000
1230 796 1382 835 francs

355 870 435 908 par
470 868 542 904 an,
576 856 723 898 désire
757 858 896 898 union
932 867 1039 896 avec
1071 858 1207 907 jeune
1240 867 1382 897 veuve

354 932 411 960 ou
440 920 716 968 demoiselle,
747 920 802 960 de
853 919 1118 970 préférence
1145 919 1381 971 orpheline

354 983 564 1031 honnête,
592 983 803 1030 sérieuse,
828 982 959 1032 goûts
984 982 1186 1031 simples,
1213 982 1382 1022 femme

355 1043 632 1084 d'intérieur.
663 1044 772 1084 Très
798 1043 990 1085 sérieux.

408 1127 544 1172 5,812.
580 1124 635 1164 —
671 1124 954 1174 Célibataire,
992 1126 1042 1163 43
1078 1135 1174 1172 ans,
1213 1123 1365 1174 parais

354 1188 455 1227 sant
489 1187 595 1238 plus
627 1187 778 1236 jeune,
815 1188 930 1228 beau
966 1199 1087 1234 nom,
1126 1187 1272 1227 comte
1306 1199 1381 1227 au¬

354 1250 604 1300 thentique,
641 1250 731 1290 très
765 1250 985 1291 ancienne
1019 1250 1182 1298 lignée,
1219 1248 1292 1288 fils
1326 1250 1381 1290 de

352 1312 570 1362 général,:
594 1312 683 1352 très
707 1312 846 1354 belles
870 1312 1086 1352 alliances
1107 1312 1149 1352 et
1171 1312 1382 1362 parentés

354 1375 414 1416 du
444 1375 538 1415 côté
566 1375 771 1425 paternel
800 1376 842 1415 et
870 1373 1106 1420 maternel,
1138 1374 1379 1423 possédant

354 1439 547 1489 superbe
579 1438 807 1488 propriété
840 1436 1120 1487 d’agrément
1152 1448 1259 1477 avec
1294 1436 1382 1476 fort

353 1501 467 1541 beau
499 1501 689 1542 château
722 1502 763 1542 et
795 1502 921 1540 sûres
952 1499 1232 1549 espérances,
1267 1499 1379 1539 dési¬

354 1575 399 1604 re
422 1564 611 1615 épouser
635 1564 767 1603 dame
790 1563 843 1602 de
865 1563 916 1600 30
938 1561 963 1600 à
984 1563 1035 1600 43
1059 1572 1154 1610 ans,
1180 1563 1270 1603 très
1294 1562 1380 1602 for¬

354 1626 500 1667 tunée.

406 1718 541 1755 5.814.
576 1714 631 1752 —
664 1712 1159 1762 Caissier-Comptable,
1196 1715 1243 1752 31
1280 1724 1376 1760 ans,

352 1776 610 1827 paraissant
640 1775 746 1824 plus
776 1775 927 1824 jeune,
963 1775 1096 1822 brun,
1132 1775 1376 1823 distingué,

352 1838 625 1888 catholique,
659 1836 831 1876 bonnes
862 1836 1128 1884 références,
1163 1836 1377 1876 situation

351 1902 469 1948 sûre,
497 1898 754 1951 épouserait
777 1898 1048 1939 Demoiselle
1074 1898 1284 1946 sérieuse,
1314 1898 1379 1936 in¬

352 1963 581 2013 telligente
605 1962 683 2012 qui
707 1962 771 2002 lui
797 1960 995 2012 plairait.

403 2051 539 2088 5.815.
567 2048 622 2087 —
650 2048 932 2095 Célibataire,
963 2048 1013 2086 54
1042 2058 1138 2096 ans,
1167 2048 1290 2096 6,000
1319 2047 1374 2088 fr.

351 2111 406 2151 de
436 2120 644 2159 revenus,
678 2110 780 2148 bien
814 2110 868 2150 de
899 2120 948 2149 sa
978 2119 1216 2159 personne,
1251 2111 1378 2150 santé

351 2172 559 2223 parfaite,
598 2171 842 2212 excellente
878 2170 1067 2219 famille,
1104 2170 1250 2211 désire
1286 2183 1377 2211 ma¬

352 2234 474 2284 riage
499 2246 604 2275 avec
630 2235 900 2275 Demoiselle
924 2235 979 2274 de
1002 2236 1052 2274 45
1076 2233 1102 2273 à
1124 2235 1175 2273 50
1199 2244 1295 2280 ans,
1323 2235 1374 2274 si¬

354 2296 524 2335 tuation
550 2307 603 2336 en
628 2295 830 2346 rapport.

403 2387 539 2426 5.817.
562 2387 618 2426 —
638 2387 782 2426 Jeune
807 2386 988 2424 homme
1012 2390 1067 2425 de
1090 2386 1140 2425 24
1164 2396 1259 2432 ans,
1287 2395 1378 2424 sor¬

351 2447 447 2488 tant
475 2448 583 2488 d’un
614 2447 838 2498 régiment
867 2446 922 2486 de
950 2446 1230 2487 cuirassiers.
1264 2447 1377 2486 Bon¬

352 2521 407 2550 ne
439 2510 676 2550 éducation
710 2511 751 2550 et
784 2507 1069 2548 instruction.
1106 2508 1376 2559 Propriétai¬

352 2583 397 2612 re
424 2571 478 2611 de
504 2572 675 2621 grands
700 2570 936 2612 domaines
963 2570 1222 2620 s’occupant
1248 2570 1378 2610 d’éle¬

352 2645 479 2684 vage,
517 2634 775 2683 épouserait
810 2632 947 2683 jeune
982 2631 1076 2670 fille
1112 2633 1251 2681 ayant
1285 2644 1375 2672 une

351 2697 427 2736 dot
447 2696 502 2734 de
522 2696 573 2732 50
593 2694 618 2734 à
638 2696 787 2743 80,000
808 2695 960 2734 francs
982 2704 1034 2732 en
1058 2695 1230 2743 argent.

404 2785 539 2831 5.824.
571 2804 624 2811 —
653 2784 798 2823 Jeune
856 2784 1052 2829 homme,
1090 2784 1107 2821 1
1128 2788 1154 2804 m
1160 2814 1168 2830 ,
1202 2784 1267 2830 69,
1327 2784 1375 2822 27

351 2854 447 2894 ans,
474 2844 607 2891 brun,
634 2843 814 2883 fortune
838 2841 1138 2896 personnelle,
1163 2842 1302 2892 ayant
1323 2842 1378 2880 si¬

352 2903 525 2944 tuation
556 2904 671 2943 dans
700 2914 790 2944 une
820 2904 1000 2951 banque
1056 2902 1166 2942 dont
1223 2900 1252 2940 il
1283 2900 1378 2940 doit

351 2963 546 3011 prendre
580 2963 623 3001 la
658 2963 787 3010 suite,
823 2960 1079 3012 épouserait
1112 2962 1248 3012 jeune
1284 2960 1376 2999 fille

353 3021 452 3062 bien
484 3022 647 3068 élevée,
678 3022 815 3071 ayant
868 3019 1094 3070 physique
1151 3019 1375 3073 agréable,

352 3079 526 3121 famille
552 3079 799 3119 honorable
823 3079 864 3118 et
887 3079 1019 3128 goûts
1044 3078 1245 3131 simples.

401 3172 536 3220 5.825.
560 3170 615 3210 —
639 3168 922 3216 Célibataire,
949 3167 1060 3216 seul,
1087 3171 1135 3209 51
1160 3182 1258 3219 ans,
1284 3171 1374 3211 très

348 3228 467 3279 bien,
496 3231 742 3271 excellente
769 3228 910 3277 santé,
940 3229 1029 3267 très
1056 3229 1305 3270 honorable
1332 3230 1374 3270 et

348 3287 402 3329 de
433 3292 581 3331 bonne
612 3290 803 3339 famille,
835 3287 1079 3340 possédant
1107 3290 1284 3328 240.000
1314 3290 1370 3328 fr.

347 3358 400 3388 en
423 3350 697 3390 immeubles
717 3350 852 3390 neufs
871 3350 915 3390 et
934 3360 988 3390 en
1010 3347 1239 3399 capitaux,
1262 3348 1373 3388 dont

347 3419 408 3448 un
442 3420 610 3450 revenu
642 3410 810 3447 annuel
842 3410 896 3448 de
926 3411 1050 3448 9.000
1082 3409 1155 3458 fr.,
1188 3410 1372 3461 épouse¬

348 3470 434 3508 rait
462 3467 722 3510 demoiselle
750 3478 807 3507 ou
836 3467 968 3507 dame
996 3469 1051 3507 de
1078 3470 1287 3510 moralité
1316 3470 1371 3508 ir¬

347 3527 642 3577 réprochable
663 3531 705 3570 et
726 3527 828 3568 bien
851 3526 905 3567 de
926 3528 976 3566 30
998 3526 1023 3566 à
1043 3527 1094 3566 45
1114 3539 1210 3576 ans,
1235 3530 1371 3578 ayant

278 3588 290 3602 *
346 3596 531 3627 revenu.

401 3676 536 3724 5.831.
563 3678 618 3716 —
640 3678 784 3716 Jeune
811 3675 1010 3724 homme,
1039 3675 1172 3724 brun,
1199 3677 1251 3716 26
1275 3686 1372 3723 ans,

348 3736 660 3783 propriétaire,
700 3738 788 3776 très
822 3738 970 3775 bonne
1031 3736 1220 3783 famille,
1283 3735 1375 3774 cin¬

347 3794 515 3843 quante
544 3794 671 3833 mille
700 3792 867 3842 francs,
900 3793 1172 3833 immeubles
1200 3792 1255 3834 de
1284 3794 1371 3832 bon

348 3851 535 3903 raporpt
567 3852 608 3892 et
642 3852 907 3903 espérances
940 3854 1081 3899 sûres,
1118 3852 1374 3903 épouserait

346 3910 482 3959 jeune
506 3912 599 3953 fille
622 3914 832 3959 sérieuse,
858 3910 994 3961 ayant
1016 3911 1092 3951 dot
1115 3912 1374 3964 équivalen¬

348 3971 402 4010 te.
439 3971 493 4011 Se
525 3974 763 4024 déplacera
795 3971 836 4010 et
868 3983 924 4011 au
958 3971 1113 4012 besoin
1147 3975 1374 4022 changera

347 4030 400 4070 de
428 4030 659 4071 situation.

398 4120 534 4166 5.832.
556 4118 610 4156 —
632 4116 915 4163 Célibataire,
939 4119 991 4155 50
1013 4127 1108 4165 ans,
1134 4130 1189 4159 ne
1211 4118 1275 4159 les
1296 4131 1371 4170 pa¬

346 4177 542 4219 raissant
568 4187 662 4228 pas,
692 4175 795 4214 bien
824 4175 1192 4228 physiquement,
1224 4180 1373 4219 bonne

344 4237 599 4283 éducation,
634 4234 903 4274 instruction
963 4238 1199 4289 complète,
1235 4238 1373 4278 musi¬

344 4297 458 4344 cien,
484 4296 632 4335 40.000
656 4293 710 4332 fr.
738 4294 792 4334 de
815 4295 1080 4346 propriétés,
1108 4298 1212 4348 plus
1235 4298 1371 4338 situa¬

345 4356 437 4396 tion
472 4352 820 4403 indépendante,
880 4355 1027 4398 désire
1058 4357 1259 4408 mariage
1315 4370 1370 4398 en

346 4414 546 4465 rapport.

398 4494 533 4540 5.834.
562 4516 617 4521 —
646 4495 775 4544 Veuf,
807 4499 858 4536 50
914 4509 1010 4544 ans,
1069 4496 1371 4536 honorabilité

344 4551 552 4602 parfaite,
583 4555 694 4604 petit
720 4556 846 4595 avoir
874 4556 915 4594 et
942 4554 1155 4594 situation
1186 4567 1371 4604 rappor¬

344 4611 440 4651 tant
470 4612 591 4652 4.400
622 4614 677 4654 fr.
711 4615 815 4662 l’an,
848 4612 1104 4663 épouserait
1135 4614 1372 4655 demoisel¬

343 4670 383 4711 le
404 4683 462 4711 ou
485 4684 642 4722 veuve,
667 4672 939 4722 catholique,
964 4672 1176 4722 sérieuse,
1202 4675 1282 4724 âge
1304 4687 1352 4714 as

344 4731 468 4780 sorti,
503 4732 635 4782 goûts
668 4730 871 4780 simples,
907 4731 1043 4782 petite
1103 4732 1193 4784 dot,
1257 4734 1370 4775 libre

342 4799 458 4839 pour
487 4791 815 4840 déplacement.
848 4791 959 4834 Très
988 4793 1181 4835 sérieux.

395 4876 531 4924 5.835.
555 4900 607 4904 —
630 4876 767 4918 Noble
788 4878 906 4928 titré,
930 4882 981 4920 28
1002 4891 1099 4930 ans,
1122 4880 1273 4923 vieille
1295 4894 1371 4923 no¬

342 4935 500 4985 blesse,
535 4937 626 4978 très
683 4939 903 4979 ancienne
963 4939 1123 4990 lignée,
1187 4941 1368 4981 fortune

343 4998 516 5038 100.000
552 4997 718 5047 francs,
755 4999 869 5039 beau
904 4999 1094 5038 château
1130 5000 1172 5039 et
1204 5000 1369 5050 dépen¬

340 5057 550 5105 dances,
610 5058 755 5099 désire
783 5059 972 5108 épouser
1027 5056 1163 5106 jeune
1192 5059 1285 5098 fille
1314 5058 1368 5099 de

342 5116 518 5156 famille
548 5116 638 5156 très
668 5116 931 5163 honorable,
964 5115 1019 5155 de
1050 5117 1102 5155 20
1131 5116 1156 5156 à
1186 5119 1236 5158 25
1267 5130 1363 5168 ans,

340 5175 510 5226 pieuse,
546 5174 649 5215 bien
683 5175 846 5222 élevée,
882 5174 1107 5226 instruite,
1143 5179 1368 5231 physique

339 5233 563 5284 agréable,
592 5235 728 5283 ayant
754 5234 830 5272 dot
856 5234 1102 5277 minimum
1131 5240 1307 5279 200>000
1334 5240 1363 5279 f.

341 5292 587 5344 Orpheline
615 5292 668 5332 de
695 5291 971 5343 préférence.

379 5500 640 5631 Offres
687 5535 846 5607 aux
893 5503 1326 5604 Messieurs

388 5747 524 5796 5,694.
548 5748 602 5787 —
626 5748 775 5791 Veuve
798 5750 972 5791 officier
995 5748 1247 5800 supérieur,
1274 5760 1363 5790 cer¬

338 5808 430 5850 tain
464 5808 559 5859 âge,
593 5810 709 5851 belle
742 5811 924 5859 femme,
960 5810 1184 5860 instruite,
1219 5812 1366 5852 beaux

339 5880 531 5910 revenus
562 5869 707 5912 désire
739 5872 930 5923 épouser
961 5870 1210 5920 Monsieur,
1246 5871 1367 5912 fonc¬

338 5928 576 5977 tionnaire,
611 5931 807 5979 retraité,
868 5928 1112 5979 distingué,
1172 5932 1227 5972 de
1258 5932 1366 5971 bon¬

338 5999 392 6028 ne
427 5988 567 6038 santé,
602 5990 656 6031 de
688 5992 740 6031 60
772 5991 799 6031 à
830 5992 880 6030 65
914 6000 1010 6038 ans,
1047 5992 1184 6041 ayant
1218 5991 1366 6031 rentes

336 6047 598 6088 suffisantes
623 6060 738 6099 pour
763 6048 843 6090 lui.

389 6135 524 6183 5,746.
558 6138 611 6176 —
669 6138 812 6176 Jeune
845 6135 955 6183 fille,
990 6135 1092 6176 bien
1128 6149 1232 6179 sous
1264 6137 1365 6178 tous

339 6194 564 6247 rapports,
605 6195 752 6235 bonne
790 6195 1046 6244 éducation,
1086 6199 1156 6238 art
1191 6198 1360 6248 d’agré¬

337 6255 475 6302 ment,
513 6252 687 6295 famille
722 6256 984 6306 honorable,
1020 6256 1168 6298 désire
1201 6258 1365 6297 maria¬

334 6327 387 6364 ge
442 6315 578 6364 jeune
606 6316 790 6356 homme
818 6317 995 6356 sérieux
1025 6318 1161 6366 ayant
1215 6317 1364 6358 bonne

335 6372 566 6415 situation.

387 6455 522 6502 5.757.
555 6454 610 6491 —
670 6454 952 6503 Demoiselle,
986 6455 1038 6494 26
1068 6464 1166 6501 ans,
1200 6454 1359 6502 brune,

334 6514 520 6564 grande,
556 6511 766 6552 habitant
800 6514 1042 6563 Toulouse,
1079 6512 1254 6554 famille
1287 6514 1363 6552 ho¬

335 6574 535 6622 norable,
567 6571 836 6620 couturière,
868 6574 946 6614 dot
971 6575 1094 6623 5,000
1122 6573 1195 6621 fr.,
1227 6572 1363 6614 situa¬

335 6632 425 6672 tion
460 6644 567 6673 avec
599 6631 979 6682 appointements,
1015 6631 1160 6675 désire
1192 6646 1238 6675 se
1270 6644 1363 6672 ma¬

336 6691 424 6733 rier
455 6704 561 6734 avec
592 6690 842 6739 Monsieur,
875 6691 956 6742 âge
987 6694 1028 6734 et
1059 6693 1273 6735 situation
1306 6704 1360 6735 en

335 6754 534 6804 rapport.

386 6851 520 6898 5.758.
554 6874 608 6878 —
640 6848 923 6897 Demoiselle,
958 6849 1008 6888 43
1040 6859 1135 6898 ans,
1171 6850 1363 6891 honora¬

1458 588 1583 630 bilité
1612 588 1822 639 parfaite,
1855 590 1958 630 bien
1990 589 2152 636 élevée,
2185 587 2483 637 musicienne,

1459 648 1684 689 caractère
1720 648 1843 689 doux
1879 650 1920 690 et
1956 649 2227 697 affectueux,
2266 650 2388 696 3,200
2425 648 2480 687 fr.

1455 708 1511 748 de
1543 708 1706 757 rentes,
1742 708 1979 748 désirerait
2010 719 2200 759 epouser
2234 707 2482 755 Monsieur,

1458 768 1722 816 honorable,
1754 768 2027 818 catholique,
2060 768 2163 815 bon,
2198 768 2279 819 âge
2308 768 2350 807 et
2378 767 2484 806 situ¬

1456 827 1579 867 ation
1610 839 1664 867 en
1695 828 1895 878 rapport.

1511 924 1647 971 5,762.
1683 922 1738 959 —
1803 922 1984 962 Femme
2048 922 2319 974 distinguée,
2358 920 2484 962 meil¬

1458 983 1555 1023 leur
1579 982 1760 1030 monde,
1787 983 1838 1020 42
1862 993 1958 1030 ans,
1984 982 2120 1032 jeune
2144 982 2343 1032 d’aspect
2365 982 2407 1022 et
2430 980 2484 1020 de

1456 1054 1595 1090 cœur,
1652 1040 1847 1091 qualités
1874 1042 2070 1082 morales
2124 1042 2166 1082 et
2219 1040 2482 1092 physiques,

1456 1102 1593 1152 ayant
1625 1100 1727 1140 subi
1760 1111 1926 1151 revers,
1961 1102 2218 1152 épouserait
2252 1100 2485 1142 Monsieur

1459 1160 1733 1210 catholique,
1772 1161 2055 1201 sentiments*
2077 1160 2280 1210 délicats,
2347 1160 2483 1211 ayant

1458 1221 1637 1260 fortune
1663 1231 1722 1259 ou
1749 1219 1963 1261 situation
1992 1220 2194 1260 libérale.

1508 1316 1643 1363 5,765.
1666 1316 1719 1354 —
1743 1315 2026 1364 Demoiselle,
2051 1315 2211 1364 brune,
2237 1315 2352 1356 belle
2375 1314 2484 1355 fem¬

1456 1387 1542 1423 me,
1571 1376 1622 1414 49
1647 1386 1728 1414 ans
1755 1376 2012 1426 paraissant
2039 1375 2142 1415 bien
2170 1375 2334 1424 moins,
2362 1376 2484 1422 6,000

1457 1435 1609 1476 francs
1640 1434 1694 1474 de
1725 1446 1932 1484 revenus,
1967 1435 2114 1475 désire
2144 1435 2346 1486 mariage
2378 1444 2484 1474 avec

1456 1494 1754 1546 propriétaire
1787 1495 1876 1536 très
1937 1495 2200 1543 honorable,
2266 1494 2484 1535 fonction¬

1456 1555 1582 1594 naire
1612 1566 1670 1594 ou
1700 1554 1875 1595 officier
1906 1567 1960 1595 en
1992 1554 2174 1594 retraite
2204 1554 2407 1606 pouvant
2438 1564 2483 1594 se

1455 1614 1679 1664 déplacer.
1744 1614 1837 1663 Age
1871 1616 1914 1655 et
1948 1615 2128 1655 fortune
2162 1626 2216 1654 en
2280 1614 2479 1664 rapport.

1456 1674 1566 1712 Très
1595 1672 1788 1713 sérieux.

1507 1770 1642 1816 5.768.
1670 1770 1724 1807 —
1782 1770 2064 1817 Demoiselle,
2121 1771 2172 1809 30
2227 1782 2322 1818 ans,
2352 1769 2484 1819 goûts

1455 1828 1656 1879 simples,
1692 1828 1848 1877 douce,
1884 1829 2096 1878 sérieuse,
2131 1830 2315 1880 parents
2347 1827 2484 1868 situa¬

1454 1887 1546 1928 tion
1584 1887 1916 1936 commerciale,
1954 1890 2234 1940 espérances,
2300 1890 2484 1940 épouse¬

1454 1948 1541 1988 rait
1573 1947 1833 1989 célibataire
1865 1960 1923 1990 ou
1955 1948 2063 1990 veuf
2095 1950 2233 2000 ayant
2266 1948 2480 1990 situation

1454 2010 1571 2047 sûre.
1601 2008 1656 2047 Se
1682 2007 1971 2057 déplacerait,
1999 2008 2110 2047 Très
2135 2008 2327 2048 sérieux.

1507 2104 1642 2151 5.769.
1669 2102 1724 2141 —
1775 2102 1919 2142 Jeune
1946 2103 2040 2142 fille
2068 2103 2248 2151 blonde,
2303 2106 2355 2143 25
2383 2114 2479 2151 ans,

1452 2163 1542 2203 très
1576 2163 1695 2211 bien,
1731 2162 2004 2212 catholique,
2040 2162 2117 2203 dot
2150 2166 2272 2212 6,000
2306 2163 2379 2212 fr.,
2415 2174 2482 2202 sa¬

1454 2223 1528 2263 lon
1560 2223 1614 2263 de
1670 2222 1827 2263 modes
1883 2222 2055 2272 grande
2111 2223 2235 2272 ville,
2295 2222 2483 2274 rapport

1451 2283 1574 2330 2,000
1602 2282 1656 2322 fr.
1686 2294 1768 2334 par
1796 2294 1868 2330 an,
1896 2282 2094 2322 céderait
2120 2294 2200 2323 son
2230 2292 2482 2323 commerce

1452 2342 1608 2382 valant
1632 2344 1755 2390 4,000
1782 2342 1836 2382 fr.
1867 2342 2048 2383 suivant
2075 2342 2307 2391 situation,
2336 2342 2482 2383 désire

1453 2402 1655 2451 mariage
1679 2413 1786 2442 avec
1810 2402 1946 2452 jeune
1971 2402 2170 2451 homme,
2198 2403 2318 2451 bien,
2346 2402 2482 2454 ayant

1454 2460 1579 2500 avoir
1610 2461 1652 2500 et
1682 2461 1914 2503 situation.

1506 2556 1640 2604 5.770.
1694 2558 1748 2594 —
1804 2556 2092 2604 Institutrice,
2120 2558 2171 2596 30
2196 2567 2293 2606 ans,
2322 2558 2482 2608 orphe¬

1454 2616 1560 2664 line,
1592 2614 1889 2665 musicienne,
1923 2617 2103 2666 blonde,
2133 2616 2335 2667 gentille,
2395 2616 2483 2658 dis¬

1453 2676 1649 2726 tinguée,
1683 2675 1996 2726 propriétaire,
2030 2679 2107 2716 900
2139 2676 2195 2716 fr.
2228 2676 2283 2716 de
2314 2678 2477 2724 rentes,

1451 2735 1755 2776 honorabilité
1788 2736 1999 2785 parfaite,
2063 2736 2320 2787 épouserait
2355 2737 2482 2776 Mon¬

1452 2795 1574 2834 sieur
1609 2795 1818 2843 honnête,
1856 2796 2006 2836 bonne
2039 2796 2295 2844 éducation,
2332 2797 2480 2837 bonne

1452 2855 1594 2903 santé,
1626 2854 1841 2895 situation
1872 2855 2003 2896 aisée.
2038 2856 2147 2896 Très
2178 2856 2371 2898 sérieux.

1504 2952 1640 2990 5.774.
1666 2953 1720 2990 —
1750 2951 2022 2991 Institutrice
2049 2952 2164 3000 Etat,
2191 2954 2242 2991 27
2267 2963 2364 3001 ans,
2392 2951 2480 2992 dis¬

1452 3008 1650 3059 tinguée,
1715 3011 1980 3062 espérances
2018 3013 2192 3060 100,000
2228 3011 2302 3062 fr.,
2368 3011 2480 3052 dési¬

1452 3069 1554 3110 rant
1583 3071 1751 3119 quitter
1779 3070 2167 3122 l’enseignement,
2224 3071 2482 3123 épouserait

1452 3128 1687 3170 Monsieur
1710 3131 2022 3179 désintéressé,
2047 3131 2099 3170 40
2119 3131 2146 3171 à
2168 3134 2319 3182 60ans,
2344 3131 2481 3183 ayant

1452 3190 1600 3230 rentes
1626 3200 1683 3229 ou
1711 3191 1859 3232 bonne
1884 3190 2115 3232 situation.

1505 3282 1640 3331 5.783.
1672 3303 1727 3308 —
1759 3283 2042 3332 Demoiselle,
2076 3284 2127 3322 48
2158 3294 2254 3331 ans,
2289 3283 2480 3323 instruc¬

1452 3342 1544 3380 tion
1577 3341 1619 3381 et
1650 3339 1889 3383 éducation
1922 3343 2118 3394 soignée,
2157 3342 2477 3391 -musicienne,

1451 3400 1600 3440 bonne
1658 3400 1700 3440 et
1731 3400 1952 3443 ancienne
1984 3402 2175 3450 famille,
2235 3402 2480 3454 possédant

1451 3472 1539 3502 une
1573 3459 1800 3511 propriété
1834 3461 1888 3501 de
1919 3463 2070 3510 25,000
2103 3461 2129 3502 à
2161 3464 2311 3511 30,000
2346 3462 2402 3503 fr.
2438 3463 2480 3503 et

1450 3520 1610 3572 petites
1635 3520 1915 3572 espérances,
1943 3521 2201 3572 épouserait
2227 3522 2476 3571 Monsieur,

1451 3580 1554 3619 bien
1583 3582 1720 3631 élevé,
1779 3581 2051 3631 catholique,
2083 3583 2164 3634 âge
2192 3583 2235 3623 et
2262 3581 2477 3622 situation

1450 3648 1504 3678 en
1531 3642 1732 3691 rapport.

1502 3736 1638 3780 5.784.
1664 3738 1718 3774 —
1739 3738 1884 3775 Jeune
1935 3736 2043 3782 fille,
2098 3736 2279 3783 blonde,
2304 3738 2355 3775 24
2379 3747 2475 3783 ans,

1448 3791 1719 3841 couturière,
1747 3791 1850 3832 bien
1878 3804 1983 3835 sous
2008 3793 2108 3835 tous
2134 3794 2199 3835 les
2250 3795 2475 3846 rapports,

1448 3852 1674 3892 caractère
1695 3851 1818 3892 doux
1840 3854 1882 3894 et
1903 3854 2174 3903 affectueux,
2200 3854 2375 3895 aimant
2396 3866 2476 3895 son

1450 3911 1682 3960 intérieur,
1736 3913 1859 3960 2,000
1884 3912 1939 3952 fr.
1968 3914 2023 3955 de
2048 3914 2139 3963 dot,
2194 3915 2475 3966 espérances,

1448 3971 1706 4022 épouserait
1732 3972 1968 4014 Monsieur
1995 3974 2188 4022 sérieux,
2247 3974 2367 4023 bien,
2423 3974 2478 4015 de

1447 4032 1499 4072 28
1519 4031 1545 4071 à
1564 4034 1616 4072 35
1638 4044 1733 4082 ans,
1758 4034 1964 4084 employé
1987 4034 2040 4075 de
2061 4034 2338 4084 préférence.
2364 4034 2478 4074 Bon¬

1448 4092 1564 4134 heur
1591 4093 1761 4134 assuré.

1499 4190 1637 4235 5.795.
1665 4189 1719 4227 —
1749 4187 2031 4237 Demoiselle,
2062 4191 2114 4229 33
2168 4200 2266 4238 ans,
2295 4190 2386 4230 très
2413 4190 2475 4230 sé¬

1450 4247 1612 4296 rieuse,
1652 4247 1864 4288 eonduite
1900 4248 2255 4299 irréprochable,
2320 4249 2474 4300 physi¬

1447 4307 1664 4356 quement
1694 4307 1735 4347 et
1764 4307 2067 4348 moralement
2096 4308 2215 4357 bien,
2248 4309 2339 4349 très
2368 4309 2475 4349 bon¬

1448 4378 1503 4407 ne
1538 4366 1807 4407 instruction
1843 4367 2078 4417 primaire,
2115 4379 2170 4407 ne
2232 4367 2476 4419 possédant

1447 4438 1528 4476 pas
1555 4427 1646 4474 dot,
1676 4425 1792 4464 mais
1820 4425 1910 4468 très
1936 4428 2080 4469 active
2107 4428 2150 4467 et
2176 4427 2472 4479 intelligente,

1448 4486 1585 4536 ayant
1608 4496 1671 4524 un
1697 4483 1856 4527 métier
1882 4487 1991 4528 chez
2015 4487 2100 4528 elle
2126 4487 2395 4539 rapportant
2419 4498 2474 4527 en

1447 4554 1671 4594 moyenne
1696 4546 1748 4583 90
1776 4544 1832 4586 fr.
1862 4559 1944 4598 par
1998 4547 2128 4595 mois,
2159 4547 2306 4588 désire
2332 4547 2474 4587 union

1447 4614 1555 4643 avec
1587 4602 1920 4647 fonctionnaire
1979 4618 2036 4647 ou
2070 4606 2306 4648 Monsieur
2339 4607 2476 4658 ayant

1447 4662 1663 4703 situation
1715 4666 1820 4706 sûre
1843 4667 1884 4707 et
1936 4665 2199 4715 honorable,
2226 4667 2331 4707 irait
2353 4667 2379 4706 à
2403 4666 2475 4706 l’é¬

1447 4723 1644 4775 tranger.

1498 4823 1634 4868 5.796.
1666 4820 1721 4858 —
1753 4820 2036 4870 Demoiselle,
2070 4824 2123 4863 36
2152 4834 2249 4872 ans,
2283 4822 2470 4874 grande,

1446 4879 1715 4930 distinguée,
1747 4878 2019 4923 instruction
2048 4882 2091 4924 et
2118 4883 2374 4931 éducation,
2404 4892 2474 4922 ca¬

1445 4940 1615 4979 ractère
1647 4940 1738 4980 très
1771 4941 2042 4991 affectueux,
2077 4943 2356 4990 d’intérieur,
2391 4944 2415 4982 5
2448 4942 2475 4982 à

1444 5000 1523 5038 600
1543 4998 1598 5038 fr.
1622 4999 1676 5040 de
1696 5002 1836 5050 rente,
1860 5002 2006 5043 désire
2026 5003 2217 5052 épouser
2238 5002 2472 5042 Monsieur

1444 5059 1583 5110 ayant
1608 5060 1823 5102 situation
1852 5064 1971 5110 sûre,
2000 5063 2082 5112 âge
2109 5072 2163 5102 en
2192 5062 2392 5113 rapport.

1497 5148 1634 5195 5.797.
1665 5147 1719 5187 —
1747 5147 1892 5188 Jeune
1922 5148 2035 5198 fille,
2068 5150 2119 5188 35
2150 5160 2247 5198 ans,
2282 5149 2472 5188 honora¬

1444 5206 1571 5246 bilité
1602 5207 1811 5256 parfaite,
1844 5208 2054 5250 habitant
2111 5208 2208 5250 Pau
2239 5219 2346 5250 avec
2403 5219 2472 5248 ses

1443 5266 1628 5315 parents
1659 5266 1822 5317 qu’elle
1852 5279 1908 5308 ne
1940 5268 2048 5319 peut
2080 5268 2248 5319 quitter
2307 5269 2350 5308 et
2407 5267 2471 5308 les

1444 5324 1602 5367 aidant
1628 5326 1743 5367 dans
1800 5327 1899 5368 leur
1928 5339 2182 5370 commerce
2215 5342 2224 5377 ;
2282 5327 2468 5379 grande,

1443 5384 1603 5435 brune,
1636 5387 1772 5438 petite
1803 5387 1895 5438 dot,
1927 5390 2194 5440 espérances
2224 5390 2366 5438 sûres,
2399 5388 2472 5430 dé¬

1443 5446 1623 5487 sirerait
1648 5447 1851 5499 mariage
1879 5460 1985 5490 avec
2013 5448 2247 5490 Monsieur
2275 5448 2468 5498 sérieux,

1444 5506 1713 5556 intelligent,
1772 5507 1894 5547 doux
1924 5508 1978 5547 de
2007 5510 2246 5555 caractère,
2279 5509 2360 5558 âge
2415 5519 2469 5548 en

1443 5566 1631 5618 rapport
1665 5567 1709 5607 et
1742 5566 1891 5608 bonne
1927 5567 2142 5608 situation
2179 5568 2470 5610 administra¬

1441 5626 1546 5674 tive,
1574 5626 1775 5675 libérale,
1804 5628 2120 5669 commerciale
2146 5640 2204 5668 ou
2231 5630 2379 5670 rentes
2404 5629 2469 5670 lui

1440 5686 1716 5735 permettant
1743 5686 2071 5738 déplacement.

1494 5783 1630 5830 5.798.
1662 5806 1716 5811 —
1747 5783 1782 5821 A
1814 5783 1982 5823 marier
2012 5784 2111 5824 fille
2144 5784 2367 5826 d’officier
2399 5797 2470 5826 su¬

1440 5840 1636 5891 périeur,
1671 5843 1723 5882 23
1756 5853 1852 5892 ans,
1890 5843 2160 5896 distinguée,
2198 5844 2468 5886 instruction

1440 5903 1483 5940 et
1512 5902 1751 5942 éducation
1784 5903 2003 5952 soignées,
2038 5904 2114 5945 dot
2143 5906 2292 5952 60,000
2323 5903 2379 5943 fr.
2412 5916 2467 5944 en

1442 5962 1614 6012 argent,
1651 5962 1907 6014 épouserait
1940 5963 2078 6014 jeune
2112 5964 2298 6004 homme
2332 5965 2470 6015 ayant

1440 6022 1671 6070 situation,
1711 6024 2034 6073 commerçant,
2073 6023 2330 6071 industriel,
2370 6036 2468 6075 pro¬

1440 6080 1653 6131 priétaire
1688 6082 1826 6130 riche,
1863 6083 2116 6132 profession
2153 6082 2354 6123 libérale.

1491 6168 1626 6214 5,800.
1654 6170 1708 6206 —
1736 6170 1900 6217 Veuve,
1931 6182 2036 6211 sans
2063 6171 2259 6220 enfants,
2289 6172 2340 6210 40
2367 6183 2463 6220 ans,

1438 6224 1660 6275 fortunée,
1698 6227 1813 6268 belle
1849 6228 2032 6278 femme,
2071 6231 2364 6280 intelligente,
2403 6233 2467 6272 sé-

1438 6284 1608 6328 riueses
1631 6287 1827 6338 qualités
1851 6288 1907 6330 de
1931 6300 2070 6339 cœur,
2098 6291 2289 6332 cherche
2315 6290 2341 6330 à
2365 6303 2465 6342 par¬

1436 6347 1560 6396 tager
1595 6358 1674 6387 son
1709 6348 1933 6390 existence
1967 6362 2075 6391 avec
2109 6352 2303 6391 honnête
2339 6351 2463 6391 hom¬

1436 6416 1522 6454 me,
1548 6406 1658 6456 jolie
1683 6407 1914 6458 situation,
1942 6410 2023 6459 âge
2049 6421 2102 6451 en
2130 6410 2331 6462 rapport.
2362 6410 2463 6451 Inu¬

1436 6464 1514 6507 tile
1540 6466 1575 6506 si
1606 6478 1686 6516 pas
1714 6467 1907 6509 sérieux.

1484 6554 1620 6602 5,803.
1648 6555 1702 6593 —
1730 6555 1869 6596 Dame
1896 6567 2052 6605 veuve,
2083 6559 2135 6596 53
2162 6567 2258 6604 ans,
2288 6567 2344 6596 ne
2399 6558 2462 6598 les

1431 6615 1688 6664 paraissant
1708 6627 1803 6666 pas,
1827 6619 2014 6668 grande,
2039 6619 2198 6668 brune,
2223 6619 2326 6659 bien
2348 6620 2459 6671 phy¬

1431 6672 1703 6724 siquement,
1743 6674 1967 6726 instruite,
2007 6676 2155 6719 bonne
2191 6678 2332 6727 santé,
2372 6679 2460 6719 mé¬

1431 6738 1610 6787 nagère,
1640 6748 1746 6778 sans
1774 6738 1950 6779 famille
1966 6740 1991 6779 à
2008 6740 2187 6791 charge,
2218 6742 2462 6791 possédant

1430 6799 1538 6850 jolie
1573 6799 1800 6851 propriété
1836 6801 2000 6852 qu’elle
2035 6803 2339 6844 conserverait
2400 6815 2458 6843 ou

1431 6859 1655 6907 vendrait,
1685 6858 1789 6910 plus
1816 6860 1981 6911 capital
2011 6863 2216 6903 donnant
2269 6865 2348 6903 300
2402 6863 2456 6903 fr.

2557 589 2609 631 de
2636 601 2803 631 revenu
2832 590 3015 638 annuel,
3045 591 3255 631 s’unirait
3305 592 3331 631 à
3384 592 3581 639 retraité,
3619 595 3622 631 !

2559 651 2888 693 fonctionnaire
2919 664 2976 692 ou
3008 653 3321 704 propriétaire,
3356 663 3400 692 se
3431 637 3584 703 dépla-
3619 637 3623 702 j

2556 714 2708 755 cerait.
2732 738 2786 742 —
2809 714 2998 754 Sérieux
3021 715 3063 754 et
3086 716 3253 766 pressé.

2608 812 2744 859 5.808.
2775 812 2830 850 —
2861 812 3145 859 Demoiselle,
3179 814 3229 851 39
3260 823 3355 859 ans,
3388 811 3583 862 pianiste

2558 865 2611 906 de
2643 867 2731 906 très
2760 864 2907 915 grand
2937 864 3093 914 talent,
3127 867 3204 906 dot
3233 867 3383 914 20,000
3413 866 3580 914 francs,

2556 928 2812 979 épouserait
2835 927 3068 967 monsieur
3119 928 3223 968 bien
3273 928 3411 978 élevé,
3436 929 3583 979 grand

2556 991 2761 1031 amateur
2793 990 2848 1030 de
2880 990 3107 1039 musique,
3141 991 3279 1040 ayant
3308 991 3416 1041 jolie
3447 991 3581 1031 situa¬

2558 1052 2665 1092 tion.

2609 1152 2746 1200 5.809.
2771 1152 2823 1190 —
2846 1151 3113 1190 Demoiselle
3136 1151 3191 1191 de
3213 1153 3264 1190 38
3286 1163 3383 1200 ans,
3409 1151 3583 1191 famille

2557 1214 2645 1254 très
2677 1212 2939 1262 honorable,
2974 1212 3123 1254 bonne
3153 1214 3409 1263 éducation,
3443 1214 3581 1254 musi¬

2556 1276 2727 1323 cienne,
2755 1276 2922 1316 femme
2947 1275 3226 1324 d’intérieur,
3252 1277 3329 1317 dot
3353 1278 3499 1316 10.000
3523 1275 3577 1315 fr.

2554 1339 2788 1388 comptant
2811 1339 2853 1379 et
2876 1350 2937 1378 un
2963 1337 3175 1378 mobilier
3197 1339 3395 1390 complet
3416 1339 3481 1379 lui
3507 1350 3582 1388 ap¬

2556 1401 2812 1451 partenant,
2844 1400 3100 1451 épouserait
3130 1401 3364 1442 monsieur
3393 1401 3447 1442 de
3476 1403 3527 1440 40
3556 1400 3581 1440 à

2554 1465 2605 1503 50
2633 1474 2716 1503 ans
2745 1464 2883 1514 ayant
2911 1462 3047 1512 petite
3076 1462 3309 1513 situation,
3343 1464 3479 1514 qu’au
3511 1464 3581 1503 be¬

2555 1526 2651 1567 soin
2680 1538 2743 1566 un
2773 1524 2941 1576 emploi
2997 1526 3175 1566 réservé
3231 1526 3577 1577 augmenterait.

2556 1588 2709 1628 Désire
2741 1588 2919 1630 habiter
2951 1599 3057 1627 avec
3088 1599 3169 1628 son
3202 1590 3308 1639 père
3339 1588 3581 1640 possédant

2555 1652 2675 1700 3,500
2704 1650 2856 1691 francs
2884 1650 2939 1690 de
2967 1650 3092 1690 rente
3120 1650 3316 1700 viagère.

2606 1768 2743 1815 5.810.
2772 1768 2826 1804 —
2856 1768 3009 1815 Dame,
3041 1768 3092 1807 38
3120 1779 3217 1816 ans,
3249 1768 3339 1808 très
3367 1768 3579 1816 sérieuse,

2555 1840 2677 1871 assez
2705 1831 2824 1879 bien,
2853 1841 2916 1870 un
2944 1830 3103 1870 enfant
3129 1831 3185 1871 de
3211 1833 3236 1870 7
3264 1842 3345 1871 ans
3372 1832 3414 1871 et
3441 1831 3580 1879 demi,

2555 1892 2702 1934 rentes
2724 1905 2776 1934 en
2804 1892 3077 1932 immeubles
3099 1894 3248 1941 20,000
3272 1893 3438 1940 francs,
3465 1892 3582 1933 belle

2554 1956 2795 2007 propriété,
2821 1955 2967 1996 désire
2991 1955 3193 2004 mariage
3217 1966 3323 1995 avec
3347 1955 3580 1995 monsieur

2552 2019 2688 2068 ayant
2712 2018 2927 2059 situation
2951 2018 3054 2056 d’au
3080 2016 3229 2056 moins
3252 2018 3276 2055 8
3300 2018 3325 2056 à
3351 2019 3497 2064 10,000
3519 2016 3573 2056 fr.

2551 2090 2606 2120 ou
2635 2080 2797 2120 rentes.

2605 2194 2740 2240 5.811.
2767 2192 2822 2230 —
2849 2192 3003 2239 Dame,
3032 2200 3189 2239 veuve,
3219 2191 3271 2230 40
3297 2201 3392 2238 ans,
3423 2190 3581 2230 distin¬

2554 2256 2680 2304 guée,
2719 2255 2895 2294 400.000
2932 2252 3087 2292 francs
3121 2252 3177 2292 de
3213 2252 3305 2300 dot,
3345 2252 3467 2292 deux
3503 2263 3577 2291 en¬

2555 2315 2688 2364 fants,
2713 2316 2824 2356 dont
2845 2328 2907 2356 un
2930 2315 3077 2356 soldat
3099 2315 3141 2356 et
3163 2315 3321 2356 l'autre
3344 2327 3399 2357 en
3421 2316 3503 2364 âge
3525 2314 3579 2354 de

2552 2387 2597 2419 se
2624 2379 2792 2419 marier
2819 2390 2926 2419 avec
2952 2378 3135 2418 fortune
3163 2377 3497 2428 indépendante
3525 2376 3580 2416 de

2552 2438 2649 2480 leur
2681 2442 2800 2491 père,
2833 2439 3091 2491 épouserait
3122 2439 3356 2480 monsieur
3388 2440 3577 2479 honora¬

2552 2501 2638 2551 ble,
2662 2502 2907 2553 distingué,
2931 2503 2985 2543 de
3005 2504 3056 2542 46
3077 2502 3103 2542 à
3123 2503 3175 2541 50
3194 2513 3292 2550 ans,
3316 2501 3452 2552 ayant
3471 2500 3580 2550 jolie

2552 2565 2781 2606 situation.
2809 2564 2971 2606 Habite
2992 2563 3099 2606 ville
3121 2564 3164 2604 et
3185 2574 3450 2616 campagne.

2603 2667 2739 2704 5.816.
2764 2666 2820 2702 —
2847 2666 2987 2703 Dame
3040 2674 3197 2711 veuve,
3254 2663 3423 2704 certain
3479 2662 3575 2711 âge,

2551 2737 2656 2768 sans
2687 2725 2868 2767 enfants
2925 2726 2973 2765 ni
3032 2726 3197 2775 charge
3228 2736 3421 2774 aucune,
3455 2723 3575 2771 bien,

2552 2787 2719 2830 femme
2751 2787 3029 2836 d’intérieur,
3064 2786 3289 2835 instruite,
3323 2787 3459 2838 petite
3491 2785 3576 2826 for¬

2551 2851 2673 2900 tune,
2703 2850 2851 2892 désire
2877 2850 3019 2890 union
3049 2861 3155 2890 avec
3183 2849 3417 2890 Monsieur
3445 2848 3500 2889 de
3527 2848 3578 2887 40

2551 2911 2576 2952 à
2603 2916 2655 2953 50
2681 2924 2779 2960 ans,
2808 2912 2944 2962 ayant
2972 2923 3167 2952 revenus
3193 2923 3251 2951 ou
3280 2911 3495 2951 situation
3524 2910 3578 2950 de

2550 2975 2574 3014 2
2598 2976 2624 3016 à
2647 2977 2769 3024 3,000
2793 2974 2959 3020 francs,
2986 2972 3045 3012 tel
3072 2984 3133 3012 un
3160 2972 3367 3023 employé
3392 2973 3453 3013 du
3480 2972 3579 3012 che¬

2553 3038 2648 3079 min
2671 3038 2725 3079 de
2747 3036 2815 3078 fer
2835 3048 2892 3076 ou
2915 3034 3055 3075 autre.

2603 3128 2739 3167 5.818.
2774 3126 2830 3164 —
2865 3126 3015 3164 Veuve
3051 3126 3092 3163 et
3129 3122 3351 3174 divorcée,
3389 3125 3440 3163 42
3475 3133 3572 3170 ans,

2550 3198 2655 3228 sans
2680 3187 2870 3235 famille,
2900 3186 3080 3226 fortune
3133 3194 3187 3222 en
3240 3184 3469 3235 propriété
3521 3182 3576 3222 de

2550 3246 2637 3288 bon
2675 3247 2862 3296 rapport
2897 3246 3071 3286 100.000
3107 3243 3181 3291 fr.,
3219 3243 3477 3293 épouserait
3512 3255 3576 3283 re¬

2549 3307 2680 3348 traité
2701 3307 2837 3357 ayant
2857 3306 3047 3356 pension
3068 3304 3123 3346 de
3142 3306 3167 3343 3
3185 3303 3211 3342 à
3229 3304 3353 3343 4.000
3374 3304 3448 3353 fr.,
3471 3315 3576 3344 sans

2547 3367 2743 3414 enfants,
2769 3366 2888 3406 brun
2912 3366 2968 3406 de
2989 3364 3264 3416 préférence.

2603 3474 2739 3520 5.819.
2768 3494 2822 3499 —
2849 3472 2994 3511 Jeune
3024 3470 3136 3518 fille,
3169 3468 3387 3518 élégante,
3420 3468 3579 3508 distin¬

2550 3532 2676 3582 guée,
2700 3532 2751 3571 28
2773 3542 2869 3579 ans,
2894 3542 2948 3570 ne
2971 3530 3035 3568 les
3056 3528 3312 3580 paraissant
3334 3539 3431 3578 pas,
3455 3527 3576 3576 bien,

2550 3591 2685 3641 petite
2711 3591 2788 3630 dot
2812 3591 2854 3631 et
2880 3591 3027 3630 bonne
3053 3589 3284 3635 situation,
3312 3587 3460 3627 désire
3485 3599 3579 3627 ma¬

2552 3651 2673 3702 riage
2699 3660 2805 3690 avec
2829 3648 2965 3700 jeune
2991 3648 3255 3688 homme.de
3279 3648 3329 3687 28
3353 3646 3379 3686 à
3402 3648 3453 3686 35
3479 3658 3576 3696 ans,

2551 3710 2653 3750 bien
2683 3710 2820 3756 élevé,
2849 3707 3075 3758 physique
3104 3707 3328 3757 agréable,
3359 3707 3495 3758 ayant
3524 3708 3579 3747 si¬

2550 3767 2723 3807 tuation
2749 3779 2803 3807 en
2828 3766 2949 3807 ville.

2607 3874 2745 3927 5^821.
2782 3870 2838 3907 —-
2875 3870 3040 3918 Veuve,
3079 3872 3131 3910 44
3168 3883 3265 3919 ans,
3305 3871 3425 3918 bien,
3464 3880 3572 3910 avec

2549 3934 2674 3974 rente
2708 3932 2751 3972 et
2784 3931 2839 3972 de
2876 3930 3051 3971 famille
3087 3930 3352 3980 honorable,
3391 3931 3572 3982 épouse¬

2548 3992 2634 4033 rait
2656 3992 2903 4040 monsieur,
2928 3991 3096 4031 rentier
3117 4002 3176 4031 ou
3200 3993 3337 4041 ayant
3358 3990 3572 4032 situation

2548 4052 2845 4103 quelconque.
2878 4052 2971 4103 Age
3001 4050 3278 4091 indifférent.

2598 4154 2733 4200 5.822.
2761 4151 2816 4188 —
2843 4151 3008 4200 Veuve,
3038 4162 3144 4191 sans
3171 4150 3364 4196 enfants,
3395 4151 3447 4187 49
3473 4162 3570 4198 ans,

2547 4211 2599 4253 de
2626 4212 2716 4252 très
2742 4212 2892 4252 bonne
2920 4211 3110 4260 famille,
3140 4209 3385 4251 excellente
3412 4208 3573 4250 éduca¬

2547 4272 2654 4319 tion,
2693 4272 2841 4312 bonne
2876 4271 3175 4311 musicienne.
3213 4271 3448 4311 Caractère
3481 4269 3568 4319 gai,

2546 4332 2695 4372 50.000
2724 4331 2780 4371 fr.
2813 4330 3027 4380 capitaux
3057 4331 3100 4370 et
3131 4330 3291 4371 autant
3320 4330 3571 4380 d’espéran¬

2546 4403 2631 4439 ces,
2655 4391 2867 4432 voudrait
2889 4390 3123 4430 connaître
3145 4391 3331 4432 homme
3353 4391 3408 4431 de
3431 4400 3569 4436 cœur,

2547 4451 2739 4500 sérieux,
2764 4451 2867 4491 bien
2889 4450 3027 4499 élevé,
3052 4450 3268 4490 situation
3291 4463 3344 4492 en
3368 4450 3568 4502 rapport.

2597 4559 2733 4604 5.823.
2759 4558 2814 4595 —
2839 4556 2948 4596 Fille
3000 4556 3220 4596 d’officier
3272 4556 3327 4596 de
3379 4556 3569 4603 réserve,

2546 4617 2803 4667 inspecteur
2836 4616 2890 4657 de
2949 4615 3123 4667 grande
3184 4615 3569 4663 administration,

2544 4679 2596 4717 29
2619 4688 2715 4725 ans,
2742 4678 2901 4724 brune,
2929 4675 3228 4723 musicienne,
3255 4675 3392 4726 ayant
3416 4675 3572 4715 atelier

2546 4737 2599 4779 de
2619 4736 2776 4778 modes
2796 4736 2903 4778 d’un
2925 4735 3013 4775 bon
3036 4735 3224 4787 rapport
3244 4735 3285 4775 et
3305 4736 3573 4786 espérances

2545 4798 2686 4844 sûres,
2745 4796 2892 4838 désire
2947 4796 3139 4847 épouser
3192 4795 3331 4846 jeune
3387 4796 3572 4836 homme

2547 4856 2683 4910 ayant
2718 4857 2867 4897 bonne
2904 4855 3119 4898 situation
3158 4855 3183 4895 à
3220 4855 3475 4904 Bordeaux,
3515 4856 3569 4896 de

2544 4916 2804 4969 préférence
2832 4916 2947 4958 dans
2974 4918 3171 4958 l’armée.

2597 5016 2732 5062 5.827.
2756 5018 2811 5055 —
2832 5018 2976 5055 Jeune
2999 5016 3112 5062 fille,
3137 5016 3188 5054 23
3211 5025 3308 5062 ans,
3335 5016 3573 5054 charman¬

2547 5075 2600 5123 te,
2637 5074 2797 5122 brune,
2833 5075 2989 5121 douce,
3025 5074 3225 5113 aimante
3259 5074 3300 5113 et
3360 5074 3571 5120 sérieuse,

2546 5144 2649 5178 sans
2676 5134 2847 5181 avenir,
2876 5133 3015 5184 ayant
3039 5131 3177 5172 filette
3203 5132 3257 5172 de
3283 5134 3307 5172 5
3333 5144 3429 5181 ans,
3460 5132 3573 5172 dési¬

2544 5206 2592 5235 re
2615 5192 2753 5233 union
2779 5204 2885 5232 avec
2909 5193 3045 5243 jeune
3068 5194 3253 5234 homme
3277 5192 3413 5243 ayant
3437 5192 3573 5232 situa¬

2544 5252 2635 5293 tion
2664 5254 2783 5300 sûre,
2812 5264 2869 5292 ou
2899 5253 3132 5294 Monsieur
3159 5253 3254 5303 âgé.
3286 5252 3342 5292 Le
3371 5252 3573 5293 rendrait

2546 5313 2763 5360 heureux,
2797 5311 2901 5352 irait
2932 5312 3176 5363 n’importe
3205 5312 3277 5352 où.

2597 5403 2732 5450 5.828.
2752 5403 2808 5441 —
2829 5403 3112 5450 Demoiselle,
3135 5404 3180 5442 31
3205 5414 3301 5450 ans,
3325 5403 3440 5443 belle
3463 5403 3572 5442 fem¬

2546 5472 2630 5510 me,
2653 5461 2923 5510 distinguée,
2947 5462 3096 5500 bonne
3118 5462 3306 5508 famille,
3331 5460 3569 5500 éducation

2544 5520 2585 5560 et
2615 5520 2899 5568 instruction,
2932 5519 3099 5560 femme
3127 5519 3407 5568 d’intérieur,
3465 5522 3572 5560 bon¬

2543 5590 2597 5619 ne
2624 5580 2667 5620 et
2694 5579 2982 5628 affectueuse,
3012 5591 3117 5620 sans
3172 5579 3368 5629 fortune,
3424 5580 3571 5622 désire

2542 5639 2731 5689 épouser
2765 5639 2999 5679 Monsieur
3032 5640 3168 5690 ayant
3200 5639 3415 5680 situation
3448 5642 3567 5688 sûre,

2543 5698 2621 5748 âge
2650 5698 2824 5739 assorti.

2597 5808 2615 5827 «
2648 5795 2781 5842 5,829.
2813 5795 2870 5832 —-
2903 5794 3184 5840 Demoiselle,
3220 5794 3567 5842 fonctionnaire,

2542 5854 2593 5892 26
2620 5864 2716 5901 ans,
2748 5863 2829 5903 pas
2860 5852 2913 5894 de
2944 5854 3033 5901 dot,
3065 5852 3223 5894 avenir
3253 5855 3423 5903 assuré,
3456 5854 3569 5894 dési¬

2543 5923 2587 5951 re
2609 5912 2664 5953 de
2688 5912 2784 5952 tout
2807 5923 2932 5952 cœur
2955 5914 3128 5952 donner
3151 5913 3193 5951 et
3217 5914 3415 5953 recevoir
3439 5915 3569 5954 affec¬

2543 5970 2649 6020 tion,
2684 5983 2728 6012 se
2759 5972 2881 6012 créer
2913 5983 3000 6012 une
3059 5970 3248 6013 famille.
3310 5973 3568 6014 Recherche

2542 6031 2794 6078 honnêteté,
2832 6032 2972 6079 santé,
3009 6031 3234 6072 caractère
3296 6034 3565 6074 affectueux.

2542 6090 2889 6131 Fonctionnaire
2923 6103 2977 6131 ou
3015 6090 3249 6134 Monsieur
3284 6094 3420 6144 ayant
3452 6092 3568 6134 belle

2540 6148 2753 6190 situation
2805 6167 2823 6184 »

2592 6239 2728 6285 5,830.
2764 6242 2817 6278 —
2853 6238 3004 6286 Dame,
3069 6238 3292 6289 divorcée,
3356 6243 3407 6282 38
3468 6252 3563 6288 ans,

2538 6299 2660 6337 2.000
2686 6299 2741 6340 fr.
2772 6299 2825 6339 de
2854 6299 2991 6346 rente,
3049 6299 3260 6348 honnête,
3317 6299 3567 6353 sympathi¬

2538 6367 2640 6408 que,
2667 6358 2912 6399 excellente
2939 6356 3129 6408 famille,
3158 6361 3415 6411 épouserait
3439 6360 3564 6399 Mon¬

2539 6416 2659 6456 sieur
2688 6418 2880 6465 sérieux,
2912 6418 2964 6456 45
2992 6416 3017 6456 à
3047 6420 3099 6458 60
3127 6430 3223 6468 ans,
3256 6420 3372 6461 belle
3428 6419 3564 6459 situa¬

2538 6474 2644 6515 tion.

2591 6566 2725 6613 5,833.
2755 6567 2809 6606 —
2837 6567 3000 6614 Veuve,
3030 6567 3080 6607 43
3135 6579 3231 6617 ans,
3288 6567 3561 6619 Bordelaise,

2538 6635 2641 6666 sans
2673 6626 2868 6674 enfants,
2901 6628 3249 6678 commerçante,
3285 6627 3433 6669 bonne
3464 6640 3564 6670 san¬

2538 6682 2592 6731 té,
2628 6683 2839 6734 dévouée,
2876 6683 3171 6736 intelligente,
3206 6687 3384 6738 promet
3415 6687 3564 6730 bonne

2536 6743 2761 6792 affection,
2793 6744 2936 6786 désire
2964 6746 3167 6796 mariage
3195 6757 3301 6787 avec
3328 6747 3563 6788 Monsieur

2539 6803 2625 6842 très
2653 6804 2845 6850 sérieux,
2877 6804 3013 6854 ayant
3040 6805 3308 6856 occupation
3339 6817 3393 6846 ou
3427 6807 3561 6847 situa¬

2536 6859 2628 6901 tion
2652 6863 2756 6905 sûre
2779 6863 2803 6903 à
2828 6863 3080 6904 Bordeaux.

3661 600 4689 725 COURRIER

3910 755 3988 799 Du
4027 755 4175 799 Trait
4212 755 4439 802 d’Union

3712 916 3771 955 Le
3823 917 4071 965 Directeur,
4124 918 4213 958 très
4236 919 4405 969 occupé
4429 919 4455 959 à
4479 919 4521 959 la
4546 921 4690 961 trans¬

3660 975 3848 1016 mission
3881 978 3959 1017 des
3991 977 4157 1025 lettres,
4192 979 4235 1018 et
4266 979 4449 1028 n’ayant
4480 991 4563 1030 pas
4593 980 4689 1020 tou¬

3657 1035 3786 1084 jours
3812 1036 3853 1076 le
3878 1036 4025 1086 temps
4077 1037 4132 1076 de
4187 1038 4412 1087 répondre
4437 1039 4690 1088 gracieuse¬

3659 1096 3784 1135 ment
3812 1107 3901 1135 aux
3929 1096 4177 1136 demandes
4205 1096 4284 1147 qui
4315 1096 4380 1136 lui
4409 1099 4512 1139 sont
4539 1099 4688 1139 adres¬

3658 1155 3768 1203 sées,
3797 1167 3821 1195 a
3845 1155 4000 1195 décidé
4025 1154 4068 1195 la
4093 1156 4291 1196 création
4320 1157 4380 1196 du
4409 1158 4527 1198 Petit
4552 1159 4689 1198 Cour¬

3656 1212 3760 1254 rier.

3712 1274 3899 1324 Chaque
3921 1275 4135 1322 semaine,
4160 1274 4225 1315 les
4247 1276 4449 1316 abonnés
4472 1278 4550 1327 qui
4573 1278 4687 1318 dési¬

3656 1334 3757 1372 rent
3784 1346 3845 1374 un
3875 1334 4240 1385 renseignement
4267 1335 4321 1375 de
4349 1335 4392 1375 la
4446 1336 4683 1386 direction,

3657 1392 3923 1434 trouveront
3952 1394 4067 1434 dans
4097 1405 4144 1435 ce
4176 1394 4388 1434 Courrier
4420 1395 4464 1434 la
4495 1397 4686 1446 réponse

3656 1451 3681 1490 à
3707 1451 3805 1491 leur
3832 1454 4072 1503 demande,
4100 1453 4241 1504 jointe
4268 1466 4326 1494 au
4353 1455 4545 1495 numéro
4573 1456 4686 1496 d’or¬

3656 1511 3735 1551 dre
3761 1512 3840 1562 qui
3868 1513 3967 1553 leur
3991 1515 4056 1555 est
4081 1514 4292 1555 attribué.

3709 1571 3792 1611 Les
3817 1583 4067 1622 personnes
4091 1575 4169 1625 qui
4196 1574 4425 1624 préfèrent
4479 1587 4568 1615 une
4621 1576 4685 1615 ré¬

3656 1642 3796 1682 ponse
3817 1635 4119 1683 personnelle,
4143 1646 4225 1684 par
4245 1634 4389 1682 lettre,
4415 1636 4516 1674 sont
4536 1635 4685 1685 priées

3657 1691 3711 1731 de
3740 1702 3856 1731 nous
3885 1703 4081 1745 envoyer
4112 1705 4173 1734 un
4204 1692 4369 1734 timbre
4400 1704 4516 1744 pour
4546 1695 4590 1734 la
4620 1696 4684 1735 ré¬

3657 1760 3809 1800 ponse.

3758 1915 4260 1953 CORRESPONDANCE
4303 1919 4480 1954 ENTRE
4523 1922 4585 1954 LE

3756 1971 4063 2006 DIRECTEUR
4104 1972 4168 2006 ET
4206 1971 4298 2006 SES
4337 1974 4587 2008 ABONNES

3711 2115 3832 2155 Ceux
3857 2114 3912 2154 de
3939 2127 4021 2155 nos
4048 2118 4262 2166 abonnés,
4292 2118 4371 2168 qui
4427 2130 4541 2168 pour
4595 2130 4683 2158 une

3656 2175 3806 2215 raison
3835 2174 4133 2228 quelconque,
4165 2188 4221 2216 ne
4276 2178 4548 2218 voudraient
4603 2190 4684 2230 pas

3655 2234 4059 2277 continuellement
4079 2237 4284 2278 adresser
4304 2239 4403 2278 leur
4423 2248 4684 2288 correspon¬

3655 2295 3796 2335 dance
3821 2306 3877 2334 au
3907 2294 4089 2345 journal
4116 2296 4156 2337 le
4181 2296 4309 2338 Trait
4336 2298 4547 2346 d’Union,
4576 2310 4683 2349 peu¬

3652 2356 3772 2403 vent,
3805 2354 3896 2395 s’ils
3928 2354 3968 2394 le
3997 2356 4211 2404 désirent,
4245 2369 4361 2398 nous
4391 2359 4681 2398 transmettre

3655 2415 3777 2455 leurs
3806 2415 3958 2454 lettres
3988 2427 4047 2457 au
4079 2428 4184 2457 nom
4216 2418 4271 2458 de
4300 2419 4412 2458 Jean
4445 2419 4582 2466 Bach,
4613 2420 4680 2466 26,

3654 2486 3735 2515 rue
3763 2475 3984 2524 d’Astorg,
4016 2476 4257 2516 Toulouse.

3704 2558 3760 2563 —
3784 2534 3988 2575 Certains
4015 2535 4069 2576 de
4096 2548 4177 2576 nos
4204 2537 4405 2576 abonnés
4431 2538 4683 2578 s’étonnent

3654 2595 3708 2635 de
3733 2594 3929 2635 recevoir
3953 2594 4033 2635 des
4057 2596 4210 2637 lettres
4234 2596 4288 2636 de
4313 2598 4530 2637 numéros
4555 2609 4609 2638 ne
4634 2598 4683 2636 fi¬

3651 2656 3820 2704 gurant
3840 2664 3921 2704 pas
3943 2665 4021 2693 sur
4043 2655 4083 2696 le
4106 2656 4312 2696 Journal.
4339 2658 4462 2696 Nous
4484 2668 4683 2697 sommes

3652 2715 3825 2764 obligés
3851 2714 3905 2754 de
3932 2712 4032 2753 leur
4059 2716 4283 2767 répondre
4311 2727 4399 2766 que
4425 2727 4497 2755 ces
4525 2718 4678 2756 numé¬

3653 2785 3727 2814 ros
3751 2774 3943 2814 existent
3968 2773 4235 2816 réellement
4257 2776 4373 2815 mais
4427 2776 4551 2815 n'ont
4601 2787 4683 2826 pas

3652 2832 3904 2874 d’annonce
3931 2833 4045 2873 dans
4072 2833 4113 2874 le
4139 2835 4340 2884 journal.

3707 2892 3831 2934 Nous
3856 2892 4076 2944 profitons
4101 2894 4157 2934 de
4209 2896 4321 2935 cette
4375 2895 4683 2935 circonstance

3652 2962 3768 3000 pour
3800 2953 4008 3003 rappeler
4040 2964 4129 2993 aux
4160 2955 4377 2994 numéros
4408 2956 4527 3003 5820,
4560 2956 4679 3003 5800,

3652 3012 3771 3058 5797,
3803 3015 3923 3062 5794,
3955 3014 4073 3062 5789,
4106 3014 4225 3060 5785,
4257 3015 4377 3061 5781,
4409 3016 4528 3062 5771,
4560 3016 4680 3062 5764,

3652 3072 3756 3110 5762
3781 3094 3837 3099 —
3865 3072 3921 3111 ils
3949 3075 4049 3113 sont
4079 3072 4333 3112 nombreux
4359 3095 4414 3100 —
4443 3074 4577 3123 qu’ils
4605 3086 4682 3113 au¬

3653 3128 3799 3169 raient
3824 3131 3921 3171 tout
3948 3132 4109 3174 intérêt
4133 3132 4159 3172 à
4185 3132 4309 3172 avoir
4336 3144 4424 3172 une
4477 3143 4683 3174 annonce

3653 3188 3767 3228 dans
3795 3188 3836 3228 le
3864 3190 4065 3239 journal.

3703 3271 3757 3276 —
3780 3248 3848 3287 On
3875 3260 3991 3290 nous
4016 3263 4040 3291 a
4064 3252 4291 3303 prévenus
4315 3251 4569 3302 également
4593 3263 4682 3302 que

3651 3307 3844 3350 certains
3896 3309 4099 3351 abonnés
4149 3311 4400 3351 oubliaient
4451 3312 4504 3351 de
4528 3311 4681 3361 signer

3653 3370 3774 3408 leurs
3797 3367 3951 3408 lettres
3974 3370 4029 3411 de
4053 3371 4153 3412 leur
4176 3372 4369 3411 numéro
4392 3371 4584 3410 d’ordre.
4615 3371 4680 3410 En

3653 3427 3853 3479 agissant
3878 3427 3995 3467 ainsi
4024 3430 4079 3470 ils
4104 3442 4159 3471 ne
4184 3430 4367 3471 doivent
4393 3430 4497 3479 plus
4523 3430 4680 3470 s’éton¬

3653 3499 3732 3527 ner
3764 3498 3851 3536 que
3884 3487 4007 3527 leurs
4040 3489 4192 3530 lettres
4224 3490 4392 3529 restent
4451 3500 4556 3528 sans
4616 3491 4680 3530 ré¬

3653 3556 3828 3598 ponses.

3702 3629 3757 3635 —
3786 3606 3907 3646 Tous
3937 3617 4020 3646 nos
4049 3608 4251 3649 abonnés
4283 3608 4383 3648 sont
4413 3607 4533 3658 priés
4591 3607 4680 3648 d’a¬

3653 3666 3828 3707 dresser
3856 3664 4009 3706 lettres
4037 3668 4080 3708 et
4107 3667 4432 3715 observations,
4464 3679 4552 3707 non
4584 3667 4609 3707 à
4637 3667 4680 3708 la

3654 3723 3828 3776 Rapide
3859 3726 4052 3775 Agence,
4112 3727 4231 3771 mais
4260 3738 4315 3764 au
4373 3726 4558 3774 journal
4616 3741 4676 3764 uu

3653 3783 3780 3824 Trait
3803 3783 4013 3834 d’Union-,
4039 3788 4105 3836 26,
4159 3796 4239 3826 rue
4288 3783 4513 3836 d’Astorg,
4565 3784 4679 3823 Tou¬

3651 3843 3790 3883 louse.

4141 3912 4243 3959 JBP

3707 3981 3828 4019 Nous
3851 3980 4007 4029 prions
4029 3992 4113 4023 nos
4133 3979 4333 4023 abonnés
4356 3981 4411 4020 de
4434 3994 4491 4023 ne
4515 3992 4677 4024 corres¬

3651 4034 3822 4080 pondre
3843 4035 4027 4082 qu’avec
4049 4036 4112 4075 les
4130 4034 4345 4075 numéros
4364 4035 4548 4078 inscrits
4568 4039 4679 4078 dans

3653 4087 3692 4127 le
3752 4086 3944 4126 Journal
3983 4088 4037 4128 de
4075 4090 4118 4128 la
4151 4088 4368 4128 semaine.
4408 4088 4491 4130 Les
4528 4092 4678 4131 lettres

3649 4138 3879 4180 adressées
3913 4150 4003 4178 aux
4041 4151 4288 4188 personnes
4323 4150 4412 4179 non
4449 4143 4678 4184 abonnées

3651 4196 3800 4234 seront
3824 4191 4068 4242 renvoyées
4091 4192 4117 4232 à
4143 4192 4452 4242 l’expéditeur.

3708 4250 3828 4287 Nous
3864 4247 4259 4291 recommandons,
4296 4256 4404 4286 avec
4469 4250 4511 4287 la
4575 4251 4679 4298 plus

3648 4302 3821 4347 grande
3856 4301 4113 4348 insistance,
4149 4299 4176 4339 à
4208 4302 4309 4339 tous
4344 4310 4424 4339 nos
4457 4302 4675 4350 abonnés,

3651 4354 3836 4393 anciens
3872 4356 3915 4394 et
3952 4363 4205 4402 nouveaux,
4245 4354 4297 4392 de
4335 4363 4380 4392 se
4419 4355 4674 4395 conformer

3648 4415 3737 4443 aux
3767 4407 4039 4448 indications
4065 4409 4125 4448 du
4152 4408 4332 4447 TRAIT
4360 4408 4595 4448 D’UNION
4623 4420 4676 4448 en

3649 4467 3696 4498 ce
3724 4460 3800 4507 qui
3831 4468 4051 4501 concerne
4080 4463 4121 4501 la
4148 4462 4467 4502 transmission
4497 4462 4575 4502 des
4604 4463 4679 4502 let¬

3648 4514 3753 4551 tres.
3791 4512 3912 4552 Nous
3945 4513 4156 4561 répétons
4188 4526 4348 4555 encore
4384 4526 4471 4555 une
4503 4516 4591 4555 fois
4625 4517 4679 4556 de

3651 4575 3704 4604 ne
3727 4567 3887 4603 mettre
3909 4575 4087 4605 aucune
4111 4568 4359 4608 indication
4383 4579 4461 4608 sur
4487 4570 4527 4608 la
4552 4571 4677 4608 lettre

3651 4619 3711 4658 du
3747 4618 4053 4666 destinataire,
4092 4630 4225 4659 noms
4260 4624 4300 4660 et
4337 4622 4552 4662 numéros
4588 4623 4679 4662 doi¬

3649 4674 3753 4710 vent
3784 4671 3876 4710 être
3909 4672 4103 4719 inscrits,
4137 4672 4163 4712 à
4196 4674 4358 4714 l’encre
4389 4676 4476 4714 soit
4505 4686 4584 4715 sur
4617 4686 4676 4715 un

3650 4724 3807 4773 papier
3831 4724 4155 4774 indépendant,
4181 4727 4267 4766 soit
4291 4728 4405 4767 dans
4430 4727 4678 4768 l’intérieur

3649 4779 3704 4819 de
3736 4779 4013 4827 l’enveloppe
4044 4779 4251 4819 adressée
4281 4791 4339 4820 au
4375 4782 4621 4821 Directeur.

3704 4931 3784 4970 Les
3806 4938 4052 4978 personnes
4074 4930 4149 4977 qui
4173 4932 4251 4968 ont
4273 4931 4503 4978 plusieurs
4527 4932 4676 4971 lettres

3648 4982 3673 5022 à
3709 4994 3824 5023 nous
3857 4983 4063 5023 adresser
4098 4992 4151 5022 en
4189 4982 4337 5023 même
4373 4987 4536 5032 temps,
4575 4987 4675 5024 sont

3648 5038 3969 5084 parfaitement
3991 5034 4237 5076 autorisées
4259 5035 4284 5076 à
4308 5038 4371 5078 les
4392 5038 4548 5078 réunir
4569 5048 4676 5079 sous

3648 5099 3735 5128 une
3769 5090 3917 5129 même
3951 5090 4198 5137 enveloppe
4232 5091 4578 5131 suffisamment
4612 5092 4676 5130 af¬

3647 5143 3868 5182 franchie.

3705 5284 3800 5323 UE"
3832 5283 3913 5323 Les
3937 5282 4139 5324 abonnés
4165 5284 4241 5334 qui
4271 5284 4469 5325 désirent
4497 5295 4584 5326 une
4611 5287 4673 5326 ré¬

3648 5346 3785 5386 ponse
3812 5336 3839 5378 à
3868 5338 3988 5378 leurs
4017 5338 4264 5379 demandes
4317 5343 4419 5379 sont
4473 5339 4593 5387 priés
4621 5340 4675 5379 de

3644 5391 3824 5439 joindre
3852 5390 3879 5430 à
3908 5391 4005 5430 leur
4034 5392 4160 5431 lettre
4191 5403 4250 5431 un
4279 5392 4445 5430 timbre
4474 5394 4527 5431 de
4556 5394 4606 5431 10
4635 5402 4671 5431 c.

3836 5444 3957 5482 Nous
3990 5444 4145 5491 prions
4180 5452 4261 5483 nos
4293 5444 4675 5494 correspondants

3646 5497 3698 5536 de
3725 5497 3916 5536 timbrer
3944 5497 4225 5538 eux-mêmes
4253 5499 4374 5538 leurs
4403 5499 4568 5539 lettres.

3700 5660 3756 5699 Le
3788 5660 4020 5699 Directeur
4077 5662 4172 5709 prie
4200 5671 4271 5700 ses
4325 5660 4527 5701 abonnés
4558 5672 4567 5700 :
4598 5671 4673 5702 an¬

3645 5720 3767 5759 ciens
3798 5723 3839 5759 et
3871 5730 4109 5760 nouveaux
4143 5722 4392 5760 d’adresser
4449 5723 4552 5761 tous
4612 5723 4674 5763 les

3645 5779 3857 5818 mandats
3881 5782 3923 5818 et
3949 5779 4063 5819 bons
4088 5780 4141 5819 de
4169 5783 4292 5827 poste
4320 5780 4372 5819 de
4403 5780 4443 5819 la
4469 5782 4672 5822 manière

3644 5838 3844 5886 ci-jointe
3875 5848 3884 5876 :

3700 5898 3925 5937 Direction
3961 5899 4020 5937 du
4055 5898 4180 5936 Trait
4240 5899 4267 5937 d
4292 5900 4456 5949 Union,
4492 5903 4556 5949 26,
4592 5912 4671 5941 rue

3644 5958 3865 6007 d’Astorg,
3897 5958 4135 5996 Toulouse.

3699 6018 3755 6056 Le
3784 6027 3889 6056 nom
3920 6018 3972 6055 de
4000 6017 4040 6056 J.
4073 6019 4209 6067 Bach,
4241 6020 4334 6058 doit
4362 6020 4453 6059 être
4483 6021 4670 6068 unique¬

3644 6080 3768 6115 ment
3799 6074 3972 6115 réservé
4003 6074 4028 6115 à
4060 6077 4101 6116 la
4132 6079 4535 6126 correspondance.

4164 6138 4230 6175 LE
4259 6134 4611 6178 DIRECTEUR.

3670 6283 3928 6339 Lettres
3968 6287 4047 6339 de
4086 6284 4631 6342 Remerciements

3692 6447 3749 6488 Le
3771 6447 3903 6488 cadre
3925 6444 3979 6486 de
4000 6447 4127 6488 notre
4148 6446 4331 6500 journal
4353 6460 4408 6488 ne
4429 6458 4545 6490 nous
4565 6462 4663 6503 per¬

3637 6507 3828 6547 mettant
3851 6516 3932 6555 pas
3981 6504 4200 6550 d’insérer
4252 6508 4313 6548 les
4365 6507 4664 6552 nombreuses

3636 6567 3788 6607 lettres
3821 6563 3875 6606 de
3909 6564 4200 6609 félicitations
4233 6566 4464 6611 adressées
4498 6583 4556 6612 au
4589 6567 4663 6610 Di¬

3636 6626 3811 6666 recteur
3837 6623 4000 6676 depuis
4028 6628 4069 6668 la
4097 6626 4293 6668 création
4323 6627 4379 6671 de
4404 6631 4516 6671 cette
4543 6640 4660 6670 com¬

3638 6683 3864 6734 binaison,
3903 6696 4016 6727 ceux
4053 6687 4105 6727 de
4143 6696 4224 6726 nos
4261 6687 4464 6730 abonnés
4500 6687 4577 6739 qui
4616 6687 4656 6729 le

3635 6743 3932 6787 désireraient
3957 6745 4178 6798 pourront
4203 6759 4256 6788 en
4312 6750 4507 6800 prendre
4559 6759 4663 6791 con¬

3635 6803 3872 6847 naissance
3905 6807 4019 6846 dans
4052 6816 4132 6845 nos
4165 6806 4388 6858 bureaux,
4424 6820 4504 6851 rue
4536 6809 4660 6850 d’As¬

3633 6864 3747 6916 torg,
3775 6868 3840 6914 26,
3870 6866 4110 6906 Toulouse.
