5134 7504
908 385 921 424 /

247 539 279 583 6
283 546 300 567 e
335 535 526 583 année.
556 563 618 568 —
640 538 707 582 N°
733 538 797 581 43
827 562 884 568 —
920 536 939 590 f
952 534 1010 591 O
1067 539 1208 580 cent.

1444 531 1793 644 ŒUVRE
1874 530 1993 641 DE
2068 527 2909 640 PHILANTHROPIE
2984 526 3411 641 SOCIALE

3731 529 3805 572 Du
3833 528 3864 572 3
3892 540 3957 572 au
3989 530 4048 572 10
4076 528 4392 583 Septembre
4423 528 4543 571 1911

599 767 910 800 PARAISSANT

508 813 668 846 Toutes
695 813 758 846 les
785 811 1004 844 Semaines

2249 776 2462 875 LE

3952 756 4264 790 PARAISSANT

3860 803 4021 836 Toutes
4048 803 4109 835 les
4136 800 4356 835 Semaines

271 916 1806 1639 Trait
2043 922 4590 1637 düniûn

1379 1672 1642 1748 DES
1731 1651 2426 1745 INTÉRÊTS
2511 1649 3494 1763 RÉCIPROQUES

586 1808 1032 1862 Combinaison
1071 1806 1343 1869 Mariage
1383 1803 1566 1855 créée
1607 1815 1684 1852 en
1723 1794 1894 1854 1905
1966 1814 1999 1848 •
2036 1812 2071 1848 •
2108 1811 2142 1846 •
2215 1799 2504 1850 Bureaux
2546 1799 2605 1848 et
2640 1798 3157 1848 Administration
3195 1814 3209 1848 :
3249 1796 3357 1856 26.
3396 1812 3509 1848 rue
3549 1799 3588 1848 d
3607 1799 3836 1863 Astorg
3873 1826 3940 1835 —
3980 1800 4297 1851 Toulouse

355 1951 420 1984 LA
447 1948 580 1984 PLUS
606 1946 860 1982 HONNETE

356 1996 419 2031 LA
448 1995 582 2031 PLUS
611 1992 872 2028 DISCRETE

356 2044 419 2078 LA
447 2042 580 2076 PLUS
608 2040 807 2075 RAPIDE

356 2091 419 2124 LA
452 2088 586 2123 PLUS
618 2086 880 2122 SERIEUSE

355 2138 418 2171 LA
446 2135 579 2170 PLUS
604 2134 741 2172 SURE

356 2184 419 2218 LA
450 2180 616 2216 MOINS
644 2179 822 2216 CHERE

356 2228 454 2264 PAS
487 2226 974 2263 D’INTERMEDIAIRE

356 2276 452 2311 PAS
483 2276 548 2311 DE
578 2272 912 2310 COMMISSION

1614 1946 1947 2002 ABONNEMENT
1968 1959 2022 1998 au
2043 1946 2220 1998 Journal
2242 1944 2430 1997 donnant
2449 1943 2559 1996 droit
2587 1942 2615 1995 à
2636 1958 2715 1995 une
2737 1944 2940 1998 insertion
2963 1945 3013 1997 de
3036 1944 3063 1998 6
3085 1945 3220 2010 lignes
3241 1959 3253 1997 :

1471 2046 1682 2079 Annonces
1735 2042 1787 2077 de
1840 2039 2015 2086 Mariage
2062 2039 2148 2080 (six
2191 2038 2320 2082 lignes
2379 2039 2423 2072 et
2471 2036 2739 2072 abonnement
2788 2047 2843 2073 au
2890 2036 3075 2083 journal)

1542 2092 1650 2127 Deux
1694 2086 3074 2129 mois.
3135 2086 3160 2120 f
3177 2086 3203 2122 f
3231 2086 3383 2124 francs.

1469 2144 1615 2188 Lignes
1635 2140 3078 2187 supplémentaires..
3181 2144 3205 2175 f
3273 2160 3319 2166 —

1470 2200 1712 2233 Annnonces
1732 2199 1771 2232 et
1793 2195 2000 2232 Locations
2022 2192 2138 2235 (trois
2160 2191 3076 2233 mois)....
3177 2195 3211 2227 (*>
3273 2214 3317 2219 —

1471 2251 1568 2287 Avis
1586 2250 1735 2292 divers,
1756 2250 1884 2285 Olïres
1906 2251 1943 2284 et
1964 2247 2186 2283 Demandes
2207 2244 2415 2291 d’emplois
2436 2243 2562 2286 (deux
2583 2246 3080 2287 mois).
3180 2247 3215 2282 3
3276 2266 3320 2274 —

3615 1933 3668 1969 Le
3693 1944 3713 1964 «
3737 1932 3857 1969 Trait
3882 1933 4063 1970 d’Union
4090 1948 4109 1967 »
4136 1938 4197 1971 est
4248 1935 4405 1978 envoyé
4457 1939 4600 1972 contre

3565 1982 3586 2014 0
3608 1982 3660 2015 fr.
3687 1982 3729 2015 10
3752 1979 3779 2015 à
3800 1984 3915 2016 toute
3940 1988 4147 2022 personne
4171 1984 4240 2024 qui
4267 1991 4317 2018 en
4342 1984 4420 2019 fait
4446 1986 4485 2019 la
4533 1984 4595 2019 de¬

3567 2027 3733 2062 mande.

3616 2075 3677 2108 Un
3705 2079 3749 2106 n°
3771 2072 3984 2114 spécimen
4011 2078 4072 2110 est
4097 2075 4219 2111 offert
4244 2078 4597 2118 gracieusement,

3564 2119 3591 2154 à
3615 2122 3706 2155 tout
3732 2121 3922 2163 visiteur,
3948 2122 4056 2156 dans
4083 2130 4157 2157 nos
4183 2115 4387 2158 bureaux.

3615 2167 3665 2202 Le
3716 2167 3893 2202 Journal
3944 2170 4005 2203 est
4032 2167 4204 2203 adressé
4231 2168 4256 2203 à
4307 2177 4382 2204 nos
4409 2170 4597 2206 abonnés

3565 2221 3665 2247 sous
3693 2215 3921 2255 enveloppe
3948 2215 4117 2256 fermée,
4147 2222 4248 2250 sans
4276 2223 4440 2250 aucune
4492 2218 4596 2251 indi¬

3568 2268 3708 2302 cation
3741 2269 3989 2307 apparente.

319 2440 693 2543 Abonnés
743 2441 821 2534 et
871 2431 1241 2533 Lecteurs

322 2662 380 2703 Ce
411 2659 600 2714 journal
636 2655 747 2696 n’est
808 2664 888 2704 pas
952 2659 1040 2688 une
1074 2643 1290 2687 création.

263 2725 376 2764 Sous
403 2722 442 2763 le
470 2731 580 2760 nom
607 2715 659 2756 de
687 2706 1078 2768 Rapide-Agence,
1111 2706 1140 2747 il
1166 2706 1294 2759 porte

263 2782 423 2835 depuis
452 2780 558 2832 plus
590 2776 643 2818 de
675 2776 744 2816 six
774 2786 871 2820 ans,
908 2772 1020 2811 dans
1055 2770 1199 2808 toutes
1231 2766 1294 2806 les

263 2854 445 2896 régions
472 2840 534 2880 du
557 2836 671 2878 Midi
695 2838 736 2876 et
763 2834 816 2874 de
843 2834 885 2874 la
909 2832 1079 2871 France
1103 2824 1291 2872 entière,

263 2903 514 2947 l’heureuse
550 2894 872 2939 combinaison
936 2888 1059 2931 créée
1093 2900 1176 2940 par
1210 2896 1295 2926 son

264 2963 499 3004 Directeur
531 2961 572 2999 et
603 2952 868 3010 poursuivie
903 2962 1010 2992 avec
1043 2960 1107 2990 un
1138 2943 1292 2988 succès

262 3023 342 3079 qui
369 3034 423 3063 ne
447 3020 550 3062 s’est
573 3015 741 3071 jamais
768 3011 986 3054 démenti.

320 3076 615 3134 Transformé
644 3079 686 3118 et
719 3071 925 3124 modifié,
959 3082 1064 3112 sous
1098 3080 1184 3110 une
1215 3066 1294 3106 Di¬

263 3142 436 3186 rection
467 3136 694 3186 nouvelle,
728 3136 767 3176 le
826 3131 948 3174 Trait
978 3130 1179 3171 d’Union
1238 3138 1295 3166 va

266 3202 515 3247 désormais
546 3199 782 3250 s’occuper
811 3191 1137 3247 spécialement
1170 3188 1292 3229 d'an¬

268 3275 436 3307 nonces
468 3263 521 3303 de
554 3258 772 3310 mariage,
806 3254 904 3308 afin
935 3252 987 3293 de
1020 3250 1199 3291 donner
1230 3258 1294 3287 un

264 3324 431 3367 nouvel
459 3334 580 3363 essor
604 3319 630 3360 à
655 3320 767 3359 cette
795 3326 950 3356 œuvre
979 3310 1290 3354 intéressante,

264 3382 590 3427 humanitaire,
638 3372 1051 3430 philanthropique
1118 3371 1159 3408 et
1224 3378 1294 3407 so¬

262 3443 389 3486 ciale.

326 3502 384 3544 Ce
410 3500 523 3554 petit
546 3496 735 3551 journal
763 3494 836 3534 n’a
859 3505 939 3546 pas
966 3492 1009 3531 la
1031 3486 1293 3542 prétention

268 3563 404 3605 d’être
435 3558 664 3602 littéraire.
697 3556 732 3596 Il
763 3554 835 3594 n’a
864 3552 911 3592 ni
939 3550 1293 3592 collaborateurs

270 3623 316 3666 ni
344 3617 576 3674 employés
604 3616 828 3656 d’aucune
883 3613 1018 3652 sorte.
1078 3608 1155 3650 Ses
1214 3606 1292 3647 bu¬

271 3696 407 3727 reaux
446 3692 499 3723 ne
536 3678 689 3720 seront
723 3672 891 3730 jamais
928 3667 1196 3712 encombrés
1236 3666 1288 3707 de

267 3745 457 3784 curieux
489 3739 727 3781 indiscrets
759 3735 808 3775 ni
839 3735 892 3774 de
925 3743 1036 3784 gens
1068 3731 1097 3770 d
1110 3728 1294 3781 affaires

267 3803 370 3856 plus
398 3812 456 3840 ou
486 3798 635 3839 moins
662 3795 844 3834 véreux.

330 3861 423 3900 (Jne
459 3854 774 3911 organisation
806 3850 998 3904 parfaite
1034 3851 1074 3888 et
1110 3859 1196 3887 une
1235 3847 1292 3885 te¬

269 3932 356 3963 nue
386 3912 722 3971 irréprochable
754 3925 765 3954 :
791 3910 914 3952 voilà
938 3922 987 3951 sa
1013 3906 1178 3948 devise.

322 3978 540 4022 Abonnés
571 3979 612 4017 et
645 3976 836 4016 lecteurs
896 3971 1000 4011 sont
1031 3966 1207 4008 assurés
1240 3964 1293 4005 de

271 4046 453 4083 trouver
476 4051 532 4079 en
558 4036 623 4078 lui
650 4047 712 4076 un
736 4031 971 4074 auxiliaire
998 4028 1290 4079 scrupuleux,

271 4102 407 4143 d’une
446 4096 692 4140 discrétion
728 4092 931 4139 absolue,
971 4091 1011 4130 et
1050 4087 1186 4128 d’une
1226 4085 1292 4126 in¬

270 4160 520 4204 discutable
551 4154 746 4211 loyauté.

324 4219 419 4272 Que
452 4231 564 4262 ceux
596 4216 676 4270 qui
739 4225 792 4254 ne
856 4222 971 4251 nous
1003 4207 1295 4249 connaissent

264 4295 344 4338 pas
372 4280 594 4323 viennent
623 4276 648 4316 à
678 4284 792 4315 nous
820 4283 926 4311 sans
954 4268 1140 4310 crainte.
1174 4267 1294 4308 Nous

266 4354 422 4385 serons
454 4340 658 4380 heureux
688 4334 742 4375 de
804 4331 866 4371 les
924 4327 1050 4370 aider
1082 4327 1134 4368 de
1167 4326 1294 4367 notre

267 4414 491 4445 concours
551 4395 743 4438 indirect
772 4403 855 4444 par
884 4391 923 4431 le
950 4388 1139 4443 journal
1170 4390 1210 4428 et
1242 4385 1294 4426 de

270 4475 351 4504 nos
413 4455 606 4502 conseils
638 4450 907 4508 personnels
969 4447 1145 4502 chaque
1207 4443 1296 4500 fois

268 4522 403 4576 qu'ils
435 4516 666 4559 voudront
732 4511 836 4552 bien
902 4520 1016 4550 nous
1080 4503 1294 4547 accorder

271 4584 370 4624 leur
404 4579 643 4632 confiance
681 4576 722 4614 et
762 4583 875 4612 nous
914 4568 1166 4611 demander
1203 4577 1284 4606 nos

266 4642 377 4684 avis.

326 4700 420 4752 Que
483 4710 564 4739 nos
626 4696 816 4736 lecteurs
878 4691 1154 4732 deviennent
1216 4686 1292 4726 des

267 4762 398 4805 amis.
431 4760 526 4812 Que
552 4756 738 4810 partout
767 4754 808 4793 et
836 4751 862 4792 à
891 4754 1006 4799 tous,
1040 4750 1092 4791 ils
1119 4748 1291 4803 fassent

270 4822 523 4866 connaître,
563 4828 667 4859 sans
702 4812 874 4855 crainte
912 4815 952 4853 et
988 4823 1093 4853 sans
1131 4810 1287 4855 honte,

267 4884 307 4924 le
334 4882 427 4923 bon
447 4876 851 4934 fonctionnement
877 4873 930 4914 de
957 4874 1084 4913 notre
1110 4867 1292 4923 organi¬

267 4942 418 4984 sation
456 4954 468 4988 ;
506 4938 640 4992 qu’ils
679 4947 794 4979 nous
827 4934 1076 4987 procurent
1114 4931 1151 4971 le
1187 4928 1291 4982 plus

268 4998 554 5043 d’adhésions
581 4991 802 5052 possibles,
835 4988 959 5035 voilà
990 4992 1119 5033 notre
1159 4983 1290 5031 désir.

326 5063 358 5103 A
396 5064 496 5103 tous
527 5062 569 5101 et
601 5058 626 5099 à
659 5059 819 5103 toutes,
857 5066 971 5095 nous
1003 5050 1288 5095 souhaitons,

267 5135 325 5164 en
352 5124 519 5168 retour,
552 5119 701 5159 bonne
758 5115 928 5156 chance
985 5114 1027 5153 et
1080 5110 1292 5163 prompte

270 5180 530 5224 réalisation
555 5179 607 5219 de
634 5178 751 5219 leurs
776 5175 879 5229 plus
904 5172 1060 5215 chères
1084 5169 1294 5223 espéran-

816 5294 886 5335 LA
912 5287 1235 5335 DIRECTION.

320 5465 408 5561 La
446 5462 778 5559 Puissance
824 5459 894 5555 de
932 5458 1248 5553 l'Annonce

322 5667 386 5707 En
410 5668 651 5718 acceptant,
676 5676 727 5704 en
758 5663 935 5704 octobre
959 5660 1075 5707 1910,
1101 5660 1140 5699 la
1158 5660 1295 5699 direc¬

272 5733 360 5772 tion
380 5731 438 5771 du
458 5727 786 5770 Trait-d’Union
814 5738 913 5766 mon
946 5723 1159 5766 intention
1192 5723 1298 5763 était

270 5795 326 5835 de
374 5794 482 5833 faire
517 5791 574 5831 de
619 5791 943 5831 l'intéressante
990 5787 1296 5828 combinaison

271 5856 468 5907 mariage
500 5865 583 5895 une
623 5863 772 5894 œuvre
813 5852 1010 5892 sérieuse
1052 5854 1095 5890 et
1131 5850 1236 5889 utile
1272 5851 1295 5890 à

270 5924 382 5961 tous.

326 5983 390 6022 Eu
402 5982 615 6034 quelques
631 5979 760 6028 mois,
778 5977 832 6018 de
854 5976 1146 6018 nombreuses
1164 5974 1299 6016 modi-

272 6038 472 6079 ficaiions
491 6037 564 6075 ont
585 6035 652 6073 été
688 6032 899 6072 réalisées
938 6031 1051 6071 dans
1073 6031 1111 6070 le
1149 6031 1224 6071 but
1246 6030 1299 6068 de

274 6099 438 6140 rendre
463 6096 566 6148 plus
588 6093 822 6145 profitable
844 6091 1090 6144 l’originale
1127 6094 1222 6135 idée
1242 6092 1299 6131 du

272 6162 468 6211 mariage
491 6170 571 6211 par
594 6155 818 6208 publicité.

326 6226 464 6265 Notre
486 6221 620 6262 siècle
647 6220 684 6259 si
714 6219 867 6259 fécond
897 6230 948 6259 en
973 6218 1226 6260 inventions
1258 6222 1301 6259 et

275 6288 564 6328 découvertes
587 6282 640 6323 de
683 6285 824 6323 toutes
870 6285 1027 6330 sortes,
1078 6291 1103 6320 a
1150 6294 1203 6323 vu
1254 6294 1300 6323 se

275 6351 416 6397 créer,
455 6360 503 6388 se
546 6346 811 6396 développer
850 6348 891 6384 et
928 6356 976 6384 se
1018 6344 1303 6386 transformer

276 6422 362 6454 une
380 6411 481 6452 bien
507 6410 703 6451 modeste
723 6408 971 6448 nouveauté
1006 6421 1012 6447 :
1047 6406 1295 6448 l’annonce.

328 6475 360 6514 Il
395 6487 422 6526 y
462 6487 486 6514 a
523 6474 758 6523 cinquante
795 6481 888 6519 ans,
932 6471 1159 6511 l’annonce
1199 6471 1304 6510 était

278 6547 391 6585 rare,
426 6536 630 6580 discrète,
670 6534 847 6573 limitée.
889 6532 1182 6586 Aujourd’hui
1220 6533 1304 6574 elle

278 6600 470 6649 remplit,
494 6602 516 6639 à
539 6598 622 6639 elle
643 6596 780 6645 seule,
806 6596 915 6635 deux
944 6608 1000 6636 ou
1032 6596 1140 6636 trois
1168 6607 1304 6647 pages

277 6663 356 6703 des
370 6661 537 6711 grands
551 6660 819 6710 quotidiens,
837 6659 920 6699 elle
942 6659 1094 6710 frappe
1115 6660 1139 6698 à
1160 6662 1305 6699 toutes

280 6727 344 6766 les
363 6726 526 6775 portes,
548 6723 631 6762 elle
653 6735 700 6763 se
719 6722 856 6774 glisse
875 6722 986 6762 dans
1008 6725 1107 6762 tous
1132 6722 1196 6761 les
1224 6722 1300 6761 mi¬

283 6790 415 6836 lieux,
447 6786 528 6826 elle
555 6784 731 6824 devient
762 6786 1088 6834 envahissante,
1119 6787 1306 6834 gênante

283 6850 463 6904 parfois;
488 6848 571 6888 elle
590 6850 729 6897 trône,
748 6847 831 6888 elle
854 6848 1095 6899 triomphe;
1116 6859 1166 6887 sa
1188 6847 1307 6898 puis¬

282 6924 416 6956 sance
437 6915 504 6952 est
521 6910 736 6951 illimitée.

1420 2407 1642 2456 Pourquoi
1680 2406 1794 2444 donc
1827 2404 2047 2444 s’étonner
2079 2402 2208 2453 qu'on
2251 2399 2396 2440 utilise

1367 2473 1479 2511 celte
1504 2471 1647 2508 même
1671 2467 1880 2518 publicité
1903 2478 2012 2517 pour
2034 2464 2203 2504 arriver
2234 2475 2287 2503 au
2324 2462 2395 2502 ré¬

1366 2541 1501 2581 sultat
1522 2539 1669 2579 désiré
1690 2551 1770 2590 par
1790 2543 1880 2579 tout
1907 2548 2014 2578 ceux
2050 2535 2122 2587 qui
2168 2538 2320 2575 rêvent
2342 2533 2395 2572 de

1367 2603 1519 2644 fonder
1537 2614 1596 2644 un
1618 2603 1739 2653 foyer
1758 2602 1776 2639 ?

1423 2667 1604 2706 Peut-on
1638 2664 1867 2715 employer
1904 2672 2059 2712 moyen
2102 2660 2203 2712 plus
2242 2663 2318 2699 sùr
2355 2660 2396 2698 et

1367 2728 1511 2769 moins
1532 2728 1786 2778 dangereux
1808 2737 1918 2776 pour
1940 2735 2120 2775 essayer
2143 2722 2196 2762 de
2219 2732 2395 2772 rappro¬

1365 2792 1470 2832 cher
1502 2790 1614 2830 deux
1646 2790 1871 2829 destinées
1891 2788 1910 2827 ?
1938 2787 2261 2827 Certainement
2290 2794 2390 2823 non.

1366 2855 1418 2894 Et
1439 2853 1543 2894 c’est
1564 2863 1678 2904 pour
1699 2855 1811 2891 cette
1833 2850 1979 2891 raison
2002 2860 2087 2900 que
2115 2847 2322 2887 s'affirme
2340 2846 2394 2884 de

1364 2918 1462 2967 jour
1482 2927 1535 2955 en
1556 2918 1654 2966 jour
1676 2914 1715 2954 le
1734 2915 1890 2954 succès
1908 2913 1962 2952 de
1990 2911 2167 2951 l’œuvre
2204 2920 2288 2959 que
2322 2907 2392 2959 j’ai

1364 2987 1610 3038 entreprise
1632 2988 1674 3026 et
1694 2996 1779 3036 que
1799 2987 1838 3035 je
1862 2995 1915 3023 ne
1935 2983 2083 3023 crains
2110 2992 2187 3032 pas
2208 2980 2260 3019 de
2283 2991 2390 3020 con¬

1363 3050 1534 3090 sidérer
1554 3059 1728 3090 comme
1750 3046 2050 3087 humanitaire
2070 3048 2111 3084 et
2131 3043 2310 3083 sociale.

1421 3111 1554 3152 Reste
1576 3111 1852 3151 maintenant
1871 3110 1894 3149 à
1917 3107 2112 3148 détruire
2152 3107 2190 3146 le
2211 3105 2391 3156 préjugé

1366 3176 1439 3227 qui
1460 3175 1594 3215 flétrit
1615 3177 1707 3215 tout
1726 3184 1774 3214 ce
1791 3172 1864 3223 qui
1883 3171 2039 3211 touche
2059 3182 2142 3210 aux
2163 3168 2392 3220 questions

1365 3235 1728 3279 matrimoniales.
1755 3235 1852 3276 Oui.
1879 3234 1905 3273 il
1928 3236 1991 3274 est
2015 3232 2094 3272 des
2128 3240 2317 3280 agences
2351 3231 2392 3268 et

1366 3299 1444 3340 des
1464 3302 1800 3339 entremetteurs
1821 3298 1926 3336 dont
1947 3296 1975 3335 il
2006 3296 2096 3335 faut
2134 3306 2180 3334 se
2220 3292 2390 3341 méfier;

1367 3362 1479 3402 mais
1502 3374 1555 3400 un
1586 3362 1776 3401 honnête
1812 3364 1854 3399 et
1888 3357 2104 3398 inoffensif
2142 3355 2315 3406 journal
2339 3365 2392 3394 ne

1366 3423 1532 3464 saurait
1554 3423 1743 3474 inspirer
1776 3422 1831 3460 de
1867 3421 2066 3459 défiance
2108 3420 2131 3457 à
2174 3427 2392 3467 personne

1366 3486 1544 3538 lorsque
1566 3496 1615 3524 sa
1634 3484 1849 3524 direction
1871 3485 1938 3523 est
1956 3491 2176 3522 reconnue
2193 3479 2392 3519 sérieuse

1366 3548 1408 3586 et
1429 3542 1776 3595 irréprochable.

1419 3607 1554 3647 D’une
1578 3607 1703 3654 façon
1730 3603 1936 3655 générale
1959 3615 2068 3644 ceux
2090 3603 2161 3655 qui
2199 3602 2392 3652 aspirent

1366 3682 1420 3710 au
1443 3670 1639 3720 mariage
1661 3671 1892 3720 acceptent
1927 3670 1969 3707 et
2002 3666 2239 3706 sollicitent
2268 3662 2393 3703 l’avis

1366 3735 1467 3773 d'un
1506 3734 1611 3782 ami,
1653 3731 1975 3772 l’intervention
2026 3728 2086 3768 du
2127 3728 2312 3772 notaire,
2358 3727 2394 3764 le

1365 3796 1531 3834 conseil
1556 3795 1612 3834 du
1638 3795 1796 3844 prêtre,
1822 3796 1903 3832 etc.
1936 3791 2050 3830 C’est
2078 3800 2162 3841 que
2202 3790 2296 3830 rien
2320 3787 2387 3827 ici-

1366 3858 1447 3897 bas
1466 3867 1518 3896 ne
1540 3860 1643 3906 peut
1662 3866 1708 3895 se
1730 3855 1914 3895 réaliser
1952 3864 2058 3893 sans
2104 3855 2143 3892 le
2179 3860 2394 3891 concours

1365 3911 1467 3950 d’un
1488 3910 1588 3950 aide
1610 3910 1872 3960 compétent.

1418 3973 1463 4013 Si
1486 3984 1596 4012 vous
1628 3983 1735 4012 avez
1772 3971 1812 4011 le
1850 3970 2053 4012 bonheur
2085 3969 2140 4009 de
2183 3967 2395 4019 posséder

1367 4035 1480 4075 amis
1508 4039 1550 4076 et
1586 4035 1814 4084 relations,
1846 4035 1883 4074 si
1916 4036 2039 4072 votre
2068 4031 2219 4071 milieu
2255 4028 2392 4070 social

1368 4110 1478 4139 vous
1499 4101 1668 4150 permet
1689 4098 1743 4138 de
1766 4100 1943 4138 trouver
1963 4098 2123 4135 autour
2144 4093 2198 4132 de
2220 4104 2330 4132 vous
2351 4090 2391 4130 la

1367 4172 1584 4212 personne
1617 4160 1691 4211 qui
1742 4160 1832 4199 doit
1881 4161 2090 4210 parlager
2136 4159 2258 4195 votre
2307 4154 2391 4202 vie,

1368 4223 1659 4274 gardez-vous
1680 4222 1884 4274 d’égarer
1905 4219 2086 4260 ailleurs
2110 4230 2187 4259 vos
2215 4218 2392 4258 recher¬

1367 4287 1486 4327 ches.

1422 4348 1534 4388 Mais
1559 4379 1562 4384 .
1586 4348 1624 4387 si
1666 4358 1777 4397 pour
1815 4346 2035 4387 d’infinies
2071 4343 2246 4384 raisons
2286 4351 2395 4381 vous

1367 4412 1460 4452 êtes
1492 4410 1814 4458 embarrassés,
1847 4408 1983 4448 isolés
2015 4407 2128 4447 dans
2164 4407 2206 4446 la
2242 4406 2326 4454 vie,
2357 4403 2393 4442 si

1368 4477 1491 4513 voire
1530 4476 1772 4522 entourage
1808 4482 1860 4510 ne
1895 4482 2004 4510 vous
2038 4468 2206 4520 inspire
2236 4468 2396 4519 qu’une

1370 4535 1590 4576 médiocre
1612 4535 1851 4580 confiance,
1876 4543 2055 4584 essayez
2075 4531 2127 4571 de
2151 4531 2390 4570 l’annonce.

1368 4599 1462 4639 Elle
1484 4610 1594 4638 vous
1614 4600 1786 4649 promet
1815 4595 1983 4636 entière
2011 4598 2052 4635 et
2086 4592 2271 4634 absolue
2310 4590 2396 4630 dis¬

1370 4660 1550 4710 crétion,
1587 4664 1628 4700 et
1667 4660 1751 4700 elle
1787 4670 1898 4699 vous
1938 4658 2085 4698 donne
2124 4655 2304 4706 l'espoir
2342 4652 2396 4692 de

1371 4728 1547 4764 trouver
1566 4735 1612 4763 ce
1648 4734 1732 4776 que
1774 4734 1884 4762 nous
1907 4719 2155 4760 cherchons
2188 4721 2287 4756 tous
2326 4715 2396 4756 ici-

1370 4788 1450 4827 bas
1475 4800 1482 4826 :
1514 4787 1551 4827 le
1582 4787 1782 4826 bonheur
1815 4785 1927 4824 dans
1960 4782 2121 4822 l’union
2156 4779 2327 4819 désirée
2356 4781 2396 4818 et

1370 4851 1514 4890 rêvée.

2024 4908 2136 4948 Jean
2160 4906 2323 4946 BACH.

1375 5117 1697 5200 SERVICE
1739 5108 2393 5197 D’INFORMATIONS

1426 5325 1509 5366 Les
1556 5324 1751 5366 lecteurs
1799 5324 1843 5364 et
1890 5320 2091 5363 abonnés
2141 5319 2204 5359 du
2253 5318 2398 5358 Trait-

1375 5386 1567 5435 d’Union
1591 5384 1670 5435 qui
1690 5380 1917 5423 voudront
1938 5379 2042 5420 bien
2063 5379 2322 5419 m’honorer
2343 5375 2396 5416 de

1373 5445 1471 5486 leur
1518 5444 1764 5491 confiance,
1814 5439 2048 5482 recevront
2078 5439 2192 5480 dans
2223 5435 2287 5476 les
2318 5435 2398 5476 bu¬

1374 5516 1514 5544 reaux
1541 5504 1595 5543 de
1622 5503 1666 5543 la
1694 5500 1938 5551 Direction,
1970 5502 2034 5547 26,
2065 5509 2144 5539 rue
2172 5498 2394 5543 d’Astorg,

1373 5563 1519 5604 toutes
1547 5562 1612 5603 les
1640 5559 1914 5601 indications
1942 5558 2020 5608 qui
2049 5555 2271 5608 pourront
2298 5554 2398 5595 leur

1374 5624 1465 5664 être
1491 5619 1764 5663 nécessaires
1788 5616 2066 5659 concernant
2090 5616 2152 5656 les
2177 5615 2332 5655 ventes
2358 5613 2399 5654 et

1374 5680 1530 5723 achats
1555 5678 1888 5727 d’immeubles,
1919 5675 2138 5717 locations
2163 5674 2219 5714 de
2246 5674 2398 5714 cham¬

1374 5742 1476 5782 bres
1499 5740 1542 5782 et
1563 5736 1963 5791 d’appartements.

1427 5799 1510 5840 Les
1531 5797 1920 5848 renseignements
1941 5795 2093 5835 seront
2107 5792 2280 5835 donnés
2294 5802 2400 5832 avec

1376 5861 1418 5902 la
1442 5859 1546 5912 plus
1570 5857 1742 5910 grande
1767 5854 2102 5908 complaisance
2126 5853 2168 5894 et
2191 5852 2400 5900 toujours

1375 5919 1714 5970 gratuitement.

1428 5978 1512 6018 Les
1557 5975 1815 6016 Demandes
1859 5971 2112 6024 d’emplois,
2159 5970 2311 6019 offres,
2359 5969 2402 6009 et

1376 6037 1474 6079 avis
1515 6036 1666 6078 divers
1707 6035 1859 6076 seront
1900 6043 2044 6084 reçus,
2072 6042 2179 6073 sans
2203 6031 2331 6079 frais,
2360 6029 2402 6070 et

1378 6095 1558 6137 inscrits
1582 6107 1659 6136 sur
1683 6106 1746 6135 un
1770 6092 1959 6143 registre
1983 6089 2164 6142 spécial.

1432 6156 1512 6196 Les
1533 6156 1772 6196 Annonces
1792 6152 1856 6194 les
1875 6151 1979 6204 plus
1999 6148 2318 6192 intéressantes
2339 6158 2402 6188 se¬

1378 6216 1481 6257 ront
1500 6215 1707 6266 publiées
1727 6212 1873 6253 toutes
1894 6211 1959 6252 les
1978 6210 2204 6251 semaines
2225 6207 2340 6248 dans
2362 6206 2402 6247 le

1379 6272 1576 6326 journal.

1434 6334 1490 6376 Se
1509 6332 1740 6384 présenter
1760 6328 2074 6382 l’après-midi,
2096 6331 2160 6378 26,
2184 6339 2264 6367 me
2283 6326 2402 6366 d’As¬

1380 6395 1479 6445 torg
1502 6394 1556 6434 de
1579 6395 1605 6432 2
1628 6394 1792 6433 heures
1816 6391 1842 6431 à
1865 6394 1890 6431 5
1914 6390 2091 6430 heures.

1847 6530 1879 6559 *
1906 6526 1936 6558 *

1442 6634 1683 6736 SERVICE
1722 6634 1791 6730 UE
1834 6628 2351 6730 RENSEIGNEMENTS

1437 6786 1506 6827 Au
1532 6786 1700 6827 service
1726 6782 2107 6830 d’informations,
2134 6781 2178 6831 je
2200 6779 2328 6820 viens
2354 6779 2407 6820 de

1382 6845 1576 6898 joindre,
1599 6846 1626 6885 à
1645 6843 1888 6896 proximité
1910 6842 1963 6883 de
1984 6852 2080 6882 mes
2099 6842 2320 6887 bureaux,
2344 6850 2406 6879 un

1383 6904 1554 6947 service
1578 6903 1746 6956 spécial
1771 6914 1844 6944 me
1869 6900 2145 6955 permettant
2168 6899 2224 6940 de
2250 6899 2408 6951 répon¬

2472 2402 2549 2443 dre
2580 2414 2687 2442 avec
2718 2403 3032 2454 promptitude
3061 2403 3088 2443 à
3118 2403 3240 2444 toute
3271 2403 3496 2444 demande

2471 2462 2525 2502 de
2547 2462 2935 2512 renseignements
2957 2462 3248 2503 commercial
3271 2474 3328 2502 ou
3349 2462 3492 2513 privé.

2524 2520 2665 2560 Toute
2695 2531 2920 2572 personne
2951 2522 3087 2572 ayant
3118 2522 3272 2562 besoin
3305 2521 3495 2562 d’infor¬

2471 2579 2665 2620 mations
2689 2582 2832 2632 sûres,
2859 2592 2916 2620 au
2939 2581 3069 2631 point
3088 2580 3144 2622 de
3164 2591 3252 2622 vue
3274 2580 3496 2621 financier

2470 2651 2527 2680 ou
2560 2639 2867 2688 commercial,
2903 2640 3179 2681 concernant
3211 2639 3368 2680 affaire
3402 2651 3495 2680 ma¬

2471 2698 2615 2749 riages
2649 2710 2706 2739 ou
2741 2699 2908 2747 autres,
2945 2710 3128 2740 recevra
3163 2700 3224 2739 du
3260 2699 3493 2739 Directeur

2470 2758 2534 2799 les
2555 2758 2944 2808 renseignements
2966 2759 3031 2800 les
3052 2758 3156 2809 plus
3179 2758 3340 2810 précis,
3368 2759 3393 2798 à
3416 2759 3493 2799 des

2468 2817 2570 2868 prix
2591 2816 2761 2858 défiant
2781 2817 2904 2858 toute
2923 2828 3241 2859 concurrence.

2935 2917 3025 2975 ***

2547 3039 3021 3099 COMBINAISON
3065 3038 3413 3096 MARIAGES

2520 3138 2581 3178 La
2607 3135 2930 3178 Combinaison
2957 3134 3184 3186 Mariages
3211 3134 3324 3175 n’est
3347 3135 3491 3176 nulle¬

2466 3196 2591 3237 ment
2614 3195 2823 3237 modifiée
2845 3207 2928 3246 par
2951 3195 2994 3235 la
3016 3194 3214 3236 création
3239 3194 3316 3236 des
3339 3194 3489 3235 divers

2466 3255 2657 3296 services
2681 3256 2760 3307 qui
2784 3255 3000 3296 viennent
3024 3254 3163 3296 d’être
3187 3254 3433 3306 organisés.

2522 3316 2707 3356 Comme
2733 3327 2816 3366 par
2844 3315 2884 3355 le
2911 3315 3056 3366 passé,
3087 3314 3127 3355 le
3154 3314 3389 3355 Directeur
3416 3314 3489 3353 ab¬

2466 3376 2693 3416 solument
2724 3374 2835 3422 seul,
2868 3374 3005 3424 reçoit
3035 3372 3076 3414 le
3105 3371 3305 3412 courrier
3336 3372 3390 3412 de
3421 3382 3491 3412 ses

2467 3434 2680 3482 abonnés,
2724 3432 2820 3475 seul
2864 3432 2895 3472 il
2936 3432 2977 3472 le
3003 3432 3237 3479 transmet,
3267 3431 3309 3471 et
3334 3431 3429 3471 seul
3458 3430 3488 3470 il

2467 3493 2640 3545 répond
2670 3494 2696 3534 à
2725 3491 2872 3533 toutes
2902 3491 2967 3532 les
2999 3490 3151 3531 lettres
3181 3489 3260 3540 qui
3291 3488 3357 3528 lui
3388 3488 3491 3530 sont

2468 3551 2881 3604 personnellement
2901 3549 3145 3591 adressées.

3301 3607 3336 3648 J.
3363 3608 3409 3647 B.

2466 3809 3002 3918 NOTRE
3078 3803 3486 3912 ROLE

2526 4050 2581 4093 Le
2612 4050 2695 4092 but
2723 4050 2777 4092 de
2805 4050 2848 4091 la
2877 4050 3113 4092 Direction
3143 4050 3197 4091 de
3227 4062 3276 4091 ce
3304 4047 3491 4102 journal

2468 4116 2534 4152 est
2568 4111 2868 4164 simplement
2903 4111 2957 4151 de
2993 4109 3227 4163 s’occuper
3263 4108 3488 4150 d’annon¬

2466 4184 2537 4212 ces
2568 4170 2624 4212 de
2652 4171 2896 4224 mariages.
2930 4170 3017 4213 Par
3049 4183 3138 4211 une
3170 4168 3492 4210 combinaison

2467 4230 2648 4272 d’offres
2682 4235 2725 4271 et
2757 4231 2813 4272 de
2847 4229 3096 4272 demandes
3129 4234 3172 4270 et
3207 4241 3287 4283 par
3321 4228 3362 4268 la
3396 4241 3493 4269 cor¬

2466 4290 2779 4345 respondance
2812 4290 2980 4331 directe
3013 4294 3140 4331 entre
3173 4288 3235 4330 les
3269 4287 3488 4336 abonnés,

2466 4350 2528 4392 les
2564 4350 2789 4404 mariages
2825 4363 2871 4391 se
2905 4350 3007 4391 font
3042 4362 3145 4390 sans
3181 4347 3493 4390 intermédiai¬

2469 4424 2554 4451 res.

2542 4468 2661 4511 Nous
2700 4482 2756 4511 ne
2792 4470 3001 4511 saurions
3039 4479 3157 4510 assez
3192 4467 3368 4522 répéter
3404 4479 3493 4520 que

2470 4544 2584 4572 nous
2609 4530 2799 4572 n’avons
2823 4531 2921 4571 rien
2945 4528 3000 4570 de
3023 4540 3247 4568 commun
3272 4539 3380 4567 avec
3404 4539 3495 4567 une

2470 4603 2639 4644 agence
2673 4587 3032 4631 matrimoniale.
3072 4586 3172 4627 Non
3237 4586 3493 4627 seulement

2475 4664 2588 4692 nous
2622 4663 2677 4691 ne
2707 4650 2880 4691 faisons
2913 4662 2989 4703 pas
3020 4647 3076 4688 de
3107 4648 3348 4699 mariages,
3384 4646 3498 4686 mais

2472 4724 2635 4752 encore
2668 4723 2784 4751 nous
2817 4723 2873 4751 ne
2904 4709 3161 4750 réclamons
3195 4718 3373 4747 aucune
3435 4718 3500 4747 es¬

2472 4771 2579 4824 pèce
2609 4771 2661 4811 de
2691 4770 2992 4812 commission
3023 4773 3065 4811 et
3095 4772 3224 4809 notre
3252 4766 3347 4807 rôle
3376 4766 3500 4807 d’au¬

2471 4831 2647 4871 xiliaire
2676 4830 2843 4871 discret
2870 4843 2990 4871 cesse
3048 4842 3105 4869 au
3163 4831 3374 4869 moment
3402 4830 3500 4880 pré¬

2473 4891 2536 4932 cis
2571 4891 2630 4933 où
2667 4890 2728 4931 les
2764 4890 3001 4931 intéressés
3038 4887 3168 4930 n’ont
3204 4887 3305 4942 plus
3341 4886 3499 4928 besoin

2474 4951 2527 4992 de
2554 4964 2635 4992 nos
2660 4951 2868 4991 services.

2533 5011 2667 5052 Notre
2704 5010 2900 5064 système
2938 5008 3010 5049 n'a
3047 5008 3146 5050 rien
3184 5008 3237 5048 de
3274 5020 3497 5048 commun

2475 5084 2568 5112 non
2600 5071 2701 5124 plus
2732 5083 2840 5111 avec
2868 5070 2932 5111 les
2961 5082 3194 5110 annonces
3224 5067 3301 5109 des
3331 5066 3501 5120 grands

2474 5131 2708 5184 journaux
2736 5130 2973 5184 parisiens.
3008 5129 3123 5170 Leur
3150 5127 3368 5170 méthode
3396 5139 3503 5168 con¬

2474 5192 2579 5234 siste
2607 5192 2628 5232 à
2659 5191 2829 5232 insérer
2856 5191 2933 5231 des
2961 5188 3211 5231 demandes
3268 5192 3311 5229 et
3365 5187 3503 5228 offres

2475 5251 2530 5292 de
2567 5251 2808 5304 mariages,
2849 5248 3193 5303 généralement
3228 5259 3497 5302 anonymes,

2475 5318 2519 5354 et
2547 5316 2731 5367 portant
2760 5311 3046 5352 l’indication
3083 5323 3092 5350 :
3126 5326 3146 5347 «
3177 5311 3304 5363 poste
3332 5312 3504 5348 restan¬

2476 5378 2516 5414 te
2544 5390 2584 5413 ».

2535 5433 2659 5475 Cette
2691 5431 2937 5473 discrétion
2968 5430 3056 5472 très
3090 5428 3296 5483 légitime
3327 5432 3369 5470 et
3400 5439 3503 5469 sans

2476 5494 2672 5547 dangers
2707 5497 2833 5532 entre
2868 5491 3092 5532 honnêtes
3128 5503 3256 5543 gens,
3297 5490 3504 5542 présente

2476 5559 2516 5600 le
2546 5558 2647 5614 plus
2705 5562 2900 5599 souvent
2956 5556 3012 5598 de
3069 5568 3229 5610 graves
3288 5553 3505 5595 inconvé¬

2478 5620 2643 5660 nients.
2693 5618 2764 5659 Un
2793 5615 3155 5671 correspondant
3181 5614 3261 5668 qui
3289 5614 3504 5655 dissimu¬

2477 5680 2518 5722 le
2546 5691 2627 5721 son
2659 5678 2848 5720 identité
2877 5690 2934 5720 ne
2963 5679 3072 5730 peut
3099 5674 3231 5716 offrir
3259 5673 3313 5715 de
3343 5686 3504 5727 garan¬

2478 5742 2559 5782 ties
2586 5739 2819 5780 sérieuses.
2849 5737 2965 5779 Neuf
2993 5736 3080 5778 fois
3107 5748 3184 5776 sur
3212 5735 3304 5783 dix,
3336 5734 3399 5775 les
3426 5736 3504 5775 let¬

2477 5806 2566 5842 tres
2621 5799 2845 5840 adressées
2900 5798 2924 5838 à
2979 5810 3051 5838 ces
3105 5807 3321 5836 coureurs
3348 5794 3403 5835 de
3428 5794 3507 5834 dot

2478 5864 2645 5903 restent
2671 5872 2773 5900 sans
2799 5858 3005 5912 réponse.
3037 5855 3093 5900 Le
3118 5855 3216 5896 naïf
3240 5866 3505 5908 correspon¬

2479 5922 2589 5963 dant
2619 5919 2857 5974 s’aperçoit
2887 5918 2999 5972 qu’il
3031 5930 3053 5956 a
3085 5916 3153 5958 été
3183 5915 3507 5956 l’amusement

2479 5980 2589 6023 d’un
2617 5979 2806 6022 fumiste
2831 5992 2892 6021 ou
2918 5978 3030 6020 d’un
3056 5975 3251 6018 farceur.

2539 6040 2729 6082 Pareille
2764 6039 3083 6080 mésaventure
3119 6036 3233 6078 n’est
3268 6048 3347 6089 pas
3381 6035 3405 6075 à
3441 6046 3507 6075 re¬

2480 6103 2656 6147 douter,
2688 6099 2821 6154 grâce
2848 6099 2871 6139 à
2901 6098 3158 6145 l’heureuse
3185 6095 3505 6138 combinaison

2480 6163 2540 6204 du
2569 6160 2688 6203 Trait
2716 6157 3103 6222 d'Unioj^^^ce
3129 6158 3152 6198 à
3180 6156 3260 6205 lui,
3292 6154 3439 6195 riches
3467 6157 3509 6195 et

2482 6235 2673 6277 pauvres
3211 6217 3265 6256 de
3293 6214 3509 6255 relations

2483 6280 2792 6338 personnelles
3161 6277 3434 6330 dignement
3469 6278 3507 6314 et

2483 6343 2607 6386 selon
2643 6342 2741 6383 leur
3395 6347 3511 6376 nous

2486 6415 2702 6446 recevons
2739 6400 2815 6443 des
2851 6399 3003 6442 lettres
3041 6396 3096 6439 de
3131 6394 3507 6438 remerciem’ents

2484 6470 2527 6506 et
2560 6462 2615 6504 de
2648 6462 2944 6503 félicitations
2981 6471 3097 6513 pour
3130 6455 3173 6498 la
3208 6455 3413 6496 manière
3448 6454 3513 6496 sé¬

2484 6524 2631 6566 rieuse
2653 6522 2768 6564 dont
2791 6520 2925 6575 opère
2948 6519 2990 6560 la
3013 6516 3261 6560 Direction.

2544 6583 2608 6624 En
2640 6596 2689 6624 ce
2719 6583 2798 6636 qui
2828 6591 3052 6622 concerne
3081 6578 3123 6619 la
3153 6574 3513 6628 correspondan¬

2486 6659 2551 6692 ce,
2584 6656 2700 6684 nous
2731 6655 2847 6683 nous
2876 6640 3047 6680 faisons
3079 6651 3170 6679 une
3199 6635 3259 6678 loi
3291 6635 3345 6676 de
3374 6639 3513 6676 rester

2488 6707 2669 6746 neutres
2705 6707 2748 6744 et
2783 6699 3016 6755 d’ignorer
3051 6711 3100 6739 ce
3136 6695 3416 6752 qu’écrivent
3452 6694 3514 6736 les

2487 6763 2739 6806 intéressés.

2543 6824 2599 6867 Le
2624 6828 2766 6866 secret
2789 6821 2865 6864 des
2892 6819 3043 6862 lettres
3067 6823 3132 6860 est
3156 6818 3292 6859 chose
3317 6815 3467 6858 sacrée
3507 6812 3513 6855 I

3028 6893 3100 6935 LA
3128 6888 3452 6934 DIRECTION.

3632 2425 4548 2534 FONCTIONNEMENT

3629 2635 3753 2676 Voici
3781 2650 3838 2676 en
3865 2638 3973 2691 quoi
4025 2638 4277 2680 consistent
4333 2639 4605 2683 l’économie

3569 2694 3631 2735 du
3659 2695 3856 2749 système
3881 2701 3925 2739 et
3951 2696 4013 2739 les
4043 2703 4287 2752 avantages
4315 2699 4376 2741 du
4404 2700 4556 2754 projet
4593 2714 4601 2743 :

3629 2754 3727 2795 Une
3756 2768 3984 2808 personne
4044 2759 4123 2811 qui
4183 2758 4329 2800 désire
4359 2758 4603 2802 s’abonner

3568 2812 3665 2855 doit
3695 2827 3896 2870 envoyer
3955 2829 4012 2858 au
4075 2816 4327 2868 Directeur,
4361 2831 4419 2860 en
4449 2820 4603 2862 même

3569 2875 3724 2929 temps
3744 2886 3837 2928 que
3859 2887 3945 2919 son
3968 2887 4187 2919 annonce
4207 2888 4293 2919 son
4316 2887 4428 2920 nom
4448 2882 4491 2920 et
4507 2890 4595 2921 son

3567 2932 3775 2984 adresse,
3813 2935 3856 2976 le
3895 2934 3999 2989 prix
4035 2935 4092 2976 de
4127 2947 4212 2978 son
4248 2936 4576 2980 abonnement

3565 2991 3656 3035 soit
3684 3003 3801 3036 onze
3828 2994 3987 3036 francs
4020 3006 4137 3048 pour
4166 2994 4291 3038 deux
4324 2995 4463 3038 mois.

3627 3051 3663 3091 Il
3699 3056 3765 3092 est
3800 3053 3986 3095 évident
4022 3054 4163 3108 qu’on
4201 3060 4309 3110 peut
4345 3054 4589 3098 s’abonner

3565 3123 3621 3152 au
3648 3111 3836 3165 journal
3863 3126 3967 3155 sans
3995 3114 4107 3156 faire
4135 3128 4225 3156 une
4252 3128 4477 3158 annonce.

3625 3171 3681 3214 Le
3707 3171 3957 3222 Directeur,
3988 3175 4083 3215 seul
4108 3176 4281 3228 occupé
4305 3188 4362 3217 au
4388 3175 4593 3231 dépouil¬

3563 3230 3737 3272 lement
3763 3231 3824 3274 du
3851 3234 4055 3275 courrier
4080 3239 4159 3283 est,
4191 3234 4451 3288 également
4476 3236 4588 3287 seul,

3564 3295 3589 3331 à
3622 3291 3860 3334 connaître
3920 3291 4132 3335 l’adresse
4193 3294 4412 3336 véritable
4445 3295 4499 3336 de
4531 3309 4599 3338 ses

3567 3350 3785 3392 abonnés.
3825 3351 3949 3393 Cette
4015 3352 4192 3394 adresse
4225 3359 4291 3395 est
4324 3355 4595 3407 remplacée,

3567 3410 3680 3451 dans
3709 3408 3751 3451 le
3780 3410 3984 3463 journal,
4019 3426 4100 3466 par
4160 3424 4223 3452 un
4256 3414 4452 3455 numéro
4483 3414 4599 3455 d’or¬

3567 3468 3659 3518 dre,
3699 3470 4041 3524 indispensable
4105 3484 4223 3524 pour
4256 3471 4298 3512 la
4332 3485 4599 3526 correspon¬

3568 3527 3725 3569 dance.

3629 3588 3689 3630 Ce
3745 3590 3941 3632 numéro
3995 3595 4060 3632 est
4115 3591 4451 3647 communiqué
4473 3592 4499 3634 à
4524 3592 4601 3635 l’a¬

3571 3648 3727 3691 bonné
3751 3663 3807 3691 en
3831 3651 3984 3692 même
4008 3655 4156 3705 temps
4183 3650 4324 3706 qu’on
4349 3652 4416 3695 lui
4441 3666 4600 3696 accuse

3572 3710 3805 3764 réception
3831 3710 3894 3752 du
3919 3710 4125 3752 mandat.

3627 3768 3892 3820 Supposons
3951 3770 4121 3822 qu’une
4150 3771 4204 3812 de
4232 3784 4314 3811 nos
4372 3771 4601 3812 abonnées

3569 3827 3736 3868 veuille
3763 3827 3905 3870 écrire
3932 3828 3955 3869 à
3984 3827 4041 3869 M.
4073 3828 4183 3876 X...,
4216 3828 4329 3870 dont
4356 3827 4599 3870 l’annonce

3571 3892 3699 3940 porte
3727 3886 3767 3928 le
3796 3890 3848 3927 n°
3880 3888 3920 3930 6.
3953 3887 4048 3930 Elle
4077 3887 4236 3929 inscrit
4265 3887 4547 3930 lisiblement
4575 3888 4597 3928 à

3571 3947 3613 3988 la
3645 3947 3805 4002 plume
3836 3962 3897 3990 ou
3930 3962 3988 3990 au
4020 3960 4190 4004 crayon
4223 3960 4307 3990 son
4339 3960 4451 3990 nom
4484 3953 4528 3990 et
4559 3947 4600 3990 le

3572 4011 3624 4050 n°
3653 4008 3677 4050 6
3705 4008 3819 4050 dans
3845 4008 4100 4050 l’intérieur
4125 4007 4179 4050 de
4205 4007 4247 4048 la
4273 4007 4499 4063 première
4524 4022 4601 4050 en¬

3572 4068 3779 4123 veloppe,
3816 4068 3927 4109 celle
3960 4068 4039 4122 qui
4072 4072 4201 4123 porte
4232 4067 4274 4110 le
4305 4081 4416 4110 nom
4451 4072 4493 4110 et
4525 4067 4601 4109 l’a¬

3572 4128 3722 4170 dresse
3757 4128 3819 4170 du
3853 4128 4092 4170 Directeur
4127 4127 4188 4168 du
4224 4128 4344 4170 Trait
4380 4128 4596 4169 d'Union.

3572 4188 3696 4230 Dans
3723 4191 3837 4228 cette
3861 4187 4116 4240 enveloppe
4142 4187 4226 4229 elle
4252 4187 4379 4240 place
4404 4187 4448 4227 la
4474 4188 4603 4240 leftre

3572 4247 3783 4290 cachetée
3817 4248 3896 4301 qui
3933 4246 4029 4287 doit
4064 4248 4157 4289 être
4192 4247 4356 4288 remise
4392 4259 4449 4287 au
4485 4249 4537 4288 n°
4577 4247 4601 4288 6

3572 4320 3653 4360 par
3688 4307 3967 4348 l’entremise
4000 4306 4063 4347 du
4098 4306 4349 4347 Directeur.
4391 4305 4460 4347 Au
4494 4319 4601 4357 reçu

3573 4368 3627 4410 de
3663 4371 3776 4409 cette
3811 4367 3955 4414 lettre,
3993 4366 4032 4406 le
4068 4364 4307 4407 Directeur
4340 4364 4525 4407 déchire
4560 4367 4600 4407 la

3573 4427 3798 4482 première
3833 4425 4100 4478 enveloppe,
4140 4424 4164 4465 à
4200 4439 4284 4466 son
4321 4438 4448 4474 nom,
4489 4424 4602 4467 dans

3573 4486 3828 4530 l’intérieur
3855 4486 3908 4527 de
3937 4484 4133 4538 laquelle
4161 4498 4207 4526 se
4235 4490 4396 4527 trouve
4424 4486 4536 4527 écrit
4564 4486 4603 4527 le

3574 4560 3684 4587 nom
3711 4546 3765 4587 de
3791 4546 4031 4587 l’abonnée
4055 4549 4099 4586 et
4123 4544 4163 4586 le
4189 4546 4385 4587 numéro
4411 4558 4518 4586 avec
4544 4544 4603 4585 le¬

3572 4607 3676 4660 quel
3704 4606 3788 4647 elle
3812 4611 3921 4648 veut
3945 4604 4288 4658 correspondre.

3634 4666 3720 4709 Sur
3748 4667 3789 4707 la
3818 4667 3947 4708 lettre
3975 4663 4184 4706 cachetée
4212 4663 4267 4704 de
4296 4663 4604 4718 l’expéditrice

3575 4727 3603 4768 il
3631 4727 3741 4768 écrit
3767 4726 3976 4768 l’adresse
4000 4722 4219 4766 véritable
4243 4722 4304 4764 du
4331 4725 4382 4764 n°
4411 4723 4435 4764 6
4460 4728 4504 4766 et
4527 4736 4604 4766 en¬

3574 4788 3675 4828 voie
3701 4791 3815 4828 cette
3843 4787 3971 4828 lettre
3997 4796 4100 4826 sans
4128 4782 4317 4824 l’ouvrir
4344 4783 4365 4823 à
4395 4795 4480 4823 son
4507 4783 4604 4824 des¬

3575 4846 3801 4895 tinataire,
3831 4844 3891 4887 M.
3920 4843 4012 4887 X...

3631 4907 3696 4948 De
3731 4910 3845 4948 cette
3880 4905 4031 4958 façon,
4070 4903 4109 4945 le
4145 4903 4376 4944 Directeu:
4416 4902 4605 4944 connaît

3572 4967 3668 5010 seul
3705 4966 3916 5008 l’adresse
3953 4964 4029 5007 des
4065 4964 4184 5005 deux
4220 4962 4603 5017 correspondants

3573 5028 3652 5082 qui
3677 5030 3879 5081 peuvent
3901 5026 4145 5067 continuer
4169 5023 4190 5064 à
4217 5020 4355 5064 s’écrit
4419 5034 4497 5075 par
4521 5035 4604 5063 son

3575 5086 3836 5128 entremise.
3908 5085 4108 5138 Lorsque
4144 5083 4208 5124 les
4243 5083 4360 5124 deux
4398 5082 4604 5123 abonnés

3574 5150 3789 5190 trouvent
3820 5144 3883 5187 les
3916 5144 4313 5198 renseignements
4349 5159 4357 5183 >
4385 5140 4549 5183 uituels
4583 5141 4604 5181 à

3575 5208 3673 5250 leur
3703 5218 4013 5254 convenance,
4052 5204 4104 5245 ils
4139 5207 4335 5258 peuvent
4379 5203 4519 5243 mtrer
4549 5213 4605 5242 en

3574 5267 3789 5308 relations
3850 5264 4040 5307 directes
4102 5268 4144 5305 et
4175 5262 4345 5303 arriver
4407 5274 4463 5302 au
4525 5259 4608 5300 but

3576 5326 3813 5382 poursuivi
3841 5324 3897 5367 de
3922 5323 4021 5365 leur
4048 5324 4211 5364 union.

3636 5386 3696 5436 Si,
3736 5399 3792 5426 au
3831 5383 4072 5431 contraire,
4113 5382 4173 5423 les
4212 5381 4608 5433 renseignements

3576 5446 3803 5499 échangés
3832 5459 3889 5487 ne
3917 5443 3980 5485 les
4037 5439 4249 5483 satisfont
4307 5451 4400 5492 pas,
4433 5438 4488 5479 ils
4516 5451 4608 5479 ces¬

3576 5512 3676 5550 sent
3733 5506 3787 5547 de
3817 5500 4147 5555 correspondre
4207 5504 4250 5540 et
4310 5511 4492 5539 comme
4553 5496 4608 5538 ils

3577 5568 3793 5622 ignorent
3848 5564 3944 5606 l’un
4000 5567 4044 5603 et
4098 5560 4273 5606 l’autre,
4305 5558 4404 5599 leur
4430 5571 4540 5598 nom
4567 5565 4609 5598 et

3577 5628 3768 5675 adresse,
3807 5637 3957 5666 aucun
3992 5622 4125 5663 d’eux
4160 5619 4272 5660 n’est
4305 5616 4604 5670 compromis.

3635 5688 3669 5728 Il
3697 5690 3763 5729 est
3788 5686 3895 5727 bien
3923 5680 4125 5724 entendu
4183 5692 4271 5733 que
4328 5690 4444 5719 nous
4472 5675 4609 5716 décli¬

3576 5762 3694 5790 nons
3726 5751 3852 5787 toute
3883 5740 4232 5796 responsabilité
4265 5739 4461 5792 puisque
4492 5748 4608 5776 nous

3576 5822 3693 5850 nous
3718 5806 3889 5847 faisons
3914 5815 3977 5845 un
4004 5801 4161 5842 devoir
4186 5799 4240 5839 de
4264 5802 4403 5839 rester
4429 5803 4609 5836 neutres

3577 5874 3620 5911 et
3653 5867 3885 5921 d’ignorer
3920 5875 3969 5904 ce
4005 5859 4288 5915 qu’écrivent
4324 5869 4405 5897 nos
4440 5867 4608 5896 corres¬

3577 5928 3823 5983 pondants.

3636 5986 3808 6042 Depuis
3838 5983 3906 6026 six
3936 5994 4017 6022 ans
4072 5993 4161 6035 que
4220 5990 4269 6018 ce
4326 5973 4513 6028 journal
4545 5977 4612 6015 est

3579 6048 3692 6096 créé,
3727 6046 3759 6086 il
3788 6043 3892 6086 s’est
3947 6039 4178 6083 contracté
4237 6036 4291 6078 de
4352 6034 4611 6076 nombreux

3579 6108 3805 6159 mariages
3839 6108 3881 6146 et
3914 6106 4015 6144 tout
4046 6100 4087 6142 le
4120 6095 4290 6140 monde
4324 6095 4408 6136 sait
4441 6093 4480 6134 la
4516 6107 4612 6134 ma¬

3581 6170 3704 6211 nière
3737 6164 3934 6207 sérieuse
3967 6161 4080 6203 dont
4112 6157 4247 6212 opère
4280 6154 4322 6196 la
4356 6152 4608 6196 Direction.

3633 6239 3760 6277 Nota.
3788 6259 3843 6264 —
3871 6236 3932 6274 Ne
3962 6240 4043 6279 pas
4070 6227 4246 6268 oublier
4302 6224 4366 6264 les
4420 6222 4612 6262 timbres

3580 6287 4057 6334 d’affranchissement
4091 6278 4357 6328 obligatoire
4393 6286 4507 6324 pour
4570 6274 4612 6314 la

3580 6343 3803 6396 première
3832 6345 3873 6382 et
3904 6342 3945 6380 la
3975 6335 4212 6378 deuxième
4243 6331 4531 6378 enveloppes.

3765 6503 4433 6592 CONDITIONS

3704 6647 3760 6695 11
3793 6646 3980 6692 francs
4004 6651 4142 6698 pour
4175 6638 4316 6684 deux
4348 6630 4507 6682 mol».

3591 6762 3811 6803 Donnant
3844 6756 3963 6799 droit
3995 6755 4017 6795 à
4055 6768 4144 6796 une
4177 6764 4388 6794 annonce
4421 6748 4476 6791 de
4509 6748 4533 6791 6
4568 6748 4619 6790 li¬

3650 6833 3761 6876 gnes
3821 6815 4081 6859 maximum
4113 6819 4156 6856 et
4185 6811 4533 6852 l'abonnement
4563 6821 4617 6850 au

3646 6878 3849 6938 journal.
