5220 7176
305 351 359 397 8*
393 351 585 401 année.
611 378 675 389 —
695 355 763 402 N°
793 353 853 397 60
879 381 941 392 —
973 356 1065 415 |Q
1101 365 1285 409 cent..

539 584 744 643 Paraissant
765 585 798 643 le
829 588 842 644 1
848 596 880 612 er
903 589 938 645 et
963 589 994 645 le
1023 588 1066 644 15

1313 360 1338 474 -
1484 362 1834 478 ŒIITBE
1908 365 2034 482 DE
2100 361 2942 495 PHIIAHTHBQPIE
3016 384 3442 507 SOCIALE

2276 616 2495 721 LE

3698 403 3795 471 2/<
3980 412 4048 455 Dn
4070 414 4124 456 15
4146 426 4211 460 an
4239 419 4292 460 31
4314 421 4434 466 Mars
4453 423 4567 468 1912

3736 487 3838 528 FIS

3868 636 4072 697 Paraissant
4094 639 4128 697 le
4158 642 4208 698 I"
4234 645 4268 701 et
4290 645 4322 699 le
4352 646 4394 700 lî

307 742 1843 1464 Trait
2068 761 4603 1508 d’ünian

1398 1487 1658 1565 DES
1746 1474 2436 1574 INTÉRÊTS
2518 1484 3494 1607 RÉCIPROQUES

606 1611 1052 1667 Combinaison
1088 1616 1359 1683 Mariage
1396 1618 1580 1670 créée
1619 1634 1697 1671 en
1734 1616 1904 1674 1905
1973 1636 2008 1671 •
2043 1638 2079 1672 •
2114 1638 2149 1674 •
2222 1627 2509 1683 Bureaux
2547 1633 2609 1684 et
2643 1632 3155 1693 Administration
3192 1658 3207 1694 :
3246 1642 3352 1704 26.
3392 1661 3503 1700 rue
3542 1650 3830 1720 d'Astorg
3867 1685 3931 1693 —
3970 1658 4287 1716 Toulouse

379 1746 443 1781 LA
470 1747 602 1782 PLUS
626 1747 879 1783 HONNETE

377 1793 443 1827 LA
469 1794 603 1830 PLUS
630 1794 892 1831 DISCRETE

378 1839 442 1874 LA
468 1840 602 1876 PLUS
628 1842 826 1877 RAPIDE

376 1886 442 1921 LA
473 1887 607 1922 PLUS
636 1887 900 1924 SERIEUSE

376 1932 440 1967 LA
466 1933 599 1968 PLUS
623 1933 760 1968 SURE

375 1979 440 2013 LA
469 1979 636 2015 MOINS
662 1980 839 2016 CHERE

376 2024 472 2060 PAS
506 2026 988 2063 D’INTERMEDIAIRE

375 2071 473 2107 PAS
501 2071 568 2107 DE
595 2072 928 2109 COMMISSION

1683 1752 2616 1823 Directfur-Propriétaire
2657 1768 2670 1827 î
2712 1768 2888 1830 Jean
2935 1771 3176 1832 BACH

1483 1859 1691 1895 Annonces
1744 1860 1796 1896 de
1851 1861 2021 1908 Mariage
2068 1863 2155 1906 (six
2198 1864 2326 1911 lignes
2383 1868 2429 1904 et
2475 1867 2743 1912 abonnement
2790 1886 2844 1912 au
2891 1876 3076 1924 journal)

1550 1906 1660 1943 Trois
1697 1908 1799 1943 mois
1886 1926 3074 1973 .
3133 1928 3199 1963 31
3232 1928 3378 1968 francs.

1481 1958 1623 2002 Lignes
1644 1960 3076 2023 supplémentaires.
3180 1986 3199 2016 *
3270 2003 3314 2010 —

1480 2011 1719 2047 Annnonces
1740 2016 1778 2050 et
1800 2015 2004 2051 Locations
2026 2017 2141 2057 (trois
2164 2018 3073 2074 mois)....
3172 2034 3207 2070 6
3268 2056 3312 2062 —

1480 2063 1578 2099 Avis
1595 2063 1743 2108 divers,
1764 2067 1890 2104 0tires
1911 2072 1949 2104 et
1970 2070 2189 2106 Demandes
2208 2071 2416 2119 d’emplois
2436 2072 2562 2116 (deux
2582 2078 3075 2128 mois).
3175 2087 3210 2122 3
3270 2107 3315 2116 —

3612 1787 3663 1822 Le
3690 1800 3710 1819 «
3735 1789 3853 1826 Trait
3878 1792 4058 1830 d’Union
4084 1808 4103 1828 »
4130 1800 4190 1833 est
4240 1799 4398 1842 envoyé
4447 1806 4591 1840 contre

3561 1833 3583 1866 0
3603 1834 3656 1868 fr.
3681 1835 3726 1869 10
3747 1835 3775 1871 à
3794 1840 3910 1875 toute
3934 1846 4140 1880 personne
4163 1846 4234 1885 qui
4258 1854 4310 1880 en
4332 1848 4412 1884 fait
4436 1851 4477 1884 la
4523 1851 4587 1885 de.

3563 1881 3728 1916 mande.

3611 1926 3673 1961 Un
3700 1933 3743 1961 n»
3767 1928 3978 1968 spécimen
4003 1936 4065 1970 est
4090 1936 4211 1972 offert
4236 1940 4587 1984 gracieusement,

3560 1969 3586 2005 à
3610 1974 3700 2009 tout
3727 1975 3916 2019 visiteur,
3941 1978 4048 2015 dans
4074 1988 4149 2017 nos
4175 1982 4377 2020 bureaux.

3608 2018 3659 2054 Le
3708 2019 3886 2058 Journal
3936 2028 3998 2061 est
4024 2026 4194 2064 adressé
4220 2028 4247 2064 à
4296 2037 4371 2066 nos
4398 2034 4586 2070 abonnée

3559 2070 3659 2099 sous
3686 2068 3913 2110 enveloppe
3939 2070 4108 2115 fermée,
4136 2081 4240 2112 eane
4264 2083 4430 2113 auoune
4480 2080 4583 2115 indi¬

3562 2118 3700 2152 cation
3735 2124 3980 2160 apparente.

340 2212 649 2303 Depositaire
656 2232 681 2288 s
722 2225 787 2291 du
824 2216 889 2290 Tr
892 2221 969 2293 ait
1006 2218 1213 2297 d’Uuion

270 2352 380 2386 Paris
409 2360 419 2383 :
445 2353 610 2395 kiosque
638 2356 708 2394 136,
738 2366 807 2390 rue
834 2359 996 2398 Royale;
1022 2359 1187 2400 kiosque
1212 2360 1283 2399 224,

350 2394 564 2429 boulevard
598 2398 859 2439 Saint-Denis;
891 2400 1055 2441 kiosque
1090 2402 1159 2439 189,
1194 2403 1286 2434 bou¬

348 2433 484 2469 levard
517 2438 804 2479 Saint-Michel;
834 2441 999 2482 kiosque
1030 2442 1100 2480 196,
1155 2443 1287 2475 boule¬

350 2476 444 2510 vard
467 2479 710 2520 Sébastopol.

266 2530 372 2567 Lyon
403 2539 412 2562 :
441 2532 616 2574 kiosque,
645 2534 676 2571 8,
707 2535 818 2575 place
846 2535 916 2568 des
942 2536 1155 2576 Terreaux;
1183 2539 1284 2571 kios¬

347 2578 432 2611 que,
454 2572 563 2612 place
580 2575 620 2607 la
636 2576 756 2615 Viste;
775 2568 940 2615 kiosque
958 2578 976 2610 1
994 2578 1066 2616 bis,
1086 2579 1196 2620 place
1214 2581 1283 2614 des

347 2613 579 2655 Cordeliers;
603 2616 767 2658 kiosque
790 2618 820 2655 1,
843 2620 936 2656 quai
960 2619 1007 2652 de
1031 2620 1124 2653 Retz

263 2667 459 2700 Marseille
480 2676 488 2699 :
508 2668 672 2708 kiosque
691 2670 741 2708 12,
763 2671 883 2704 allées
903 2672 950 2704 de
971 2672 1160 2712 Meilhan;
1180 2675 1280 2707 kios¬

342 2715 418 2748 que
436 2709 487 2748 25,
510 2718 579 2743 rue
600 2711 784 2750 Noailles;
805 2712 969 2753 kiosque
990 2714 1019 2752 1,
1042 2722 1111 2748 rue
1131 2716 1280 2748 Canne-

343 2750 460 2786 bière.

261 2803 464 2836 Bordeaux
492 2814 500 2836 :
523 2806 688 2847 kiosque
713 2807 853 2846 Turbé,
878 2809 989 2849 place
1013 2810 1061 2842 de
1083 2810 1124 2844 la
1145 2811 1277 2844 Comé¬

339 2845 414 2878 die.

259 2899 483 2938 Perpignan
507 2908 516 2931 :
539 2900 704 2942 kiosque
726 2903 862 2944 Vergé.

258 2952 452 2986 Toulouse
479 2964 486 2986 :
510 2954 748 2995 principaux
768 2956 955 2996 kiosques

307 3112 636 3216 Abonné
639 3148 680 3216 s
727 3123 806 3217 et
855 3116 916 3217 L
915 3124 1224 3218 ecteurs

306 3287 364 3328 Ce
394 3287 584 3339 journal
618 3288 731 3330 n'est
789 3302 870 3342 pas
934 3302 1021 3332 une
1054 3291 1271 3334 création,

247 3346 359 3386 dous
386 3347 424 3386 le
452 3359 563 3387 nom
590 3347 642 3387 de
668 3347 1059 3403 Rapide-Agence,
1091 3351 1122 3392 il
1144 3354 1274 3405 porte

246 3403 405 3456 depuis
428 3407 534 3458 plus
559 3406 611 3447 de
639 3407 740 3448 huit
766 3420 863 3456 ans,
892 3410 1006 3450 dans
1034 3414 1178 3452 toutes
1206 3412 1267 3452 les

247 3475 428 3516 régions
453 3464 516 3504 du
539 3466 652 3506 Midi
676 3467 718 3507 et
743 3467 797 3506 de
823 3468 866 3507 la
888 3467 1058 3508 France
1083 3469 1268 3519 entière,

245 3521 494 3566 l'heureuse
530 3524 852 3567 combinaison
915 3525 1038 3568 créée
1071 3538 1155 3581 par
1187 3540 1272 3571 son

245 3582 479 3631 Directeur
511 3588 551 3626 et
583 3587 847 3638 poursuivie
880 3599 987 3628 avec
1022 3600 1084 3628 un
1116 3590 1270 3631 succès

242 3643 322 3697 qui
347 3646 528 3691 nt,^î>Gst
550 3644 720 3698 jamais
746 3645 963 3687 démenti.

300 3703 592 3759 Transformé
622 3708 663 3746 et
696 3703 901 3756 modifié,
934 3717 1039 3746 sous
1073 3718 1160 3747 une
1191 3706 1269 3747 Di¬

240 3762 415 3804 rection
443 3762 671 3811 nouvelle,
704 3762 743 3803 le
802 3761 924 3806 Trait
953 3763 1155 3808 d’Union
1213 3778 1270 3808 va

245 3820 493 3863 désormais
522 3821 758 3875 s’occuper
786 3823 1112 3878 spécialement
1143 3827 1268 3868 d'an¬

246 3891 414 3922 nonces
444 3880 498 3922 de
531 3882 748 3935 mariage,
782 3884 879 3939 afin
910 3886 963 3926 de
995 3886 1174 3928 donner
1204 3899 1267 3927 un

240 3940 408 3982 nouvel
434 3953 555 3983 essor
579 3942 605 3983 à
630 3946 743 3984 cette
770 3955 924 3986 œuvre
954 3945 1264 3994 intéressante,

240 3999 566 4050 humanitaire,
611 4001 1025 4056 philanthropique
1090 4006 1133 4044 et
1196 4016 1266 4044 so¬

238 4059 364 4101 ciale.

299 4119 359 4160 Ce
380 4120 495 4174 petit
516 4120 707 4175 journal
732 4134 803 4163 na
823 4134 905 4176 pas
930 4122 974 4164 la
995 4122 1258 4176 prétention

240 4178 376 4220 d’être
434 4179 663 4222 littéraire.
691 4181 768 4223 Ses
797 4181 999 4223 bureaux
1025 4194 1079 4227 n#
1104 4186 1256 4224 seront

236 4239 405 4291 jamais
431 4240 699 4282 encombrés
724 4240 778 4280 de
804 4241 992 4282 curieux
1019 4242 1256 4283 indiscrets

240 4298 289 4338 ni
309 4297 363 4338 de
386 4310 499 4350 gens
521 4299 749 4352 d’affaires
768 4299 875 4351 plus
895 4312 956 4340 ou
994 4299 1147 4342 moins
1182 4302 1256 4343 vé¬

239 4368 363 4398 reux.

299 4416 392 4456 Une
428 4416 742 4470 organisation
774 4419 966 4471 parfaite
1002 4423 1042 4462 et
1078 4434 1164 4463 une
1202 4426 1260 4463 te-

238 4488 326 4516 i‘ue
354 4475 691 4529 irréprochable
721 4490 734 4518 :
759 4478 882 4520 voilà
905 4492 956 4522 sa
979 4479 1144 4522 devise.
1188 4492 1195 4501 '

291 4533 507 4576 Abonnés
539 4538 579 4576 et
612 4535 803 4579 lecteurs
863 4542 966 4580 sont
998 4540 1172 4582 assurés
1207 4542 1259 4581 de

238 4597 419 4635 trouver
442 4607 498 4635 en
524 4594 589 4635 lui
615 4607 678 4636 un
702 4598 936 4640 auxiliaire
962 4602 1255 4653 scrupuleux,

235 4654 372 4694 d’une
410 4654 657 4695 discrétion
692 4657 895 4707 absolue,
934 4661 976 4699 et
1013 4659 1150 4701 d’une
1189 4661 1256 4700 in¬

234 4711 484 4755 discutable
515 4714 710 4766 loyauté.

286 4768 382 4820 Que
414 4783 527 4813 ceux
558 4774 639 4826 qui
700 4785 755 4816 ne
818 4787 932 4818 nous
964 4778 1256 4820 connaissent

227 4843 306 4884 pas
335 4831 555 4874 viennent
583 4831 609 4874 à
638 4846 754 4876 nous
781 4847 886 4877 sans
914 4838 1100 4879 crainte.
1133 4838 1255 4880 Nous

227 4901 383 4931 serons
414 4890 619 4935 heureux
650 4894 702 4935 de
764 4895 826 4936 les
884 4896 1010 4938 aider
1040 4897 1094 4939 de
1127 4902 1254 4939 notre

226 4960 450 4992 concours
511 4951 704 5007 indirect
731 4967 815 5007 par
843 4955 882 4995 le
908 4956 1099 5009 journal
1129 4960 1170 4999 et
1200 4959 1252 4999 de

227 5019 308 5050 nos
371 5010 564 5054 conseils
595 5015 864 5067 personnels
927 5015 1103 5070 chaque
1170 5018 1253 5059 fois

224 5066 359 5120 qu’ils
392 5070 622 5111 voudront
688 5071 794 5115 bien
857 5085 972 5115 nous
1035 5076 1248 5118 accorder

226 5129 326 5168 leur
359 5130 600 5183 confiance
636 5135 678 5172 et
716 5146 832 5174 nous
868 5134 1122 5177 demander
1156 5149 1240 5182 nos

223 5188 332 5231 ouïs.

282 5246 375 5298 Que
439 5262 519 5290 nos
580 5251 771 5292 lecteurs
832 5254 1110 5296 deviennent
1170 5257 1246 5297 des

222 5307 352 5349 amis.
385 5306 480 5358 Que
507 5311 692 5362 partout
722 5315 763 5352 et
790 5311 816 5354 à
845 5315 960 5363 tous,
994 5315 1048 5356 ils
1072 5315 1246 5370 fassent

224 5367 478 5415 connaître,
516 5381 620 5411 sans
656 5371 828 5413 crainte
866 5376 907 5415 et
942 5386 1047 5415 sans
1084 5376 1240 5424 honte,

222 5426 260 5467 le
288 5426 379 5467 bon
400 5427 804 5480 fonctionnement
830 5432 882 5474 de
910 5436 1036 5475 notre
1062 5436 1243 5488 organi¬

222 5486 371 5527 sation
407 5500 422 5534 ;
458 5489 593 5540 qu'ils
630 5503 746 5531 nous
778 5496 1028 5545 procurent
1064 5495 1104 5536 le
1136 5496 1243 5548 plus

222 5540 504 5590 d’adhésions
532 5544 753 5603 possibles,
787 5546 910 5592 voilà
939 5555 1070 5595 notre
1110 5550 1242 5596 désir.

279 5607 311 5646 A
348 5610 448 5649 tous
479 5610 522 5650 et
552 5608 579 5650 à
610 5611 770 5659 toutes,
807 5623 923 5654 nous
953 5613 1238 5663 souhaitons,

219 5678 276 5706 en
302 5668 470 5715 retour,
501 5667 652 5710 bonne
706 5670 879 5712 chance
934 5674 976 5712 et
1028 5678 1241 5728 prompte

220 5724 479 5768 réalisation
503 5727 556 5768 de
582 5728 700 5770 leurs
723 5731 828 5783 plus
852 5731 1008 5774 chères
1032 5733 1240 5786 espéran-

764 5847 834 5890 LA
859 5848 1181 5895 DIRECTION.

266 6003 353 6100 La
390 6002 721 6104 Puissance
766 6006 837 6105 de
878 6007 1193 6109 l’Annonce

270 6199 332 6239 En
356 6202 596 6248 acceptant,
622 6212 674 6241 en
703 6204 880 6244 octobre
904 6207 1020 6254 1910,
1046 6206 1086 6247 la
1102 6207 1240 6248 direc¬

218 6263 305 6302 tion
324 6261 383 6302 du
403 6260 731 6305 Trait-d’Union
757 6276 858 6306 mon
890 6267 1103 6310 intention
1136 6270 1242 6311 était

215 6323 270 6364 de
319 6323 425 6364 faire
459 6323 516 6364 de
562 6323 885 6370 l’intéressante
931 6331 1240 6374 combinaison

216 6386 412 6438 mariage
443 6395 527 6427 une
566 6396 716 6428 œuvre
756 6391 953 6432 sérieuse
996 6396 1038 6432 et
1075 6395 1179 6436 utile
1216 6399 1239 6436 à

215 6452 326 6489 tous.

267 6511 332 6550 En
344 6512 558 6562 quelques
571 6512 699 6562 mois,
718 6512 773 6552 de
793 6516 1087 6559 nombreuses
1103 6520 1239 6560 medi-

214 6571 413 6620 ficaiions
431 6576 505 6616 ont
526 6574 593 6614 été
630 6574 839 6616 réalisées
878 6578 990 6619 dans
1012 6580 1050 6620 le
1087 6580 1164 6622 but
1184 6583 1239 6623 de

216 6635 376 6675 rendre
402 6635 504 6686 plus
528 6635 760 6687 profitable
784 6637 1028 6690 l’driginale
1063 6636 1236 6688 idée'du

286 6707 320 6735 ri
328 6707 408 6747 âge
428 6709 511 6750 par
530 6698 756 6754 publicité.

1427 2221 1563 2262 Notre
1586 2223 1720 2263 siècle
1748 2225 1785 2264 si
1815 2226 1968 2267 fécond
1999 2240 2050 2269 en
2076 2230 2326 2271 inventions
2360 2238 2402 2273 et

1374 2283 1664 2326 découvertes
1686 2285 1740 2326 de
1782 2291 1924 2328 toutes
1970 2295 2127 2341 sortes,
2178 2303 2203 2332 a
2250 2306 2302 2333 vu
2352 2306 2400 2336 se

1370 2347 1511 2395 créer,
1549 2358 1598 2387 se
1639 2347 1908 2400 développer
1945 2355 1987 2391 et
2024 2363 2073 2392 se
2113 2355 2400 2396 transformer

1371 2418 1454 2447 une
1474 2408 1574 2448 bien
1599 2411 1795 2450 modeste
1819 2415 2066 2454 nouveauté
2100 2428 2107 2454 :
2144 2416 2389 2459 l’annonce.

1421 2470 1451 2508 Il
1487 2483 1514 2520 y
1554 2483 1579 2510 a
1615 2471 1851 2522 cinquante
1888 2486 1982 2524 ans,
2026 2476 2252 2519 l'annonce
2292 2480 2396 2520 était

1369 2542 1481 2580 rare,
1515 2532 1719 2576 discrète,
1762 2535 1939 2578 limitée.
1980 2538 2274 2590 Aujourd’hui
2311 2542 2395 2582 elle

1370 2595 1560 2644 remplit,
1583 2598 1607 2635 à
1629 2596 1711 2635 elle
1732 2598 1871 2647 seule,
1895 2599 2006 2639 deux
2035 2612 2090 2640 ou
2123 2603 2230 2642 trois
2258 2615 2394 2654 pages

1363 2654 1442 2695 des
1458 2658 1623 2706 grands
1639 2659 1907 2709 quotidiens,
1926 2662 2008 2702 elle
2031 2663 2182 2714 frappe
2203 2667 2228 2704 à
2250 2668 2393 2707 toutes

1368 2716 1431 2756 les
1450 2722 1612 2768 portes,
1634 2720 1719 2760 elle
1739 2732 1788 2762 se
1806 2723 1944 2773 glisse
1961 2723 2073 2764 dans
2094 2728 2193 2765 tous
2219 2727 2283 2766 les
2310 2728 2387 2767 mi¬

1363 2778 1498 2829 lieux,
1531 2782 1614 2822 elle
1642 2782 1816 2823 devient
1847 2786 2173 2836 envahissante,
2203 2790 2390 2838 gênante

1364 2839 1546 2892 parfois;
1571 2843 1654 2884 elle
1673 2846 1812 2895 trône,
1832 2847 1915 2887 elle
1937 2848 2178 2900 triomphe;
2198 2862 2247 2890 sa
2268 2852 2387 2902 puis¬

1358 2914 1493 2944 sance
1514 2908 1583 2944 est
1600 2906 1814 2948 illimitée.
1953 2931 1969 2935 -
2064 2947 2078 2964 .

1412 2964 1631 3015 Pourquoi
1671 2967 1784 3007 donc
1818 2968 2036 3011 s’étonner
2068 2971 2198 3022 qu’on
2239 2972 2383 3013 utilise

1358 3027 1468 3066 cette
1495 3027 1638 3066 même
1660 3028 1870 3076 publicité
1891 3042 2002 3080 pour
2023 3033 2191 3072 arriver
2221 3046 2275 3074 au
2311 3037 2381 3075 ré¬

1355 3095 1491 3135 sultat
1511 3098 1659 3137 désiré
1680 3110 1759 3148 par
1778 3103 1880 3140 tous
1893 3113 2003 3143 ceux
2037 3103 2109 3154 qui
2154 3106 2308 3147 rêvent
2327 3107 2381 3147 de

1356 3155 1502 3198 fonder
1528 3171 1584 3199 un
1607 3159 1728 3212 foyer
1747 3163 1764 3200 ?

1410 3220 1515 3260 Peul
1538 3232 1592 3262 on
1624 3225 1851 3275 employer
1889 3237 2045 3279 moyen
2087 3228 2187 3279 plus
2226 3234 2302 3271 sûr
2340 3236 2380 3271 et

1355 3282 1499 3322 moins
1519 3284 1772 3332 dangereux
1794 3298 1905 3336 pour
1926 3300 2107 3340 essayer
2128 3291 2183 3331 de
2206 3304 2380 3343 rappro¬

1351 3345 1456 3384 cher
1488 3345 1600 3386 deux
1631 3346 1896 3389 destinées?
1922 3352 2375 3397 Certainement-non.

1352 3406 1404 3446 Et
1425 3406 1529 3446 c’est
1551 3420 1663 3458 pour
1684 3414 1796 3451 cette
1819 3412 1964 3452 raison
1987 3426 2072 3465 que
2099 3415 2306 3456 s’affirme
2323 3418 2376 3456 de

1348 3468 1447 3515 jour
1467 3479 1520 3508 en
1542 3471 1639 3520 jour
1662 3471 1700 3510 le
1718 3475 1876 3512 succès
1892 3474 1947 3514 de
1975 3475 2152 3518 l’œuvre
2187 3489 2272 3529 que
2304 3478 2375 3529 j’ai

1348 3539 1594 3591 entreprise
1616 3545 1658 3581 et
1677 3554 1763 3594 que
1783 3544 1823 3594 je
1847 3555 1899 3584 ne
1919 3546 2068 3587 crains
2094 3558 2172 3599 pas
2191 3547 2246 3588 de
2266 3560 2373 3591 con¬

1348 3600 1519 3641 sidérer
1539 3614 1712 3643 comme
1735 3606 2031 3648 humanitaire
2051 3611 2094 3647 et
2114 3611 2292 3651 sociale.

1405 3662 1539 3702 Reste
1560 3666 1836 3707 maintenant
1852 3670 1879 3707 à
1898 3669 2092 3710 détruire
2132 3671 2170 3711 le
2191 3673 2373 3723 préjugé

1347 3726 1422 3774 qui
1444 3725 1578 3767 flétrit
1598 3731 1691 3768 tout
1707 3739 1757 3770 ce
1771 3730 1847 3780 qui
1862 3732 2022 3772 touche
2039 3744 2124 3772 aux
2144 3735 2375 3786 questions

1348 3788 1710 3830 matrimoniales.
1736 3791 1835 3836 Oui.
1859 3792 1888 3832 il
1910 3798 1975 3835 est
1998 3794 2076 3835 des
2111 3807 2298 3844 agences
2331 3801 2374 3838 et

1346 3847 1426 3888 des
1446 3854 1780 3892 entremetteurs
1800 3854 1908 3894 dont
1928 3856 1956 3895 il
1987 3856 2078 3896 faut
2114 3870 2160 3898 se
2201 3859 2368 3910 méfier;

1347 3911 1460 3951 mais
1483 3923 1536 3950 un
1567 3914 1756 3956 honnête
1791 3919 1835 3956 et
1867 3918 1908 3955 in
1914 3918 2084 3958 offensif
2122 3922 2295 3970 journal
2318 3934 2371 3962 ne

1345 3974 1512 4014 saurait
1534 3974 1724 4026 inspirer
1756 3978 1810 4018 de
1847 3978 2044 4021 défiance
2088 3983 2111 4022 à
2152 3993 2370 4032 personne

1344 4032 1523 4088 lorsque
1545 4048 1595 4078 sa
1614 4038 1827 4080 direction
1850 4043 1917 4080 est
1935 4053 2155 4084 reconnue
2170 4044 2368 4086 sérieuse

1344 4096 1386 4135 et
1408 4095 1754 4147 irréprochable.

1396 4156 1531 4196 D’une
1556 4159 1682 4206 façon
1707 4162 1912 4211 générale
1934 4173 2043 4215 ceux
2064 4167 2136 4215 qui
2174 4167 2367 4216 aspirent

1342 4227 1397 4256 au
1419 4220 1618 4271 mariage
1638 4227 1869 4275 acceptent
1903 4230 1945 4266 et
1978 4227 2216 4268 sollicitent
2243 4228 2368 4270 l’avis

1340 4278 1443 4320 d’un
1483 4284 1587 4334 ami,
1630 4284 1952 4328 l’intervention
2001 4287 2058 4328 du
2102 4291 2287 4339 notaire,
2330 4294 2367 4331 le

1339 4346 1507 4384 conseil
1531 4345 1588 4384 du
1612 4350 1771 4398 prêtre,
1796 4352 1878 4390 etc.
1911 4349 2024 4391 C’est
2051 4363 2135 4402 que
2176 4354 2270 4392 rien
2292 4354 2360 4392 ici-

1337 4404 1419 4446 bas
1438 4418 1491 4446 ne
1512 4411 1616 4456 peut
1634 4418 1681 4447 se
1704 4410 1886 4450 réaliser
1926 4423 2031 4452 sans
2076 4414 2116 4454 le
2152 4426 2366 4455 concours

1337 4458 1439 4498 d’un
1460 4459 1560 4500 aide
1583 4462 1844 4511 compétent.

1391 4520 1435 4559 Si
1459 4532 1568 4562 vous
1600 4534 1706 4564 avez
1744 4524 1783 4564 le
1823 4526 2023 4566 bonheur
2056 4527 2111 4569 de
2155 4531 2366 4580 posséder

1338 4583 1453 4623 amis
1479 4587 1521 4624 et
1558 4585 1783 4638 relations,
1816 4588 1855 4628 si
1887 4593 2010 4631 votre
2039 4591 2189 4632 milieu
2225 4593 2364 4634 social

1339 4656 1449 4687 vous
1468 4651 1640 4698 permet
1660 4650 1715 4688 de
1739 4654 1914 4690 trouver
1935 4655 2094 4693 autour
2115 4654 2168 4694 de
2192 4667 2300 4695 vous
2322 4655 2361 4694 la

1335 4718 1554 4759 personne
1588 4711 1664 4760 qui
1712 4711 1804 4751 doit
1852 4718 2059 4765 partager
2106 4719 2227 4755 votre
2277 4718 2359 4764 vie,

1335 4769 1627 4820 gardez-vous
1647 4772 1852 4823 d’égarer
1874 4774 2054 4818 ailleurs
2076 4789 2155 4818 vos
2183 4778 2359 4819 recher¬

1335 4832 1455 4875 ches.

1387 4895 1499 4936 Mais
1552 4896 1588 4936 si
1632 4908 1743 4948 pour
1783 4898 2002 4941 d’infinies
2039 4902 2212 4942 raisons
2252 4914 2362 4942 vous

1331 4957 1424 4996 êtes
1455 4959 1778 5010 embarrassés,
1813 4961 1947 5003 isolés
1982 4962 2092 5010 dqns
2130 4966 2170 5012 lq
2207 4966 2290 5015 vie,
2322 4966 2356 5004 si

1332 5022 1454 5060 votre
1492 5025 1735 5072 entourage
1772 5035 1824 5064 ne
1858 5035 1968 5068 vous
2004 5027 2169 5077 inspire
2199 5028 2359 5078 qu’une

1332 5081 1552 5126 médiocre
1574 5087 1814 5133 confiance,
1839 5098 2018 5141 essayez
2038 5088 2088 5127 de
2114 5088 2352 5132 l’annonce.

1330 5143 1425 5188 Elle
1447 5156 1556 5187 vous
1579 5151 1751 5200 promet
1779 5150 1946 5191 entière
1975 5155 2016 5189 et
2047 5151 2232 5192 absolue
2270 5152 2358 5192 dis¬

1331 5206 1512 5255 crétion,
1548 5212 1590 5247 et
1628 5210 1712 5249 elle
1747 5222 1860 5250 vous
1899 5210 2045 5251 donne
2086 5212 2263 5264 l’espoir
2302 5215 2358 5254 de

1328 5271 1507 5308 trouver
1526 5279 1574 5310 ce
1608 5281 1692 5322 que
1734 5282 1844 5312 nous
1866 5272 2114 5314 cherchons
2148 5278 2247 5315 tous
2284 5276 2357 5316 ici-

1327 5330 1408 5370 bas
1432 5344 1441 5370 :
1472 5332 1510 5371 le
1540 5332 1740 5374 bonheur
1775 5335 1887 5375 dans
1918 5335 2080 5375 l’union
2115 5338 2287 5378 désirée
2316 5343 2357 5379 et

1325 5394 1471 5438 rêvée.
1982 5399 2094 5439 Jean
2118 5400 2281 5440 BACH.

1392 5553 1621 5633 SERVICE
1674 5556 1745 5633 DE
1792 5556 2283 5639 RENSEIGNEMENTS

1383 5675 1526 5717 Toute
1555 5688 1779 5728 personne
1809 5680 1948 5730 ayant
1976 5680 2131 5723 besoin
2162 5681 2348 5724 d’infor¬

1331 5734 1526 5775 mations
1548 5738 1691 5786 sûres,
1716 5748 1774 5778 au
1795 5738 1923 5789 point
1945 5739 1999 5781 de
2019 5752 2107 5783 vue
2128 5740 2347 5783 financier

1324 5795 1615 5847 commercial
1640 5807 1698 5836 ou
1723 5795 1866 5847 privé,
1895 5799 2170 5839 concernant
2222 5800 2347 5840 affai¬

1324 5862 1409 5901 res,
1440 5854 1664 5906 mariages
1691 5866 1748 5896 ou
1777 5856 1943 5906 autres,
1975 5868 2156 5900 recevra
2183 5860 2244 5900 du
2274 5859 2346 5900 Di¬

1324 5912 1499 5953 recteur
1524 5913 1588 5954 les
1616 5914 2003 5966 renseignements
2030 5918 2094 5959 les
2119 5918 2224 5969 plus
2248 5920 2346 5971 pré¬

1323 5972 1400 6023 cis,
1428 5971 1455 6012 à
1478 5972 1558 6014 des
1582 5974 1684 6024 prix
1711 5974 1799 6015 très
1823 5975 2043 6018 modérés.
2074 5978 2157 6019 Ces
2181 5979 2346 6020 rensei¬

1314 6032 1562 6082 gnements
1583 6044 1627 6075 se
1649 6032 1803 6084 paient
1825 6035 2053 6078 d’avance.

1793 6110 1881 6170 »**

1399 6199 1870 6345 don]binaigon
1933 6219 2278 6360 Mariage?!

1525 6417 1824 6482 NOTRE
1913 6419 2146 6483 ROLE

1379 6530 1437 6571 Le
1462 6548 1482 6570 «
1507 6531 1630 6575 Trait
1652 6534 1851 6579 d’Union
1878 6552 1898 6574 »
1926 6543 2106 6592 accepte
2128 6543 2253 6582 toute
2275 6554 2342 6583 es¬

1317 6590 1424 6642 pèce
1452 6591 1507 6632 de
1534 6592 1774 6647 publicité;
1804 6596 1918 6639 mais
1947 6598 1978 6638 il
2006 6599 2214 6657 s’occupe
2242 6600 2339 6655 spé¬

1316 6649 1559 6695 cialement
1587 6652 1864 6699 d’annonces
1895 6655 1950 6700 de
1979 6659 2219 6712 mariages,

1374 6708 1432 6752 Le
1454 6710 1539 6755 but
1562 6712 1735 6769 unique
1759 6714 1813 6758 de
1836 6714 1879 6756 la
1903 6716 2138 6760 Direction
2162 6726 2228 6762 est
2280 6718 2335 6760 de

2434 2236 2438 2292 |
2475 2235 2692 2284 favoriser
2719 2239 2781 2282 les
2811 2244 2979 2284 unions
3007 2244 3172 2300 légales
3199 2252 3243 2289 et
3270 2247 3496 2292 chrétien¬

2472 2307 2550 2338 nes
2579 2310 2662 2351 par
2691 2311 2755 2339 un
2784 2302 2978 2354 procédé
3006 2302 3172 2347 discret
3200 2312 3243 2348 et
3274 2307 3491 2359 honnête,

2470 2356 2828 2400 contrairement
2847 2360 2872 2400 à
2894 2363 3091 2406 certains
3110 2365 3346 2419 journaux
3366 2369 3494 2410 simi¬

2470 2411 2600 2455 laires
2624 2416 2702 2468 qui
2728 2423 2831 2459 sont
2856 2419 2932 2462 des
2956 2434 3148 2475 agences
3173 2426 3491 2468 matrimonia¬

2467 2470 2530 2512 les
2550 2471 2802 2526 déguisées.

2527 2531 2583 2574 Le
2615 2532 2847 2576 Directeur
2874 2539 3015 2590 reçoit
3041 2538 3082 2582 le
3109 2543 3313 2585 courrier
3339 2544 3395 2586 de
3421 2559 3490 2586 ses

2467 2590 2686 2643 abonnés,
2713 2595 2826 2639 seul,
2855 2596 2888 2637 il
2912 2596 2952 2639 le
2979 2603 3217 2652 transmet,
3246 2607 3289 2644 et
3314 2603 3426 2655 seul,
3455 2604 3488 2645 il

2466 2651 2640 2704 répond
2663 2666 2751 2693 aux
2774 2652 2924 2699 lettres
2950 2658 3031 2711 qui
3055 2659 3120 2699 lui
3144 2667 3248 2703 sont
3300 2675 3487 2716 person¬

2467 2709 2713 2752 nellement
2735 2712 2976 2757 adressées.

2523 2768 2605 2810 Bar
2631 2784 2722 2811 une
2748 2772 3067 2817 combinaison
3124 2778 3307 2822 d’offres
3332 2786 3375 2822 et
3431 2783 3484 2823 de

2460 2826 2708 2872 demandes
2738 2836 2781 2872 et
2810 2844 2891 2886 par
2922 2832 2963 2874 la
2994 2838 3386 2891 correspondance
3416 2840 3484 2882 di¬

2460 2891 2576 2929 recte
2602 2894 2729 2931 entre
2756 2891 2818 2934 les
2844 2892 3064 2944 abonnés,
3095 2895 3156 2938 les
3184 2899 3410 2954 mariages
3436 2914 3480 2942 se

2458 2943 2558 2987 font
2578 2959 2682 2988 sans
2702 2950 3082 2995 intermédiaires.

2531 3003 2652 3047 Nous
2688 3020 2745 3048 ne
2780 3011 2990 3052 saurions
3026 3025 3145 3055 assez
3180 3015 3355 3071 répéter
3391 3031 3479 3074 que

2459 3075 2571 3107 nous
2596 3064 2787 3108 n’avons
2810 3069 2907 3111 rien
2932 3070 2986 3112 de
3008 3084 3233 3116 commun
3259 3090 3364 3118 avec
3391 3091 3479 3119 une

2456 3135 2626 3177 agence
2659 3127 3018 3171 matrimoniale.
3059 3131 3155 3173 Non
3222 3136 3478 3178 seulement

2462 3196 2573 3224 nous
2606 3198 2662 3226 ne
2691 3185 2864 3229 faisons
2898 3202 2973 3240 pas
3003 3190 3059 3231 de
3089 3194 3330 3249 mariages,
3367 3199 3480 3238 mais

2455 3255 2618 3283 encore
2650 3253 2764 3285 nous
2799 3259 2854 3287 ne
2890 3249 3143 3292 réclamons
3176 3266 3354 3295 aucune
3416 3271 3480 3296 es¬

2455 3303 2560 3353 pèce
2590 3303 2643 3343 de
2672 3306 2971 3348 commission
3002 3315 3045 3350 et
3075 3316 3203 3352 notre
3232 3312 3326 3355 rôle
3355 3314 3479 3356 d’au¬

2453 3360 2628 3403 xiliaire
2657 3361 2822 3404 discret
2850 3378 2969 3407 cesse
3027 3382 3083 3408 au
3143 3378 3352 3415 moment
3380 3380 3478 3428 pré¬

2452 3420 2516 3459 cis
2550 3422 2610 3461 où
2644 3420 2707 3463 les
2742 3423 2979 3467 intéressés
3018 3428 3146 3470 n'ont
3182 3431 3282 3482 plus
3319 3432 3474 3474 besoin

2451 3476 2508 3522 de
2530 3491 2613 3520 nos
2638 3483 2843 3524 services.
2888 3521 2895 3528 .

2512 3538 2645 3580 Notre
2681 3543 2876 3595 système
2916 3544 2987 3585 n’a
3024 3548 3120 3588 rien
3158 3547 3212 3588 de
3249 3563 3472 3593 commun

2452 3610 2544 3638 non
2575 3600 2678 3651 plus
2708 3614 2815 3643 avec
2844 3605 2906 3644 les
2936 3618 3168 3648 annonces
3198 3608 3274 3648 des
3304 3612 3474 3663 grands

2448 3656 2681 3708 journaux
2709 3662 2945 3712 parisiens.
2981 3664 3095 3704 Leur
3123 3667 3339 3709 méthode
3366 3682 3473 3711 con¬

2448 3715 2552 3756 siste
2579 3716 2602 3758 à
2631 3718 2802 3760 insérer
2828 3719 2904 3762 des
2933 3721 3180 3766 demandes
3239 3731 3280 3768 et
3336 3727 3472 3770 offres

2448 3774 2502 3816 de
2539 3778 2779 3831 mariages,
2819 3780 3163 3834 généralement
3198 3798 3467 3840 anonymes,

2447 3840 2489 3876 et
2518 3840 2700 3890 portant
2730 3837 3014 3883 l’indication
3051 3857 3060 3883 :
3093 3861 3113 3881 «
3144 3850 3272 3898 poste
3300 3851 3470 3888 restan¬

2447 3899 2487 3936 te
2514 3912 2552 3936 ».

2503 3955 2628 3999 Cette
2659 3958 2904 4002 discrétion
2939 3962 3024 4002 très
3056 3962 3262 4018 légitime
3291 3970 3334 4006 et
3364 3979 3468 4007 sans

2444 4014 2640 4069 dangers
2674 4022 2802 4060 entre
2835 4019 3059 4063 honnêtes
3094 4035 3221 4077 gens,
3262 4026 3468 4078 présente

2444 4080 2484 4122 le
2511 4080 2615 4135 plus
2672 4093 2864 4126 souvent
2923 4085 2977 4128 de
3035 4102 3194 4143 graves
3254 4090 3468 4134 inconvé¬

2445 4141 2610 4183 nients.
2661 4143 2731 4185 Un
2759 4147 3119 4201 correspondant
3146 4151 3224 4203 qui
3254 4150 3467 4194 dissimu¬

2443 4199 2483 4243 le
2511 4215 2595 4243 son
2623 4202 2814 4246 identité
2843 4220 2900 4247 ne
2927 4212 3036 4260 peut
3062 4207 3194 4251 offrir
3222 4210 3276 4252 de
3305 4224 3467 4264 garan¬

2443 4261 2524 4302 ties
2551 4262 2783 4304 sérieuses.
2812 4263 2930 4306 Neuf
2958 4266 3043 4308 fois
3070 4280 3148 4309 sur
3175 4270 3266 4320 dix,
3299 4270 3360 4312 les
3388 4275 3466 4314 let¬

2442 4324 2528 4362 tres
2584 4322 2807 4364 adressées
2862 4324 2885 4364 à
2940 4339 3011 4367 ces
3066 4339 3283 4371 coureurs
3309 4331 3363 4372 de
3388 4331 3467 4374 dot

2441 4384 2610 4423 restent
2631 4394 2736 4423 sans
2759 4383 2968 4437 réponse.
2998 4384 3054 4428 Le
3079 4387 3176 4428 naïf
3199 4401 3466 4444 correspon¬

2442 4439 2551 4481 dant
2580 4440 2819 4496 s’aperçoit
2848 4443 2959 4496 qu’il
2991 4458 3014 4484 a
3046 4446 3113 4487 été
3143 4447 3466 4492 l’amusement

2439 4499 2550 4542 d’un
2578 4500 2765 4544 fumiste
2791 4516 2850 4546 ou
2878 4503 2987 4545 d’un
3015 4503 3208 4548 farceur.

2499 4559 2688 4602 Pareille
2723 4563 3040 4606 mésaventure
3076 4564 3190 4607 n’est
3224 4580 3303 4621 pas
3338 4570 3362 4610 à
3396 4584 3464 4612 re¬

2439 4619 2612 4668 douter,
2646 4620 2779 4674 grâce
2806 4623 2828 4663 à
2858 4622 3112 4666 l’heureuse
3140 4627 3463 4671 combinaison

2437 4678 2499 4720 du
2525 4678 2646 4721 Trait
2673 4682 2887 4724 d’Union.
2918 4683 3058 4726 Grâce
3083 4684 3107 4725 à
3134 4684 3214 4736 lui,
3245 4687 3395 4731 riches
3420 4695 3464 4731 et

2436 4751 2630 4792 pauvres
2688 4740 2818 4783 n’ont
2846 4742 2947 4796 plus
2978 4742 3135 4786 besoin
3163 4744 3218 4787 de
3246 4746 3462 4791 relations

2437 4800 2746 4852 personnelles
2782 4814 2898 4855 pour
2932 4802 3078 4844 s’unir
3112 4803 3386 4858 dignement
3419 4814 3462 4851 et

2435 4858 2562 4900 selon
2595 4859 2695 4901 leur
2726 4859 2859 4907 désir.
2925 4860 3306 4916 Journellement,
3345 4880 3462 4911 nous

2439 4931 2655 4962 recevons
2691 4919 2767 4963 des
2804 4920 2955 4963 lettres
2991 4920 3046 4963 de
3083 4926 3455 4970 remerciements

2435 4982 2478 5019 et
2511 4978 2566 5019 de
2600 4978 2894 5024 félicitations
2931 4994 3046 5036 pour
3080 4982 3120 5023 la
3156 4985 3360 5027 manière
3395 4988 3459 5030 sé¬

2435 5037 2581 5080 rieuse
2603 5038 2717 5082 dont
2739 5040 2874 5094 opère
2897 5040 2937 5082 la
2961 5040 3209 5084 Direction.

2494 5095 2559 5138 En
2588 5111 2638 5139 ce
2667 5098 2744 5152 qui
2775 5112 2999 5142 concerne
3029 5102 3068 5142 la
3099 5106 3459 5158 correspondan¬

2435 5169 2498 5206 ce,
2532 5169 2647 5198 nous
2678 5171 2794 5199 nous
2823 5158 2994 5203 faisons
3026 5175 3115 5203 une
3146 5160 3205 5203 loi
3236 5163 3291 5206 de
3320 5171 3459 5208 rester

2434 5220 2616 5258 neutres
2650 5222 2694 5259 et
2729 5216 2962 5272 d’ignorer
2995 5234 3045 5263 ce
3079 5218 3360 5274 qu’écrivent
3397 5226 3458 5268 les

2435 5274 2685 5318 intéressés.

2418 5347 2427 5354 '
2489 5335 2546 5376 Le
2569 5342 2711 5379 secret
2734 5337 2810 5380 des
2836 5339 2986 5382 lettres
3010 5346 3076 5383 est
3099 5340 3234 5384 chose
3259 5345 3408 5387 sacrée
3447 5345 3456 5386 I

2971 5411 3039 5452 LA
3070 5410 3392 5456 DIRECTION.

2515 5576 3358 5665 CONDITIONS

2598 5711 2655 5751 11
2679 5711 2841 5752 francs
2862 5724 2984 5764 pour
3006 5716 3126 5756 trois
3149 5718 3271 5757 mois

2427 5802 2637 5840 Donnant
2651 5803 2769 5842 droit
2787 5803 2815 5843 à
2834 5814 2920 5843 une
2940 5815 3159 5855 annonce,
3182 5816 3239 5847 au
3259 5806 3440 5854 journal

2479 5878 2585 5910 sous
2603 5871 2866 5920 enveloppe,
2887 5875 2930 5912 et
2949 5882 3007 5911 au
3027 5874 3198 5914 service
3216 5876 3270 5916 de
3291 5874 3333 5915 la
3352 5884 3445 5915 cor¬

2476 5929 2800 5976 respondance.

2419 5985 2753 6027 Abonnement
2779 5987 2838 6039 au
2863 5987 3060 6039 journal
3084 5990 3187 6030 seul
3188 6002 3198 6038 ,
3232 6002 3346 6031 sous
3374 6004 3452 6034 en¬

2472 6039 2684 6091 veloppe.

2427 6102 2494 6142 Un
2514 6111 2570 6141 an
2590 6104 2614 6143 6
2630 6103 2798 6152 francs,
2818 6105 2886 6145 six
2908 6106 3023 6147 mois
3040 6108 3064 6147 3
3082 6108 3250 6151 francs.

2480 6285 3393 6399 FONCTIONNEMENT

2477 6546 2618 6591 Toute
2651 6563 2876 6604 personne
2909 6554 2987 6607 qui
3022 6554 3166 6598 désire
3198 6554 3441 6597 s’abonner

2416 6606 2440 6646 à
2464 6604 2505 6647 la
2530 6610 2852 6652 combinaison
2874 6612 3100 6667 mariages
3123 6614 3220 6656 doit
3241 6627 3440 6671 envoyer

2418 6678 2472 6704 au
2507 6664 2758 6720 Directeur,
2790 6682 2874 6712 son
2904 6682 3131 6721 annonce,
3163 6686 3247 6716 son
3308 6686 3436 6724 nom,

2416 6737 2499 6766 son
2520 6727 2698 6770 adresse
2747 6730 2980 6779 véritable,
3004 6738 3047 6775 et
3068 6732 3107 6775 le
3128 6734 3230 6787 prix
3251 6734 3306 6776 de
3354 6747 3438 6776 son

3574 2256 3903 2310 abonnement,
3928 2264 4015 2304 soit
4038 2276 4148 2307 onze
4169 2267 4326 2319 francs
4345 2280 4467 2324 pour
4488 2273 4599 2314 trois

3574 2315 3689 2356 mois
3715 2329 3771 2356 en
3798 2319 4001 2371 mandat,
4031 2323 4122 2364 bon
4147 2326 4200 2367 de
4224 2330 4351 2380 poste
4376 2334 4436 2372 ou
4494 2332 4597 2374 tim¬

3574 2374 3688 2415 bres.

3632 2433 3686 2476 Le
3712 2433 3962 2487 Directeur,
3991 2440 4087 2481 seul
4111 2446 4284 2499 occupé
4307 2458 4366 2488 au
4390 2446 4597 2503 dépouil¬

3570 2490 3740 2534 lement
3766 2493 3828 2535 du
3855 2499 4057 2539 courrier
4083 2506 4163 2550 est,
4194 2502 4454 2557 également
4480 2509 4592 2559 seul,

3566 2555 3589 2589 â
3622 2554 3860 2595 connaître
3922 2554 4132 2601 l’adresse
4193 2563 4413 2606 véritable
4444 2567 4499 2608 de
4532 2581 4599 2611 ses

3567 2608 3786 2652 abonnés.
3824 2611 3949 2655 Cette
4014 2616 4192 2661 adresse
4224 2627 4291 2663 est
4324 2626 4595 2680 remplacée,

3564 2666 3678 2709 dans
3710 2669 3748 2711 le
3778 2672 3981 2724 journal,
4016 2688 4097 2730 par
4158 2691 4220 2720 un
4254 2683 4451 2727 numéro
4480 2686 4597 2729 d’or¬

3563 2723 3658 2776 dre,
3697 2728 4039 2785 indispensable
4102 2751 4221 2791 pour
4254 2740 4297 2782 la
4330 2756 4595 2799 correspon¬

3562 2782 3719 2827 dance.

3622 2851 3680 2895 Ce
3739 2857 3932 2899 numéro
3987 2866 4052 2903 est
4107 2869 4443 2923 communiqué
4467 2872 4491 2912 à
4518 2872 4594 2914 l’a¬

3563 2910 3716 2954 bonné
3740 2927 3796 2955 en
3822 2917 3975 2960 même
3998 2924 4148 2980 temps
4173 2926 4316 2980 qu’on
4340 2928 4407 2970 lui
4432 2943 4592 2974 accuse

3561 2970 3792 3027 réception
3819 2974 3880 3017 du
3908 2978 4112 3024 mandat.

3615 3036 3879 3093 Supposons
3937 3046 4110 3100 qu’une
4138 3049 4192 3093 de
4220 3065 4303 3094 nos
4360 3054 4590 3100 abonnées

3562 3097 3725 3140 veuille
3750 3099 3893 3144 écrire
3919 3103 3943 3143 à
3970 3104 4029 3147 M.
4060 3106 4171 3159 X...,
4202 3110 4318 3154 dont
4342 3112 4589 3159 l’annonce

3556 3160 3683 3207 porte
3714 3158 3752 3199 le
3784 3162 3834 3199 n°
3866 3162 3906 3202 6.
3940 3162 4034 3206 Elle
4063 3167 4223 3211 inscrit
4252 3170 4535 3218 lisiblement
4562 3178 4585 3218 à

3556 3212 3596 3253 la
3629 3214 3788 3267 plume
3821 3232 3880 3262 ou
3913 3234 3971 3265 au
4003 3236 4174 3280 crayon
4207 3242 4291 3271 son
4323 3244 4436 3276 nom
4469 3239 4512 3276 et
4544 3236 4584 3276 le

3555 3275 3606 3312 n°
3636 3274 3660 3314 6
3687 3275 3800 3319 dans
3826 3278 4082 3324 l’intérieur
4106 3284 4161 3327 de
4186 3286 4228 3327 la
4255 3291 4481 3342 première
4506 3307 4585 3335 en¬

3553 3331 3760 3387 veloppe,
3796 3336 3907 3378 celle
3939 3342 4019 3393 qui
4052 3348 4181 3397 porte
4212 3346 4255 3388 le
4286 3361 4398 3390 nom
4430 3356 4474 3392 et
4504 3351 4581 3393 l’a¬

3551 3388 3702 3432 dresse
3735 3393 3799 3436 du
3832 3394 4070 3441 Directeur
4103 3402 4166 3444 du
4202 3406 4324 3448 Trait
4359 3408 4576 3452 d’Union.

3553 3447 3675 3491 Dans
3702 3456 3815 3494 cette
3840 3456 4093 3512 enveloppe
4119 3460 4204 3504 elle
4228 3463 4356 3517 place
4382 3466 4425 3509 la
4450 3468 4581 3512 lettre

3550 3508 3759 3553 cachetée
3795 3515 3874 3567 qui
3911 3515 4007 3560 doit
4041 3518 4134 3562 être
4168 3524 4334 3568 remise
4370 3540 4427 3571 au
4463 3530 4515 3570 n°
4554 3530 4579 3571 6

3550 3580 3631 3619 par
3665 3569 3944 3618 l’entremise
3977 3578 4041 3619 du
4075 3579 4327 3627 Directeur.
4367 3587 4438 3629 Au
4471 3601 4579 3641 reçu

3549 3626 3603 3668 de
3638 3634 3751 3671 cette
3786 3631 3930 3682 lettre,
3969 3636 4009 3676 le
4045 3637 4282 3683 Directeur
4316 3643 4500 3687 déchire
4535 3648 4576 3688 la

3547 3688 3771 3738 première
3806 3691 4075 3747 enveloppe,
4112 3696 4136 3735 à
4171 3710 4256 3739 son
4292 3713 4421 3752 nom,
4461 3704 4575 3747 dans

3547 3745 3800 3790 l’intérieur
3826 3749 3881 3792 de
3908 3750 4104 3806 laquelle
4132 3767 4179 3797 se
4205 3762 4367 3802 trouve
4394 3761 4508 3806 écrit
4534 3764 4575 3806 le

3547 3818 3657 3847 nom
3683 3807 3738 3850 de
3763 3807 4003 3855 l’abonnée
4026 3818 4069 3856 et
4094 3814 4135 3856 le
4159 3818 4356 3861 numéro
4380 3834 4490 3864 avec
4514 3823 4575 3867 le¬

3543 3866 3647 3916 quel
3675 3867 3758 3908 elle
3779 3875 3891 3912 -veut
3915 3874 4259 3929 correspondre.

3603 3931 3689 3974 Sur
3715 3935 3758 3975 la
3786 3935 3917 3980 lettre
3943 3939 4153 3984 cachetée
4180 3943 4236 3985 de
4263 3943 4573 4000 l’expéditrice

3544 3990 3571 4030 il
3599 3992 3710 4035 écrit
3735 3994 3944 4039 l’adresse
3969 3999 4187 4045 véritable
4211 4003 4272 4047 du
4299 4009 4350 4047 n°
4379 4006 4402 4048 6
4427 4012 4471 4050 et
4494 4022 4571 4052 en¬

3543 4051 3642 4091 voie
3667 4058 3783 4095 cette
3808 4054 3939 4099 lettre
3964 4072 4069 4104 sans
4096 4060 4287 4106 l’ouvrir
4312 4066 4333 4108 à
4363 4079 4447 4109 son
4474 4067 4570 4112 des¬

3542 4108 3767 4160 tinataire,
3798 4113 3856 4155 M.
3886 4115 3977 4159 X...

3596 4176 3660 4218 De
3695 4183 3811 4222 cette
3844 4180 3996 4235 façon,
4036 4185 4077 4229 le
4111 4187 4343 4234 Directeur
4383 4197 4572 4238 connaît

3538 4236 3633 4277 seul
3670 4235 3879 4282 l’adresse
3916 4241 3994 4284 des
4030 4245 4150 4289 deux
4186 4254 4571 4307 correspondants

3535 4296 3615 4348 qui
3640 4303 3840 4350 peuvent
3862 4303 4111 4347 continuer
4131 4307 4156 4348 à
4179 4306 4323 4352 s’écrii
4380 4325 4463 4367 par
4485 4327 4570 4356 son

3538 4356 3797 4399 entremise.
3868 4359 4070 4415 Lorsque
4105 4364 4169 4407 les
4206 4367 4324 4412 deux
4362 4371 4568 4415 abonnés

3536 4419 3751 4458 trouvent
3781 4416 3843 4459 les
3875 4421 4274 4476 renseignements
4307 4431 4510 4474 mutuels
4543 4434 4568 4474 à

3536 4474 3634 4517 leur
3663 4488 3971 4529 convenance,
4006 4479 4063 4523 ils
4094 4491 4296 4536 peuvent
4338 4494 4480 4533 mirer
4510 4506 4568 4535 en

3535 4535 3751 4578 relations
3808 4535 3999 4581 directes
4058 4547 4103 4583 et
4132 4544 4303 4588 arriver
4366 4562 4423 4592 au
4484 4550 4569 4595 but

3535 4596 3772 4648 poursuivi
3799 4596 3853 4639 de
3879 4596 3978 4640 leur
4003 4600 4166 4643 union.

3594 4655 3654 4704 Si,
3694 4669 3751 4698 au
3787 4659 4027 4708 contraire,
4067 4659 4129 4702 les
4167 4665 4566 4719 renseignements

3533 4714 3760 4771 échangés
3790 4730 3846 4759 ne
3874 4716 3935 4759 les
3992 4719 4204 4762 satisfont
4263 4735 4358 4778 pas,
4389 4725 4444 4768 ils
4474 4741 4566 4771 ces¬

3531 4779 3633 4816 sent
3689 4775 3744 4818 de
3774 4777 4102 4832 correspondre
4161 4784 4206 4822 et
4264 4795 4449 4828 comme
4508 4787 4563 4830 ils

3533 4832 3748 4888 ignorent
3803 4835 3900 4879 l’un
3956 4843 3998 4880 et
4053 4838 4227 4890 l’autre,
4258 4841 4359 4884 leur
4384 4858 4496 4887 nom
4522 4855 4566 4889 et

3532 4892 3723 4943 adresse,
3760 4909 3912 4939 aucun
3947 4898 4079 4941 d’eux
4112 4898 4228 4942 n’est
4259 4907 4559 4957 compromis.

3591 4953 3625 4994 Il
3651 4959 3716 4995 est
3742 4954 3850 4996 bien
3875 4957 4080 5000 entendu
4136 4972 4224 5012 que
4282 4974 4400 5004 nous
4426 4964 4563 5007 décli¬

3533 5025 3647 5054 nons
3679 5018 3805 5055 toute
3836 5018 4186 5071 responsabilité
4219 5022 4414 5076 puisque
4446 5036 4563 5066 nous

3531 5085 3646 5114 nous
3671 5071 3842 5115 faisons
3867 5090 3931 5117 un
3956 5078 4114 5120 devoir
4138 5078 4192 5120 de
4216 5086 4356 5122 rester
4380 5090 4563 5125 neutres

3529 5135 3572 5172 et
3605 5131 3839 5187 d’ignorer
3872 5148 3923 5176 ce
3957 5135 4242 5190 qu’écrivent
4274 5151 4358 5182 nos
4391 5153 4561 5184 corres¬

3531 5190 3775 5246 pondants.

3582 5248 3746 5300 Depuis
3787 5250 3885 5291 huit
3923 5263 4003 5292 ans
4041 5263 4126 5304 que
4171 5266 4219 5294 ce
4266 5256 4442 5304 journal
4486 5262 4557 5298 est

3530 5303 3643 5353 créé,
3677 5304 3709 5347 il
3738 5304 3842 5348 s’est
3897 5309 4128 5351 contracté
4187 5310 4242 5354 de
4302 5313 4561 5358 nombreux

3529 5364 3754 5420 mariages
3787 5371 3832 5408 et
3863 5372 3964 5411 tout
3995 5368 4035 5410 le
4067 5370 4239 5414 monde
4272 5374 4359 5415 sait
4389 5373 4431 5416 la
4463 5387 4559 5418 ma¬

3528 5422 3652 5465 nière
3685 5425 3881 5469 sérieuse
3914 5427 4028 5470 dont
4059 5430 4196 5484 opère
4229 5431 4271 5472 la
4305 5431 4556 5476 Direction.

3579 5518 3706 5558 Nota.
3734 5542 3787 5547 —
3815 5520 3878 5560 Ne
3907 5530 3989 5569 pas
4015 5522 4192 5563 oublier
4247 5523 4312 5563 les
4365 5523 4559 5567 timbres

3523 5569 4003 5615 d’affranchissement
4034 5574 4303 5624 obligatoire
4335 5586 4452 5625 pour
4515 5580 4558 5620 la

3523 5623 3746 5671 première
3775 5628 3817 5665 et
3847 5627 3890 5666 la
3918 5626 4156 5668 deuxième
4185 5630 4474 5679 enveloppes.

3556 5788 4156 5873 Recommandations
4200 5799 4518 5881 Générales

3566 5970 3604 6001 1°
3636 5971 3837 6006 Personne
3865 5982 3913 6008 ne
3942 5980 4035 6016 peut
4060 5982 4348 6021 correspondre
4373 5988 4471 6016 avec
4498 5985 4556 6017 les

3524 6022 3700 6056 abonnés
3726 6031 3820 6059 sans
3847 6029 3960 6062 avoir
3986 6031 4099 6063 versé
4126 6032 4182 6064 les
4208 6034 4243 6065 11
4271 6034 4406 6067 francs
4433 6034 4556 6075 régle¬

3524 6076 3737 6110 mentaires
3763 6086 3775 6116 ;

3563 6139 3602 6171 3°
3628 6140 3850 6177 L’annonce
3871 6146 3939 6182 des
3960 6147 4137 6181 abonnés
4158 6149 4240 6183 doit
4262 6150 4447 6189 indiquer
4468 6152 4555 6186 leur

3521 6191 3606 6231 âge,
3635 6194 3722 6226 leur
3747 6196 3952 6238 situation,
3980 6200 4063 6234 s’ils
4088 6199 4263 6235 désirent
4288 6209 4339 6235 ou
4367 6210 4447 6236 non
4475 6212 4554 6239 une

3522 6244 3600 6276 dot.
3630 6246 3711 6278 Elle
3736 6248 3820 6281 doit
3845 6250 4004 6284 fournir
4031 6254 4203 6286 certains
4227 6253 4372 6287 détails
4398 6257 4448 6289 de
4475 6265 4555 6291 ma¬

3523 6295 3630 6330 nière
3650 6298 3675 6332 à
3695 6299 3819 6335 éviter
3840 6303 3910 6335 des
3931 6306 4292 6342 correspondances
4316 6308 4479 6343 Inutiles
4502 6319 4512 6350 ;

3561 6362 3603 6393 4°
3633 6364 3708 6396 Dès
3735 6367 3857 6404 qu’un
3885 6367 4043 6400 abonné
4067 6376 4092 6400 a
4118 6370 4260 6403 trouvé
4287 6372 4327 6406 la
4355 6380 4552 6412 personne

3520 6415 3567 6446 de
3587 6422 3659 6448 son
3679 6418 3811 6457 choix,
3832 6419 3858 6451 il
3879 6420 3963 6454 doit
3982 6419 4166 6459 prévenir
4186 6423 4221 6457 le
4242 6426 4445 6460 Directeur
4464 6429 4550 6461 afin

3519 6474 3595 6506 que
3618 6476 3690 6503 son
3714 6478 3895 6504 annonce
3918 6472 3994 6504 soit
4016 6474 4191 6508 enlevée.
4219 6478 4247 6510 Il
4271 6476 4422 6513 évitera
4443 6479 4549 6514 ainsi

3520 6520 3661 6555 l’envoi
3695 6524 3743 6556 de
3776 6524 3907 6556 lettres
3938 6525 4006 6563 qui
4039 6527 4264 6564 n’auraient
4296 6532 4387 6571 plus
4416 6539 4548 6566 aucun

3520 6574 3587 6607 but
3615 6578 3651 6608 et
3677 6576 3922 6615 auxquelles,
3951 6584 4023 6616 par
4051 6579 4190 6615 devoir
4215 6584 4264 6618 de
4292 6584 4491 6624 politesse,
4520 6584 4547 6617 Il

3518 6627 3672 6661 devrait
3691 6626 3886 6667 répondre
3905 6636 3916 6666 ;

3558 6693 3598 6724 5°
3624 6693 3693 6724 Les
3713 6699 3915 6728 annonces
3939 6699 4029 6731 sont
4049 6699 4099 6731 de
4118 6699 4179 6732 six
4203 6700 4330 6740 lignes
4351 6707 4402 6734 au
4426 6700 4547 6734 maxi¬

3519 6752 3639 6779 mum.
3694 6746 3766 6779 Les
3819 6747 3948 6787 lignes
3999 6751 4359 6790 supplémentaires
4411 6756 4547 6788 seront
