5132 7496
408 503 635 548 Sixième
671 502 858 546 année.
891 526 946 530 —
971 499 1036 543 N°
1060 491 1091 535 7

2002 494 2075 538 Le
2112 488 2339 536 Numéro
2376 503 2388 534 :
2436 489 2454 542 |
2478 488 2535 543 O
2571 490 2827 534 centimes

4665 235 4707 273 \

4336 343 4486 406 'rrh

4438 423 4486 459 CO

3621 472 3699 517 Du
3739 472 3791 515 11
3834 486 3898 518 au
3938 474 3999 516 18
4034 467 4334 519 Décembre
4368 471 4488 516 1910

584 720 890 754 PARAISSANT

2221 655 2432 753 LE

3913 703 4223 736 PARAISSANT

495 768 652 800 Toutes
680 767 740 798 les
770 764 986 796 Semaines

3822 750 3980 782 Toutes
4008 750 4070 782 les
4096 746 4315 781 Semaines

427 698 431 759 |
584 658 891 757 PARAISSANT
2222 658 2312 753 JL#
3913 703 4223 736 PARAISSANT

427 752 432 822 j
495 768 652 800 Toutes
680 767 740 798 les
770 764 986 796 Semaines
1999 750 2013 787 '
3822 750 3980 782 Toutes
4009 750 4068 782 les
4096 746 4315 780 Semaines

279 868 1769 1575 Trait
2023 863 4553 1565 d’ünian

1362 1615 1620 1692 DES
1712 1593 2400 1689 INTÉRÊTS
2484 1592 3462 1703 RÉCIPROQUES

572 1750 1018 1804 Combinaison
1056 1747 1326 1811 Mariage
1366 1744 1547 1796 créée
1588 1758 1666 1794 en
1704 1738 1872 1795 1905
1943 1755 1979 1791 •
2014 1755 2050 1791 #
2086 1756 2120 1791 •
2192 1742 2481 1792 Bureaux
2522 1741 2581 1792 et
2618 1736 3128 1790 Administration
3167 1752 3182 1788 :
3220 1736 3328 1797 26.
3367 1752 3479 1788 rue
3518 1736 3806 1802 d'Astorg
3841 1764 3909 1772 —
3947 1738 4264 1791 Toulouse

347 1887 409 1922 LA
438 1886 568 1920 PLUS
595 1883 847 1920 HONNETE

347 1935 409 1968 LA
439 1932 571 1967 PLUS
600 1930 859 1966 DISCRETE

348 1983 410 2015 LA
438 1980 570 2014 PLUS
599 1979 795 2012 RAPIDE

348 2027 410 2061 LA
443 2027 575 2060 PLUS
608 2023 868 2060 SERIEUSE

347 2075 410 2107 LA
437 2072 568 2107 PLUS
595 2070 730 2108 SURE

348 2120 411 2154 LA
442 2118 606 2152 MOINS
635 2115 810 2151 CHERE

350 2164 444 2199 PAS
478 2166 507 2198 D
530 2160 961 2198 INTERMEDIAIRE

351 2211 446 2246 PAS
476 2211 540 2244 DE
570 2208 902 2246 COMMISSION

1594 1886 1926 1942 ABONaEMENT
1948 1899 2000 1939 au
2022 1886 2199 1939 Journal
2222 1884 2406 1938 donnant
2427 1884 2536 1936 droit
2566 1883 2592 1935 à
2612 1896 2690 1936 une
2711 1883 2915 1936 insertion
2936 1881 2987 1936 de
3010 1881 3036 1935 6
3059 1882 3192 1947 lignes
3215 1896 3226 1936 :

1454 1985 1664 2019 Annonces
1716 1983 1770 2018 de
1823 1980 1995 2026 Mariage
2043 1982 2130 2023 (six
2172 1979 2300 2024 lignes
2358 1982 2402 2014 et
2450 1979 2712 2014 abonnement
2766 1987 2818 2012 au
2867 1975 3050 2023 journal)

1527 2031 1631 2064 Deux
1676 2028 3050 2064 mois.
3108 2022 3175 2056 11
3208 2023 3355 2059 francs.

1454 2082 1596 2126 Lignes
1618 2079 3054 2125 supplémentaires..
3156 2079 3178 2110 1
3248 2096 3290 2101 —

1454 2136 1694 2170 Annnonces
1714 2136 1751 2170 et
1774 2132 1981 2169 Locations
2003 2132 2118 2172 (trois
2142 2128 3052 2170 mois).
3151 2128 3184 2163 G
3248 2149 3290 2155 —

1455 2188 1552 2224 Avis
1570 2187 1719 2229 divers,
1739 2187 1866 2223 OITres
1887 2190 1926 2222 et
1947 2186 2167 2222 Demandes
2187 2183 2395 2230 d’emplois
2414 2180 2540 2222 (deux
2561 2182 2679 2224 mois)
2690 2210 3056 2220 .
3155 2180 3189 2216 3
3251 2201 3292 2208 —

3587 1871 3638 1906 Le
3664 1883 3682 1901 --
3708 1871 3827 1906 Trait
3851 1871 4031 1907 d’Union
4058 1884 4076 1904 «
4103 1875 4164 1908 est
4212 1872 4372 1911 envoyé
4422 1876 4567 1910 contre

3536 1919 3556 1951 0
3579 1918 3630 1951 fr.
3656 1919 3699 1952 10
3722 1915 3747 1952 à
3768 1920 3883 1954 toute
3908 1927 4114 1960 personne
4138 1920 4207 1958 qui
4232 1928 4283 1955 en
4307 1923 4385 1956 fait
4410 1923 4451 1958 la
4499 1922 4563 1957 de*

3538 1965 3703 1999 mande.

3587 2011 3648 2046 Un
3675 2015 3719 2044 n°
3742 2010 3952 2050 spécimen
3978 2015 4040 2048 est
4064 2014 4184 2048 offert
4211 2015 4563 2055 gracieusement,

3535 2055 3560 2091 à
3586 2059 3676 2092 tout
3702 2057 3891 2099 visiteur,
3916 2059 4026 2092 dans
4051 2067 4126 2094 nos
4150 2060 4355 2095 bureaux.

3586 2104 3636 2138 Le
3686 2104 3862 2138 Journal
3913 2108 3974 2139 est
4000 2106 4171 2142 adressé
4198 2114 4222 2139 a
4274 2112 4350 2142 nos
4376 2105 4563 2142 abonnés

3536 2158 3635 2184 sous
3663 2151 3889 2188 enveloppe
3916 2152 4086 2190 fermée,
4114 2160 4215 2190 sans
4242 2159 4407 2187 aucune
4459 2152 4563 2187 indi¬

3540 2203 3679 2238 cation
3714 2207 3959 2242 apparente.

296 2356 468 2398 Extrait
503 2357 563 2398 du
599 2355 744 2408 grand
779 2354 962 2404 journal
998 2353 1042 2392 la
1080 2352 1267 2400 Rapide*

243 2420 432 2470 Agence,
464 2420 526 2460 du
556 2419 800 2460 dimanche
828 2419 879 2456 30
907 2415 1087 2456 octobre
1116 2426 1173 2454 au
1204 2412 1267 2452 di¬

242 2483 434 2523 manche
456 2484 482 2520 6
505 2479 766 2526 novembre,
792 2483 846 2517 n°
873 2480 952 2518 266
978 2490 986 2516 :

241 2608 289 2687 Â
327 2630 453 2684 mes
489 2610 733 2682 anciens

577 2710 857 2788 Abonnés
895 2711 951 2783 et
985 2706 1267 2781 Lecteurs

295 2901 351 2940 Le
381 2902 570 2942 nombre
627 2901 703 2940 des
759 2900 947 2939 affaires
974 2898 1157 2939 traitées
1186 2907 1267 2947 par

240 2971 346 3000 mon
379 2963 555 3010 Agence
611 2964 911 3010 augmentant
941 2962 1116 3008 chaque
1145 2960 1264 3008 jour,

240 3032 311 3062 me
339 3032 527 3071 procure
555 3032 642 3062 une
667 3023 913 3071 surcharge
967 3023 1020 3063 de
1073 3023 1266 3070 besogne

239 3084 266 3126 à
292 3084 486 3134 laquelle
512 3084 539 3123 il
568 3093 639 3123 me
664 3083 844 3122 devient
898 3084 1162 3132 impossible
1214 3083 1267 3122 de

239 3148 403 3190 suffire
431 3158 442 3196 ;
495 3147 615 3188 aussi
671 3155 784 3195 pour
810 3155 864 3184 ne
891 3155 972 3194 pas
996 3144 1267 3186 disséminer

240 3222 335 3251 mes
366 3212 540 3259 efforts,
575 3210 681 3258 ai-je
715 3208 808 3258 pris
843 3208 883 3248 la
915 3207 1264 3248 détermination

239 3274 292 3313 de
349 3283 419 3312 me
475 3282 711 3312 consacrer
766 3270 1122 3310 exclusivement
1176 3279 1264 3308 aux

239 3336 428 3375 affaires
457 3335 798 3375 commerciales
827 3333 903 3382 qui
935 3343 1007 3373 me
1035 3334 1137 3371 sont
1166 3340 1266 3371 con¬

239 3398 351 3438 fiées
375 3402 416 3439 et
442 3395 710 3445 auxquelles
735 3396 778 3442 je
806 3395 950 3435 désire
978 3396 1151 3436 donner
1179 3403 1266 3434 une

240 3462 472 3500 extension
502 3460 606 3508 plus
631 3455 955 3497 considérable.

296 3524 418 3560 Dans
440 3532 487 3560 ce
512 3523 607 3569 but,
631 3522 676 3570 je
700 3520 828 3559 viens
851 3519 904 3559 de
928 3518 1058 3559 céder
1083 3519 1126 3558 la
1150 3528 1266 3558 com¬

242 3582 450 3624 binaison
488 3599 506 3616 «
546 3583 747 3631 Mariage
786 3599 803 3618 »
839 3579 1072 3631 organisée
1108 3591 1190 3630 par
1227 3580 1267 3620 la

243 3664 260 3683 (v
295 3646 663 3695 Rapide-Agence
694 3661 711 3679 »
739 3644 766 3684 à
794 3655 880 3685 une
909 3654 1131 3692 personne
1159 3644 1267 3683 dont

243 3711 286 3750 la
304 3710 519 3750 situation
543 3708 827 3758 personnelle
847 3710 889 3747 et
911 3708 953 3747 la
974 3707 1109 3747 haute
1131 3707 1267 3746 hono¬

240 3772 422 3810 rabilité
451 3774 659 3807 assurent
687 3770 714 3807 à
744 3771 933 3804 l’œuvra
963 3769 1151 3807 délicate
1182 3778 1271 3808 «ue

242 3831 316 3881 j’ai
340 3828 519 3876 fondée,
544 3829 691 3867 toutes
716 3827 778 3866 les
800 3827 1028 3876 garanties
1052 3823 1268 3864 nécessai¬

243 3904 314 3935 res
346 3894 399 3932 de
430 3894 520 3930 tact
552 3893 594 3931 et
627 3890 680 3931 de
715 3890 903 3939 probité.
939 3891 990 3930 Je
1024 3887 1119 3935 prie
1154 3887 1268 3927 donc

244 3966 339 3996 mes
371 3954 623 3996 nombreux
660 3954 850 3994 lecteurs
882 3956 923 3991 et
955 3950 1183 3991 abonnées
1215 3951 1268 3991 de

244 4018 419 4056 vouloir
454 4018 556 4058 bien
591 4018 792 4063 reporter
823 4024 903 4054 sur
938 4015 975 4056 le
1007 4024 1269 4055 successeur

244 4089 330 4130 que
356 4080 430 4130 j’ai
459 4079 886 4129 scrupuleusement
912 4077 1068 4122 choisi,
1101 4076 1142 4114 la
1169 4084 1270 4113 con¬

243 4143 391 4184 fiance
416 4146 525 4184 dont
551 4144 604 4182 ils
628 4139 871 4180 m’avaient
896 4135 1064 4177 honoré
1087 4135 1271 4186 jusqu’à

244 4219 291 4251 ce
316 4210 435 4259 jour,
463 4207 619 4248 assuré
645 4204 857 4243 d’avance
884 4203 1019 4252 qu’ils
1044 4203 1144 4243 n’en
1170 4212 1271 4243 sau¬

244 4274 390 4313 raient
418 4271 639 4320 éprouver
666 4276 815 4307 aucun
846 4269 1007 4316 regret.

300 4332 571 4379 Désormais,
600 4331 662 4371 les
687 4330 852 4378 lettres,
879 4329 1091 4370 mandats
1114 4331 1155 4367 et
1179 4336 1271 4366 cor¬

246 4396 578 4446 respondances
607 4394 782 4435 relatifs
810 4403 898 4434 aux
928 4391 1168 4442 mariages,
1200 4390 1271 4430 de¬

246 4463 377 4500 vront
401 4458 492 4499 être
515 4456 720 4498 adressés
744 4455 770 4495 à
796 4458 858 4495 M.
887 4455 925 4494 le
953 4455 1185 4492 Directeur
1210 4452 1270 4492 du

246 4522 436 4561 Journal
462 4538 480 4555 «
504 4522 560 4559 Le
579 4519 708 4558 Trait
727 4518 922 4558 d’Union
948 4532 966 4551 »
988 4515 1067 4555 des
1087 4512 1273 4554 intérêts

247 4580 550 4628 réciproques,
576 4588 656 4618 rue
680 4579 902 4627 d’Astorg,
927 4580 992 4618 26.

934 4659 984 4697 A.
1014 4654 1218 4696 FAVAS.

244 4842 421 4948 Aux
438 4842 813 4945 Abonnés
830 4873 889 4963 §
904 4841 1275 4943 Lecteurs

498 5007 576 5050 Du
612 5002 761 5048 Trait
795 5000 1017 5046 d’Union

308 5203 367 5243 Ce
397 5199 586 5254 journal
622 5195 733 5236 n’est
792 5207 874 5246 pas
938 5204 1024 5235 une
1059 5191 1275 5234 création.

248 5274 364 5313 Sous
390 5271 428 5311 le
455 5282 568 5310 nom
594 5268 647 5308 de
673 5264 1064 5319 Rapide-Agence,
1096 5264 1127 5304 il
1151 5267 1280 5316 porte

252 5342 412 5397 depuis
440 5343 547 5396 plus
579 5342 631 5383 de
664 5339 732 5382 six
763 5351 860 5388 ans,
896 5338 1008 5379 dans
1043 5338 1187 5377 toutes
1220 5336 1281 5376 les

253 5415 435 5471 régions
462 5416 523 5458 du
547 5414 658 5456 Midi
684 5415 727 5455 et
752 5412 804 5454 de
831 5414 874 5454 la.
898 5412 1066 5452 France
1092 5407 1278 5458 entière,

252 5487 503 5531 l’heureuse
539 5486 862 5528 combinaison
925 5483 1048 5525 créée
1082 5495 1166 5534 par
1199 5494 1283 5523 son

252 5559 490 5599 Directeur
522 5561 562 5596 et
593 5555 858 5608 poursuivie
892 5567 998 5594 avec
1034 5566 1095 5593 un
1127 5552 1283 5592 succès

254 5630 334 5685 qui
359 5642 414 5671 ne
439 5628 541 5671 s’est
563 5627 731 5683 jamais
759 5626 976 5670 démenti.

313 5701 606 5755 Transformé
636 5703 676 5743 et
711 5699 916 5751 modifié,
950 5711 1055 5740 sous
1088 5710 1175 5738 une
1207 5696 1284 5736 Di¬

255 5771 428 5814 rection
459 5773 686 5822 nouvelle,
721 5773 759 5814 le
818 5770 940 5811 Trait
970 5767 1170 5810 d’Union
1229 5779 1286 5807 va

259 5842 508 5886 désormais
539 5842 774 5894 s’occuper
803 5840 1127 5895 spécialement
1160 5838 1283 5878 d’an¬

262 5928 430 5959 nonces
462 5915 514 5956 de
548 5912 765 5964 mariage,
799 5915 896 5966 afin
927 5914 980 5955 de
1013 5911 1191 5954 donner
1223 5923 1286 5950 un

257 5990 424 6031 nouvel
451 6000 572 6030 essor
598 5984 622 6027 à
647 5986 759 6025 celle
787 5995 942 6024 œuvre
971 5983 1282 6030 intéressante,

258 6060 584 6108 humanitaire,
631 6054 1044 6111 philanthropique
1111 6056 1152 6096 et
1218 6066 1287 6094 so¬

256 6134 383 6176 ciale.

320 6206 379 6247 Ce
404 6204 515 6258 petit
539 6201 728 6256 journal
758 6212 830 6239 na
854 6211 934 6251 pas
960 6199 1003 6239 la
1025 6199 1287 6251 prétention

263 6275 399 6316 d’être
430 6274 659 6316 littéraire.
691 6273 726 6314 Il
757 6271 830 6312 n’a
858 6269 904 6311 ni
934 6270 1288 6311 collaborateurs

263 6347 312 6387 ni
339 6347 571 6400 employés
599 6347 823 6387 d’aucune
879 6344 1012 6383 sorte.
1072 6342 1150 6382 Ses
1210 6343 1290 6383 bu¬

267 6428 405 6458 reaux
441 6428 496 6456 ne
532 6419 687 6458 seront
718 6416 888 6470 jamais
924 6411 1195 6455 encombrés
1232 6415 1285 6455 de

266 6488 454 6532 curieux
487 6487 724 6529 indiscrets
758 6490 804 6528 ni
836 6488 888 6528 de
923 6498 1034 6540 gens
1066 6482 1290 6537 d’affaires

264 6563 369 6619 plus
396 6574 455 6602 ou
484 6558 635 6600 moins
660 6558 843 6600 véreux.

328 6636 423 6677 Une
458 6628 772 6687 organisation
804 6632 996 6684 parfaite
1032 6632 1072 6672 et
1109 6642 1195 6671 une
1233 6631 1292 6669 te¬

268 6717 356 6746 nue
386 6701 722 6760 irréprochable
754 6714 764 6741 :
791 6700 913 6742 voilà
938 6715 986 6744 sa
1012 6702 1176 6744 devise.

322 6775 539 6819 Abonnés
571 6780 612 6819 et
645 6775 835 6818 lecteurs
896 6778 1000 6815 sont
1031 6775 1206 6816 assurés
1240 6775 1292 6816 de

271 6849 454 6891 trouver
477 6858 534 6886 en
559 6848 624 6889 lui
651 6859 712 6888 un
737 6844 972 6888 auxiliaire
997 6847 1292 6899 scrupuleux,

1348 2352 1484 2392 d’une
1523 2351 1770 2391 discrétion
1806 2349 2008 2398 absolue,
2048 2351 2090 2390 et
2127 2348 2263 2390 d’une
2304 2347 2371 2387 in¬

1346 2422 1596 2462 discutable
1628 2419 1823 2475 loyauté.

1399 2489 1494 2543 Que
1527 2503 1639 2531 ceux
1672 2491 1751 2543 qui
1814 2501 1868 2530 ne
1932 2500 2047 2530 nous
2079 2487 2371 2529 connaissent

1339 2575 1420 2616 pas
1447 2562 1670 2602 viennent
1698 2560 1724 2603 à
1753 2573 1868 2602 nous
1895 2572 2002 2601 sans
2029 2560 2217 2601 crainte.
2249 2559 2372 2599 Nous

1342 2646 1496 2675 serons
1528 2632 1734 2674 heureux
1764 2632 1817 2673 de
1880 2631 1942 2672 les
2001 2631 2126 2672 aider
2158 2630 2210 2672 de
2244 2632 2371 2671 notre

1342 2715 1566 2745 concours
1627 2703 1819 2744 indirect
1847 2715 1931 2756 par
1960 2703 1998 2743 le
2026 2703 2215 2756 journal
2247 2705 2286 2742 et
2319 2702 2371 2742 de

1343 2787 1424 2817 nos
1488 2774 1680 2816 conseils
1712 2774 1982 2828 personnels
2044 2773 2220 2827 chaque
2282 2772 2372 2826 fois

1341 2845 1475 2899 qu’ils
1508 2845 1738 2887 voudront
1806 2843 1911 2886 bien
1975 2855 2090 2885 nous
2154 2843 2367 2883 accorder

1344 2920 1442 2959 leur
1477 2919 1717 2970 confiance
1755 2919 1795 2958 et
1834 2929 1950 2958 nous
1987 2915 2240 2958 demander
2275 2927 2358 2955 nos

1339 2990 1449 3030 avis.

1399 3059 1492 3112 Que
1555 3072 1638 3100 nos
1699 3060 1890 3100 lecteurs
1951 3059 2228 3099 deviennent
2290 3058 2366 3099 des

1340 3131 1471 3173 amis.
1503 3131 1598 3183 Que
1624 3133 1810 3184 partout
1840 3133 1880 3171 et
1908 3130 1934 3171 à
1964 3132 2079 3180 tous,
2114 3131 2166 3172 ils
2192 3130 2366 3184 fassent

1343 3205 1596 3254 connaître,
1635 3217 1739 3246 sans
1775 3203 1947 3244 crainte
1984 3206 2026 3244 et
2062 3216 2167 3244 sans
2204 3204 2360 3251 honte,

1340 3279 1378 3318 le
1406 3278 1498 3318 bon
1518 3278 1923 3331 fonctionnement
1950 3278 2002 3318 de
2030 3280 2156 3318 noire
2182 3274 2364 3327 organi¬

1339 3349 1489 3389 sation
1526 3363 1541 3395 ;
1577 3350 1712 3402 qu’ils
1749 3361 1867 3390 nous
1898 3351 2148 3402 procurent
2185 3347 2224 3388 le
2257 3346 2364 3399 plus

1341 3422 1630 3465 d’adhésions
1660 3422 1876 3475 possible,
1912 3420 2033 3462 voilà
2067 3421 2194 3460 notre
2228 3418 2360 3460 désir.

1399 3500 1431 3540 A
1470 3502 1568 3539 tous
1600 3499 1642 3538 et
1674 3496 1698 3538 à
1732 3497 1892 3543 toutes,
1930 3505 2044 3534 nous
2076 3492 2362 3539 souhaitons,

1340 3583 1398 3612 en
1424 3572 1591 3617 retour,
1623 3570 1774 3610 bonne
1830 3566 2002 3607 chance
2058 3567 2099 3604 et
2151 3564 2364 3616 prompte

1342 3640 1600 3683 réalisation
1626 3640 1678 3679 de
1704 3640 1824 3680 leurs
1847 3640 1952 3692 plus
1977 3636 2132 3679 chères
2158 3634 2366 3688 espéran-

1366 3723 1413 3755 eS
1397 3744 1478 3808 j-
1478 3788 1696 3799 -—~
1725 3788 1739 3792 -
1891 3763 1961 3804 LA
1987 3759 2310 3803 DIRECTION.

1342 3950 1446 4048 Le
1470 3945 1822 4071 Mariage
1848 3942 2228 4042 moderne

1588 4095 1665 4189 et
1688 4089 1765 4187 la
1792 4083 2371 4210 Dépopulation

1404 4331 1482 4374 S’il
1512 4336 1578 4372 est
1608 4346 1699 4375 une
1758 4334 1968 4387 question
2031 4334 2055 4375 à
2116 4331 2280 4375 l’ordre
2312 4331 2374 4372 du

1344 4405 1467 4459 .jour,
1503 4402 1610 4446 c’est
1670 4403 1956 4447 assurément
2015 4406 2126 4447 celle
2187 4404 2248 4446 du
2280 4416 2375 4446 ma¬

1345 4477 1485 4531 riage.

1405 4548 1523 4590 Tous
1553 4548 1615 4591 les
1644 4547 1883 4598 écrivains,
1916 4550 2235 4598 économistes,
2268 4560 2378 4602 pen¬

1347 4631 1487 4667 seurs,
1554 4619 1803 4670 médecins,
1870 4619 2082 4660 hommes
2116 4619 2267 4667 d’état,
2332 4631 2378 4659 se

1347 4693 1451 4731 sont
1483 4690 1760 4745 préoccupés
1794 4690 1848 4732 de
1880 4691 1923 4730 la
1958 4690 2070 4730 crise
2134 4702 2222 4743 que
2255 4688 2379 4730 subit

1347 4775 1404 4804 en
1434 4774 1483 4803 ce
1511 4767 1722 4804 moment
1751 4762 2047 4803 l’institution
2076 4773 2154 4802 sur
2183 4759 2378 4814 laquelle

1348 4847 1506 4890 repose
1536 4834 1727 4876 l’avenir
1758 4835 1812 4876 de
1842 4834 1884 4875 la
1915 4834 2080 4876 société
2110 4839 2152 4875 et
2183 4832 2224 4873 la
2255 4831 2378 4872 force

1350 4907 1427 4949 des
1461 4906 1658 4947 nations.
1727 4906 1807 4947 Les
1840 4906 2067 4960 mariages
2101 4905 2380 4948 deviennent

1350 4979 1404 5018 de
1430 4975 1532 5029 plus
1559 4988 1616 5016 en
1644 4976 1747 5029 plus
1774 4974 2001 5025 difficiles,
2033 4978 2095 5018 les
2123 4978 2379 5018 naissances

1351 5046 1616 5090 diminuent
1644 5046 1698 5089 de
1724 5047 1832 5102 jour
1860 5059 1916 5087 en
1944 5046 2067 5099 jour,
2099 5047 2219 5088 voilà
2248 5047 2288 5089 le
2316 5047 2379 5088 cri

1351 5118 1569 5162 d’alarme
1596 5120 1760 5175 poussé
1790 5131 1870 5174 par
1896 5123 1998 5159 tous
2026 5131 2139 5159 ceux
2167 5119 2246 5173 qui
2275 5119 2382 5159 s’in¬

1352 5193 1570 5235 téressent
1598 5194 1622 5234 à
1652 5192 1694 5233 la
1725 5191 1937 5247 question
1966 5188 2145 5234 sociale.

1411 5262 1575 5303 Toutes
1605 5262 1669 5303 les
1701 5263 1899 5304 théories
1958 5268 2042 5304 ont
2073 5263 2141 5304 été
2172 5259 2382 5315 dévelop¬

1353 5335 1472 5389 pées,
1507 5334 1583 5375 des
1614 5334 1734 5376 idées
1765 5334 2056 5386 ingénieuses
2087 5338 2191 5376 sont
2220 5332 2383 5374 émises

1352 5407 1730 5463 journellement,
1764 5406 1826 5448 les
1855 5407 2028 5462 projets
2059 5407 2122 5448 les
2152 5405 2254 5461 plus
2284 5404 2383 5446 fan¬

1352 5480 1546 5523 taisistes
1599 5484 1702 5522 sont
1760 5479 2016 5522 élaborés...
2078 5479 2174 5531 Que
2231 5476 2385 5519 faut-il

1354 5551 1466 5591 faire
1506 5552 1523 5591 ?

1414 5630 1549 5671 Point
1574 5628 1688 5671 n’est
1711 5629 1887 5679 besoin,
1915 5628 1939 5670 à
1964 5642 2075 5670 mon
2102 5628 2212 5678 avis,
2240 5627 2295 5670 de
2318 5628 2384 5670 ré¬

1355 5701 1528 5755 pandre
1555 5700 1631 5742 des
1659 5700 1760 5742 Ilots
1788 5699 1968 5742 d’encre
1994 5714 2111 5754 pour
2136 5699 2312 5752 répéter
2337 5712 2386 5739 ce

1356 5786 1446 5827 que
1472 5776 1572 5814 tout
1600 5772 1640 5814 le
1668 5771 1840 5813 monde
1868 5771 1967 5811 sait.
2031 5770 2088 5811 Le
2146 5782 2315 5823 moyen
2346 5770 2387 5812 le

1356 5844 1459 5899 plus
1492 5843 1716 5896 pratique,
1784 5839 1891 5883 c’est
1924 5840 1979 5882 de
2012 5839 2291 5896 rapprocher
2323 5840 2386 5883 les

1355 5915 1609 5964 intéressés,
1640 5915 1694 5956 de
1720 5914 1939 5956 favoriser
1964 5914 2027 5955 les
2054 5913 2302 5962 occasions,
2334 5914 2387 5955 de

1356 5987 1515 6030 tendre
1545 5987 1586 6028 la
1614 5987 1742 6028 main
1771 5999 1859 6028 aux
1888 5986 2035 6036 isolés,
2068 5999 2155 6027 aux
2183 5983 2383 6036 timides,

1359 6072 1447 6100 aux
1477 6059 1700 6109 craintifs,
1734 6060 1758 6100 à
1791 6071 1904 6100 ceux
1936 6059 2014 6112 qui
2046 6062 2304 6111 manquent
2334 6058 2389 6099 de

1359 6128 1574 6171 relations
1600 6143 1660 6170 ou
1690 6130 1767 6182 qui
1796 6130 2038 6183 craignent
2095 6143 2183 6171 une
2212 6127 2390 6170 démar¬

1360 6199 1444 6242 che
1480 6199 1795 6240 infructueuse
1830 6212 1890 6239 ou
1955 6203 2384 6255 compromettante.

1419 6271 1486 6314 En
1512 6272 1714 6327 agissant
1738 6284 1819 6327 par
1874 6270 1916 6312 la
1970 6272 2071 6314 voie
2096 6272 2158 6314 du
2183 6271 2386 6325 journal,

1361 6359 1466 6388 sous
1497 6346 1538 6387 le
1568 6351 1755 6387 couvert
1786 6344 1839 6387 de
1871 6343 2150 6399 l’anonyme,
2186 6356 2242 6385 en
2274 6358 2391 6386 nous

1364 6421 1603 6471 acceptant
1637 6430 1821 6459 comme
1885 6415 2247 6464 Trait-d’Union,
2287 6419 2391 6458 tous

1362 6488 1424 6531 les
1452 6487 1792 6543 désagréments
1822 6487 1898 6530 des
1925 6488 2262 6543 préliminaires
2290 6494 2394 6528 sont

1363 6559 1518 6602 évités.

1422 6630 1549 6674 Voilà
1580 6631 1807 6687 pourquoi
1840 6646 1956 6674 nous
1987 6632 2283 6674 considérons
2315 6646 2395 6675 no¬

1364 6707 1430 6744 tre
1490 6703 1811 6746 combinaison
1844 6716 2026 6747 comme
2087 6716 2178 6746 une
2238 6718 2395 6746 œuvre

1365 6774 1505 6824 saine,
1539 6776 1713 6818 morale
1742 6782 1784 6819 et
1815 6774 2008 6818 d’utilité
2038 6776 2276 6831 publique.

1908 6847 1980 6888 LA
2010 6846 2332 6889 DIRECTION.

2441 2362 2977 2472 NOTRE
3049 2362 3465 2470 ROLE

2501 2586 2559 2629 Le
2586 2586 2671 2630 but
2698 2587 2752 2628 de
2779 2587 2824 2628 la
2852 2587 3088 2631 Direction
3118 2588 3172 2631 de
3202 2602 3251 2631 ce
3279 2588 3466 2643 journal

2446 2664 2510 2700 est
2546 2659 2843 2723 simpfi^gent
2879 2660 2933 2702 de
2968 2659 3203 2715 s’occuper
3238 2661 3464 2703 d’annon¬

2442 2743 2512 2771 ces
2544 2729 2598 2770 de
2628 2730 2868 2783 mariages.
2904 2730 2990 2771 Par
3022 2744 3112 2771 une
3144 2731 3466 2771 combinaison

2443 2800 2624 2842 d’offres
2656 2806 2699 2842 et
2732 2799 2786 2840 de
2820 2800 3068 2842 demandes
3103 2806 3146 2842 et
3179 2814 3259 2854 par
3292 2800 3334 2841 la
3368 2814 3466 2841 cor¬

2440 2871 2751 2925 respondance
2784 2871 2953 2912 directe
2986 2875 3112 2912 entre
3145 2871 3207 2912 les
3242 2871 3460 2922 abonnés,

2440 2942 2503 2984 les
2538 2943 2763 2997 mariages
2798 2956 2844 2984 se
2878 2943 2980 2984 font
3014 2956 3119 2984 sans
3154 2942 3464 2984 intermédiai¬

2443 3027 2526 3055 res.

2516 3084 2635 3127 Nous
2672 3099 2728 3128 ne
2764 3087 2974 3128 saurions
3010 3099 3128 3127 assez
3164 3087 3340 3139 répéter
3376 3099 3463 3139 que

2442 3172 2556 3199 nous
2582 3157 2770 3211 n’ayons
2792 3157 2891 3197 rien
2916 3157 2970 3198 de
2994 3169 3218 3198 commun
3242 3169 3350 3198 avec
3373 3170 3464 3198 une

2441 3241 2610 3282 agence
2644 3226 3002 3268 matrimoniale.
3043 3226 3142 3268 Non
3207 3228 3463 3269 seulement

2444 3313 2560 3343 nous
2592 3313 2647 3342 ne
2678 3299 2849 3343 faisons
2881 3314 2959 3355 pas
2991 3299 3046 3342 de
3076 3300 3317 3355 mariages,
3353 3301 3467 3342 mais

2444 3386 2607 3412 encore
2638 3386 2754 3412 nous
2788 3387 2844 3412 ne
2875 3371 3132 3414 réclamons
3165 3386 3344 3414 aucune
3405 3386 3471 3414 es¬

2445 3444 2552 3499 pèce
2580 3442 2634 3483 de
2662 3443 2963 3483 commission
2992 3447 3035 3483 et
3064 3448 3194 3484 notre
3223 3444 3316 3486 rôle
3347 3443 3471 3484 d’au¬

2443 3515 2619 3556 xiliaire
2648 3514 2812 3555 discret
2840 3525 2960 3554 cesse
3018 3524 3074 3552 au
3132 3519 3343 3555 moment
3371 3519 3470 3567 pré¬

2444 3584 2508 3626 cis
2542 3583 2602 3625 où
2636 3583 2699 3626 les
2733 3584 2971 3627 intéressés
3008 3582 3138 3626 n’ont
3171 3583 3274 3636 plus
3310 3583 3469 3626 besoin

2446 3656 2499 3699 de
2525 3669 2607 3697 nos
2631 3655 2838 3698 services.

2506 3727 2641 3764 Notre
2674 3728 2874 3778 système
2909 3727 2986 3764 n^tr
3010 3742 3119 3763 Tierr
3153 3728 3208 3763 de
3243 3739 3468 3765 commun

2447 3806 2541 3834 non
2571 3793 2672 3846 plus
2703 3806 2808 3832 avec
2839 3794 2900 3832 les
2931 3806 3163 3832 annonces
3194 3794 3270 3832 des
3300 3792 3470 3845 grands

2446 3866 2679 3919 journaux
2707 3864 2943 3919 parisiens.
2976 3862 3091 3904 Leur
3120 3863 3336 3904 méthode
3364 3875 3472 3904 con¬

2447 3938 2551 3979 siste
2578 3937 2602 3978 à
2628 3936 2800 3978 insérer
2827 3935 2903 3976 des
2931 3934 3179 3976 demandes
3238 3939 3282 3976 et
3335 3933 3471 3976 offres

2447 4008 2502 4049 de
2538 4008 2779 4062 mariages,
2820 4006 3163 4063 généralement
3199 4020 3467 4061 anonymes,

2447 4084 2490 4122 et
2519 4085 2702 4135 portant
2730 4080 3017 4123 l’indication
3052 4093 3062 4120 :
3095 4096 3116 4118 «
3147 4084 3274 4134 poste
3302 4083 3473 4121 restan¬

2448 4156 2490 4194 te
2517 4169 2556 4193 ».

2508 4223 2632 4266 Cette
2663 4222 2910 4264 discrétion
2941 4223 3030 4265 très
3060 4222 3268 4278 légitime
3299 4226 3342 4265 et
3372 4235 3475 4263 sans

2450 4295 2644 4350 dangers
2679 4299 2807 4335 entre
2840 4294 3066 4336 honnêtes
3102 4308 3228 4348 gens,
3268 4294 3478 4348 présente

2450 4364 2490 4407 le
2518 4366 2621 4420 plus
2678 4369 2872 4407 souvent
2930 4364 2984 4407 de
3043 4378 3202 4420 graves
3262 4366 3478 4407 inconvé¬

2451 4438 2618 4479 nients.
2667 4436 2740 4478 Un
2767 4438 3128 4492 correspondant
3155 4439 3234 4491 qui
3263 4438 3479 4479 dissimu¬

2451 4508 2492 4551 le
2520 4522 2604 4552 son
2631 4507 2823 4551 identité
2852 4523 2908 4552 ne
2937 4514 3046 4564 peut
3074 4508 3204 4551 offrir
3232 4508 3288 4551 de
3316 4520 3478 4563 garan¬

2452 4582 2534 4623 ties
2562 4579 2792 4623 sérieuses.
2823 4579 2940 4621 Neuf
2967 4579 3055 4621 fois
3082 4594 3160 4620 sur
3186 4580 3278 4630 dix,
3310 4579 3372 4620 les
3400 4581 3479 4619 let¬

2452 4656 2540 4693 tres
2596 4649 2819 4691 adressées
2874 4650 2898 4691 à
2952 4662 3024 4691 ces
3079 4662 3296 4691 coureurs
3322 4647 3376 4691 de
3402 4649 3480 4690 dot

2452 4728 2622 4765 restent
2644 4734 2748 4763 sans
2772 4722 2979 4775 réponse.
3011 4720 3067 4763 Le
3092 4720 3190 4762 naïf
3214 4733 3480 4774 correspon¬

2454 4795 2565 4837 dant
2595 4794 2832 4847 s’aperçoit
2862 4792 2974 4848 qu’il
3006 4807 3029 4834 a
3059 4792 3128 4835 été
3158 4791 3481 4835 l’amusement

2454 4867 2566 4908 d’un
2591 4866 2781 4908 fumiste
2806 4879 2867 4908 ou
2893 4865 3006 4907 d’un
3031 4864 3226 4907 farceur.

2515 4936 2704 4980 Pareille
2739 4939 3059 4980 mésaventure
3094 4938 3208 4979 n’est
3243 4951 3322 4992 pas
3356 4938 3380 4978 à
3416 4951 3483 4978 re¬

2455 5010 2631 5059 douter,
2663 5010 2796 5063 grâce
2823 5011 2847 5051 à
2876 5010 3134 5051 l’heureuse
3162 5008 3483 5051 combinaison

2456 5082 2518 5124 du
2545 5080 2665 5123 Trait
2692 5082 2908 5123 d'Union.
2939 5081 3080 5124 Grâce
3106 5082 3128 5122 à
3155 5082 3236 5131 lui,
3267 5079 3415 5122 riches
3442 5083 3484 5120 et

2458 5167 2648 5210 pauvres
2707 5154 2838 5195 n’ont
2866 5153 2968 5208 plus
2998 5152 3156 5194 besoin
3186 5152 3240 5192 de
3267 5151 3483 5192 relations

2458 5224 2768 5280 personnelles
2804 5239 2920 5279 pour
2955 5223 3100 5266 s’unir
3136 5223 3409 5277 dignement
3443 5227 3486 5264 et

2458 5296 2584 5340 selon
2619 5296 2716 5338 leur
2750 5295 2883 5336 désir.
2949 5294 3332 5345 Journellement,
3371 5307 3487 5336 nous

2462 5382 2677 5412 recevons
2714 5367 2791 5410 des
2827 5367 2979 5411 lettres
3016 5367 3072 5410 de
3107 5368 3482 5410 remerciements

2459 5447 2502 5484 et
2535 5442 2590 5484 de
2624 5439 2919 5483 félicitations
2955 5454 3072 5495 pour
3106 5439 3148 5482 la
3184 5440 3388 5482 manière
3423 5439 3487 5480 sé¬

2459 5515 2606 5555 rieuse
2630 5512 2743 5554 dont
2764 5514 2899 5567 opère
2922 5513 2964 5553 la
2987 5512 3237 5552 Direction.

2518 5583 2586 5626 En
2614 5596 2663 5626 ce
2692 5583 2771 5639 qui
2802 5595 3027 5626 concerne
3056 5582 3098 5624 la
3127 5580 3487 5638 correspondan¬

2460 5670 2524 5706 ce,
2559 5670 2675 5698 nous
2704 5670 2821 5698 nous
2850 5656 3023 5697 faisons
3054 5668 3145 5695 une
3174 5655 3235 5695 loi
3266 5655 3322 5696 de
3349 5659 3488 5695 rester

2463 5730 2643 5768 neutres
2679 5731 2722 5768 et
2758 5726 2990 5781 d’ignorer
3025 5738 3074 5766 ce
3111 5723 3391 5778 qu’écrivent
3427 5723 3488 5764 les

2462 5799 2714 5840 intéressés.

2519 5870 2574 5912 Le
2599 5875 2740 5912 secret
2764 5870 2840 5912 des
2867 5870 3018 5912 lettres
3042 5872 3107 5910 est
3131 5867 3267 5911 chose
3292 5867 3442 5911 sacrée
3482 5866 3490 5908 !

3003 5960 3074 6002 LA
3103 5959 3427 6003 DIRECTION.

2519 6183 3435 6291 FONCTIONNEMENT

2520 6416 2647 6459 Voici
2674 6432 2731 6460 en
2758 6419 2867 6472 quoi
2918 6419 3171 6461 consistent
3226 6415 3496 6458 l’économie

2465 6491 2526 6531 du
2553 6491 2750 6543 système
2776 6496 2819 6532 et
2845 6491 2908 6532 les
2936 6495 3180 6544 avantages
3208 6488 3270 6530 du
3297 6487 3449 6543 projet
3487 6502 3495 6529 :

2523 6560 2622 6603 Une
2652 6575 2879 6618 personne
2940 6563 3019 6618 qui
3079 6560 3223 6602 désire
3254 6558 3498 6602 s’abonner

2466 6632 2562 6675 doit
2591 6646 2791 6690 envoyer
2851 6648 2908 6676 au
2972 6634 3222 6680 Directeur,
3258 6646 3314 6674 en
3347 6632 3499 6675 même

2465 6708 2614 6759 temps
2644 6719 2734 6760 que
2762 6719 2845 6748 son
2876 6718 3087 6747 annonce
3115 6707 3159 6744 et
3187 6716 3271 6746 son
3302 6703 3494 6753 adresse,

2463 6776 2506 6819 le
2537 6775 2642 6831 prix
2670 6778 2727 6822 de
2754 6790 2840 6822 son
2877 6778 3222 6826 abonnement,
3260 6776 3350 6820 soit
3378 6786 3495 6818 onze

2466 6847 2619 6891 francs
2647 6863 2763 6904 pour
2789 6849 2907 6890 deux
2935 6847 3070 6890 mois.

3608 2346 3642 2387 Il
3680 2350 3744 2387 est
3780 2345 3964 2388 évident
4000 2347 4142 2401 qu’on
4179 2352 4286 2400 peut
4323 2346 4567 2387 s’abonner

3546 2430 3601 2458 au
3628 2415 3815 2471 journal
3842 2430 3946 2458 sans
3974 2416 4086 2459 faire
4112 2431 4203 2458 une
4230 2430 4455 2460 annonce.

3604 2488 3661 2530 Le
3686 2487 3936 2538 Directeur,
3966 2488 4062 2529 seul
4087 2488 4259 2542 occupé
4284 2502 4340 2530 au
4366 2488 4572 2543 dépouil¬

3543 2559 3717 2601 lement
3742 2559 3804 2600 du
3830 2560 4035 2600 courrier
4059 2564 4139 2609 est,
4169 2559 4430 2614 également
4455 2560 4568 2609 seul,

3544 2635 3568 2672 à
3600 2631 3838 2672 connaître
3900 2631 4111 2674 l’adresse
4172 2631 4391 2674 véritable
4423 2631 4478 2673 de
4510 2644 4578 2673 ses

3544 2703 3763 2744 abonnés.
3802 2702 3927 2743 Cette
3991 2703 4169 2744 adresse
4203 2708 4268 2744 est
4302 2703 4572 2756 remplacée,

3543 2775 3656 2816 dans
3687 2775 3727 2816 le
3756 2774 3960 2828 journal,
3996 2788 4076 2828 par
4135 2787 4199 2815 un
4234 2775 4428 2815 numéro
4459 2773 4575 2815 d’or¬

3542 2846 3635 2896 dre,
3675 2845 4018 2900 indispensable
4082 2859 4199 2900 pour
4235 2846 4275 2886 la
4308 2859 4575 2899 correspon¬

3542 2916 3699 2959 dance.

3604 2990 3664 3032 Ce
3719 2990 3915 3031 numéro
3968 2994 4034 3030 est
4088 2990 4424 3043 communiqué
4448 2990 4472 3030 à
4499 2987 4575 3028 l’a¬

3546 3063 3699 3103 bonné
3723 3075 3779 3102 en
3805 3060 3957 3102 même
3982 3066 4130 3114 temps
4156 3059 4296 3114 qu’on
4323 3060 4388 3100 lui
4415 3073 4574 3101 accuse

3544 3135 3775 3188 réception
3802 3131 3863 3173 du
3890 3131 4095 3174 mandat.

3599 3203 3863 3256 Supposons
3922 3202 4094 3256 qu’une
4122 3202 4175 3243 de
4204 3216 4287 3244 nos
4344 3202 4574 3243 abonnées

3543 3271 3710 3312 veuille
3736 3270 3876 3312 écrire
3904 3271 3927 3311 à
3956 3270 4014 3311 M.
4046 3270 4155 3320 X...,
4189 3270 4302 3311 dont
4330 3270 4572 3312 l’annonce

3544 3348 3672 3399 porte
3700 3344 3741 3385 le
3770 3346 3821 3383 n°
3852 3343 3893 3383 6.
3926 3342 4021 3383 Elle
4048 3343 4211 3384 inscrit
4237 3342 4520 3383 lisiblement
4548 3342 4572 3382 à

3546 3415 3587 3456 la
3620 3415 3778 3470 plume
3810 3428 3870 3456 ou
3903 3428 3960 3456 au
3994 3426 4162 3468 crayon
4196 3426 4278 3454 son
4312 3426 4423 3454 nom
4456 3416 4499 3453 et
4532 3411 4572 3452 le

3544 3490 3596 3526 n°
3626 3487 3650 3527 6
3678 3487 3791 3527 dans
3818 3484 4071 3527 l’intérieur
4096 3483 4150 3526 de
4176 3483 4215 3523 la
4244 3484 4469 3538 première
4495 3496 4572 3524 en¬

3544 3556 3751 3612 veloppe,
3788 3556 3899 3599 celle
3932 3558 4011 3611 qui
4044 3560 4172 3611 porte
4205 3555 4245 3596 le
4277 3568 4388 3596 nom
4422 3560 4464 3597 et
4496 3554 4572 3595 l’a¬

3545 3628 3695 3670 dresse
3730 3628 3791 3669 du
3826 3628 4063 3670 Directeur
4098 3627 4160 3668 du
4195 3626 4315 3667 Trait
4351 3627 4568 3668 d’Union.

3545 3699 3666 3736 Dans
3694 3703 3809 3735 cette
3834 3698 4087 3746 enveloppe
4114 3698 4199 3742 ollo
4226 3696 4349 3742 plo.ee
4377 3696 4414 3737 lo
4445 3698 4573 3730 lettre

3547 3767 3756 3807 cachetée
3791 3766 3870 3817 qui
3907 3764 4003 3803 doit
4036 3763 4131 3806 être
4166 3762 4328 3803 remise
4364 3772 4420 3800 au
4456 3762 4510 3799 n°
4548 3760 4573 3799 6

3547 3848 3626 3890 par
3662 3834 3938 3876 l’entremise
3974 3832 4036 3875 du
4072 3834 4323 3875 Directeur.
4362 3830 4431 3872 Au
4465 3841 4571 3880 reçu

3547 3907 3601 3947 de
3636 3910 3750 3949 cette
3786 3906 3927 3953 lettre,
3966 3903 4007 3945 le
4043 3904 4280 3946 Directeur
4314 3902 4499 3945 déchire
4534 3900 4572 3942 la

3548 3980 3772 4035 première
3807 3975 4075 4030 enveloppe,
4114 3976 4139 4016 à
4175 3989 4259 4017 son
4296 3988 4423 4024 nom,
4463 3975 4575 4016 dans

3549 4051 3803 4092 l’intérieur
3829 4047 3883 4089 de
3910 4045 4106 4099 laquelle
4135 4059 4180 4087 se
4208 4051 4370 4087 trouve
4398 4047 4510 4087 écrit
4538 4044 4577 4085 le

3551 4136 3662 4164 nom
3687 4123 3742 4164 de
3766 4119 4006 4162 l’abonnée
4029 4121 4072 4159 et
4096 4115 4138 4157 le
4162 4118 4360 4158 numéro
4386 4130 4494 4159 avec
4519 4115 4579 4157 le¬

3550 4194 3655 4248 quel
3680 4193 3765 4235 elle
3790 4196 3898 4234 veut
3922 4187 4263 4243 correspondre.

3611 4264 3696 4308 Sur
3723 4265 3766 4307 la
3795 4264 3923 4306 lettre
3951 4259 4159 4304 cachetée
4187 4259 4242 4301 de
4270 4258 4579 4314 l’expéditrice

3551 4338 3579 4378 il
3607 4338 3718 4379 écrit
3743 4336 3952 4378 l’adresse
3976 4331 4195 4376 véritable
4219 4331 4279 4374 du
4306 4334 4356 4371 n°
4384 4331 4408 4372 6
4435 4336 4477 4372 et
4502 4343 4579 4371 en¬

3551 4411 3652 4451 voie
3678 4414 3792 4451 cette
3819 4408 3948 4450 lettre
3975 4421 4078 4450 sans
4106 4404 4295 4448 l’ouvrir
4321 4404 4345 4444 à
4371 4416 4454 4444 son
4483 4402 4579 4444 des¬

3551 4480 3778 4529 tinataire,
3808 4479 3867 4519 M.
3897 4478 3988 4519 X...

3608 4551 3674 4592 De
3709 4555 3823 4592 cette
3859 4550 4008 4602 façon,
4048 4549 4088 4591 le
4123 4548 4360 4591 Directeur
4394 4546 4582 4588 connaît

3550 4623 3646 4664 seul
3682 4622 3894 4664 l’adresse
3931 4622 4007 4663 des
4043 4620 4162 4662 deux
4198 4619 4580 4672 correspondants

3551 4696 3630 4750 qui
3656 4700 3856 4751 peuvent
3880 4695 4123 4735 continuer
4146 4691 4168 4731 à
4195 4688 4370 4734 s’écrire
4394 4704 4475 4745 par
4499 4703 4582 4731 son

3554 4767 3814 4810 entremise.
3887 4766 4086 4819 Lorsque
4120 4762 4183 4803 les
4221 4762 4340 4804 deux
4377 4762 4582 4804 abonnés

3553 4844 3767 4883 trouvent
3799 4839 3862 4879 les
3894 4836 4291 4890 renseignements
4325 4834 4526 4876 mutuels
4560 4835 4583 4875 à

3554 4913 3652 4955 leur
3683 4922 3991 4959 convenance,
4028 4907 4081 4948 ils
4114 4912 4315 4961 peuvent
4346 4911 4498 4948 entrer
4528 4919 4585 4947 en

3554 4986 3770 5026 relations
3828 4983 4018 5023 directes
4079 4983 4122 5020 et
4152 4980 4324 5019 arriver
4384 4992 4442 5019 au
4503 4978 4587 5019 but

3555 5055 3792 5110 poursuivi
3820 5054 3875 5095 de
3900 5052 3999 5094 leur
4025 5051 4187 5092 union.

3615 5126 3675 5176 Si,
3715 5139 3772 5167 au
3808 5123 4050 5172 contraire,
4090 5122 4152 5164 les
4188 5123 4587 5176 renseignements

3555 5198 3783 5252 échangés
3812 5210 3869 5238 ne
3896 5195 3959 5238 les
4017 5194 4230 5238 satisfont
4287 5208 4381 5250 pas,
4414 5195 4468 5236 ils
4497 5207 4588 5236 ces¬

3556 5276 3658 5314 sent
3714 5270 3768 5311 de
3798 5268 4129 5323 correspondre
4188 5272 4232 5308 et
4291 5280 4474 5307 comme
4534 5266 4590 5306 ils

3558 5347 3775 5399 ignorent
3830 5342 3927 5383 l’un
3982 5347 4024 5383 et
4080 5340 4255 5390 l’autre,
4286 5339 4384 5380 leur
4411 5352 4522 5379 nom
4548 5346 4591 5379 et

3559 5416 3751 5465 adresse,
3787 5427 3940 5456 aucun
3974 5414 4108 5456 d’eux
4143 5411 4255 5454 n’est
4287 5410 4586 5464 compromis.

3618 5489 3651 5529 Il
3679 5493 3744 5530 est
3770 5487 3876 5527 bien
3904 5486 4107 5527 entendu
4164 5498 4252 5537 que
4310 5496 4426 5524 nous
4454 5483 4591 5524 décli¬

3559 5575 3676 5603 nons
3709 5563 3834 5603 toute
3864 5555 4214 5614 responsabilité
4247 5555 4442 5610 puisque
4475 5567 4591 5596 nous

3558 5647 3675 5676 nous
3699 5633 3872 5675 faisons
3896 5646 3959 5674 un
3986 5630 4142 5672 devoir
4167 5630 4221 5670 de
4245 5632 4383 5668 rester
4408 5633 4591 5668 neutres

3559 5711 3602 5747 et
3635 5704 3868 5759 d’ignorer
3903 5716 3952 5744 ce
3987 5700 4270 5755 qu’écrivent
4304 5711 4387 5740 nos
4422 5710 4591 5739 corres¬

3560 5776 3806 5832 pondants.

3620 5848 3791 5904 Depuis
3822 5847 3889 5888 six
3919 5859 3998 5886 ans
4055 5855 4143 5898 que
4203 5855 4252 5884 ce
4308 5843 4496 5898 journal
4528 5846 4594 5883 est

3562 5923 3675 5972 créé,
3710 5922 3740 5963 il
3771 5919 3874 5962 s’est
3928 5916 4160 5958 contracté
4219 5916 4274 5958 de
4335 5915 4594 5958 nombreux

3563 5995 3787 6048 mariages
3821 5995 3863 6031 et
3896 5995 3996 6031 tout
4028 5990 4070 6032 le
4102 5990 4273 6032 monde
4306 5990 4391 6030 sait
4423 5988 4463 6028 la
4498 5999 4594 6028 ma¬

3565 6068 3688 6108 nière
3721 6064 3915 6107 sérieuse
3949 6063 4063 6104 dont
4096 6063 4231 6116 opère
4266 6062 4305 6100 la
4340 6059 4590 6100 Direction.

3617 6138 3742 6175 Nota.
3770 6157 3824 6162 —
3854 6135 3915 6174 Ne
3945 6144 4026 6183 pas
4054 6133 4228 6174 oublier
4286 6131 4348 6169 les
4402 6128 4594 6168 timbres

3563 6200 4040 6242 d’affranchissement
4074 6195 4339 6244 obligatoire
4375 6204 4490 6244 pour
4552 6195 4595 6234 la

3563 6265 3786 6316 première
3815 6270 3856 6306 et
3888 6267 3930 6306 la
3959 6262 4195 6304 deuxième
4224 6262 4515 6311 enveloppes.

3749 6478 4413 6555 CONDITIONS

3687 6612 3740 6658 11
3775 6610 3962 6656 francs
3990 6623 4123 6668 pour
4159 6610 4298 6655 deux
4332 6610 4488 6656 mois.

3575 6724 3795 6765 Donnant
3827 6723 3948 6767 droit
3979 6726 4003 6767 à
4038 6738 4128 6767 une
4161 6738 4372 6768 annonce
4405 6724 4460 6767 de
4493 6723 4516 6768 6
4550 6724 4603 6767 li¬

3634 6796 3746 6836 gnes
3806 6786 4066 6827 maximum
4098 6789 4139 6827 et
4170 6784 4518 6828 l’abonnement
4547 6799 4604 6827 au

3632 6844 3836 6900 journal.

4900 3589 4960 3739 I

3440 7307 3443 7310 '
3487 7322 3491 7326 .
4420 7311 4477 7337 r.\
