5132 7504
378 612 606 658 Sixième
642 609 828 652 année.
862 631 915 636 —
943 603 981 647 N
1031 596 1063 639 8

1971 587 2044 632 Le
2082 582 2308 631 Numéro
2347 580 2359 633 :
2406 580 2424 632 \
2449 579 2503 632 O
2541 578 2797 624 centimes

3246 463 3375 543 tfl\

3303 546 3357 595 bO
3588 551 3668 596 Du
3707 550 3768 594 18
3802 562 3868 594 au
3902 547 3967 594 25
4001 542 4300 592 Décembre
4335 542 4457 587 1910

556 826 863 864 PARAISSANT

2193 747 2404 848 LE

3883 776 4195 812 PARAISSANT

466 876 624 910 Toutes
653 876 714 906 les
742 868 959 904 Semaines

3792 826 3951 859 Toutes
3980 824 4042 856 les
4070 820 4287 855 Semaines

1343 1709 1601 1788 DES
1692 1683 2383 1784 INTÉRÊTS
2466 1683 3443 1785 RÉCIPROQUES

555 1854 999 1907 Combinaison
1039 1847 1308 1910 Mariage
1347 1841 1530 1895 créée
1570 1854 1648 1891 en
1686 1834 1854 1891 1905
1927 1850 1962 1884 •
1998 1847 2031 1883 •
2067 1846 2102 1882 •
2175 1832 2463 1882 Bureaux
2504 1828 2563 1879 et
2599 1822 3112 1878 Administration
3150 1835 3164 1870 :
3203 1818 3310 1877 26.
3350 1831 3462 1868 rue
3502 1814 3787 1878 d’Astorg
3823 1839 3888 1847 —
3928 1811 4247 1864 Toulouse

330 1992 393 2028 LA
419 1990 552 2026 PLUS
578 1988 830 2024 HONNETE

330 2039 394 2074 LA
422 2038 555 2072 PLUS
584 2034 843 2071 DISCRETE

331 2085 394 2120 LA
422 2084 554 2120 PLUS
583 2080 779 2117 RAPIDE

332 2132 395 2167 LA
428 2132 560 2167 PLUS
592 2124 853 2164 SERIEUSE

332 2179 394 2214 LA
422 2178 554 2213 PLUS
579 2174 715 2212 SURE

334 2226 396 2260 LA
426 2222 592 2260 MOINS
620 2217 795 2256 CHERE

335 2271 431 2307 PAS
464 2263 947 2305 D’INTERMEDIAIRE

335 2318 432 2354 PAS
462 2318 527 2352 DE
555 2310 888 2352 COMMISSION

1577 1979 1909 2039 ABQNiE$ENT
1931 1994 1984 2031 au
2005 1976 2182 2030 Journal
2204 1975 2389 2028 donnant
2410 1972 2519 2026 droit
2548 1971 2575 2023 à
2595 1982 2674 2023 une
2695 1968 2899 2022 insertion
2920 1966 2971 2019 de
2994 1965 3021 2020 6
3043 1966 3176 2030 lignes
3198 1978 3209 2016 :

1438 2084 1647 2116 Annonces
1701 2077 1752 2111 de
1806 2072 1978 2118 Mariage
2025 2071 2112 2113 (six
2155 2068 2283 2115 lignes
2342 2070 2386 2103 et
2434 2064 2699 2102 abonnement
2747 2071 2802 2096 au
2851 2058 3034 2106 journal)

1512 2128 1616 2162 Deux
1661 2123 3034 2159 mois...
3094 2103 3159 2139 11
3191 2103 3340 2139 francs.

1439 2182 1582 2224 Lignes
1603 2172 3038 2220 supplémentaires.
3142 2160 3163 2191 1
3235 2175 3275 2181 —

1442 2235 1679 2267 Annnonces
1700 2231 1736 2263 et
1760 2227 1967 2263 Locations
1989 2224 2104 2266 (trois
2127 2222 3039 2262 mois)...
3137 2209 3171 2244 6
3236 2229 3275 2234 —

1443 2284 1538 2319 Avis
1556 2283 1703 2322 divers,
1726 2280 1851 2316 Offres
1874 2282 1911 2315 et
1934 2277 2152 2314 Demandes
2174 2272 2381 2319 d'emplois
2402 2271 2525 2313 (deux
2548 2268 3042 2308 mois).
3143 2262 3175 2296 3
3238 2280 3279 2287 —

3571 1950 3620 1983 Le
3647 1960 3664 1978 «
3691 1947 3808 1982 Trait
3834 1946 4012 1980 d’Union
4039 1958 4058 1978 »
4086 1947 4146 1981 est
4195 1943 4355 1986 envoyé
4404 1947 4548 1980 contre

3519 1997 3540 2030 0
3562 1996 3614 2029 fr.
3639 1996 3683 2028 10
3704 1994 3730 2028 à
3752 1996 3866 2029 toute
3891 2000 4096 2034 personne
4122 1994 4191 2032 qui
4215 2000 4268 2028 en
4290 1995 4370 2030 fait
4394 1994 4435 2030 la
4482 1991 4531 2028 ds

3522 2042 3687 2077 mande.

3571 2088 3633 2123 Un
3660 2092 3703 2120 n°
3726 2084 3936 2126 spécimen
3962 2088 4024 2122 est
4048 2086 4171 2122 offert
4195 2087 4548 2128 gracieusement,

3522 2133 3546 2168 à
3571 2135 3662 2170 tout
3688 2134 3876 2172 visiteur,
3900 2132 4010 2167 dans
4035 2139 4110 2167 nos
4135 2133 4339 2168 bureaux,

3571 2182 3622 2215 Le
3671 2180 3846 2215 Journal
3898 2181 3959 2215 est
3984 2179 4157 2215 adressé
4182 2179 4207 2215 à
4259 2184 4335 2212 nos
4360 2175 4547 2211 abonnés

3523 2235 3622 2262 sous
3650 2226 3876 2264 enveloppe
3900 2226 4072 2267 fermée,
4100 2232 4203 2263 sans
4228 2230 4392 2260 aucune
4444 2222 4548 2257 indi¬

3526 2280 3664 2315 cation
3698 2280 3945 2319 apparente.

286 2464 460 2504 Extrait
494 2462 555 2502 du
590 2456 735 2510 grand
770 2455 952 2507 journal
989 2454 1032 2493 la
1071 2450 1258 2499 Rapide-

234 2525 424 2576 Agence,
456 2524 519 2564 du
547 2520 792 2562 dimanche
819 2520 872 2559 30
899 2516 1079 2558 octobre
1107 2526 1166 2554 au
1195 2511 1260 2551 di¬

234 2588 426 2630 manche
449 2587 474 2626 6
498 2582 758 2631 novembre,
786 2587 839 2620 n°
866 2582 944 2620 266
971 2592 978 2618 :

234 2714 285 2793 A
320 2734 447 2792 mes
482 2713 725 2786 anciens

571 2815 852 2894 Abonnés
889 2814 946 2884 et
979 2807 1262 2884 Lecteurs

293 3007 348 3044 Le
379 3004 567 3043 nombre
624 3003 701 3042 des
756 3003 944 3041 affaires
971 2998 1154 3039 traitées
1183 3007 1264 3046 par

239 3078 344 3108 mon
378 3067 552 3115 Agence
610 3065 908 3112 augmentant
939 3062 1114 3108 chaque
1143 3059 1262 3107 jour,

239 3140 310 3171 me
336 3138 526 3180 procure
552 3136 640 3168 une
664 3124 912 3172 surcharge
963 3122 1018 3162 de
1071 3122 1265 3170 besogne

238 3195 264 3235 à
291 3193 484 3243 laquelle
511 3191 538 3230 il
567 3199 638 3230 me
664 3188 843 3228 devient
896 3183 1159 3234 impossible
1212 3183 1264 3222 de

240 3256 403 3296 suffire
431 3264 442 3302 ;
495 3254 615 3294 aussi
671 3262 784 3301 pour
811 3260 864 3290 ne
892 3259 972 3298 pas
996 3246 1267 3287 disséminer

241 3327 336 3356 mes
367 3317 541 3362 efforts,
575 3315 683 3362 ai-je
715 3314 809 3362 pris
843 3314 884 3351 la
916 3308 1265 3350 détermination

242 3379 294 3419 de
351 3387 420 3417 me
476 3384 712 3416 consacrer
767 3374 1123 3413 exclusivement
1179 3379 1266 3409 aux

242 3442 430 3483 affaires
459 3437 799 3479 commerciales
829 3435 904 3483 qui
937 3443 1008 3472 me
1037 3434 1139 3471 sont
1167 3439 1268 3470 con¬

242 3504 352 3544 fiées
378 3507 419 3543 et
444 3502 711 3550 auxquelles
738 3500 779 3547 je
807 3496 951 3536 désire
979 3495 1154 3535 donner
1182 3502 1267 3531 une

244 3566 476 3606 extension
506 3564 608 3610 plus
635 3558 958 3599 considérable.

301 3628 422 3666 Dans
444 3635 492 3664 ce
515 3623 611 3671 but,
635 3622 680 3671 je
703 3620 831 3660 viens
854 3620 908 3659 de
931 3618 1062 3658 céder
1087 3617 1129 3655 la
1152 3624 1268 3656 com¬

247 3689 454 3732 binaison
494 3703 511 3723 »
551 3686 751 3735 Mariage
790 3701 807 3719 »
844 3679 1078 3732 organisée
1114 3690 1194 3728 par
1231 3679 1272 3718 la

248 3773 264 3789 «.
300 3752 668 3803 Rapide-Agence
699 3766 716 3783 »
745 3747 772 3786 à
799 3756 886 3786 une
914 3754 1136 3790 personne
1163 3742 1273 3781 dont

250 3816 291 3852 la
310 3812 524 3851 situation
550 3808 833 3856 personnelle
854 3808 895 3844 et
917 3806 959 3842 la
980 3803 1115 3841 haute
1136 3798 1274 3841 hono¬

250 3871 427 3915 rabilité
456 3872 666 3911 assurent
694 3867 720 3907 à
751 3868 939 3907 l’œuvre
970 3863 1156 3904 délicate
1188 3872 1274 3912 que

249 3938 324 3988 j’ai
347 3934 527 3983 fondée,
551 3936 699 3975 toutes
723 3932 785 3972 les
807 3928 1036 3980 garanties
1059 3926 1274 3967 nécessai¬

251 4012 322 4041 res
355 4001 407 4039 de
438 4000 528 4038 tact
560 3999 602 4037 et
635 3997 687 4035 de
722 3991 911 4043 probité.
946 3992 998 4032 Je
1032 3990 1127 4039 prie
1160 3990 1275 4028 donc

254 4072 348 4102 mes
380 4060 632 4099 nombreux
667 4059 859 4096 lecteurs
891 4058 932 4094 et
963 4051 1191 4093 abonnées
1223 4050 1276 4087 de

254 4123 428 4163 vouloir
462 4122 564 4161 bien
600 4122 800 4168 reporter
832 4128 911 4156 sur
946 4116 983 4155 le
1016 4119 1276 4152 successeur

255 4195 340 4236 que
367 4183 442 4233 j’ai
470 4181 895 4231 scrupuleusement
923 4175 1078 4220 choisi,
1111 4174 1152 4211 la
1179 4182 1279 4212 con¬

254 4250 403 4291 fiance
427 4247 536 4287 dont
560 4247 615 4285 ils
638 4242 881 4284 m’avaient
906 4235 1075 4276 honoré
1098 4234 1281 4285 jusqu’à

256 4326 302 4355 ce
327 4316 446 4364 jour,
474 4310 630 4353 assuré
656 4309 868 4348 d’avance
895 4302 1028 4351 qu’ils
1055 4302 1154 4342 n’en
1180 4311 1282 4343 sau¬

257 4379 403 4418 raient
430 4376 651 4424 éprouver
679 4376 827 4408 aucun
857 4367 1019 4415 regret.

314 4435 584 4479 Désormais,
613 4432 674 4470 les
700 4430 864 4475 lettres,
891 4428 1103 4468 mandats
1126 4430 1167 4467 et
1191 4435 1282 4465 cor¬

259 4499 591 4548 respondances
620 4492 795 4532 relatifs
823 4503 911 4532 aux
942 4491 1182 4539 mariages,
1214 4487 1284 4527 de¬

259 4563 391 4601 vront
415 4558 507 4598 être
530 4554 735 4596 adressés
758 4554 784 4596 à
810 4556 871 4595 M.
901 4555 939 4594 le
966 4554 1199 4592 Directeur
1223 4550 1284 4588 du

260 4620 450 4663 Journal
476 4635 494 4656 «
519 4620 574 4659 Le
595 4619 722 4659 Trait
742 4618 935 4659 d’Union
961 4632 979 4651 »
1003 4615 1080 4654 des
1102 4608 1286 4650 intérêts

263 4683 566 4734 réciproques,
592 4694 671 4723 rue
696 4682 916 4728 d’Astorg,
943 4678 1007 4716 26.

947 4756 999 4794 A.
1028 4752 1232 4794 FAVAS.

262 4946 437 5049 Aux
454 4942 829 5046 Abonnés
846 4972 905 5061 §
922 4940 1289 5038 Lecteurs

516 5107 594 5150 Du
631 5100 779 5147 Trait
812 5096 1035 5143 d’Union

328 5302 387 5342 Ce
418 5296 607 5352 journal
642 5294 751 5335 n’est
813 5306 894 5346 pas
958 5302 1044 5331 une
1078 5287 1294 5331 création.

269 5373 384 5414 Sous
411 5371 449 5413 le
478 5381 588 5410 nom
614 5367 667 5408 de
694 5362 1084 5420 Rapide-Agence,
1117 5362 1147 5402 il
1171 5363 1300 5414 porte

273 5444 432 5500 depuis
461 5443 567 5498 plus
599 5442 651 5483 de
684 5440 752 5482 six
783 5451 879 5487 ans,
916 5438 1028 5478 dans
1062 5435 1206 5476 toutes
1239 5432 1300 5472 les

275 5518 456 5568 régions
483 5515 544 5554 du
570 5513 680 5552 Midi
707 5514 746 5551 et
774 5511 826 5550 de
854 5510 895 5548 la.
919 5510 1087 5547 France
1114 5502 1298 5551 entière,

274 5584 524 5629 l’heureuse
560 5579 883 5623 combinaison
946 5575 1069 5618 créée
1103 5587 1186 5627 par
1218 5583 1304 5615 son

275 5659 511 5700 Directeur
543 5656 584 5695 et
615 5651 879 5706 poursuivie
914 5662 1019 5691 avec
1055 5660 1118 5690 un
1149 5646 1303 5689 succès

278 5730 358 5783 qui
383 5739 437 5768 ne
462 5726 564 5768 s’est
587 5724 755 5779 jamais
782 5723 999 5767 démenti.

335 5798 629 5855 Transformé
659 5800 700 5840 et
734 5795 939 5848 modifié,
972 5806 1076 5835 sous
1111 5803 1198 5832 une
1229 5791 1307 5831 Di¬

278 5873 452 5916 rection
482 5871 709 5917 nouvelle,
743 5870 783 5910 le
840 5864 964 5908 Trait
991 5862 1194 5905 d’Union
1251 5872 1309 5901 va

283 5943 531 5987 désormais
563 5942 796 5991 s’occuper
826 5935 1150 5988 spécialement
1183 5931 1307 5972 d’an¬

286 6028 454 6056 nonces
486 6015 538 6056 de
572 6011 788 6063 mariage,
823 6008 920 6060 afin
951 6007 1003 6047 de
1036 6006 1214 6047 donner
1246 6014 1309 6043 un

282 6086 449 6126 nouvel
475 6098 597 6126 essor
621 6084 647 6126 à
671 6084 784 6124 cette
811 6090 966 6120 œuvre
995 6077 1307 6123 intéressante,

283 6155 608 6203 humanitaire,
655 6148 1068 6208 philanthropique
1135 6150 1176 6188 et
1242 6159 1310 6187 so¬

282 6231 408 6274 ciale.

346 6303 404 6344 Ce
430 6298 542 6354 petit
565 6297 754 6350 journal
783 6296 855 6338 n’a
878 6307 959 6350 pas
986 6293 1028 6335 la
1050 6290 1312 6344 prétention

290 6375 427 6416 d’être
455 6366 683 6412 littéraire.
717 6368 752 6407 Il
782 6367 855 6408 n’a
883 6367 930 6408 ni
958 6362 1312 6407 collaborateurs

291 6447 339 6488 ni
367 6440 598 6499 employés
627 6438 850 6479 d’aucune
906 6440 1038 6479 sorte.
1099 6435 1175 6476 Ses
1235 6432 1315 6474 bu¬

295 6530 431 6558 reaux
468 6528 523 6557 ne
559 6511 712 6555 seront
745 6510 915 6562 jamais
951 6505 1220 6550 encombrés
1257 6504 1311 6546 de

292 6588 481 6628 curieux
513 6584 751 6628 indiscrets
783 6580 831 6620 ni
862 6580 916 6620 de
949 6592 1060 6634 gens
1091 6578 1316 6634 d’affaires

292 6658 396 6711 pim
423 6670 483 6697 ou
511 6658 662 6699 moins
687 6654 870 6696 véreux.

356 6727 451 6770 Une
486 6727 800 6780 organisation
832 6723 1024 6779 parfaite
1059 6724 1100 6763 et
1136 6734 1223 6763 une
1260 6724 1319 6763 te¬

297 6814 385 6844 nue
414 6798 751 6851 irréprochable
781 6812 793 6840 :
819 6795 940 6839 voilà
965 6807 1015 6837 sa
1039 6794 1204 6835 devise.

351 6868 567 6916 Abonnés
599 6870 640 6908 et
673 6869 864 6911 lecteurs
925 6871 1027 6910 sont
1059 6865 1235 6908 assurés
1268 6866 1320 6907 de

299 6950 482 6987 trouver
504 6954 562 6983 en
587 6939 651 6980 lui
679 6951 740 6979 un
764 6940 1000 6981 auxiliaire
1024 6938 1318 6991 scrupuleux,

1339 2448 1474 2489 d’une
1512 2443 1759 2486 discrétion
1796 2442 1999 2490 absolue,
2039 2443 2079 2480 et
2118 2439 2254 2479 d’une
2294 2436 2360 2476 in¬

1337 2517 1588 2560 discutable
1619 2512 1815 2568 loyauté.

1392 2587 1486 2639 Que
1519 2598 1632 2627 ceux
1664 2586 1744 2639 qui
1807 2595 1860 2624 ne
1924 2594 2039 2622 nous
2071 2577 2363 2621 connaissent

1333 2673 1414 2714 pas
1442 2660 1662 2700 viennent
1692 2656 1718 2698 à
1746 2667 1862 2696 nous
1891 2666 1995 2695 sans
2023 2651 2210 2692 crainte.
2244 2649 2364 2690 Nous

1335 2743 1491 2772 serons
1522 2730 1728 2771 heureux
1758 2727 1811 2767 de
1873 2726 1935 2766 les
1995 2722 2120 2763 aider
2150 2720 2203 2761 de
2237 2720 2364 2760 notre

1336 2813 1560 2843 concours
1621 2798 1814 2839 indirect
1841 2807 1925 2848 par
1955 2795 1992 2835 le
2019 2791 2210 2846 journal
2240 2792 2279 2831 et
2312 2790 2364 2830 de

1339 2884 1420 2914 nos
1483 2868 1676 2912 conseils
1707 2864 1976 2921 personnels
2039 2863 2215 2915 chaque
2278 2860 2366 2914 fois

1338 2942 1472 2995 qu’ils
1504 2939 1736 2979 voudront
1801 2935 1907 2978 bien
1971 2946 2086 2975 nous
2150 2930 2364 2972 accorder

1341 3016 1440 3055 leur
1474 3011 1715 3066 confiance
1751 3012 1793 3050 et
1831 3020 1947 3048 nous
1984 3006 2237 3048 demander
2273 3016 2356 3044 n-os

1337 3086 1447 3126 avis.

1396 3156 1491 3209 Que
1555 3167 1636 3196 nos
1698 3154 1888 3194 lecteurs
1950 3150 2226 3192 deviennent
2288 3146 2363 3188 des

1338 3230 1471 3271 amis.
1503 3227 1598 3280 Que
1623 3227 1810 3279 partout
1839 3227 1880 3264 et
1907 3223 1934 3263 à
1963 3226 2079 3268 tous,
2112 3220 2165 3260 ils
2190 3219 2364 3272 fassent

1343 3302 1596 3347 connaître,
1635 3309 1739 3338 sans
1775 3295 1947 3336 crainte
1984 3295 2026 3333 et
2062 3302 2166 3333 sans
2204 3289 2359 3336 honte,

1341 3374 1379 3414 le
1407 3372 1499 3412 bon
1519 3370 1923 3423 fonctionnement
1950 3367 2002 3407 de
2030 3367 2157 3406 notre
2183 3360 2366 3415 organi¬

1342 3443 1491 3484 sation
1529 3456 1542 3490 ;
1579 3442 1713 3496 qu’ils
1752 3452 1867 3480 nous
1900 3438 2150 3492 procurent
2186 3436 2225 3477 le
2258 3434 2365 3487 plus

1343 3516 1632 3559 d’adhésions
1663 3514 1879 3568 possible,
1914 3509 2036 3551 voilà
2068 3510 2195 3548 notre
2230 3503 2362 3546 désir.

1403 3592 1433 3631 A
1472 3593 1571 3631 tous
1603 3591 1643 3628 et
1676 3587 1700 3627 à
1735 3587 1895 3632 toutes,
1932 3594 2047 3623 nous
2079 3578 2364 3623 souhaitons,

1344 3676 1402 3706 en
1428 3665 1595 3710 retour,
1628 3659 1778 3700 bonne
1834 3655 2004 3696 chance
2062 3655 2102 3694 et
2155 3649 2368 3704 prompte

1346 3735 1607 3778 réalisation
1631 3732 1684 3771 de
1709 3732 1828 3770 leurs
1850 3729 1957 3780 plus
1981 3724 2137 3766 chères
2162 3720 2370 3775 espéran¬

1348 3818 1431 3847 ces.

1895 3855 1967 3895 LA
1991 3848 2314 3893 DIRECTION.

1351 4041 1454 4143 Le
1477 4038 1830 4160 Mariage
1858 4031 2236 4132 moderne

1597 4187 1674 4282 et
1695 4180 1776 4277 la
1801 4170 2379 4298 Dépopulation

1415 4427 1493 4468 S’il
1524 4431 1590 4467 est
1620 4438 1710 4466 une
1768 4422 1979 4476 question
2042 4422 2065 4462 à
2127 4419 2291 4460 l’ordre
2323 4418 2383 4459 du

1357 4500 1479 4552 jour,
1515 4495 1622 4536 c’est
1682 4494 1967 4535 assurément
2027 4491 2138 4534 celle
2199 4490 2260 4532 du
2292 4503 2387 4531 ma¬

1359 4568 1498 4620 riage.

1418 4638 1536 4679 Tous
1564 4636 1628 4679 les
1655 4636 1896 4687 écrivains,
1928 4634 2246 4682 économistes,
2279 4644 2388 4686 pen¬

1361 4723 1502 4761 seurs,
1568 4710 1816 4757 médecins,
1883 4706 2095 4748 hommes
2130 4703 2279 4752 d’état,
2346 4715 2391 4743 se

1363 4788 1467 4827 sont
1499 4782 1774 4838 préoccupés
1808 4779 1862 4821 de
1895 4778 1936 4820 la
1971 4778 2084 4820 crise
2148 4789 2236 4830 que
2268 4774 2392 4817 subit

1362 4869 1420 4898 en
1450 4867 1499 4896 ce
1526 4856 1738 4895 moment
1766 4851 2062 4892 l’institution
2091 4862 2169 4890 sur
2198 4844 2392 4901 laquelle

1364 4939 1522 4979 repose
1551 4924 1742 4964 l’avenir
1774 4924 1827 4964 de
1858 4923 1899 4963 la
1930 4921 2095 4962 société
2126 4924 2168 4960 et
2198 4919 2239 4960 la
2270 4919 2393 4959 force

1366 4997 1442 5038 des
1478 4995 1674 5036 nations.
1743 4994 1822 5035 Les
1855 4992 2082 5045 mariages
2116 4990 2395 5032 deviennent

1366 5068 1422 5110 de
1446 5067 1550 5122 plus
1576 5079 1634 5108 en
1660 5065 1763 5120 plus
1790 5063 2018 5112 difficiles,
2048 5062 2111 5103 les
2138 5063 2395 5103 naissances

1368 5140 1634 5183 diminuent
1660 5136 1715 5180 de
1742 5136 1850 5191 jour
1876 5147 1934 5176 en
1961 5135 2083 5188 jour,
2115 5132 2234 5174 voilà
2264 5132 2304 5174 le
2332 5131 2395 5172 cri

1370 5211 1587 5254 d’alarme
1615 5208 1778 5264 poussé
1807 5220 1887 5261 par
1914 5211 2015 5248 tous
2044 5218 2158 5247 ceux
2184 5204 2263 5258 qui
2292 5202 2398 5244 s’in¬

1371 5284 1588 5326 téressent
1615 5282 1640 5322 à
1670 5280 1712 5322 la
1743 5279 1955 5334 question
1984 5275 2163 5320 sociale.

1430 5355 1594 5396 Toutes
1625 5353 1688 5394 les
1720 5351 1917 5393 théories
1977 5352 2059 5390 ont
2091 5347 2159 5387 été
2190 5343 2399 5398 dévelop¬

1374 5427 1491 5482 pées,
1526 5426 1602 5467 des
1634 5424 1753 5466 idées
1784 5420 2074 5475 ingénieuses
2106 5423 2208 5460 sont
2238 5415 2400 5458 émises

1372 5498 1750 5554 journellement,
1784 5495 1846 5536 les
1875 5494 2048 5548 projets
2079 5491 2140 5532 les
2171 5488 2274 5544 plus
2302 5487 2402 5529 fan¬

1374 5571 1567 5613 taisistes
1619 5572 1723 5610 sont
1779 5564 2036 5608 élaborés...
2097 5562 2194 5615 Que
2250 5559 2404 5603 faut-il

1375 5643 1487 5683 faire
1527 5642 1543 5682 ?

1436 5719 1571 5762 Point
1596 5716 1710 5760 n’est
1734 5715 1908 5765 besoin,
1936 5714 1962 5755 à
1985 5726 2096 5754 mon
2123 5711 2232 5760 avis,
2262 5710 2315 5751 de
2340 5708 2405 5750 ré¬

1379 5792 1551 5848 pandre
1577 5790 1654 5831 des
1680 5787 1783 5830 Ilots
1809 5787 1990 5828 d’encre
2016 5796 2132 5839 pour
2158 5782 2332 5836 répéter
2358 5793 2408 5820 ce

1379 5878 1468 5919 que
1495 5866 1596 5905 tout
1622 5860 1664 5902 le
1691 5858 1863 5901 monde
1891 5858 1991 5900 sait.
2052 5855 2111 5898 Le
2167 5866 2335 5907 moyen
2367 5851 2407 5892 le

1380 5935 1483 5989 plus
1516 5932 1740 5987 pratique,
1807 5927 1915 5971 c’est
1947 5928 2002 5969 de
2035 5924 2314 5981 rapprocher
2346 5923 2408 5963 les

1381 6006 1634 6054 intéressés,
1664 6004 1719 6045 de
1744 6000 1963 6043 favoriser
1987 5999 2051 6040 les
2076 5998 2326 6047 occasions,
2355 5994 2411 6036 de

1380 6076 1541 6119 tendre
1568 6076 1612 6117 la
1639 6074 1767 6116 main
1795 6085 1884 6114 aux
1911 6070 2060 6119 isolés,
2091 6082 2180 6110 aux
2207 6067 2407 6116 timides,

1384 6162 1472 6191 aux
1502 6145 1724 6195 craintifs,
1759 6144 1782 6186 à
1815 6155 1928 6184 ceux
1959 6142 2039 6196 qui
2071 6143 2328 6195 manquent
2358 6139 2412 6180 de

1384 6220 1599 6263 relations
1626 6231 1686 6259 ou
1715 6216 1794 6271 qui
1822 6216 2063 6269 craignent
2119 6224 2208 6254 une
2238 6211 2414 6252 démar¬

1386 6291 1470 6334 che
1505 6288 1821 6331 infructueuse
1855 6299 1916 6328 ou
1980 6285 2410 6338 compromettante.

1446 6362 1513 6404 En
1539 6361 1740 6415 agissant
1765 6371 1846 6414 par
1901 6357 1942 6399 la
1996 6356 2096 6398 voie
2122 6354 2184 6396 du
2210 6352 2411 6408 journal,

1388 6448 1492 6476 sous
1524 6434 1564 6475 le
1595 6436 1782 6475 couvert
1812 6430 1867 6471 de
1898 6428 2176 6483 l’anonyme,
2212 6439 2268 6468 en
2301 6438 2416 6466 nous

1392 6509 1630 6560 acceptant
1666 6515 1848 6545 comme
1911 6498 2274 6546 Trait-d’Union,
2314 6499 2417 6538 tous

1390 6575 1453 6618 les
1480 6575 1822 6631 désagréments
1849 6573 1926 6615 des
1953 6570 2288 6627 préliminaires
2317 6572 2420 6609 sont

1392 6647 1546 6690 évités.

1452 6719 1578 6762 Voilà
1610 6718 1838 6774 pourquoi
1870 6730 1985 6759 nous
2016 6712 2312 6757 considérons
2344 6726 2423 6754 no¬

1394 6797 1461 6834 tre
1519 6790 1842 6832 combinaison
1874 6800 2056 6830 comme
2118 6799 2208 6827 une
2267 6796 2424 6826 œuvre

1396 6864 1535 6912 saine,
1571 6861 1743 6904 morale
1772 6865 1815 6903 et
1846 6858 2038 6902 d’utilité
2067 6856 2306 6912 publique.

1940 6930 2010 6971 LA
2040 6926 2363 6971 DIRECTION.

2433 2444 2970 2554 NOTRE
3045 2436 3462 2547 ROLE

2496 2673 2550 2714 Le
2579 2671 2663 2713 but
2691 2670 2746 2712 de
2774 2670 2816 2712 la
2847 2670 3081 2712 Direction
3111 2668 3165 2710 de
3195 2680 3244 2710 ce
3271 2666 3459 2722 journal

2439 2751 2503 2786 est
2539 2743 2838 2796 simplement
2874 2743 2927 2783 de
2963 2742 3196 2795 s’occuper
3232 2739 3458 2780 d’annon¬

2435 2829 2508 2858 ces
2538 2814 2592 2855 de
2623 2812 2864 2867 mariages.
2900 2811 2986 2852 Par
3018 2824 3108 2854 une
3139 2809 3462 2851 combinaison

2438 2884 2618 2927 d’offres
2652 2888 2695 2926 et
2728 2883 2783 2924 de
2816 2882 3064 2924 demandes
3099 2886 3142 2923 et
3175 2894 3255 2934 par
3289 2879 3331 2920 la
3366 2891 3462 2919 cor¬

2438 2955 2750 3012 respondance
2783 2955 2951 2996 directe
2983 2958 3110 2995 entre
3143 2951 3204 2992 les
3239 2950 3458 2998 abonnés,

2438 3028 2500 3070 les
2536 3027 2761 3080 mariages
2798 3039 2842 3067 se
2875 3026 2978 3066 font
3012 3037 3116 3065 sans
3152 3019 3462 3064 intermédiai¬

2440 3112 2523 3140 res.

2514 3168 2634 3210 Nous
2671 3181 2727 3209 ne
2763 3167 2971 3207 saurions
3008 3176 3127 3207 assez
3162 3162 3338 3219 répéter
3374 3175 3462 3216 que

2441 3254 2555 3284 nous
2580 3238 2770 3294 n’ayons
2794 3239 2892 3279 rien
2915 3237 2971 3279 de
2994 3248 3218 3277 commun
3243 3246 3354 3278 avec,
3373 3246 3464 3274 une

2441 3324 2611 3366 agence
2644 3307 3004 3351 matrimoniale.
3044 3306 3143 3347 Non
3208 3304 3464 3347 seulement

2446 3398 2560 3426 nous
2594 3395 2648 3423 ne
2679 3382 2850 3422 faisons
2882 3392 2959 3432 pas
2992 3379 3046 3419 de
3076 3378 3318 3431 mariages,
3354 3375 3468 3416 mais

2446 3467 2607 3496 encore
2640 3466 2755 3494 nous
2790 3464 2846 3492 ne
2876 3449 3134 3491 réclamons
3167 3459 3344 3488 aucune
3406 3458 3471 3487 es¬

2447 3528 2553 3580 pèce
2582 3526 2636 3567 de
2663 3522 2966 3566 commission
2994 3524 3038 3562 et
3066 3523 3196 3560 notre
3223 3516 3319 3559 rôle
3347 3516 3471 3558 d’au¬

2446 3596 2622 3638 xiliaire
2651 3595 2816 3636 discret
2843 3605 2964 3635 cesse
3022 3604 3078 3632 au
3136 3592 3347 3631 moment
3375 3594 3474 3643 pré¬

2448 3668 2511 3709 cis
2546 3668 2606 3709 où
2640 3666 2703 3708 les
2739 3663 2976 3707 intéressés
3013 3662 3143 3706 n’ont
3177 3662 3279 3716 plus
3315 3659 3474 3703 besoin

2449 3736 2611 3783 de.'nos
2634 3735 2843 3780 services.

2406 3809 2411 3852 !
2511 3807 2644 3847 Noti'ü
2676 3808 2875 3862 système
2915 3805 2983 3847 n’a
3023 3820 3035 3847 î
3048 3803 3214 3846 ienmï-e
3250 3815 3471 3844 commun

2408 3879 2413 3947 j
2454 3891 2546 3919 non
2576 3884 2676 3931 plu?
2708 3889 2815 3917 avec
2845 3875 2907 3916 les
2938 3883 3168 3915 annonces
3200 3873 3275 3911 des
3306 3866 3476 3924 grands

2451 3951 2686 4004 journaux
2713 3947 2950 4003 parisiens.
2983 3946 3099 3987 Leur
3127 3941 3343 3985 méthode
3372 3952 3478 3983 con¬

2453 4022 2559 4062 siste
2583 4020 2608 4060 à
2635 4019 2808 4060 insérer
2834 4018 2912 4059 des
2939 4014 3187 4058 demandes
3245 4019 3287 4055 et
3343 4012 3478 4054 offres

2455 4092 2508 4134 de
2543 4090 2787 4144 mariages,
2827 4087 3171 4143 généralement
3207 4095 3474 4138 anonymes,

2455 4169 2498 4204 et
2526 4167 2710 4216 portant
2739 4159 3026 4200 l’indication
3063 4172 3070 4199 :
3104 4176 3124 4196 «
3156 4161 3283 4211 poste
3311 4159 3480 4196 restan¬

2458 4239 2498 4276 te
2523 4250 2564 4275 ».

2516 4304 2642 4348 Cette
2672 4303 2918 4346 discrétion
2951 4303 3038 4343 très
3070 4300 3275 4355 légitime
3306 4303 3350 4341 et
3379 4311 3483 4340 sans

2460 4376 2655 4431 dangers
2690 4380 2817 4418 entre
2852 4372 3075 4415 honnêtes
3111 4385 3239 4427 gens,
3279 4371 3487 4426 présente

2458 4447 2500 4490 le
2527 4447 2631 4503 plus
2689 4450 2883 4488 souvent
2939 4443 2994 4484 de
3051 4455 3212 4498 graves
3271 4442 3488 4483 inconvé¬

2462 4520 2628 4561 nients.
2679 4518 2751 4559 Un
2779 4514 3139 4569 correspondant
3166 4514 3245 4567 qui
3274 4514 3489 4555 dissimu¬

2462 4590 2503 4632 le
2531 4604 2614 4634 son
2643 4588 2834 4631 identité
2863 4600 2919 4630 ne
2948 4590 3056 4639 peut
3083 4583 3214 4626 offrir
3243 4584 3298 4626 de
3327 4596 3489 4638 garan¬

2462 4663 2546 4704 ties
2574 4662 2806 4703 sérieuses.
2835 4657 2951 4700 Neuf
2978 4656 3066 4699 fois
3093 4670 3171 4698 sur
3197 4655 3288 4704 dix,
3320 4654 3384 4696 les
3410 4656 3491 4696 let¬

2464 4736 2553 4775 tres
2607 4730 2831 4773 adressées
2886 4728 2910 4770 à
2965 4739 3036 4770 ces
3091 4738 3307 4768 coureurs
3334 4723 3388 4766 de
3414 4724 3492 4765 dot

2465 4808 2635 4847 restent
2658 4815 2762 4844 sans
2786 4802 2994 4855 réponse.
3023 4799 3082 4843 Le
3106 4798 3203 4840 naïf
3227 4808 3492 4851 correspon¬

2466 4875 2579 4918 dant
2608 4874 2847 4928 s’aperçoit
2876 4871 2988 4927 qu’il
3020 4884 3043 4912 a
3073 4871 3142 4912 été
3170 4870 3494 4911 l’amusement

2467 4948 2580 4990 d’un
2606 4946 2795 4987 fumiste
2820 4958 2880 4986 ou
2907 4943 3019 4985 d’un
3044 4942 3239 4983 farceur.

2529 5016 2719 5060 Pareille
2752 5015 3074 5058 mésaventure
3107 5012 3222 5056 n’est
3256 5024 3335 5066 pas
3370 5011 3394 5051 à
3428 5023 3495 5051 re¬

2471 5091 2646 5139 douter,
2679 5087 2812 5143 grâce
2838 5087 2862 5128 à
2891 5086 3147 5128 l’heureuse
3176 5083 3497 5127 combinaison

2471 5163 2534 5205 du
2560 5161 2681 5203 Trait
2707 5159 2924 5203 d’Union.
2954 5158 3095 5200 Grâce
3119 5157 3144 5199 à
3170 5156 3252 5206 lui,
3281 5153 3431 5197 riches
3456 5158 3500 5195 et

2472 5247 2666 5290 pauvres
2724 5232 2855 5275 n’ont
2882 5232 2984 5286 plus
3014 5230 3172 5272 besoin
3202 5228 3256 5269 de
3283 5226 3499 5268 relations

2474 5304 2786 5362 personnelles
2822 5316 2938 5359 pour
2972 5302 3118 5343 s’unir
3152 5299 3426 5352 dignement
3459 5302 3503 5338 et

2475 5376 2602 5419 selon
2634 5375 2735 5417 leur
2766 5374 2900 5416 désir.
2965 5369 3348 5417 Journellement,
3386 5380 3503 5408 nous

2478 5462 2696 5492 recevons
2731 5446 2809 5488 des
2844 5444 2996 5486 lettres
3034 5443 3088 5484 de
3123 5442 3498 5484 remerciements

2478 5527 2520 5563 et
2554 5520 2609 5562 de
2642 5518 2937 5560 félicitations
2973 5528 3090 5570 pour
3123 5514 3166 5555 la
3201 5513 3406 5555 manière
3439 5511 3503 5554 sé¬

2478 5594 2626 5635 rieuse
2648 5590 2762 5632 dont
2784 5589 2919 5645 opère
2940 5587 2984 5629 la
3006 5586 3256 5629 Direction.

2538 5663 2606 5703 En
2634 5675 2684 5703 ce
2712 5662 2792 5716 qui
2821 5671 3047 5702 concerne
3075 5658 3117 5698 la
3146 5655 3506 5711 correspondan¬

2482 5749 2544 5786 ce,
2579 5747 2695 5776 nous
2726 5746 2842 5775 nous
2871 5731 3043 5774 faisons
3072 5742 3164 5771 une
3194 5728 3254 5770 loi
3286 5728 3339 5768 de
3368 5730 3507 5768 rester

2484 5810 2664 5848 neutres
2700 5808 2743 5846 et
2779 5803 3011 5858 d’ignorer
3046 5814 3095 5842 ce
3131 5796 3410 5854 qu’écrivent
3446 5795 3507 5838 les

2482 5876 2736 5919 intéressés.

2540 5948 2597 5990 Le
2622 5951 2763 5988 secret
2787 5947 2863 5988 des
2888 5946 3039 5987 lettres
3063 5947 3128 5984 est
3152 5942 3288 5983 chose
3314 5940 3463 5983 sacrée
3503 5939 3511 5980 !

3026 6034 3095 6077 LA
3127 6031 3450 6075 DIRECTION.

2546 6256 3459 6369 FONCTIONNEMENT

2550 6494 2676 6536 Voici
2704 6507 2760 6536 en
2788 6494 2896 6548 quoi
2946 6492 3198 6534 consistent
3252 6486 3525 6528 l’économie

2495 6568 2557 6609 du
2583 6567 2780 6621 système
2807 6570 2850 6607 et
2875 6564 2938 6607 les
2966 6567 3209 6615 avantages
3237 6558 3298 6600 du
3326 6559 3478 6612 projet
3516 6572 3524 6600 :

2555 6638 2653 6679 Une
2683 6650 2910 6692 personne
2970 6634 3047 6688 qui
3107 6631 3252 6673 désire
3283 6630 3527 6672 s’abonner

2498 6710 2594 6752 doit
2624 6723 2823 6764 envoyer
2883 6720 2939 6748 au
3001 6704 3252 6753 Directeur,
3288 6717 3344 6744 en
3377 6702 3529 6744 même

2499 6788 2648 6835 temps
2678 6795 2767 6835 que
2795 6792 2878 6822 son
2909 6790 3120 6819 annonce
3147 6779 3191 6817 et
3219 6788 3303 6816 son
3333 6774 3526 6820 adresse,

2500 6854 2542 6908 le
2572 6852 2676 6908 prix
2706 6851 2762 6896 de
2790 6862 2875 6895 son
2912 6849 3254 6894 abonnement,
3292 6845 3382 6889 soit
3411 6855 3527 6888 onze

2503 6926 2655 6967 francs
2682 6938 2799 6979 pour
2824 6922 2943 6964 deux
2971 6919 3104 6963 mois.

3596 2423 3631 2464 Il
3668 2427 3734 2464 est
3769 2419 3952 2463 évident
3988 2418 4130 2474 qu’on
4167 2422 4275 2472 peut
4311 2415 4556 2458 s’abonner

3535 2507 3592 2536 au
3618 2492 3804 2548 journal
3832 2504 3936 2532 sans
3962 2490 4076 2531 faire
4103 2502 4194 2531 une
4219 2499 4446 2529 annonce.

3596 2565 3652 2607 Le
3678 2564 3927 2611 Directeur,
3956 2560 4052 2602 seul
4078 2559 4250 2614 occupé
4275 2572 4331 2600 au
4358 2556 4562 2612 dépouil¬

3537 2636 3710 2678 lement
3735 2635 3796 2676 du
3823 2631 4026 2675 courrier
4051 2636 4131 2682 est,
4163 2630 4422 2684 également
4447 2628 4559 2677 seul,

3537 2713 3560 2750 à
3593 2707 3831 2750 connaître
3891 2703 4103 2744 l’adresse
4163 2699 4383 2744 véritable
4414 2700 4470 2742 de
4501 2712 4569 2741 ses

3539 2779 3757 2822 abonnés.
3770 2819 3775 2823 .
3796 2778 3920 2819 Cette
3984 2775 4162 2816 adresse
4195 2778 4261 2815 est
4295 2771 4565 2826 remplacée,

3539 2852 3652 2894 dans
3681 2850 3724 2894 le
3752 2847 3954 2904 journal,
3989 2858 4071 2900 par
4131 2859 4195 2887 un
4228 2843 4424 2886 numéro
4454 2842 4570 2883 d’or¬

3539 2923 3632 2974 dre,
3671 2916 4014 2976 indispensable
4077 2931 4195 2971 pour
4228 2916 4271 2957 la
4305 2927 4571 2967 correspon¬

3539 2994 3698 3035 dance.

3600 3064 3660 3105 Ce
3716 3062 3911 3103 numéro
3966 3064 4031 3103 est
4086 3056 4419 3111 communiqué
4444 3055 4468 3097 à
4494 3054 4571 3096 l’a¬

3544 3136 3698 3178 bonné
3723 3148 3778 3177 en
3803 3134 3955 3175 même
3979 3136 4128 3184 temps
4155 3129 4295 3185 qu’on
4319 3127 4386 3171 lui
4412 3139 4571 3168 accuse

3543 3208 3776 3261 réception
3802 3205 3863 3247 du
3888 3203 4094 3244 mandat.

3599 3276 3864 3331 Supposons
3922 3272 4094 3328 qu’une
4122 3271 4175 3314 de
4203 3283 4286 3313 nos
4343 3268 4573 3311 abonnées

3545 3345 3711 3387 veuille
3738 3344 3878 3385 écrire
3906 3343 3928 3383 à
3958 3342 4015 3382 M.
4047 3339 4156 3390 X...,
4190 3339 4303 3382 dont
4330 3337 4574 3379 l’annonce

3547 3420 3674 3471 porte
3702 3416 3743 3457 le
3771 3418 3822 3455 n°
3855 3415 3895 3455 6.
3927 3412 4023 3455 Elle
4051 3412 4212 3454 inscrit
4239 3408 4522 3451 lisiblement
4549 3407 4572 3448 à

3547 3488 3588 3530 la
3622 3487 3779 3543 plume
3812 3500 3871 3528 ou
3905 3499 3962 3527 au
3995 3495 4164 3538 crayon
4198 3494 4280 3524 son
4312 3493 4424 3523 nom
4458 3483 4501 3520 et
4533 3479 4573 3520 le

3550 3562 3600 3600 n°
3630 3559 3653 3601 6
3680 3558 3794 3600 dans
3822 3555 4074 3599 l’intérieur
4099 3554 4152 3595 de
4179 3552 4220 3594 la
4248 3551 4472 3608 première
4499 3563 4575 3592 en¬

3549 3631 3756 3685 veloppe,
3791 3628 3903 3671 celle
3935 3627 4015 3683 qui
4047 3629 4176 3680 porte
4207 3624 4249 3666 le
4280 3637 4392 3665 nom
4423 3627 4468 3664 et
4499 3622 4576 3663 l’a¬

3551 3702 3700 3744 dresse
3735 3701 3797 3742 du
3831 3699 4068 3741 Directeur
4103 3698 4165 3739 du
4199 3695 4322 3738 Trait
4358 3694 4572 3735 d’Union.

3551 3774 3674 3815 Dans
3701 3776 3815 3813 cette
3840 3769 4093 3823 enveloppe
4119 3767 4203 3810 elle
4229 3766 4355 3821 place
4382 3766 4423 3806 la
4451 3764 4579 3806 lettre

3507 3841 3512 3885 i
3552 3841 3763 3885 cachetée
3797 3843 3876 3897 qui
3911 3840 4007 3881 doit
4042 3840 4134 3879 être
4171 3838 4335 3879 remise
4371 3850 4426 3879 au
4464 3838 4516 3876 n°
4554 3834 4579 3876 6

3553 3926 3632 3967 par
3667 3911 3945 3953 l’entremise
3980 3909 4042 3951 du
4077 3907 4328 3949 Directeur.
4368 3907 4438 3947 Au
4470 3918 4578 3956 reçu

3554 3984 3607 4026 de
3643 3988 3756 4025 cette
3791 3983 3935 4032 lettre,
3975 3982 4014 4023 le
4048 3979 4284 4020 Directeur
4319 3975 4504 4018 déchire
4539 3975 4580 4016 la

3555 4055 3780 4110 première
3815 4053 4082 4107 enveloppe,
4121 4051 4146 4091 à
4181 4061 4264 4090 son
4301 4059 4428 4096 nom,
4467 4046 4582 4087 dans

3555 4126 3811 4167 l’intérieur
3837 4124 3892 4166 de
3920 4122 4115 4177 laquelle
4143 4134 4188 4163 se
4215 4124 4376 4160 trouve
4403 4116 4516 4158 écrit
4543 4116 4583 4156 le

3559 4210 3668 4239 nom
3695 4196 3750 4238 de
3775 4195 4015 4236 l’abonnée
4039 4198 4082 4236 et
4106 4192 4147 4234 le
4172 4191 4367 4234 numéro
4392 4200 4499 4231 avec
4524 4187 4584 4228 le¬

3559 4267 3664 4323 quel
3688 4267 3772 4309 elle
3798 4271 3906 4308 veut
3931 4263 4274 4318 correspondre.

3619 4339 3704 4383 Sur
3731 4339 3774 4380 la
3801 4338 3932 4379 lettre
3958 4336 4169 4378 cachetée
4197 4335 4252 4377 de
4280 4331 4587 4387 l’expéditrice

3561 4414 3588 4454 il
3616 4412 3726 4454 écril
3751 4410 3961 4450 l’adresse
3984 4406 4205 4449 véritable
4228 4406 4290 4448 du
4316 4407 4367 4446 n°
4395 4404 4419 4446 6
4445 4408 4487 4446 et
4511 4415 4587 4444 en¬

3562 4486 3662 4527 voie
3688 4487 3800 4524 cette
3828 4480 3956 4522 lettre
3983 4491 4087 4520 sans
4115 4478 4304 4520 l’ouvrir
4331 4478 4355 4518 à
4382 4488 4466 4518 son
4494 4474 4588 4515 des¬

3563 4554 3787 4602 tinataire,
3817 4550 3875 4592 M.
3907 4548 3997 4590 X...

3620 4626 3685 4668 De
3719 4627 3832 4666 cette
3867 4620 4018 4672 façon,
4056 4618 4097 4660 le
4132 4618 4370 4660 Directeur
4404 4615 4591 4659 connaît

3563 4698 3659 4740 seul
3695 4696 3904 4738 l’adresse
3942 4691 4016 4734 des
4054 4690 4172 4731 deux
4208 4687 4592 4743 correspondants

3564 4771 3643 4824 qui
3669 4771 3868 4823 peuvent
3891 4764 4134 4807 continuer
4157 4762 4180 4802 à
4207 4759 4382 4803 s’écrire
4406 4772 4487 4815 par
4511 4771 4593 4801 son

3566 4841 3827 4883 entremise.
3900 4838 4099 4890 Lorsque
4133 4833 4196 4875 les
4231 4831 4353 4872 deux
4388 4830 4595 4872 abonnés

3567 4917 3780 4955 trouvent
3812 4912 3874 4953 les
3909 4907 4303 4960 renseignements
4337 4902 4539 4944 mutuels
4574 4902 4596 4942 à

3567 4985 3664 5026 leur
3696 4994 4004 5030 convenance,
4042 4978 4095 5020 ils
4127 4980 4327 5032 peuvent
4358 4979 4510 5015 entrer
4542 4986 4598 5015 en

3567 5056 3784 5099 relations
3843 5055 4034 5096 directes
4093 5055 4137 5092 et
4167 5047 4338 5090 arriver
4398 5060 4455 5088 au
4516 5044 4600 5087 but

3568 5127 3807 5183 poursuivi
3835 5126 3889 5167 de
3915 5126 4014 5166 leur
4041 5123 4202 5164 union.

3631 5199 3690 5248 Si,
3731 5211 3788 5239 au
3824 5195 4066 5243 contraire,
4106 5194 4168 5235 les
4206 5191 4600 5243 renseignements

3571 5269 3799 5324 échangés
3828 5281 3885 5309 ne
3912 5267 3975 5308 les
4034 5263 4245 5307 satisfont
4302 5274 4396 5316 pas,
4427 5260 4483 5301 ils
4511 5271 4603 5300 ces¬

3573 5347 3674 5386 sent
3731 5340 3786 5383 de
3815 5336 4143 5392 correspondre
4204 5339 4247 5377 et
4307 5344 4489 5375 comme
4550 5329 4604 5371 ils

3575 5418 3791 5471 ignorent
3845 5411 3942 5454 l’un
3999 5416 4041 5452 et
4096 5408 4271 5455 l’autre,
4300 5406 4400 5447 leur
4426 5417 4538 5445 nom
4564 5411 4607 5443 et

3576 5488 3767 5535 adresse,
3806 5498 3956 5527 aucun
3991 5483 4124 5523 d’eux
4158 5479 4272 5520 n’est
4303 5475 4602 5528 compromis.

3635 5559 3670 5601 Il
3697 5563 3763 5602 est
3788 5558 3896 5599 bien
3922 5552 4124 5597 entendu
4182 5562 4270 5603 que
4326 5560 4444 5589 nous
4470 5546 4607 5587 décli¬

3578 5646 3695 5674 nons
3730 5635 3852 5672 toute
3883 5623 4231 5680 responsabilité
4264 5622 4460 5674 puisque
4491 5631 4608 5660 nous

3579 5718 3694 5747 nous
3719 5703 3890 5744 faisons
3916 5712 3979 5740 un
4003 5695 4160 5740 devoir
4186 5694 4240 5736 de
4264 5698 4403 5735 rester
4428 5698 4610 5732 neutres

3580 5783 3622 5819 et
3655 5775 3888 5830 d’ignorer
3922 5783 3971 5812 ce
4005 5766 4291 5824 qu’écrivent
4323 5778 4407 5807 nos
4441 5774 4611 5804 corres¬

3581 5847 3826 5904 pondants.

3642 5918 3812 5972 Depuis
3842 5915 3910 5957 six
3939 5927 4020 5955 ans
4076 5925 4165 5966 que
4224 5923 4274 5952 ce
4331 5906 4518 5962 journal
4548 5908 4614 5946 est

3584 5991 3698 6040 créé,
3730 5990 3763 6031 il
3793 5987 3896 6030 s’est
3951 5983 4183 6027 contracté
4241 5982 4296 6024 de
4356 5976 4615 6020 nombreux

3584 6063 3812 6116 mariages
3844 6064 3887 6102 et
3919 6063 4020 6100 tout
4052 6058 4092 6099 le
4124 6052 4295 6098 monde
4327 6051 4413 6092 sait
4443 6050 4486 6091 la
4519 6060 4615 6090 ma¬

3587 6135 3711 6176 nière
3746 6132 3940 6176 sérieuse
3974 6130 4086 6172 dont
4119 6126 4252 6181 opère
4287 6123 4328 6164 la
4363 6120 4612 6163 Direction.

3642 6207 3767 6244 Nota.
3796 6228 3850 6232 —
3879 6204 3940 6242 Ne
3971 6211 4050 6250 pas
4078 6196 4253 6238 oublier
4310 6194 4374 6233 les
4427 6191 4618 6231 timbres

3587 6267 4065 6311 d’affranchissement
4098 6259 4366 6310 obligatoire
4400 6267 4514 6306 pour
4578 6255 4619 6294 la

3590 6335 3812 6386 première
3842 6336 3883 6374 et
3915 6334 3955 6372 la
3984 6326 4222 6368 deuxième
4251 6324 4540 6372 enveloppes.

3778 6538 4445 6620 CONDITIONS

3715 6678 3771 6724 11
3804 6676 3991 6722 francs
4018 6686 4154 6732 pour
4188 6671 4327 6717 deux
4362 6667 4516 6716 mois.

3606 6791 3827 6832 Donnant
3858 6787 3980 6830 droit
4010 6788 4035 6828 à
4070 6800 4160 6829 une
4191 6796 4403 6827 annonce
4435 6783 4490 6824 de
4523 6782 4547 6823 6
4580 6781 4634 6822 li¬

3666 6862 3778 6903 gnes
3837 6849 4098 6891 maximum
4130 6851 4172 6888 et
4202 6844 4548 6887 l’abonnement
4578 6854 4634 6882 au

3665 6908 3868 6965 journal.
