4720 7064
192 229 194 231 ■
228 232 235 244 /

191 249 224 368 !

1010 697 1749 1227 LIES
1906 699 2309 1229 DI

3234 705 3989 1237 IM

941 1320 1589 1417 DÉLICATESSE,
1649 1322 2351 1414 HONORABILITÉ,
2407 1318 2801 1393 PROBITÉ
2855 1333 2911 1391 &
2965 1318 3509 1393 DISCRÉTION

192 6814 199 6840 I

544 1579 646 1626 ÎO
676 1574 920 1627 Gent.
950 1574 992 1626 le
1018 1574 1238 1629 Numéro

1820 1577 2114 1629 OFFICE
2168 1575 2638 1630 MONDONET

510 1683 627 1717 Envoi,
647 1685 762 1724 gratis
781 1686 867 1720 hors
885 1687 920 1719 la
940 1687 1036 1720 Ville
1055 1692 1091 1720 et
1111 1688 1132 1719 à
1152 1687 1310 1719 l’Etran¬

468 1734 530 1763 ger
570 1726 589 1757 à
621 1729 722 1759 toute
760 1738 940 1768 personne
979 1730 1042 1768 qui
1087 1738 1131 1760 en
1176 1727 1242 1758 fait
1274 1728 1308 1756 la

467 1766 647 1800 demande
667 1778 732 1810 par
752 1770 858 1802 lettre
882 1770 1091 1808 affranchie',
1119 1770 1155 1799 et
1183 1767 1308 1799 franco

466 1814 554 1839 sous
574 1812 774 1852 enveloppe
795 1810 964 1843 cachetée
984 1814 1110 1841 contre
1133 1807 1187 1838 30
1210 1811 1305 1840 cent,

467 1856 510 1879 en
534 1850 696 1884 timbres.

1471 1666 1600 1715 47,
1650 1668 1810 1708 Fine
1852 1668 1944 1708 de
1986 1668 2051 1707 la
2096 1666 2323 1717 Darse
2364 1666 2454 1718 (au
2491 1664 2517 1704 1
2524 1671 2558 1692 er
2593 1674 2692 1706 sur
2728 1660 2985 1712 entresol)

2040 1750 2418 1793 MARSEILLE

1419 1826 1568 1862 Ouvert
1590 1827 1679 1859 tous
1695 1821 1750 1861 les
1761 1824 1880 1872 jours
1895 1824 1942 1862 de
1954 1822 1983 1864 5
1996 1822 2036 1862 h.
2053 1823 2080 1862 à
2094 1825 2120 1863 8
2132 1821 2171 1863 h.
2190 1827 2244 1863 du
2255 1827 2356 1874 soir,
2375 1831 2413 1866 et
2432 1824 2467 1866 le
2482 1823 2699 1864 dimanche
2718 1824 2763 1864 de
2784 1825 2807 1863 9
2830 1820 2867 1863 h.
2895 1820 2918 1862 à
2939 1820 3041 1861 midi

3220 1577 3323 1624 ÎO
3356 1576 3599 1626 CJent.
3628 1574 3672 1624 le
3700 1574 3920 1627 Numéro

3189 1698 3367 1739 Mariages
3380 1698 3499 1730 riches
3512 1707 3603 1740 pour
3618 1702 3739 1732 toutes
3755 1698 3810 1732 les
3827 1700 3992 1732 fortunes

3102 1733 3104 1783 j
3148 1741 3184 1770 et
3212 1742 3335 1771 toutes
3367 1739 3419 1771 les
3451 1740 3644 1779 positions.
3679 1741 3726 1772 La
3764 1742 3907 1774 maison
3945 1751 3991 1774 ne

3148 1780 3315 1822 s’occupe
3331 1790 3400 1822 que
3421 1779 3484 1814 des
3500 1782 3636 1814 unions
3656 1783 3835 1823 possibles
3852 1786 3888 1815 et
3904 1791 3992 1815 sans

3104 1838 3106 1860 :
3148 1823 3266 1854 tâche.

472 2003 549 2111 La
568 1996 813 2116 Missipa
840 1997 873 2117 fl
876 2021 913 2117 »
948 2041 977 2097 <
1008 1998 1149 2118 Lien
1180 1998 1253 2115 in
1288 1999 1537 2136 Mariage
1560 2040 1589 2096 »

546 2210 728 2254 Notre
755 2210 860 2253 but
890 2211 983 2252 est
1013 2206 1519 2252 essentiellement

471 2282 673 2330 moral,
710 2280 966 2322 honnête
992 2279 1051 2323 et
1075 2276 1592 2334 philanthropique

533 2428 660 2471 Dans
687 2431 819 2475 notre
839 2430 903 2472 fin
929 2430 984 2472 de
1022 2430 1159 2474 siècle
1200 2430 1258 2475 où
1281 2432 1382 2474 tout
1403 2428 1594 2473 marche

474 2499 501 2540 à
538 2497 581 2542 la
604 2512 795 2559 vapeur,
819 2504 865 2544 et
899 2502 959 2544 où
991 2500 1037 2546 la
1068 2503 1239 2547 société
1262 2503 1326 2546 vit
1363 2502 1483 2544 dans
1502 2514 1595 2544 une

476 2573 662 2616 activité
683 2572 936 2618 dévorante
962 2586 971 2630 ;
1001 2574 1064 2619 les
1086 2574 1251 2631 jeunes
1272 2586 1390 2628 gens
1411 2573 1594 2616 sérieux

476 2643 552 2698 qui
575 2642 827 2688 cherchent
848 2647 875 2689 à
895 2659 944 2690 se
960 2647 1090 2690 créer
1112 2658 1200 2688 une
1224 2645 1424 2703 position
1447 2656 1595 2688 avan¬

473 2716 668 2770 tageuse
691 2717 833 2774 parle
855 2718 1038 2769 travail,
1061 2718 1223 2763 vivant
1245 2718 1366 2763 dans
1394 2718 1459 2762 les
1482 2719 1596 2775 pré¬

475 2788 780 2844 occupations
800 2790 1071 2833 constantes
1106 2790 1216 2832 d’un
1247 2790 1408 2834 labeur
1431 2790 1596 2834 ardent

476 2871 594 2914 pour
614 2858 788 2900 arriver
810 2859 836 2902 à
855 2863 975 2904 cette
994 2859 1075 2915 fin,
1112 2862 1355 2917 négligent
1388 2862 1452 2906 les
1474 2864 1594 2906 rela¬

474 2930 598 2971 tions
635 2928 832 2975 sociales
867 2934 947 2988 qui
986 2934 1258 2989 pourraient
1293 2934 1360 2978 les
1400 2946 1595 2991 pousser

478 3010 579 3041 vers
603 2998 643 3043 le
684 3003 914 3058 mariage.
951 3007 1176 3060 Lorsque,
1200 3005 1342 3056 enfin,
1366 3006 1544 3048 arrivés
1568 3006 1595 3048 à

475 3072 624 3116 trente
651 3086 710 3116 ou
739 3078 969 3130 quarante
991 3087 1094 3129 ans,
1118 3076 1174 3119 ils
1203 3080 1283 3119 ont
1305 3076 1468 3132 acquis
1505 3088 1596 3119 une

475 3143 678 3195 position
717 3145 796 3198 qui
818 3145 916 3187 leur
949 3150 1128 3200 permet
1157 3147 1212 3190 de
1251 3148 1455 3204 respirer
1475 3151 1519 3192 et
1541 3148 1597 3192 de

475 3212 700 3266 regarder
739 3214 767 3255 à
807 3214 905 3258 leur
955 3218 1123 3260 entour
1170 3231 1286 3276 pour
1343 3220 1598 3276 compléter

476 3282 575 3327 leur
616 3284 816 3330 carrière
844 3298 930 3344 par
967 3299 1030 3331 un
1071 3289 1302 3345 mariage,
1326 3291 1380 3334 ils
1411 3294 1598 3333 sentent

476 3355 516 3400 le
546 3356 647 3402 vide
666 3362 835 3404 autour
855 3359 992 3404 d’eux
1020 3362 1066 3405 et
1083 3362 1189 3406 sont
1211 3373 1330 3419 pour
1360 3361 1480 3407 ainsi
1499 3362 1599 3407 dire

475 3428 762 3470 désorientés
784 3443 839 3472 ne
862 3436 1084 3476 trouvant
1102 3447 1332 3490 personne
1352 3436 1408 3479 de
1429 3450 1600 3480 conve¬

472 3492 610 3537 nable
642 3495 762 3538 dans
782 3497 823 3539 le
855 3500 1003 3540 cercle
1026 3502 1107 3543 des
1140 3503 1364 3544 relations
1387 3507 1446 3545 où
1471 3507 1526 3547 ils
1547 3519 1599 3547 se

474 3569 580 3612 sont
600 3580 704 3613 mus
724 3566 1024 3627 jusqu’alors.

531 3648 738 3691 Souvent
776 3648 1081 3703 découragés,
1136 3650 1192 3694 ils
1250 3649 1462 3695 finissent
1513 3664 1598 3710 par

474 3724 699 3756 renoncer
720 3727 779 3756 au
822 3718 1031 3768 mariage
1051 3719 1090 3759 si
1119 3731 1210 3760 une
1243 3722 1372 3761 main
1396 3723 1519 3764 amie
1542 3735 1599 3764 ne

477 3783 602 3827 vient
635 3783 700 3828 les
721 3783 850 3829 aider
870 3788 914 3830 et
951 3786 1016 3830 les
1038 3787 1203 3844 guider
1236 3787 1356 3834 dans
1391 3790 1431 3835 le
1464 3791 1600 3836 choix

478 3854 614 3902 d’une
635 3870 898 3918 compagne
921 3860 998 3918 qui
1019 3861 1115 3907 doit
1136 3865 1359 3920 partager
1382 3862 1481 3908 leur
1506 3864 1592 3918 vie,

480 3927 606 3976 leurs
622 3931 739 3990 joies
756 3936 800 3978 et
823 3935 947 3979 leurs
967 3936 1140 3992 peines.

539 4011 659 4055 C’est
685 4011 726 4055 le
764 4012 847 4055 but
876 4024 966 4066 que
998 4012 1108 4055 s’est
1143 4015 1343 4069 proposé
1391 4015 1430 4059 le
1476 4016 1600 4058 Lien

483 4079 550 4123 du
588 4080 823 4135 Mariage
857 4095 866 4120 :
902 4082 1011 4123 Etre
1036 4080 1179 4130 l’ami,
1203 4082 1244 4125 le
1260 4083 1400 4136 guide
1430 4086 1475 4126 et
1493 4084 1598 4126 l’in¬

483 4151 692 4195 dicateur
730 4149 811 4192 des
852 4151 1020 4194 unions
1059 4151 1287 4196 honnêtes
1320 4155 1364 4196 et
1386 4152 1599 4196 honora¬

481 4219 594 4263 bles.
623 4220 768 4264 Notre
788 4221 871 4266 but
889 4224 958 4267 est
991 4223 1384 4270 essentiellement
1408 4224 1600 4282 philan¬

480 4290 728 4351 thropique
755 4296 801 4339 et
821 4295 1213 4340 essentiellement
1235 4296 1398 4342 moral.

540 4373 603 4415 La
643 4372 916 4428 population
951 4374 1125 4419 décroît
1159 4388 1298 4432 parce
1319 4390 1407 4434 que
1430 4377 1470 4422 le
1492 4391 1599 4422 ma¬

480 4442 610 4496 riage
631 4446 700 4484 est
719 4444 900 4498 négligé
920 4456 929 4498 ;
951 4448 995 4487 et
1017 4446 1055 4491 le
1078 4448 1288 4505 mariage
1307 4452 1376 4494 est
1391 4451 1598 4507 négligé,

480 4522 620 4566 parce
640 4524 731 4568 que
755 4512 975 4558 l’homme
994 4522 1205 4574 emporté
1239 4534 1322 4577 par
1343 4522 1383 4564 le
1406 4524 1600 4566 tourbil¬

482 4580 559 4627 lon
582 4583 663 4629 des
694 4583 898 4637 affaires,
925 4586 1000 4629 n’a
1019 4600 1103 4643 pas
1124 4588 1164 4631 le
1186 4591 1339 4646 temps
1359 4592 1415 4634 de
1432 4591 1599 4635 s’arrê¬

480 4658 548 4700 ter
568 4669 686 4715 pour
707 4658 944 4702 combiner
965 4661 1010 4702 et
1038 4659 1260 4704 chercher
1290 4662 1392 4706 telle
1414 4674 1472 4707 ou
1495 4663 1599 4707 telle

480 4729 626 4772 union
648 4731 726 4786 qui
750 4732 961 4788 pourrait
986 4731 1046 4776 lui
1070 4735 1307 4779 convenir.

536 4801 571 4843 Il
594 4803 668 4845 n’a
691 4819 776 4858 pas
798 4808 836 4852 le
859 4812 1011 4867 temps
1032 4815 1075 4858 et
1116 4824 1172 4855 ne
1195 4816 1303 4869 peut
1340 4827 1501 4870 passer
1519 4816 1599 4859 des

479 4870 598 4916 mois
618 4878 660 4916 et
683 4879 922 4930 peut-être
943 4882 1025 4925 des
1043 4886 1219 4927 années
1240 4887 1267 4928 à
1290 4886 1475 4931 décider
1496 4888 1600 4932 telle

480 4958 709 5003 personne
747 4947 775 4988 à
814 4951 1037 5003 partager
1067 4964 1120 4995 sa
1148 4955 1219 4997 vie
1244 4967 1253 5004 ;
1277 4955 1307 4997 il
1333 4970 1389 5000 ne
1408 4966 1600 5004 connaît

480 5030 566 5074 pas
585 5020 692 5064 bien
728 5017 771 5063 la
805 5019 1027 5063 situation
1062 5022 1118 5066 de
1156 5027 1275 5071 cette
1296 5039 1544 5084 personne,
1570 5031 1594 5074 il

479 5087 624 5134 hésite
659 5096 703 5136 et
739 5093 839 5139 finit
867 5106 950 5151 par
980 5105 1203 5138 renoncer
1228 5111 1287 5140 au
1323 5103 1535 5156 mariage
1554 5107 1599 5147 et

478 5166 527 5198 se
547 5157 759 5212 résigner
779 5166 807 5208 à
830 5167 955 5211 vivre
986 5164 1216 5210 d’amitiés
1238 5170 1535 5224 passagères.

536 5234 654 5280 Mais
674 5247 724 5278 ce
754 5242 830 5292 qui
868 5246 1020 5290 arrive
1043 5258 1160 5303 pour
1187 5243 1254 5290 les
1272 5243 1439 5303 jeunes
1459 5261 1592 5306 gens,

480 5309 631 5354 arrive
652 5307 760 5352 bien
782 5308 887 5367 plus
918 5326 1084 5363 encore
1104 5332 1220 5376 pour
1243 5320 1308 5366 les
1344 5334 1598 5379 personnes

478 5383 556 5436 qui
580 5386 724 5440 ayant
759 5382 831 5426 été
869 5383 1003 5426 unies
1038 5401 1130 5432 une
1158 5394 1387 5447 première
1423 5395 1511 5439 fois
1546 5408 1596 5439 se

478 5452 694 5500 trouvent
716 5459 815 5502 tout
838 5456 864 5500 à
886 5467 1002 5511 coup
1040 5456 1259 5508 désunies
1291 5478 1376 5522 par
1400 5466 1440 5510 le
1459 5466 1595 5511 décès

479 5518 535 5562 de
556 5522 680 5571 l’une
703 5529 875 5575 d’elles.

535 5595 684 5652 Après
711 5610 850 5652 s’être
881 5610 1147 5667 longtemps
1168 5607 1377 5655 abîmées
1398 5615 1519 5660 dans
1551 5619 1596 5660 la

475 5666 669 5712 douleur
695 5678 739 5715 et
774 5683 901 5724 avoir
935 5684 1054 5740 payé
1098 5695 1159 5727 un
1191 5678 1314 5739 juste
1356 5684 1500 5728 tribut
1542 5688 1594 5732 de

475 5738 646 5786 larmes
667 5742 694 5784 à
720 5740 902 5800 l’époux
936 5767 994 5798 ou
1019 5756 1044 5799 à
1076 5755 1278 5814 l’épouse
1302 5754 1514 5811 décédée,
1539 5758 1594 5802 ils

474 5816 658 5861 sentent
692 5813 797 5872 plus
820 5819 1051 5869 vivement
1087 5827 1127 5872 le
1147 5829 1252 5873 vide
1273 5828 1351 5887 qui
1381 5826 1489 5871 s’est
1510 5827 1593 5870 fait

475 5891 644 5934 autour
680 5888 740 5933 du
779 5888 1038 5947 survivant,
1083 5899 1136 5942 ils
1168 5905 1247 5944 ont
1286 5902 1447 5946 besoin
1483 5898 1592 5944 d’un

475 5970 604 6004 cœur
626 5963 716 6006 ami
755 5961 831 6019 qui
872 5959 936 6004 les
968 5968 1156 6011 console
1191 5984 1250 6016 ou
1284 5973 1350 6018 les
1383 5975 1587 6030 protège.

475 6024 538 6067 Ils
558 6034 765 6085 aspirent
787 6036 813 6080 à
835 6038 952 6080 cette
979 6033 1050 6079 vie
1068 6036 1319 6094 tranquille
1334 6046 1531 6100 paisible
1550 6048 1595 6091 et

478 6097 728 6155 intérieure,
763 6107 875 6153 faite
906 6108 1179 6154 d’intimités
1201 6113 1246 6152 et
1265 6114 1320 6156 de
1344 6118 1592 6164 confiden¬

1664 2005 1742 2037 ces
1768 2006 1858 2050 que
1896 1993 1940 2038 la
1975 1998 2097 2038 mort
2135 2008 2161 2039 a
2199 2008 2411 2052 rompue.
2449 1999 2578 2039 Dans
2619 2008 2671 2039 ce
2708 2008 2790 2039 cas

1664 2065 1884 2110 l’homme
1923 2080 1951 2110 a
1998 2068 2160 2111 besoin
2199 2068 2338 2111 d’une
2379 2070 2501 2112 amie
2539 2067 2692 2124 pleine
2732 2067 2789 2110 de

1664 2138 1792 2179 soins
1820 2140 1864 2179 et
1891 2138 1947 2180 de
1978 2138 2312 2180 dévouements
2335 2148 2346 2190 ;
2367 2140 2410 2182 la
2431 2139 2568 2182 dame
2590 2139 2790 2183 cherche

1666 2218 1730 2248 un
1751 2207 1950 2260 soutien,
1976 2220 2039 2250 un
2064 2211 2326 2264 protecteur
2366 2211 2411 2251 et
2434 2222 2498 2251 un
2520 2210 2641 2253 aide.
2671 2211 2790 2254 Mais

1666 2278 1725 2321 où
1764 2280 1951 2323 trouver
1971 2277 2016 2322 la
2059 2290 2290 2335 personne
2323 2279 2402 2335 qui
2435 2279 2647 2322 réunisse
2681 2283 2789 2322 tous

1666 2349 1732 2395 les
1771 2350 2038 2396 désidérata
2057 2351 2078 2394 ?
2098 2354 2164 2395 La
2184 2353 2303 2395 mort
2323 2352 2401 2407 qui
2424 2364 2451 2395 a
2472 2351 2511 2395 si
2545 2351 2788 2407 brusque¬

1668 2426 1794 2466 ment
1832 2424 2123 2478 interrompu
2163 2423 2204 2467 le
2236 2435 2374 2467 cours
2410 2423 2464 2467 de
2503 2425 2623 2467 cette
2659 2423 2788 2467 exis¬

1667 2496 1800 2538 tence
1818 2494 1980 2537 n’était
2000 2507 2087 2550 pas
2106 2495 2264 2538 entrée
2287 2494 2406 2538 dans
2423 2494 2490 2538 les
2521 2494 2697 2538 calculs
2732 2494 2790 2538 de

1668 2565 1711 2609 la
1733 2566 1803 2610 vie
1837 2578 2102 2610 commune.
2143 2567 2210 2611 Où
2248 2568 2434 2610 trouver
2473 2566 2516 2608 la
2555 2578 2788 2622 personne

1670 2638 1936 2684 réunissant
1956 2639 2022 2684 les
2043 2638 2304 2684 conditions
2326 2650 2442 2695 pour
2464 2651 2556 2683 une
2588 2638 2789 2683 seconde

1670 2712 1831 2756 union.

1730 2787 1790 2828 Le
1806 2784 1994 2842 journal
2023 2784 2063 2828 \e
2084 2782 2208 2827 Lien
2230 2783 2298 2826 du
2332 2782 2563 2840 Mariage
2603 2782 2718 2826 offre
2762 2783 2789 2826 à

1671 2859 1775 2901 tous
1799 2869 1887 2900 une
1923 2855 2147 2900 situation
2183 2854 2436 2899 semblable
2462 2857 2507 2898 et
2540 2853 2724 2911 lorsque
2748 2856 2788 2898 la

1667 2943 1898 2988 personne
1917 2928 2057 2987 qu’on
2096 2928 2247 2972 désire
2268 2941 2326 2973 ne
2361 2929 2429 2985 s’y
2447 2931 2610 2973 trouve
2631 2942 2735 2986 pas,
2762 2930 2789 2973 il

1667 3002 1743 3058 n’y
1760 3015 1787 3044 a
1802 3012 1863 3058 qu
1883 3014 1909 3045 a
1931 3002 2186 3046 s’adresser
2220 3003 2247 3044 à
2278 3001 2494 3046 l’Office
2528 3003 2790 3048 Mondqnet

1670 3075 1747 3131 qui
1770 3087 1796 3118 a
1819 3087 1880 3118 un
1903 3074 2056 3131 grand
2080 3075 2272 3118 nombre
2291 3074 2347 3118 de
2376 3074 2692 3131 propositions
2711 3074 2788 3130 qui

1670 3159 1728 3191 ne
1747 3146 1951 3203 figurent
1972 3159 2059 3204 pas
2079 3146 2198 3191 dans
2220 3159 2296 3191 ces
2318 3147 2555 3191 colonnes.

1728 3226 1872 3268 Notre
1888 3223 2075 3280 journal
2112 3239 2139 3269 a
2160 3239 2278 3283 pour
2299 3226 2380 3270 but
2397 3225 2602 3270 d’ouvrir
2624 3226 2668 3272 la
2690 3224 2792 3270 voie

1670 3294 1924 3339 honorable
1959 3298 2014 3340 de
2050 3296 2094 3339 la
2130 3299 2302 3340 société
2338 3299 2364 3341 à
2407 3300 2532 3341 toute
2562 3310 2794 3355 personne

1671 3366 1750 3423 qui
1767 3379 1816 3411 se
1836 3368 2001 3412 trouve
2023 3367 2142 3412 dans
2160 3367 2351 3427 pareille
2370 3368 2613 3414 situation.

1755 3534 1895 3573 Rôle
1927 3535 2004 3575 du
2043 3551 2060 3572 «
2096 3536 2236 3578 Lien
2264 3538 2342 3579 du
2375 3538 2630 3594 Mariage
2668 3555 2686 3578 »

1728 3670 1860 3714 Nous
1880 3683 2140 3728 proposons
2175 3673 2242 3717 les
2281 3687 2539 3731 personnes
2559 3690 2674 3722 avec
2695 3679 2794 3722 leur

1671 3743 1895 3786 situation
1935 3744 1991 3788 de
2027 3746 2208 3790 fortune
2239 3748 2284 3788 et
2328 3746 2384 3789 de
2420 3747 2651 3802 moralité,
2675 3762 2794 3794 nous

1672 3809 1847 3855 faisons
1879 3814 1944 3859 les
1980 3818 2255 3874 demandes,
2285 3818 2558 3864 abouchons
2592 3820 2658 3864 les
2679 3834 2794 3878 per¬

1672 3897 1843 3931 sonnes
1882 3889 1927 3931 et
1963 3892 2170 3935 mettons
2198 3906 2256 3936 en
2279 3894 2500 3951 présence
2534 3892 2599 3938 les
2621 3893 2791 3938 futurs.

1672 3958 1803 4003 Nous
1823 3971 2027 4006 sommes
2048 3962 2114 4006 les
2150 3964 2524 4011 intermédiaires
2563 3966 2644 4012 des
2683 3980 2796 4024 pre¬

1675 4031 1840 4074 mières
1878 4036 2142 4088 entrevues,
2181 4035 2395 4092 toujours
2431 4040 2527 4082 très
2563 4043 2797 4094 gênantes

1672 4102 1717 4140 et
1755 4102 1847 4143 très
1867 4102 2088 4147 délicates
2111 4118 2227 4160 pour
2248 4107 2330 4150 des
2352 4119 2610 4163 personnes
2629 4112 2706 4166 qui
2743 4123 2792 4154 se

1674 4168 1828 4211 voient
1855 4182 1972 4225 pour
1994 4172 2038 4215 la
2079 4176 2308 4228 première
2346 4176 2444 4219 fois.
2479 4178 2610 4221 Nous
2643 4180 2792 4223 résol¬

1672 4251 1788 4284 vons
1834 4243 2000 4285 autant
2039 4255 2128 4299 que
2170 4246 2370 4302 possible
2428 4247 2495 4292 les
2546 4248 2795 4294 difficultés

1673 4315 1748 4371 qui
1773 4318 1975 4371 peuvent
2007 4328 2056 4362 se
2079 4319 2319 4375 présenter
2340 4319 2460 4366 dans
2496 4323 2540 4367 la
2570 4324 2794 4370 situation

1672 4384 1728 4428 de
1747 4387 1871 4431 l’une
1887 4387 2060 4434 d’elles.
2084 4391 2215 4436 Nous
2235 4404 2442 4439 sommes
2460 4395 2560 4439 leur
2582 4398 2798 4442 intermé¬

1672 4457 1818 4503 diaire
1847 4462 1892 4504 et
1931 4462 2028 4507 leur
2058 4466 2168 4508 ami.
2193 4467 2296 4519 Oui,
2321 4466 2420 4512 leur
2439 4470 2549 4522 ami,
2574 4481 2656 4512 car
2678 4483 2798 4515 nous

1671 4531 1975 4577 considérons
1996 4547 2178 4579 comme
2206 4539 2266 4580 tel
2304 4543 2435 4582 notre
2475 4540 2570 4583 rôle
2592 4555 2710 4599 pour
2730 4543 2796 4587 les

1672 4614 1928 4656 personnes
1959 4606 2036 4660 qui
2076 4618 2196 4651 nous
2232 4608 2463 4666 chargent
2501 4611 2562 4655 du
2599 4615 2703 4658 soin
2742 4616 2796 4659 de

1672 4672 1771 4718 leur
1793 4676 1952 4720 union.

1729 4746 1850 4792 Elles
1863 4752 2067 4805 peuvent
2078 4756 2289 4811 compter
2301 4769 2382 4801 sur
2395 4762 2527 4802 notre
2543 4758 2795 4803 discrétion

1672 4819 1879 4864 absolue.
1915 4824 2059 4867 Notre
2082 4823 2214 4870 office
2239 4831 2310 4872 est
2342 4842 2402 4872 un
2428 4830 2647 4872 tombeau
2678 4842 2795 4886 pour

1673 4890 1738 4936 les
1758 4895 1932 4938 secrets
1954 4895 2032 4952 qui
2055 4908 2175 4942 nous
2195 4904 2302 4943 sont
2323 4899 2511 4944 confiés.

1730 4973 1952 5027 Souvent,
2001 4979 2171 5029 même,
2212 4978 2255 5019 la
2287 4978 2515 5032 première
2551 4980 2796 5036 présenta¬

1671 5044 1768 5087 tion
1807 5058 1835 5087 a
1871 5045 1962 5089 lieu
1988 5059 2100 5090 sans
2131 5047 2395 5102 qu’aucune
2432 5048 2515 5094 des
2535 5050 2655 5096 deux
2691 5066 2796 5110 par¬

1672 5115 1758 5156 ties
1778 5118 2025 5159 connaisse
2047 5116 2088 5158 le
2111 5129 2220 5160 nom
2255 5118 2311 5163 de
2348 5119 2514 5166 l’autre
2534 5127 2579 5166 et
2599 5136 2719 5167 nous
2736 5136 2794 5167 ne

1670 5180 1737 5226 les
1755 5183 1934 5228 faisons
1951 5188 2196 5234 connaître
2219 5202 2310 5247 que
2335 5204 2417 5236 sur
2435 5192 2534 5236 leur
2555 5192 2782 5235 autorisa¬

1671 5256 1767 5300 tion
1788 5270 2024 5315 expresse.

1727 5338 1800 5380 Un
1816 5334 2003 5392 journal
2023 5351 2140 5394 pour
2156 5340 2391 5392 mariages
2410 5339 2529 5383 dans
2543 5353 2634 5386 une
2650 5343 2791 5399 petite

1670 5407 1773 5451 ville
1791 5408 1851 5451 où
1871 5411 1972 5451 tout
1991 5408 2031 5450 le
2058 5408 2228 5451 monde
2253 5422 2303 5451 se
2320 5414 2513 5455 connaît
2532 5414 2577 5456 et
2599 5418 2792 5458 connaît

1668 5476 1712 5520 la
1734 5479 1958 5521 situation
1978 5478 2034 5520 de
2055 5490 2140 5522 son
2178 5479 2344 5534 voisin,
2370 5483 2574 5527 n’aurait
2611 5497 2696 5540 pas
2735 5487 2791 5530 de

1668 5548 1824 5591 raison
1855 5547 2014 5603 d’être,
2038 5550 2158 5595 mais
2179 5552 2299 5595 dans
2335 5566 2427 5599 une
2464 5555 2647 5611 grande
2667 5556 2787 5609 ville,

1667 5631 1848 5663 comme
1882 5621 1926 5665 la
1962 5626 2108 5678 nôtre,
2148 5624 2208 5667 où
2245 5623 2428 5670 chacun
2467 5639 2611 5682 pense
2654 5631 2682 5671 à
2716 5640 2791 5672 ses

1667 5691 1855 5736 affaires
1875 5695 1920 5736 et
1950 5707 2043 5738 non
2064 5695 2091 5738 à
2107 5694 2243 5739 celles
2261 5695 2316 5740 de
2338 5709 2414 5743 ses
2434 5698 2610 5743 voisins
2632 5711 2643 5754 ;
2667 5702 2711 5743 et
2730 5701 2788 5743 où

1666 5763 1774 5807 bien
1794 5769 1992 5810 souvent
2012 5766 2077 5811 les
2100 5766 2343 5812 habitants
2363 5771 2419 5815 de
2440 5770 2483 5812 la
2506 5773 2658 5815 même
2675 5772 2787 5815 mai¬

1664 5844 1751 5876 son
1771 5848 1830 5878 ne
1862 5847 1912 5879 se
1947 5838 2250 5883 connaissent
2287 5852 2373 5896 pas
2391 5843 2520 5885 entre
2537 5853 2640 5896 eux,
2666 5842 2697 5886 il
2718 5845 2788 5887 est

1664 5903 1928 5950 nécessaire
1968 5910 2078 5954 d’un
2130 5912 2222 5955 ami
2268 5911 2476 5968 général,
2531 5910 2642 5957 d’un
2694 5914 2784 5958 ami

1664 5984 1885 6017 commun
1907 5981 1983 6032 qui
2007 5987 2246 6040 groupant
2288 5984 2406 6027 dans
2426 5996 2491 6027 un
2530 5988 2663 6028 vaste
2698 5997 2787 6027 en¬

1666 6046 1856 6099 semble,
1880 6046 1946 6091 les
1982 6052 2123 6097 offres
2159 6058 2204 6099 et
2242 6055 2309 6098 les
2349 6056 2624 6108 demandes,
2651 6068 2787 6100 com¬

1667 6121 1771 6166 bine
1791 6119 1855 6164 lui
1891 6124 2043 6166 même
2064 6123 2131 6168 les
2164 6126 2434 6180 situations,
2459 6127 2527 6171 les
2556 6130 2688 6183 âges,
2719 6126 2786 6170 les

2863 1998 3020 2050 goûts,
3060 1994 3126 2039 les
3159 1991 3351 2048 figures,
3408 1991 3474 2035 les
3523 1991 3735 2035 fortunes
3775 1992 3819 2034 et
3868 1991 3992 2036 fasse

2863 2067 2927 2108 lui
2963 2070 3116 2111 même
3139 2066 3207 2111 les
3227 2063 3544 2122 propositions
3575 2062 3642 2107 les
3682 2062 3787 2120 plus
3830 2066 3988 2108 socia¬

2863 2136 2978 2180 bles.

2920 2208 3002 2251 Cet
3023 2208 3115 2251 ami
3138 2219 3376 2258 commun,
3402 2206 3514 2251 c’est
3536 2206 3698 2250 l’office
3718 2206 3987 2260 Mondonet,

2862 2278 2934 2330 47,
2959 2290 3042 2323 rue
3070 2279 3126 2322 de
3144 2278 3188 2321 la
3210 2279 3371 2332 Darse,
3394 2278 3507 2322 c’est
3538 2278 3578 2322 le
3594 2276 3783 2334 journal
3803 2278 3844 2322 le
3866 2275 3991 2320 Lien

2862 2347 2930 2390 du
2959 2348 3195 2407 Mariage
3217 2350 3292 2406 qui
3320 2351 3390 2392 est
3410 2360 3496 2391 son
3519 2349 3775 2394 auxiliaire.

2920 2430 3132 2472 Pendant
3154 2431 3424 2488 longtemps
3446 2430 3475 2474 il
3513 2443 3540 2475 a
3579 2431 3723 2475 existé
3760 2443 3850 2475 une
3886 2432 3991 2487 pré¬

2863 2502 3052 2546 vention
3074 2503 3168 2544 très
3197 2504 3423 2558 marquée
3455 2506 3618 2547 contre
3645 2503 3712 2547 les
3749 2503 3991 2556 mariages

2863 2572 2955 2615 dits
2968 2572 3025 2615 de
3048 2571 3352 2628 proposition,
3378 2584 3438 2615 on
3463 2574 3639 2617 voulait
3660 2587 3710 2620 se
3734 2574 3991 2631 persuader

2864 2643 2974 2700 qu’il
3005 2655 3063 2687 ne
3094 2645 3286 2699 pouvait
3306 2644 3446 2687 sorlir
3464 2643 3546 2688 des
3564 2658 3770 2700 agences
3798 2659 3887 2703 que
3911 2646 3992 2691 des

2863 2715 3100 2770 mariages
3120 2715 3400 2771 disparates.

2920 2799 2991 2842 En
3013 2798 3115 2842 face
3135 2798 3216 2842 des
3247 2799 3469 2843 résultats
3510 2802 3770 2846 contraires
3790 2803 3991 2847 obtenus

2867 2883 2951 2927 par
3004 2883 3082 2915 ces
3143 2871 3371 2926 bureaux,
3414 2883 3473 2914 on
3531 2875 3602 2916 est
3640 2875 3755 2916 sorti
3784 2875 3991 2931 complè¬

2866 2946 3040 2986 tement
3078 2943 3135 2986 de
3173 2944 3294 2987 cette
3342 2943 3633 2998 prévention.
3675 2944 3889 2990 L’estime
3931 2947 3994 2991 du

2867 3014 3022 3071 public
3040 3017 3110 3058 est
3132 3013 3428 3058 absolument
3442 3016 3634 3072 acquise
3654 3027 3750 3060 aux
3767 3030 3992 3072 agences,

2868 3098 2983 3143 pour
3004 3085 3048 3129 la
3070 3087 3226 3129 raison
3256 3086 3364 3129 bien
3396 3086 3580 3143 simple,
3606 3099 3695 3143 que
3715 3088 3783 3131 les
3804 3088 3994 3132 affaires

2867 3158 3056 3202 traitées
3078 3170 3163 3215 par
3197 3156 3322 3212 elles,
3348 3155 3389 3200 le
3427 3159 3535 3200 sont
3555 3159 3662 3214 plus
3698 3159 3995 3215 rapidement

2867 3234 2911 3274 et
2951 3229 3055 3287 plus
3092 3231 3348 3282 sûrement,
3372 3230 3418 3272 et
3456 3240 3515 3273 on
3558 3231 3667 3286 peut
3703 3230 3802 3275 dire
3839 3243 3928 3287 que
3952 3231 3992 3276 le

2868 3302 2972 3359 plus
2991 3303 3143 3358 grand
3183 3302 3376 3346 nombre
3418 3300 3498 3345 des
3535 3303 3790 3358 mariages,
3842 3306 3992 3347 même

2867 3374 3036 3427 riches,
3055 3376 3135 3418 ont
3156 3375 3228 3418 été
3243 3374 3348 3430 plus
3368 3385 3427 3416 ou
3446 3373 3600 3417 moins
3620 3375 3710 3418 mis
3730 3387 3811 3419 sur
3832 3374 3875 3418 la
3891 3376 3994 3419 voie

2871 3459 2953 3503 par
2975 3459 3059 3491 nos
3087 3457 3306 3502 agences.
3339 3446 3471 3490 Nous
3491 3458 3611 3490 nous
3630 3444 3914 3491 efforcerons
3935 3447 3994 3491 de

2867 3519 3058 3564 mériter
3079 3520 3199 3563 cette
3219 3520 3383 3563 estime
3402 3518 3464 3561 du
3488 3518 3643 3575 public
3664 3530 3723 3562 en
3739 3520 3994 3576 apportant

2869 3591 2987 3632 dans
3036 3591 3079 3632 la
3135 3590 3405 3632 conclusion
3447 3589 3528 3632 des
3575 3589 3764 3635 affaires
3804 3591 3847 3634 la
3889 3590 3995 3647 plus

2867 3659 3047 3715 grande
3084 3660 3375 3715 délicatesse,
3400 3660 3443 3703 la
3478 3660 3583 3717 plus
3603 3662 3786 3715 grande
3808 3663 3991 3719 probité

2867 3734 2912 3774 et
2932 3731 2976 3774 la
2998 3731 3250 3775 discrétion
3271 3732 3315 3775 la
3343 3732 3448 3787 plus
3468 3731 3679 3776 absolue.

2927 3815 3012 3858 Les
3064 3815 3214 3858 beaux
3262 3815 3484 3859 résultats
3542 3828 3632 3872 que
3686 3829 3806 3862 nous
3843 3830 3992 3863 avons

2867 3887 3066 3931 obtenus
3122 3898 3242 3930 nous
3274 3890 3515 3942 engagent
3552 3888 3579 3931 à
3613 3890 3835 3946 persister
3875 3890 3995 3934 dans

2870 3962 2988 4004 cette
3022 3959 3142 4014 voie,
3176 3959 3398 4016 espérant
3435 3972 3524 4016 que
3558 3960 3600 4004 le
3630 3960 3784 4016 public
3816 3960 3996 4005 voudra

2870 4032 2976 4076 bien
2998 4043 3118 4075 nous
3138 4032 3383 4075 continuer
3404 4043 3480 4075 ses
3500 4032 3689 4076 faveurs
3726 4035 3771 4076 et
3790 4044 3843 4076 sa
3874 4046 3994 4078 con¬

2870 4103 3039 4146 fiance.

2928 4188 2990 4231 Le
3022 4188 3147 4231 Lien
3190 4187 3256 4231 du
3290 4187 3526 4246 Mariage
3558 4191 3628 4232 est
3667 4189 3707 4233 le
3738 4190 3847 4232 trait
3891 4190 3995 4235 d’u¬

2868 4259 2979 4300 nion
3018 4257 3100 4302 des
3132 4256 3347 4311 familles,
3371 4271 3464 4302 non
3500 4259 3760 4304 seulement
3783 4260 3839 4304 de
3861 4264 3996 4307 notre

2868 4328 2989 4384 ville,
3015 4328 3135 4373 mais
3167 4341 3335 4374 encore
3374 4328 3455 4374 des
3479 4331 3762 4390 principales
3783 4332 3915 4376 villes
3938 4334 3994 4378 de

2870 4404 3047 4447 France
3082 4404 3126 4447 et
3160 4402 3216 4447 de
3259 4402 3511 4458 l’étranger
3548 4404 3607 4448 où
3642 4407 3775 4449 notre
3814 4404 3946 4449 office
3968 4418 3995 4448 a

2871 4475 2952 4519 des
2987 4474 3382 4531 correspondants
3412 4475 3624 4520 discrets.
3650 4477 3781 4520 Nous
3806 4477 3996 4534 présen¬

2870 4550 2976 4590 tons
2997 4546 3116 4589 donc
3138 4559 3228 4590 aux
3255 4548 3390 4603 pères
3417 4546 3472 4591 de
3491 4547 3666 4591 famille
3695 4548 3915 4592 soucieux
3938 4547 3992 4590 de

2871 4616 3063 4661 l’avenir
3084 4618 3140 4660 de
3164 4616 3288 4660 leurs
3310 4618 3496 4662 enfants
3516 4622 3623 4663 tous
3643 4619 3708 4663 les
3730 4620 3991 4672 avantages

2872 4687 3008 4744 qu’ils
3030 4700 3087 4730 ne
3108 4688 3352 4731 sauraient
3379 4691 3567 4734 trouver
3592 4688 3688 4733 s’ils
3727 4692 3832 4732 sont
3855 4688 3996 4732 livrés

2871 4760 2899 4802 à
2919 4763 3203 4802 eux-mêmes
3225 4763 3270 4803 et
3291 4760 3412 4804 dans
3434 4760 3475 4805 le
3495 4760 3642 4804 cercle
3663 4759 3718 4803 de
3738 4759 3863 4803 leurs
3883 4772 3991 4803 con¬

2870 4831 3143 4875 naissances
3164 4842 3174 4884 ;
3210 4843 3268 4875 en
3290 4832 3411 4886 effet,
3442 4830 3890 4887 indépendamment
3911 4831 3992 4875 des

2871 4906 3132 4950 références
3154 4906 3402 4958 certaines,
3431 4903 3485 4947 ils
3519 4904 3600 4946 ont
3622 4902 3662 4946 le
3682 4903 3817 4947 choix
3840 4903 3991 4959 parmi

2868 4978 2910 5022 le
2931 4978 3085 5032 grand
3106 4976 3299 5019 nombre
3340 4976 3394 5018 de
3418 4974 3734 5030 propositions
3756 4987 3845 5031 que
3871 4986 3989 5016 con¬

2868 5050 3079 5092 tiennent
3119 5047 3183 5090 les
3219 5046 3440 5090 colonnes
3468 5044 3524 5089 de
3559 5047 3692 5089 notre
3706 5043 3910 5101 journal,
3935 5044 3990 5088 ils

2868 5121 3071 5175 peuvent
3087 5118 3202 5159 faire
3223 5118 3420 5171 épouser
3442 5117 3467 5158 à
3487 5116 3611 5159 leurs
3628 5116 3816 5159 enfants
3832 5116 3876 5159 la
3895 5128 3994 5172 per¬

2864 5198 3013 5231 sonne
3031 5185 3167 5242 qu’ils
3182 5185 3388 5227 désirent
3398 5186 3488 5226 soit
3506 5196 3688 5227 comme
3707 5186 3986 5243 profession,

2866 5259 3066 5308 fortune,
3102 5256 3355 5307 caractère,
3394 5256 3596 5311 position
3635 5256 3806 5302 sociale
3844 5260 3890 5302 et
3930 5259 3986 5304 ils

2864 5344 2922 5375 ne
2956 5329 3274 5386 s’exposeront
3312 5339 3398 5383 pas
3435 5329 3460 5370 à
3500 5328 3599 5371 leur
3633 5327 3750 5373 faire
3784 5331 3987 5387 épouser

2865 5414 2955 5446 une
2989 5411 3219 5456 personne
3240 5399 3317 5455 qui
3355 5398 3454 5441 leur
3489 5411 3595 5442 sera
3633 5400 3982 5460 antipathique,

2863 5474 2952 5518 soit
2970 5483 3054 5528 par
3075 5483 3161 5514 son
3183 5473 3287 5524 âge,
3307 5470 3396 5512 soit
3431 5482 3548 5526 pour
3582 5472 3688 5515 tous
3719 5475 3879 5518 autres
3902 5474 3988 5519 dé¬

2864 5546 2987 5587 fauts
3007 5543 3084 5599 qui
3123 5543 3228 5583 sont
3263 5543 3430 5583 autant
3468 5540 3523 5584 de
3559 5554 3728 5588 causes
3766 5544 3823 5588 de
3846 5546 3984 5591 désu¬

2862 5616 2972 5659 nion
2994 5612 3112 5655 dans
3131 5611 3173 5655 le
3195 5612 3407 5666 mariage
3428 5614 3473 5655 et
3505 5612 3719 5659 finissent
3742 5629 3827 5673 par
3847 5630 3985 5664 ame¬

2862 5698 2943 5730 ner
2964 5684 3006 5727 le
3026 5683 3211 5727 divorce
3232 5685 3275 5727 et
3301 5683 3344 5726 la
3364 5683 3658 5740 séparation.

2918 5770 3047 5811 Dans
3078 5766 3367 5811 lescolonnes
3395 5766 3458 5814 du
3491 5770 3612 5814 Lien
3644 5770 3712 5815 du
3752 5774 3983 5831 Mariage

2860 5839 2919 5883 ou
2955 5839 2983 5883 à
3031 5838 3246 5882 l’Office
3299 5839 3581 5895 Mondonet,
3620 5843 3695 5898 47,
3734 5858 3816 5888 rue
3849 5845 3905 5887 de
3935 5844 3979 5887 la

2859 5911 3023 5963 Darse,
3054 5922 3114 5952 on
3136 5911 3244 5967 peut
3267 5912 3456 5956 trouver
3483 5914 3750 5960 facilement
3770 5927 3830 5958 un
3851 5927 3981 5969 gen¬

2860 5983 2956 6035 dre,
2982 5994 3043 6026 un
3080 5983 3230 6039 époux
3251 5995 3310 6028 ou
3331 5998 3424 6030 une
3446 5987 3618 6044 épouse
3646 5989 3671 6032 à
3710 5999 3792 6031 son
3819 5987 3903 6042 gré
3935 5991 3979 6030 et

2858 6067 2917 6098 en
2955 6056 3051 6098 tout
3092 6056 3222 6112 point
3258 6058 3497 6103 conforme
3539 6072 3632 6103 aux
3662 6059 3812 6103 désirs
3845 6059 3900 6103 de
3935 6059 3980 6102 la

2860 6138 3092 6183 personne
3119 6128 3147 6171 à
3166 6130 3356 6174 marier.
