4712 7064
2139 443 2219 488 LE
2259 442 2411 488 LIEN
2444 442 2533 488 DU
2569 440 2866 488 MARIAGE

762 615 835 657 481
850 615 933 656 bis.
955 639 995 646 —
1023 616 1148 667 Veuf,
1190 618 1266 666 âgé
1304 616 1354 655 de
1392 615 1440 656 55
1479 626 1570 662 ans,
1594 614 1834 663 négociant,

708 670 948 719 épouserait
986 682 1119 710 veuve
1159 682 1211 710 en
1252 678 1419 720 rapport
1440 667 1574 718 d’âge,
1598 679 1699 707 avec
1722 666 1839 705 avoir

708 724 762 762 de
791 723 927 771 15,U0(J
952 723 1006 763 fr.

762 816 852 856 482.
866 839 914 845 —
938 816 1058 862 Veuf,
1082 816 1131 855 40
1151 828 1242 865 ans,
1266 816 1375 856 deux
1395 814 1564 857 enfants
1583 814 1843 852 au-dessous

710 870 762 908 de
791 870 834 908 12
854 879 931 908 ans
950 875 1078 919 ayant
1102 870 1270 908 fortune
1291 871 1340 908 d"
1364 871 1454 909 leur
1470 871 1599 912 mère,
1620 866 1842 916 possédant

711 921 946 961 lui-même
983 922 1364 971 personnellement
1399 922 1546 960 80.000
1568 919 1638 965 fr.,
1662 919 1846 967 épouse¬

711 975 791 1013 rait
829 987 965 1014 veuve
1002 987 1098 1015 sans
1135 975 1302 1015 enfants
1335 988 1385 1015 en
1427 978 1596 1023 rapport
1636 971 1755 1020 d’âge
1804 979 1843 1008 et

712 1027 889 1067 d'avoir.

760 1115 850 1155 483.
879 1139 912 1143 -
938 1115 1204 1162 Célibataire,
1247 1116 1324 1165 âgé
1346 1115 1396 1152 de
1420 1113 1467 1152 40
1493 1124 1586 1159 ans,
1628 1120 1844 1150 commer¬

706 1180 752 1208 ça
759 1176 796 1207 ni
810 1201 816 1211 .
868 1169 1110 1219 épouserait
1166 1167 1435 1215 demoiselle,
1500 1166 1550 1204 30
1598 1175 1690 1211 ans,
1740 1172 1844 1200 avec

708 1222 857 1271 20,000
880 1222 931 1260 fr.

762 1314 852 1354 484.
874 1338 923 1343 —
962 1314 1230 1361 Célibataire,
1260 1314 1338 1363 âgé
1358 1311 1407 1351 de
1430 1311 1478 1350 27
1502 1320 1592 1356 ans,
1618 1307 1843 1360 bijoutier,

707 1367 879 1408 fortune
903 1368 1050 1415 30,000
1070 1367 1138 1415 fr.,
1162 1365 1402 1418 épouserait
1423 1360 1675 1403 demoiselle
1712 1364 1847 1411 ayant

707 1422 828 1460 avoir
848 1421 899 1459 de
921 1422 1070 1470 25,000
1092 1420 1147 1459 fr.

767 1604 898 1646 Nous
943 1602 1159 1644 donnons
1210 1600 1474 1643 ci-dessous
1519 1594 1747 1638 l’adresse
1790 1591 1847 1635 de

708 1671 820 1712 MM.
863 1667 931 1710 les
966 1666 1174 1710 notaires
1206 1665 1263 1707 de
1298 1664 1343 1706 la
1371 1662 1477 1706 ville
1507 1660 1565 1703 de
1595 1656 1845 1711 Marseille,

711 1734 790 1790 qui
823 1743 995 1787 pourra
1024 1734 1121 1774 être
1152 1728 1263 1772 utile
1295 1740 1410 1784 pour
1439 1726 1504 1769 les
1542 1726 1755 1767 contrats
1792 1720 1848 1763 de

714 1798 928 1851 mariage
951 1811 960 1838 :

768 1914 864 1954 MM.
901 1911 1106 1960 Sabatier,
1129 1923 1204 1950 rue
1227 1910 1411 1958 Paradis,
1443 1907 1502 1946 17.

903 1964 1124 2016 llaynaud,
1147 1975 1223 2002 rue
1246 1962 1431 2003 Paradis,
1454 1959 1520 1998 24.

902 2019 1079 2066 Gaudet,
1103 2028 1179 2055 rue
1203 2015 1384 2060 Paradis,
1407 2013 1474 2052 46.

902 2071 1102 2122 Gasquet,
1123 2081 1198 2108 rue
1216 2068 1402 2113 Paradis,
1426 2066 1491 2104 57.

902 2123 1102 2170 Ferrand,
1126 2134 1199 2160 rue
1223 2120 1407 2163 Paradis,
1431 2117 1495 2155 59.

902 2176 1056 2223 Brezet,
1082 2187 1154 2212 rue
1179 2172 1363 2219 Paradis,
1388 2171 1453 2208 68.

903 2231 954 2266 de
980 2228 1116 2277 Laget,
1139 2238 1215 2263 rue
1237 2219 1561 2266 Saiut-Ferréol,
1584 2222 1624 2259 7.

902 2278 1176 2328 Delanglade,
1198 2288 1275 2316 rue
1291 2276 1317 2315 S
1333 2274 1619 2320 dut-Ferréol,
1646 2271 1711 2311 29.

903 2334 1047 2380 Benet,
1071 2343 1147 2370 rue
1167 2327 1489 2372 Samt-Ferréol,
1514 2328 1578 2366 30.

903 2383 1149 2432 Provençal,
1173 2396 1247 2422 rue
1268 2380 1456 2422 Saint-F.
1474 2378 1597 2425 rréul,
1623 2376 1691 2416 50.

904 2438 1126 2484 Bouteille,
1150 2448 1225 2475 rue
1246 2430 1568 2479 Saiut-Ferréol,
1598 2430 1663 2470 52.

904 2490 1142 2538 Estrangiu,
1167 2500 1240 2526 rue
1262 2484 1588 2528 Saiut-Ferréol,
1612 2482 1679 2520 54.

904 2543 1107 2588 Jourdan,
1129 2553 1202 2579 rue
1224 2535 1550 2579 Saiut-Ferréol,
1575 2534 1640 2575 59.

907 2596 1063 2646 Sayou,
1088 2606 1164 2633 rue
1184 2593 1210 2632 S
1226 2589 1512 2635 dut-Ferréol,
1539 2588 1603 2626 78.

906 2647 1067 2690 Perrin,
1091 2659 1164 2686 rue
1189 2643 1452 2694 Moutgrand,
1478 2641 1547 2681 38.

907 2700 1206 2739 Taxil-Forum
1217 2699 1243 2746 1,
1269 2710 1343 2736 rue
1369 2695 1631 2745 Moutgrand,
1656 2694 1722 2734 48.

907 2754 1051 2800 Alliés,
1078 2764 1154 2791 rue
1175 2750 1435 2799 Mon!grand,
1459 2749 1524 2787 62.

907 2811 1042 2852 Azaïs,
1067 2818 1142 2843 rue
1163 2805 1213 2843 de
1236 2803 1276 2842 la
1296 2804 1436 2848 Darse,
1459 2802 1495 2840 5.

908 2859 1107 2908 Laugier,
1132 2870 1206 2896 rue
1228 2858 1279 2895 de
1304 2856 1342 2894 la
1366 2856 1506 2902 Darse,
1531 2853 1598 2894 29,

908 2911 1135 2963 Raynaud,
1160 2922 1233 2948 rue
1254 2908 1456 2951 Noailles,
1480 2908 1522 2946 7.

791 2967 883 3007 MM.
915 2963 1135 3010 Dessuard,
1159 2974 1235 3002 rue
1255 2960 1456 3006 Noailles,
1488 2960 1544 2999 18.

913 3018 1103 3066 Laugier,
1127 3028 1201 3055 rue
1220 3014 1494 3058 Cannebière,
1519 3014 1558 3051 5.

908 3070 1038 3111 Décor
1044 3070 1138 3116 mis,
1163 3081 1236 3106 rue
1256 3068 1459 3115 Grignan,
1483 3066 1551 3105 56.

911 3123 1032 3167 Lat.il,
1059 3134 1132 3162 rue
1154 3122 1311 3165 Sainte,
1343 3120 1372 3160 1.

910 3175 1102 3218 Giraudi,
1126 3186 1251 3215 cours
1268 3171 1558 3220 Saint-Louis,
1583 3170 1620 3211 3.

910 3230 1051 3276 Blanc,
1074 3240 1147 3267 rue
1168 3228 1219 3267 de
1244 3227 1418 3272 l’Arbre,
1442 3226 1464 3264 9

913 3282 1132 3322 Roubaud.
1160 3292 1234 3319 rue
1254 3280 1304 3318 de
1328 3279 1366 3316 la
1391 3275 1682 3326 République,
1710 3274 1772 3314 15.

910 3335 1058 3383 Gavot,
1083 3344 1156 3372 rue
1179 3334 1234 3371 du
1262 3334 1448 3379 Bausset,
1474 3328 1512 3368 4.

726 3820 754 3858 Il
778 3826 831 3857 est
851 3823 988 3867 temps,
1011 3820 1128 3866 jeune
1151 3818 1240 3856 tille,
1263 3820 1287 3853 d
1310 3818 1396 3854 faut
1416 3828 1490 3863 que
1512 3822 1554 3853 tu
1576 3821 1612 3854 te
1635 3818 1748 3860 lèves,

727 3881 787 3916 Dis
807 3880 918 3916 adieu
938 3890 1030 3924 pour
1050 3879 1223 3924 toujours
1238 3888 1312 3912 aux
1335 3877 1494 3923 plaisirs,
1515 3888 1590 3911 aux
1611 3877 1739 3911 beaux
1759 3875 1864 3911 rêves

916 3938 969 3974 Du
992 3938 1099 3983 foyer
1122 3936 1291 3980 paternel
1318 3935 1326 3970 !

727 3999 854 4041 Quitte
878 4008 971 4042 pour
992 3996 1046 4031 les
1070 3996 1210 4034 soucis,
1236 4000 1272 4027 ta
1294 3993 1395 4038 gaité
1420 3994 1502 4026 vive
1526 3995 1563 4026 et
1584 3991 1754 4034 franche,

726 4056 823 4091 Orne
847 4059 907 4090 ton
928 4055 1030 4089 front
1050 4053 1095 4088 de
1118 4052 1233 4086 fleurs
1255 4055 1290 4087 et
1313 4055 1410 4085 mets
1430 4056 1466 4083 ta
1488 4048 1574 4083 robe
1596 4048 1759 4083 blanche
1783 4059 1790 4083 :

916 4114 1081 4154 Marctie,
1108 4111 1262 4146 marche
1285 4111 1306 4144 à
1326 4109 1455 4144 l'autel
1478 4108 1485 4142 !

729 4215 895 4257 Marche,
920 4212 1083 4248 n’hésite
1107 4211 1256 4256 point...
1278 4210 1415 4255 abrège
1435 4214 1470 4243 ta
1494 4207 1616 4254 prière
1640 4221 1649 4251 ;

731 4273 895 4312 Marche,
919 4283 960 4306 va
984 4271 1164 4316 jusqu'au
1191 4270 1288 4308 bout,
1310 4280 1398 4304 sans
1415 4271 1513 4315 jeter
1534 4278 1581 4303 en
1604 4267 1744 4302 arrière

922 4329 998 4365 Une
1022 4330 1167 4375 plainte
1188 4339 1232 4362 en
1255 4328 1408 4362 chemin
1434 4327 1440 4360 !

728 4390 878 4427 L’autpl
902 4386 1212 4431 resplendissant,
1232 4384 1283 4419 du
1306 4386 1426 4428 prêtre
1450 4386 1579 4418 attend
1604 4382 1736 4418 l’otïice
1758 4395 1767 4424 ;

730 4446 895 4494 Kegarde
914 4446 920 4480 !
943 4456 984 4482 ce
1006 4446 1095 4479 n’est
1120 4455 1184 4488 pas
1204 4444 1304 4478 celui
1327 4442 1378 4477 du
1395 4451 1456 4477 sac
1463 4442 1490 4475 ri
1498 4442 1563 4476 lice
1586 4452 1592 4476 :

920 4503 1018 4539 C’est
1036 4503 1135 4539 celui
1159 4502 1204 4538 de
1228 4502 1415 4547 l’hymen.

728 4607 803 4643 Ton
827 4606 1000 4641 heureux
1030 4603 1150 4638 fiancé
1170 4602 1259 4649 déjà
1279 4600 1400 4636 s’offre
1427 4600 1447 4636 à
1470 4601 1503 4635 la
1534 4600 1647 4640 foule,

727 4666 755 4703 Il
774 4670 923 4710 compte
946 4665 998 4699 les
1017 4663 1183 4698 instants
1203 4662 1248 4696 de
1274 4660 1420 4697 l’heure
1443 4660 1508 4706 qui
1527 4659 1697 4695 s’écoule

921 4722 965 4757 Et
983 4723 1046 4768 qui
1067 4732 1159 4755 aura
1183 4720 1258 4754 vite
1281 4720 1351 4755 fui.

728 4783 757 4820 Il
781 4788 815 4819 te
843 4780 1008 4817 cherche
1031 4779 1095 4815 des
1114 4789 1228 4823 yeux,
1248 4779 1372 4814 craint
1392 4776 1438 4812 de
1460 4781 1495 4811 te
1519 4776 1651 4820 perdre
1672 4787 1823 4820 encore,

728 4843 820 4879 Mais
842 4850 894 4875 un
914 4843 992 4875 mot
1014 4839 1148 4874 sortira
1167 4838 1212 4872 de
1240 4842 1278 4871 ta
1300 4836 1447 4871 bouche
1464 4845 1599 4871 sonore

918 4898 963 4934 Et
984 4902 1024 4934 tu
1045 4907 1147 4932 seras
1168 4898 1188 4931 à
1212 4896 1283 4932 lui.

727 5004 755 5038 A
778 5001 846 5044 lui,
870 4996 1160 5043 comprends-tu
1183 4995 1268 5031 bien
1292 4996 1310 5031 ?
1332 5006 1398 5042 par
1419 5004 1566 5038 amour,
1591 5004 1679 5030 sans
1700 4994 1810 5030 envie
1830 5006 1838 5037 ;

727 5063 755 5096 A
776 5061 846 5103 lui,
870 5058 935 5094 dès
959 5059 1018 5092 cet
1039 5059 1196 5098 instant,
1222 5055 1242 5090 à
1263 5055 1402 5102 jamais
1423 5063 1519 5100 pour
1540 5055 1573 5088 la
1600 5054 1658 5090 vie

920 5117 973 5152 Tu
996 5127 1058 5151 vas
1076 5119 1307 5162 appartenir.

728 5179 755 5213 À
772 5178 858 5224 quoi
876 5176 947 5212 bon
966 5180 1114 5219 mettre,
1135 5176 1283 5217 enfant,
1304 5180 1366 5211 ton
1384 5183 1490 5211 cœur
1507 5172 1602 5210 dans
1619 5174 1655 5208 la
1672 5172 1828 5210 balance
1843 5172 1860 5208 ?

728 5236 959 5280 Qu’importe
983 5236 1015 5269 le
1036 5236 1187 5280 mépris,
1211 5236 1245 5269 le
1266 5235 1379 5277 désir,
1402 5236 1436 5269 la
1458 5234 1674 5270 soulïrance

919 5294 983 5328 S’il
1003 5292 1122 5328 t’offre
1147 5304 1195 5327 un
1219 5303 1366 5328 avenir.

729 5394 963 5438 Qu’importe
984 5392 1029 5427 de
1048 5396 1108 5427 ton
1132 5403 1236 5428 cœur
1263 5394 1315 5428 les
1336 5402 1471 5439 songes
1494 5391 1615 5437 pleins
1638 5391 1831 5435 d’ivresse,

729 5452 758 5490 Il
780 5455 837 5489 est
858 5451 974 5495 riche,
998 5452 1023 5486 il
1046 5451 1164 5495 suffit,
1187 5459 1339 5498 accepte
1363 5452 1399 5487 la
1420 5451 1618 5487 tendresse

920 5510 1030 5546 Cette
1055 5510 1168 5546 fièvre
1188 5511 1372 5547 d’amour.

728 5571 786 5607 Du
810 5568 946 5605 monde
963 5580 1048 5604 sans
1071 5571 1180 5613 mari,
1204 5579 1246 5606 tu
1266 5571 1382 5606 serais
1404 5571 1436 5607 la
1468 5570 1576 5611 risée,

728 5628 864 5667 Jeune,
884 5638 975 5662 avec
998 5638 1046 5662 un
1068 5627 1179 5670 mari,
1204 5632 1242 5662 tu
1266 5639 1348 5664 sera
1366 5641 1372 5663 î
1391 5627 1594 5668 courtisée,

920 5687 984 5722 Ris
1002 5686 1051 5720 du
1076 5686 1214 5722 monde
1232 5687 1254 5720 à
1283 5694 1344 5722 ton
1372 5693 1471 5723 tour.

730 5788 780 5825 De
802 5787 927 5823 beaux
947 5787 1112 5826 enfants,
1143 5786 1244 5822 rêvés
1264 5786 1359 5821 dans
1380 5792 1435 5823 tes
1452 5796 1607 5821 amours
1624 5786 1822 5831 candides,

737 5875 767 5887 ..
786 5878 794 5887 .
826 5846 1114 5887 Reviendroont,
1134 5856 1179 5880 au
1203 5847 1296 5884 sein,
1322 5844 1366 5879 de
1393 5851 1446 5881 tes
1467 5856 1607 5880 ennuis
1627 5847 1862 5891 splendides,

921 5906 947 5941 T
963 5906 1070 5940 offrir
1090 5904 1173 5939 leur
1194 5904 1304 5939 blond
1327 5907 1456 5940 trésor.

731 5968 799 6004 Par
818 5967 918 6002 suite
940 5975 991 6000 un
1014 5969 1088 5999 sort
1111 5963 1272 5999 brillant
1292 5963 1373 5999 doit
1397 5963 1554 5998 t'échoir
1571 5974 1618 5998 en
1642 5968 1795 6008 partage
1817 5976 1826 6008 ;

732 6025 788 6063 Tu
812 6038 877 6062 vas
898 6027 1003 6061 avoir
1018 6024 1176 6071 joyaux,
1198 6024 1329 6067 valets,
1353 6027 1497 6065 meute,
1520 6023 1720 6069 équipage,

924 6084 984 6119 Un
1008 6084 1105 6119 beau
1124 6083 1275 6120 titre...
1300 6086 1338 6118 et
1359 6082 1405 6116 de
1424 6082 1501 6116 l’or.

1980 610 2170 663 L’Office
2203 611 2441 650 Mondonet
2460 612 2522 647 est
2550 614 2704 649 ouvert
2724 612 2822 648 tous
2850 611 2910 648 les
2928 611 3066 662 jours

1928 678 1982 716 de
2000 680 2030 716 2
2050 676 2207 715 heures
2228 679 2252 715 à
2276 678 2303 715 8
2326 674 2482 715 heures
2500 675 2562 714 du
2592 677 2683 716 soir
2710 678 2748 714 et
2787 676 2847 715 les
2883 675 3063 715 diman¬

1927 743 2026 781 ches
2046 744 2086 780 et
2104 742 2214 793 fêtes
2235 740 2287 779 de
2311 742 2335 779 9
2358 738 2512 779 heures
2532 743 2558 779 à
2580 740 2696 780 midi
2702 772 2710 780 .

1989 903 2401 976 THÉÂTRES
2459 913 2551 973 ET
2609 912 3001 976 CONCERTS

3144 620 3280 737 LE
3336 596 3748 740 RÉVEIL
3804 619 3948 736 DU
4004 615 4264 735 LION

3319 786 3644 839 Nouveautés
3672 800 3731 838 en
3763 788 3876 837 tous
3903 781 4091 835 Genres

3160 902 3450 942 FRAICHEUR
3479 926 3529 930 —
3568 892 3795 942 SOLIDITÉ
3824 926 3875 931 —
3906 899 4002 939 BON
4032 888 4236 938 MARCHÉ

3455 991 3610 1030 Maison
3640 1002 3690 1028 de
3721 991 3950 1031 Confiance

1983 1072 2444 1109 Grand-Tliéàtrc.
2470 1070 2519 1108 —
2555 1070 2607 1108 La
2641 1066 2833 1106 Basoche
2839 1099 2847 1116 ,
2873 1068 3058 1118 l'opéra-

1930 1124 2129 1172 comique
2168 1124 2220 1160 de
2255 1122 2303 1160 M.
2339 1122 2482 1160 Albert
2510 1121 2647 1167 Carré,
2678 1119 2878 1170 musique
2916 1122 2966 1159 de
3004 1123 3054 1161 M.

1933 1178 2148 1223 Messager,
2172 1187 2195 1211 a
2219 1175 2371 1212 obtenu
2397 1184 2454 1212 un
2475 1172 2652 1212 brillant
2675 1174 2847 1222 succès;
2895 1173 3059 1212 l’inter¬

1931 1231 2058 1278 prétai
2070 1228 2138 1266 ion
2160 1240 2182 1264 a
2204 1228 2270 1266 été
2296 1227 2394 1266 bien
2415 1226 2590 1272 rendue,
2624 1225 2683 1264 les
2716 1224 2863 1263 décors
2895 1224 3060 1262 intelli¬

1928 1286 2144 1329 gemment
2170 1279 2398 1317 rafraîchis
2430 1284 2468 1316 et.
2503 1279 2559 1316 les
2588 1283 2803 1316 costumes
2832 1276 3060 1316 flambants

1930 1332 2070 1372 neufs.
2095 1333 2278 1382 Presque
2316 1338 2408 1370 tons
2444 1330 2502 1369 les
2540 1341 2763 1368 morceaux
2785 1329 2962 1368 chantés
2986 1342 3059 1379 par

1930 1387 1978 1424 M.
2007 1384 2207 1435 Delvoye,
2231 1384 2430 1435 baryton,
2471 1390 2544 1422 ont
2582 1384 2648 1423 été
2687 1382 2833 1427 bissés,
2867 1382 2898 1420 il
2936 1395 2959 1420 a
2992 1383 3059 1422 été

1930 1439 2142 1477 vraiment
2164 1438 2200 1475 le
2223 1437 2284 1475 roi
2303 1438 2354 1474 de
2377 1436 2416 1474 la
2437 1435 2632 1474 Basoche.
2666 1434 2715 1473 M.
2743 1435 2960 1482 Messager,
2980 1435 3058 1484 qui

1928 1492 2111 1530 assistait
2150 1491 2172 1527 à
2215 1491 2252 1528 la
2298 1487 2630 1538 représentation
2676 1487 2780 1526 dans
2830 1500 2911 1526 une
2960 1487 3054 1536 loge

1929 1544 2270 1590 d'avant-scène,
2293 1554 2315 1578 a
2338 1542 2394 1579 du
2418 1540 2538 1579 venir
2557 1540 2698 1580 saluer
2722 1540 2779 1579 les
2797 1546 3060 1590 spectateurs

1929 1602 1967 1635 et
1991 1596 2050 1635 les
2071 1595 2298 1634 remercier
2318 1594 2370 1632 de
2394 1592 2486 1631 leur
2505 1592 2785 1631 chaleureuse
2807 1592 2993 1632 ovation.

1983 1650 2042 1688 On
2066 1649 2179 1687 vient
2202 1648 2252 1686 de
2278 1651 2427 1684 mettre
2442 1647 2464 1683 à
2482 1645 2637 1684 l'étude
2654 1644 2835 1683 Samson
2851 1650 2891 1683 et
2910 1644 3044 1683 Dalila
3047 1676 3058 1692 ,

1930 1700 1970 1739 le
1992 1701 2162 1740 dernier
2191 1700 2316 1748 opéra
2352 1699 2402 1736 de
2435 1696 2716 1737 Saint-Saëus.
2758 1696 2810 1734 La
2849 1696 3060 1747 première

1931 1751 2263 1804 représentation
2286 1762 2388 1788 aura
2411 1750 2495 1788 lieu
2521 1763 2612 1789 vers
2635 1750 2670 1788 le
2699 1750 2743 1787 15
2765 1748 2934 1790 février.

1984 1850 2247 1885 Variétés.
2272 1867 2319 1874 —
2340 1844 2468 1895 Après
2491 1844 2550 1884 les
2571 1844 2679 1884 deux
2702 1844 3062 1895 réprésentation§

1924 1901 1980 1939 de
2003 1898 2248 1947 dimanche,
2275 1898 2444 1936 Juanita
2463 1910 2487 1936 a
2507 1899 2572 1938 été
2595 1897 2743 1938 retirée
2774 1898 2824 1936 de
2859 1898 3056 1939 l’affiche.

1932 1954 1986 1992 Le
2010 1976 2020 1991 t
2020 1952 2292 1991 Juif-Errant
2314 1963 2336 1988 a
2358 1952 2423 1990 été
2444 1951 2543 1998 joué
2580 1962 2680 1989 avec
2712 1949 2751 1987 le
2780 1961 2990 1991 concours
3008 1951 3059 1990 de

1931 2008 2020 2045 MM.
2046 2005 2106 2043 Du
2115 2005 2198 2042 mai
2206 2016 2271 2050 ne,
2296 2003 2485 2040 Taillade
2519 2007 2558 2040 et
2596 2002 2963 2041 Laeressonnière.
3006 2003 3060 2040 La

1930 2059 2034 2098 salle
2066 2058 2168 2096 était,
2207 2055 2590 2095 convenablement,
2630 2054 2775 2103 garnie
2819 2054 2979 2103 malgré
3022 2055 3060 2094 la

1930 2110 2214 2160 température
2247 2107 2487 2147 sibérienne
2519 2120 2603 2158 que
2635 2118 2743 2146 nous
2763 2107 2998 2156 subissons,
3020 2114 3061 2147 et

1930 2164 1969 2202 le
2008 2160 2155 2212 public
2194 2172 2217 2199 a
2257 2160 2333 2198 fait
2375 2171 2430 2199 un
2472 2160 2636 2200 accueil
2678 2159 2939 2200 chaleureux
2976 2172 3059 2200 aux

1931 2215 2159 2255 excellents
2182 2214 2444 2264 interprètes.

1987 2267 2223 2307 Dimanche
2244 2266 2413 2306 dernier
2431 2279 2455 2305 a
2475 2279 2527 2306 eu
2554 2265 2637 2304 lieu
2678 2278 2761 2305 une
2796 2268 3061 2315 représenta¬

1935 2322 2020 2361 tion
2038 2320 2092 2361 du
2119 2320 2266 2359 Grand
2282 2319 2430 2371 Alogol
2440 2332 2492 2358 au
2512 2319 2700 2359 bénéfice
2717 2319 2767 2357 de
2787 2319 2834 2358 M.
2855 2319 3059 2367 brouette,

1931 2376 2004 2425 qui
2047 2386 2066 2411 a
2107 2375 2172 2411 é:é
2206 2378 2379 2411 couvert
2398 2372 2447 2410 de
2472 2372 2647 2422 palmes,
2675 2371 2725 2410 de
2748 2382 2984 2410 couronnes
3020 2378 3060 2410 et

1932 2428 1982 2466 de
2010 2426 2138 2464 fleurs
2162 2436 2232 2472 par
2256 2436 2336 2463 une
2358 2424 2461 2463 salle
2483 2422 2788 2463 enthousiaste.

1987 2479 2062 2517 Les
2083 2479 2238 2516 soirées
2259 2490 2310 2515 au
2336 2477 2523 2516 bénéfice
2544 2477 2617 2515 des
2638 2475 2804 2515 artistes
2838 2482 2908 2514 ont
2947 2488 3060 2515 com¬

1935 2531 2082 2571 mencé
2118 2529 2154 2568 la
2190 2530 2379 2569 semaine
2410 2528 2619 2580 dernière,
2644 2529 2743 2568 c'est
2767 2532 2814 2568 M.
2840 2528 3060 2568 Marchetti

1932 2587 2007 2636 qui
2030 2595 2052 2624 a
2074 2588 2222 2623 ouvert
2242 2583 2283 2622 la
2304 2583 2495 2623 marche.

1986 2683 2267 2727 Gymnase.
2292 2675 2343 2716 —
2375 2675 2539 2716 Humlet
2559 2687 2583 2714 a
2603 2675 2668 2715 été
2691 2676 2931 2724 représenté
2952 2688 3060 2724 pour

1938 2732 1974 2771 la
1998 2731 2203 2783 première
2240 2730 2322 2768 fois
2360 2729 2590 2768 dimanche
2626 2728 2783 2767 devant
2818 2739 2874 2767 un
2912 2728 3058 2778 public

1936 2785 2169 2825 nombreux
2190 2784 2266 2834 qui
2288 2782 2400 2820 avait
2422 2781 2574 2820 envahi
2602 2780 2639 2819 la
2659 2780 2776 2820 salle.

1989 2839 2200 2886 L’étrange
2239 2836 2375 2886 figure
2413 2832 2626 2872 d'Hamlet
2663 2832 2859 2872 convient
2891 2835 2914 2871 à
2945 2846 3060 2873 mer¬

1937 2890 2061 2930 veille
2083 2902 2136 2927 an
2163 2887 2292 2927 talent
2312 2888 2363 2926 de
2386 2886 2722 2935 Monnet-Sully,
2745 2887 2844 2924 c'est
2874 2886 2980 2924 dans
3014 2899 3060 2924 ce

1936 2944 2025 2983 rôle
2063 2954 2146 2992 que
2180 2940 2216 2979 le
2247 2940 2374 2987 grand
2415 2939 2556 2978 artiste
2579 2951 2601 2976 a
2624 2940 2834 2986 remporté
2857 2938 2894 2976 le
2915 2940 3063 2978 succès

1936 2996 1974 3036 le
1994 2996 2091 3047 plus
2111 2994 2392 3040 retentissant,
2413 2999 2452 3031 et.
2474 2993 2511 3031 la
2530 2991 2767 3042 réputation
2791 2992 2867 3042 qui
2888 3003 3059 3031 accom¬

1939 3059 2072 3099 pagne
2110 3050 2133 3086 à
2178 3045 2382 3086 Marseille
2423 3044 2643 3084 l'éminent
2683 3044 2903 3083 sociétaire
2936 3046 2987 3083 de
3023 3044 3060 3083 la

1936 3099 2132 3141 Comédie
2155 3098 2374 3150 Française
2396 3098 2499 3136 n’est,
2522 3110 2594 3148 pas
2614 3097 2827 3136 exagérée,
2852 3098 2906 3135 Le
2928 3096 3060 3137 talent

1936 3155 1987 3192 de
2012 3152 2288 3191 Monnet-Soit
2302 3163 2324 3199 y
2347 3163 2388 3190 se
2407 3151 2544 3188 donne
2570 3151 2672 3188 libre
2694 3150 2872 3188 carrière
2894 3150 2999 3188 dans
3018 3148 3058 3190 le

1939 3207 2062 3246 héros
2098 3204 2148 3243 de
2187 3203 2490 3252 Shakespeare,
2527 3203 2554 3240 il
2596 3201 2746 3251 emplit
2783 3202 2840 3240 les
2872 3215 2972 3242 onze
2996 3209 3060 3241 ta¬

1938 3259 2090 3298 bleaux
2128 3257 2184 3295 du
2222 3256 2365 3295 drame
2395 3256 2446 3295 de
2479 3267 2522 3294 sa
2559 3256 2773 3306 puissante
2804 3261 2843 3294 et
2866 3258 3058 3307 tragique

1936 3318 2091 3351 action.
2132 3310 2236 3348 Mme
2258 3310 2403 3348 Aimée
2423 3308 2702 3354 Teissandier,
2724 3309 2774 3348 de
2802 3308 2839 3347 la
2862 3310 3061 3350 Comédie

1936 3364 2171 3416 Française,
2195 3369 2235 3400 et
2257 3363 2351 3402 Mlle
2376 3363 2505 3402 Reine
2527 3363 2663 3411 Fleur,
2686 3362 2736 3401 de
2766 3362 2952 3411 FOdéon,
2987 3370 3060 3402 ont

1936 3419 2001 3456 été
2022 3416 2099 3456 fort
2123 3414 2386 3464 applaudies.

1990 3467 2342 3507 Prochainement
2382 3466 2390 3506 :
2433 3466 2591 3506 Michel
2630 3466 2839 3518 Strogoiï,
2881 3466 2998 3516 pièce
3038 3468 3062 3506 à

1938 3521 2070 3572 grand
2102 3519 2312 3571 spectacle
2331 3531 2382 3559 en
2404 3520 2427 3558 5
2447 3525 2561 3560 actes
2580 3525 2620 3559 et
2646 3520 2688 3559 10
2713 3519 2923 3567 tableaux,
2959 3532 3061 3561 avec

1936 3586 2057 3625 corps
2071 3574 2121 3612 de
2141 3572 2284 3623 ballet,
2301 3582 2512 3613 costumes
2532 3579 2571 3614 et
2591 3574 2737 3615 décors
2775 3574 3060 3615 entièrement

1936 3638 2174 3667 nouveaux.

1991 3720 2310 3756 I*alui»-<lc-f
2324 3722 2483 3754 ris(al
2524 3716 2574 3754 —
2615 3714 2889 3754 L’excellente
2914 3719 3059 3763 troupe

1935 3771 2148 3822 mimique
2167 3770 2356 3816 Lever!n,
2379 3768 2552 3820 appelée
2574 3770 2596 3804 â
2620 3766 2735 3805 Paris
2759 3776 2831 3815 par
2854 3776 2908 3804 un
2948 3766 3059 3804 bril¬

1938 3825 2026 3864 lant
2055 3828 2349 3874 engagement,
2375 3832 2482 3860 nous
2514 3832 2536 3858 a
2566 3819 2644 3856 fait
2683 3830 2747 3856 ses
2779 3818 2931 3858 adieux
2955 3819 3060 3859 dans

1938 3891 2019 3916 une
2039 3878 2172 3916 soirée
2194 3876 2244 3914 de
2264 3874 2360 3922 gala
2380 3872 2543 3910 donnée
2561 3883 2612 3907 au
2643 3871 2827 3910 bénéfice
2850 3872 2900 3910 de
2922 3872 3059 3910 Séve-

1937 3930 2018 3976 rin,
2044 3930 2079 3966 le
2101 3928 2254 3978 pierrot
2274 3925 2310 3963 si
2332 3923 2564 3974 populaire.
2589 3923 2671 3964 Nos
2691 3923 2887 3962 vaillants
2903 3924 3060 3962 mimes

1937 3985 2172 4028 emportent
2195 3984 2287 4016 tous
2327 3977 2386 4015 les
2420 3982 2575 4026 regrets
2610 3977 2682 4015 des
2714 3982 2928 4015 amateurs
2949 3976 2999 4015 de
3022 3978 3060 4015 la

1939 4032 2215 4083 pantomime,
2238 4030 2272 4068 si
2298 4028 2530 4067 nombreux
2552 4031 2574 4066 à
2602 4026 2818 4068 Marseille.

1990 4083 2128 4124 Grand
2148 4084 2294 4123 succès
2316 4083 2366 4120 de
2388 4082 2439 4123 M.
2464 4082 2514 4120 de
2534 4080 2563 4119 T
2571 4081 2668 4122 bore
2677 4094 2700 4131 y
2723 4093 2824 4121 avec
2846 4092 2911 4120 ses
2933 4080 3059 4131 lions,

1937 4138 1988 4178 de
2010 4138 2084 4178 MM
2119 4136 2360 4184 Mercadier,
2374 4135 2412 4175 le
2426 4135 2484 4174 fin
2499 4134 2659 4185 diseur,
2677 4134 2859 4184 Ferréol,
2875 4135 3061 4184 Deleuil,

1938 4192 2143 4232 l'homme
2164 4192 2275 4240 chat,
2300 4190 2339 4230 la
2360 4195 2507 4239 troupe
2539 4188 2811 4240 acrobatique
2851 4188 3062 4230 Attrelias.

1974 4406 2186 4527 LES
2278 4406 2578 4526 DEUX
2662 4405 3038 4525 PAONS

2178 4560 2494 4613 Restaurant
2518 4574 2650 4625 pour
2675 4559 2834 4612 Noces

1938 4654 2158 4696 SALONS
2186 4652 2346 4694 POUR
2374 4654 2611 4696 TOUTES
2640 4655 2748 4695 LES
2777 4644 3067 4696 SOCIÉTÉS

2214 4723 2366 4763 Salles
2396 4736 2446 4762 de
2478 4724 2596 4772 Bals,
2626 4727 2792 4764 Jardins

2044 4807 2223 4851 Cuisine
2240 4810 2280 4847 et
2302 4806 2483 4847 Service
2499 4807 2666 4858 soigné,
2688 4806 2740 4844 de
2759 4807 2836 4846 bon
2856 4810 2964 4858 goût

2231 4902 2360 4936 Prix
2392 4898 2778 4934 raisonnables

2147 4976 2302 5018 AUX
2351 4971 2860 5018 CHARTREUX

1939 5190 2155 5347 LES
2195 5186 2399 5346 500
2443 5185 3067 5342 COUVERTS

2080 5395 2344 5451 Restaurant
2372 5411 2475 5463 pour
2503 5394 2647 5448 Noces
2675 5396 2722 5446 et
2751 5391 2927 5446 Festins

2332 5495 2450 5534 Prix
2479 5494 2676 5534 modérés

1938 5585 2164 5627 SERVICE
2207 5583 2410 5624 RAPIDE
2452 5583 2522 5622 ET
2564 5580 2712 5622 BIEN
2756 5570 3066 5622 ORGANISÉ

2219 5672 2344 5706 AUX
2386 5668 2779 5704 UliAIiTREUX

1967 5847 2531 5931 PHOTOGRAPHIE
2599 5846 3039 5938 ARTISTIQUE

2295 5977 2350 6041 G.
2395 5965 2700 6037 OUVIÈRE

3242 1093 3406 1132 Rue
3452 1088 4004 1137 Saint-Ferréol,
4054 1088 4147 1128 31

3137 1280 3377 1393 IRIS
3425 1284 3509 1396 CE
3561 1284 3825 1400 CRASSE
3873 1283 3961 1396 ET
4021 1283 4105 1395 CE
4141 1283 4265 1395 TIR

3252 1457 3551 1519 Réparations,
3593 1450 3842 1520 (Échanges,
3868 1461 4136 1521 Nettoyages

3142 1559 3679 1624 BERNARD
3731 1576 3842 1611 rue
3870 1562 4149 1622 Paradis,
4187 1562 4262 1611 32

3326 1788 3443 1840 A.
3506 1786 4074 1843 Vendre

3142 1896 3426 2025 UNE
3482 1895 4262 2028 CAMPAGNE

3419 2082 3686 2131 QUARTIER
3718 2074 3981 2128 PÉRICARD

3171 2160 3278 2200 Aux
3300 2159 3497 2200 Plaines
3522 2161 3577 2199 de
3600 2160 3874 2208 Vergatier,
3898 2159 4074 2200 terroir
4098 2159 4235 2199 d’Aix

3187 2265 3452 2304 Contenance
3473 2276 3482 2304 :
3502 2266 3649 2312 22,000
3670 2267 3830 2306 mètres
3851 2263 4117 2315 complantés
4153 2263 4266 2303 d’ar¬

3134 2316 3230 2355 bres
3260 2317 3506 2356 amandiers
3539 2323 3578 2356 et
3600 2319 3747 2356 arbres
3776 2319 3984 2359 fruitiers.
4020 2318 4182 2358 Maison
4215 2316 4266 2356 de

3135 2379 3312 2418 paysan.
3335 2369 3540 2419 Arrosage
3563 2382 3636 2419 par
3658 2370 3696 2408 le
3719 2371 3860 2409 Canal.

3330 2591 3414 2659 A
3474 2591 4056 2662 VENDRE

3134 2708 3438 2764 Une
3496 2718 4262 2777 campagne

3384 2811 3432 2871 A
3486 2809 4018 2875 SAINT-MARCEL

3238 2906 3533 2948 Ancienne
3583 2908 3832 2963 fabrique
3884 2911 3951 2952 de
4006 2913 4166 2955 tuiles

3443 2982 3547 3022 JOLI
3581 2982 3731 3023 POINT
3762 2984 3824 3022 DE
3856 2984 3953 3024 VUE

3140 3055 3340 3095 Très
3390 3056 3547 3094 bon
3595 3069 3802 3107 pour»
3855 3058 3927 3096 la
3982 3058 4265 3099 chasse

3235 3126 3642 3171 CONTENANCE
3676 3138 3684 3165 :
3720 3128 3890 3174 2’500
3922 3120 4167 3175 MÈTRES

3140 3193 3243 3247 Près
3268 3195 3304 3246 le
3326 3194 3511 3247 château
3535 3195 3586 3248 de
3611 3196 3666 3256 M,
3695 3198 3732 3251 le
3763 3199 3950 3268 marquis
3990 3199 4040 3252 de
4075 3199 4268 3254 Coriolis

3335 3423 3452 3476 A
3503 3423 4073 3483 Vendre

3144 3538 3424 3612 UNE
3490 3541 4264 3612 CAMPAGNE

3416 3655 3448 3697 A
3492 3654 3996 3700 SAINTE-MARTHE

3300 3759 3500 3801 Prix
3536 3771 3546 3801 :
3598 3761 3980 3802 100.000
4024 3764 4108 3802 fr.

3454 3971 3508 4035 A
3558 3969 3948 4037 VENDRE

3137 4072 3362 4122 «Jolie
3387 4074 3619 4120 Villa
3649 4075 3697 4122 à
3726 4075 3807 4121 la
3838 4073 4266 4122 Corniche

3192 4182 3343 4220 Portail
3367 4187 3407 4221 et
3427 4182 3551 4231 grille
3582 4194 3632 4220 en
3667 4183 3730 4222 fer
3760 4183 3890 4232 forgé,
3926 4183 4114 4222 donnant
4147 4184 4269 4226 accès

3140 4258 3194 4285 au
3215 4246 3356 4295 jardin
3378 4247 3520 4296 planté
3535 4247 3584 4285 de
3602 4258 3696 4295 gros
3711 4248 3852 4286 arbres
3873 4248 4062 4286 formant
4082 4261 4266 4298 avenue,

3142 4322 3194 4348 au
3219 4309 3370 4348 milieu
3391 4310 3450 4359 jet
3471 4310 3592 4348 d’eau
3611 4326 3620 4359 ;
3646 4312 3668 4348 à
3688 4310 3838 4360 droite,
3864 4322 3920 4349 un
3944 4311 4051 4349 beau
4094 4311 4272 4360 pigeon¬

3144 4375 3238 4414 nier
3259 4379 3298 4413 et
3320 4373 3527 4424 lapinière
3546 4388 3555 4423 ;
3578 4375 3683 4414 dans
3707 4387 3788 4415 une
3819 4387 3923 4416 cour
3943 4375 4274 4427 indépendante,

3144 4440 3276 4488 grand
3319 4439 3546 4489 poulailler
3586 4446 3626 4479 et
3663 4440 3865 4491 greniers.
3900 4440 4143 4483 Habitation
4180 4455 4188 4484 :
4220 4455 4274 4483 au

3143 4504 3516 4544 rez-de-chaussée
3557 4517 3640 4546 une
3680 4507 3836 4555 grande
3877 4507 4059 4559 cuisine,
4086 4522 4166 4548 une
4195 4510 4275 4550 dé¬

3152 4580 3294 4620 pense,
3319 4580 3403 4610 une
3423 4575 3599 4620 cavette,
3620 4582 3705 4611 une
3728 4573 3855 4622 petite
3876 4574 3994 4623 pièce
4014 4585 4122 4622 pour
4139 4574 4272 4620 bains,

3143 4648 3202 4676 un
3220 4635 3431 4677 vestibule
3452 4638 3707 4678 conduisant
3740 4650 3795 4678 au
3830 4638 3946 4678 salon
3986 4648 4087 4676 avec
4107 4636 4274 4676 chemi¬

3142 4701 3199 4738 nai
3211 4703 3298 4740 née.
3340 4702 3402 4738 Au
3443 4703 3640 4751 premier,
3663 4703 3775 4740 deux
3805 4702 3984 4751 grandes
4015 4700 4155 4750 pièces
4177 4712 4274 4750 per¬

3143 4766 3237 4804 cées
3256 4764 3307 4803 de
3329 4764 3426 4815 cinq
3450 4765 3644 4814 fenêtres,
3675 4778 3759 4804 une
3794 4766 3998 4804 chambre
4032 4766 4083 4805 de
4118 4766 4275 4817 bonne,

3148 4830 3183 4868 le
3210 4834 3300 4868 tout
3335 4841 3384 4867 en
3418 4830 3571 4878 parfait
3608 4832 3706 4870 état.
3750 4830 3939 4879 Terrain,
3982 4833 4159 4874 environ
4199 4834 4275 4874 220

3144 4896 3313 4942 mètres,
3355 4893 3510 4941 grande
3559 4896 3804 4946 vérandha,
3854 4896 4012 4939 citerne
4058 4907 4096 4938 et
4143 4900 4276 4948 prises

3144 4958 3377 5006 d’arrosage
3398 4958 3452 4998 du
3479 4960 3618 5002 canal.

3144 5108 3173 5188 c

3142 5196 3160 5231 4

3174 5108 3234 5188 IN
3272 5107 3591 5189 DEMANDI

3173 5199 3198 5239 7,
3224 5206 3292 5232 rue
3313 5197 3362 5232 de
3387 5199 3424 5232 la
3446 5198 3576 5234 Darse

3591 5111 3615 5120 “
3656 5107 3680 5140 à
3702 5108 3840 5150 placer
3863 5103 3994 5138 10.000
4016 5102 4063 5136 fr.
4087 5112 4136 5136 en
4159 5107 4271 5140 rente

3591 5144 3616 5190 Z
3658 5154 3834 5197 viagère.
3868 5149 4003 5196 (Office
4037 5150 4270 5196 Mondonet,

3150 5315 3179 5368 A
3230 5304 3459 5368 rfnrR
3503 5310 3658 5344 DEBIT
3690 5311 3756 5346 de
3786 5311 3923 5354 VINS,
3958 5315 4119 5350 chemin
4155 5311 4278 5347 d’En-

3147 5350 3184 5392 W
3230 5349 3461 5393 UlUlFi
3504 5356 3667 5396 doume,
3688 5360 3809 5403 après
3843 5361 4019 5401 fortune,
4054 5360 4161 5393 belle
4197 5359 4279 5394 ins¬

3141 5403 3339 5440 tallation,
3372 5403 3451 5436 bail
3483 5403 3507 5436 à
3537 5403 3711 5450 volonté,
3746 5407 3855 5454 loyer
3883 5408 3950 5444 450
3972 5407 4039 5448 fr.,
4075 5404 4093 5439 4
4120 5406 4277 5450 pièces,

3144 5451 3230 5495 prix
3255 5450 3363 5487 1.500
3379 5450 3431 5484 fr.
3452 5447 3580 5486 Office
3603 5452 3839 5491 Mondonet.

3149 5594 3174 5672 L

3175 5593 3289 5672 INE
3347 5593 3592 5675 MAISOI

3664 5567 3687 5600 à
3721 5565 3871 5600 vendre
3907 5563 3930 5597 à
3968 5567 4080 5599 rente
4110 5566 4274 5612 viagère

3593 5623 3619 5646 u
3664 5622 3734 5647 sur
3768 5620 3844 5646 une
3874 5611 3987 5646 seule
4016 5612 4110 5659 tête,
4138 5615 4162 5651 à
4195 5618 4274 5651 En-

3602 5646 3620 5672 1
3664 5659 3831 5692 doume.

3147 5818 3174 5898 l

3175 5819 3287 5900 INE
3347 5815 3592 5895 MAISOI

3610 5814 3619 5842 ,
3664 5784 3687 5819 à
3727 5785 3878 5821 vendre
3907 5786 3931 5822 â
3967 5792 4078 5826 rente
4108 5792 4272 5832 viagère

3592 5837 3619 5866 V
3664 5842 3735 5865 sur
3768 5842 3844 5867 une
3871 5835 3984 5871 seule
4006 5839 4099 5879 tête,
4122 5838 4144 5870 à
4164 5836 4271 5870 Men-

3666 5880 3791 5922 penti.

3791 5995 3839 6026 Le
3860 5995 3996 6035 gérant
4015 6000 4027 6022 :
4050 5991 4196 6024 Bonal.

2084 6075 2171 6118 Rue
2191 6076 2240 6119 de
2263 6076 2306 6119 la
2327 6076 2471 6130 Darse,
2499 6076 2527 6119 3
2546 6087 2584 6127 a,
2615 6074 2913 6119 MARSEILLE

3144 6084 3255 6125 Impr.
3273 6082 3431 6125 spéciale
3456 6084 3504 6118 du
3532 6086 3624 6119 Lien
3654 6088 3707 6120 du
3725 6087 3908 6127 Mariage,
3925 6086 3974 6125 11,
3989 6095 4052 6119 rue
4067 6087 4111 6120 de
4129 6088 4163 6122 la
4176 6090 4266 6123 Paix
