4709 7064
2107 480 2187 527 LE
2226 478 2376 527 LIEN
2411 476 2495 523 DU
2537 467 2834 519 MARIAGE

742 684 832 724 508.
851 706 902 712 —
922 676 1188 724 Célibataire,
1208 674 1258 713 29
1280 683 1371 719 ans,
1407 667 1652 721 protestant,
1674 664 1823 715 .ayant
1859 676 1863 700 >

690 738 774 780 une
794 734 1020 783 industrie,
1051 731 1223 771 fortune
1244 738 1294 766 en
1323 722 1552 776 propriétés
1572 718 1722 767 20,000
1746 715 1819 762 fr.,
1859 719 1863 741 !

686 791 927 845 épouserait
949 783 1200 827 demoiselle
1220 782 1271 820 de
1294 780 1436 818 même
1459 774 1656 824 religion,
1691 773 1826 821 ayant
1859 773 1864 791 '

688 848 740 887 de
767 847 811 886 10
832 846 856 883 à
882 842 1027 890 12,000
1050 839 1105 878 fr.

744 927 835 967 515.
854 947 904 955 —
923 920 1190 966 Célibalaire,
1211 918 1261 956 35
1282 927 1372 963 ans,
1395 915 1527 965 ayant
1548 920 1631 950 une
1654 905 1820 945 maison

691 979 891 1022 meublée
939 982 979 1015 et
1012 971 1248 1027 liquoriste,
1291 966 1530 1020 épouserait
1568 957 1822 1003 demoiselle

694 1033 918 1087 possédant
939 1030 990 1068 de
1011 1028 1032 1067 3
1059 1031 1081 1066 à
1103 1025 1223 1074 4,000
1248 1024 1299 1063 fr.

747 1110 840 1150 520.
903 1129 951 1136 —
1008 1102 1277 1150 Célibalaire,
1318 1099 1367 1139 22
1408 1107 1484 1136 ans
1506 1127 1512 1143 ,
1564 1092 1735 1133 fortune
1780 1098 1830 1126 en
1863 1088 1870 1134 j

697 1162 927 1214 propriétés
966 1158 1139 1206 200,000
1160 1156 1232 1203 fr.,
1274 1153 1410 1193 désire
1448 1151 1630 1200 épouser
1668 1140 1831 1183 demoi¬

695 1216 797 1256 selle
816 1219 948 1267 ayant
976 1211 1146 1261 100,000
1170 1210 1223 1248 fr.

750 1294 842 1334 530.
902 1314 951 1320 —
1006 1287 1238 1339 Ingénieur
1276 1279 1544 1323 mécanicien
1571 1308 1579 1324 ,
1631 1275 1680 1312 35
1727 1282 1804 1310 ans
1826 1301 1834 1314 ,

695 1354 826 1400 ayant
863 1344 976 1386 belle
1016 1340 1220 1382 situation
1248 1370 1256 1383 ,
1315 1334 1532 1387 plusieurs
1579 1330 1748 1369 brevets
1783 1323 1836 1363 de

695 1405 867 1452 rapport
904 1404 946 1439 et
982 1394 1172 1436 d’avenir
1214 1387 1510 1431 considérable
1535 1416 1544 1433 ,
1594 1378 1838 1432 épouserait

696 1452 944 1496 demoiselle
962 1461 1064 1491 avec
1086 1447 1206 1487 avoir
1227 1446 1277 1484 de
1299 1442 1447 1490 50,000
1470 1439 1522 1478 fr.

754 1539 847 1579 535.
872 1560 920 1566 —
968 1533 1079 1576 Veuf
1103 1564 1111 1578 ,
1151 1531 1203 1570 52
1238 1539 1315 1567 ans
1340 1558 1350 1575 ,
1390 1523 1532 1572 12,000
1554 1520 1626 1564 fr.,
1662 1513 1839 1567 pension

701 1595 779 1635 000
812 1592 891 1635 fr.,
942 1598 1077 1639 gagne
1122 1585 1143 1624 5
1190 1583 1243 1622 fr.
1296 1591 1368 1630 par
1415 1576 1514 1628 jour
1539 1605 1548 1622 ,
1600 1569 1842 1622 épouserait

706 1658 840 1689 veuve
862 1654 960 1685 sans
980 1639 1151 1682 enfants
1168 1647 1268 1675 avec
1290 1632 1420 1672 avoir.

759 1728 850 1768 536.
892 1748 938 1754 —
987 1719 1149 1762 Ancien
1183 1715 1411 1767 capitaine,
1444 1710 1492 1750 53
1533 1719 1623 1756 ans,
1667 1702 1842 1756 pension

706 1784 782 1823 550
803 1782 872 1830 fr.,
915 1787 1050 1828 gagne
1087 1772 1163 1812 700
1187 1771 1259 1818 fr.,
1302 1762 1540 1818 épouserait
1580 1759 1707 1812 petite
1748 1767 1844 1796 ren¬

704 1837 807 1877 tière
834 1844 930 1874 sans
951 1829 1135 1870 enfants.

762 1918 852 1958 537.
887 1937 936 1943 —
984 1907 1235 1951 Célibataire
1275 1902 1407 1946 établi
1431 1932 1439 1947 ,
1486 1899 1535 1939 35
1574 1908 1650 1938 ans
1674 1928 1680 1942 ,
1734 1894 1844 1935 beau

710 1969 903 2020 magasin
927 1999 936 2015 ,
971 1966 1144 2004 fortune
1178 1959 1328 2000 20.000
1362 1956 1399 1994 fr
1424 1987 1431 2003 ,
1482 1948 1725 2003 épouserait
1771 1947 1850 1986 de¬

710 2021 907 2066 moiselle
927 2031 979 2060 en
1002 2019 1173 2067 rapport
1193 2013 1218 2052 d
1235 2023 1312 2063 âge
1334 2017 1374 2049 et
1396 2006 1572 2048 d’avoir.

764 2113 856 2153 538.
880 2132 931 2138 —
968 2103 1239 2151 Célibataire,
1278 2099 1328 2140 26
1354 2109 1443 2145 ans,
1486 2094 1776 2144 commerçant
1796 2100 1846 2130 en

714 2178 810 2219 gros
833 2196 842 2212 ,
899 2163 1140 2213 épouserait
1179 2151 1429 2196 demoiselle
1471 2145 1671 2188 instruite
1717 2148 1851 2197 ayant

719 2218 864 2270 12.000
888 2216 940 2256 fr.

771 2295 919 2336 549.—
940 2287 1208 2332 Célibataire,
1235 2283 1286 2324 26
1307 2294 1396 2331 ans,
1421 2282 1590 2322 fortune
1611 2279 1759 2319 25.000
1780 2276 1851 2320 fr.,

715 2350 967 2402 espérances
999 2341 1157 2383 60.000
1180 2339 1250 2383 fr.,
1288 2340 1591 2389 commerçant,
1615 2330 1854 2381 épouserait

716 2399 968 2444 demoiselle
999 2397 1315 2447 commerçante
1338 2396 1468 2442 ayant
1502 2387 1644 2428 15.000
1667 2386 1715 2424 fr.

775 2484 867 2526 552.
893 2506 939 2511 —
971 2480 1132 2520 Ancien
1154 2475 1382 2528 capitaine,
1406 2471 1527 2512 4.200
1550 2470 1601 2510 fr.
1626 2470 1675 2510 de
1699 2474 1853 2514 rentes,

723 2540 772 2582 56
811 2548 900 2583 ans,
942 2531 1182 2586 épouserait
1224 2539 1355 2570 veuve
1396 2537 1493 2567 sans
1530 2524 1711 2571 enfants,
1753 2532 1855 2561 avec

724 2592 842 2635 avoir
863 2598 902 2631 et
924 2590 1022 2630 bien
1046 2586 1206 2628 élevée.

779 2668 871 2710 553.
896 2690 944 2696 —
986 2663 1108 2710 Veuf,
1134 2663 1182 2703 65
1203 2672 1292 2711 ans,
1315 2658 1579 2711 agriculteur
1599 2656 1650 2695 de
1675 2651 1859 2706 premier

727 2724 863 2770 ordre,
885 2720 1058 2762 fortune
1078 2716 1227 2758 60.000
1250 2716 1318 2764 fr.,
1341 2710 1583 2764 épouserait
1603 2719 1736 2748 veuve
1758 2707 1859 2757 âgée

726 2779 779 2818 de
801 2775 898 2828 plus
918 2774 968 2812 de
990 2774 1039 2812 50
1059 2783 1150 2820 ans,
1173 2775 1304 2821 ayant
1324 2767 1446 2808 2.000
1472 2766 1523 2804 fr.
1555 2764 1607 2803 de
1630 2767 1780 2807 rentes,
1803 2771 1856 2798 ou

730 2842 864 2871 veuve
902 2831 1033 2880 ayant
1068 2824 1119 2864 de
1151 2823 1332 2875 grandes
1363 2818 1607 2871 propriétés,
1631 2817 1773 2856 même
1807 2823 1857 2852 en

730 2883 922 2935 Afrique.

780 2960 930 3001 558.—
950 2954 1215 3003 Célibalaire,
1235 2954 1284 2993 32
1306 2955 1539 3002 ans,ayant
1563 2944 1794 2998 profession
1814 2941 1864 2980 li¬

731 3014 871 3056 bérale
895 3014 974 3052 très
992 3011 1215 3056 lucrative,
1239 3007 1411 3047 fortune
1434 3002 1580 3043 50.000
1596 3002 1667 3047 fr.,
1690 3000 1866 3048 épouse¬

732 3068 811 3109 rait
828 3063 1076 3107 demoiselle
1098 3067 1228 3115 ayant
1250 3060 1322 3099 dot
1345 3057 1515 3099 100.000
1537 3056 1590 3095 fr.

786 3150 875 3192 562.
904 3174 948 3179 —
988 3146 1255 3195 Célibataire,
1279 3142 1328 3183 40
1350 3154 1439 3191 ans,
1463 3143 1595 3192 ayant
1631 3132 1866 3187 profession

735 3203 911 3247 libérale
935 3204 1014 3243 très
1033 3199 1259 3246 lucrative,
1277 3195 1519 3247 épouserait
1539 3187 1790 3231 demoiselle
1814 3196 1866 3226 en

734 3263 904 3311 rapport
925 3257 1059 3307 d’âge,
1082 3259 1212 3306 ayant
1238 3251 1310 3291 100
1331 3250 1408 3291 000
1429 3247 1481 3288 fr.

787 3343 876 3383 568.
902 3363 952 3370 —
974 3339 1138 3386 Prince,
1159 3335 1251 3376 seul
1274 3331 1534 3373 descendant
1550 3327 1680 3369 d’une
1702 3319 1870 3363 famille

735 3403 867 3449 ayant
894 3395 1136 3444 longtemps
1173 3388 1302 3439 régné
1339 3398 1416 3427 sur
1458 3394 1540 3423 une
1577 3382 1652 3420 des
1691 3375 1872 3428 grandes

735 3451 983 3502 puissances
1013 3446 1064 3486 de
1095 3444 1303 3491 l’Europe,
1339 3439 1443 3479 allié
1475 3447 1560 3476 aux
1591 3431 1772 3483 grandes
1805 3428 1871 3467 fa¬

738 3503 879 3544 milles
926 3499 1156 3551 princières
1214 3494 1460 3544 d’Espagne,
1503 3486 1792 3536 d’Angleterre
1834 3486 1874 3519 et

735 3556 969 3602 d’ailleurs,
994 3554 1070 3604 âgé
1091 3551 1140 3588 de
1164 3550 1211 3587 30
1234 3557 1326 3595 ans,
1348 3540 1588 3594 épouserait
1624 3536 1744 3576 riche
1776 3534 1875 3583 plé¬

738 3610 938 3651 béienne.

790 3682 882 3721 580.
907 3702 955 3708 —
985 3676 1179 3719 Boucher
1215 3671 1363 3719 établi,
1406 3669 1455 3710 39
1498 3678 1588 3715 ans,
1629 3658 1874 3715 épouserait

738 3731 987 3774 demoiselle
1003 3743 1058 3771 ou
1079 3740 1217 3770 veuve
1239 3723 1465 3778 possédant
1484 3720 1606 3768 8,000
1628 3718 1680 3757 fr.

793 3812 885 3852 581.
911 3833 959 3840 —
987 3808 1195 3855 Boucher,
1239 3804 1478 3844 richement
1506 3796 1653 3846 établi,
1695 3796 1744 3836 27
1782 3803 1874 3843 ans,

740 3864 808 3904 fils
829 3863 1008 3915 unique,
1031 3866 1200 3912 parents
1230 3858 1384 3902 riches,
1425 3851 1668 3906 épouserait
1699 3848 1872 3890 demoi¬

742 3918 845 3960 selle
866 3917 963 3959 bien
985 3915 1144 3963 élevée,
1170 3911 1392 3963 possédant
1415 3908 1555 3956 10,000
1578 3906 1627 3944 fr.

798 3995 888 4035 587.
919 4015 970 4022 —
1010 3991 1135 4038 Veuf,
1178 3990 1226 4027 37
1271 3998 1363 4034 ans,
1403 3984 1576 4024 fortune
1619 3980 1763 4023 18,000
1804 3978 1842 4014 fr
1867 4006 1877 4023 ,

746 4054 876 4099 ayant
896 4054 1135 4087 commerce
1155 4039 1366 4093 prospère,
1391 4040 1559 4096 rapport
1598 4034 1648 4071 de
1680 4030 1800 4069 6.000
1823 4028 1876 4066 fr.

747 4113 823 4152 par
842 4111 911 4146 an,
934 4095 1174 4148 épouserait
1192 4102 1326 4133 veuve
1350 4088 1448 4129 bien
1464 4086 1624 4134 élevée,
1642 4094 1743 4122 avec
1763 4079 1882 4120 avoir

749 4162 799 4195 ne
818 4154 967 4202 20,000
987 4150 1144 4188 francs.

802 4236 892 4276 586.
918 4257 967 4263 —
995 4231 1162 4273 Officier
1191 4230 1242 4268 de
1271 4226 1460 4271 l’armée,
1500 4222 1576 4271 âgé
1613 4220 1664 4260 de
1703 4219 1754 4259 30
1788 4227 1882 4260 ans,

747 4287 988 4339 épouserait
1007 4282 1259 4324 demoiselle
1288 4291 1340 4320 en
1375 4280 1544 4328 rapport
1578 4274 1714 4322 d’âge,
1749 4275 1884 4322 ayant

754 4342 928 4391 150.000
950 4339 1108 4379 francs.

805 4423 896 4463 594.
920 4443 971 4450 —
991 4416 1259 4462 Célibataire,
1281 4415 1331 4453 28
1351 4424 1443 4462 ans,
1466 4412 1639 4451 fortune
1658 4407 1807 4454 20,000
1828 4406 1881 4443 fr.

751 4482 883 4528 ayant
901 4482 1143 4514 commerce
1163 4468 1268 4509 d’un
1289 4471 1456 4516 rapport
1477 4460 1636 4502 annuel
1671 4459 1723 4497 de
1764 4456 1888 4504 4,000

754 4530 824 4578 fr.,
847 4528 946 4579 plus
979 4535 1063 4566 une
1101 4527 1222 4562 autre
1263 4519 1428 4559 maison
1467 4527 1520 4554 en
1558 4511 1791 4563 Amérique
1826 4507 1887 4547 lui

752 4585 999 4634 rapportant
1026 4576 1139 4626 1,500
1165 4575 1231 4623 fr.,
1255 4568 1496 4624 épouserait
1514 4563 1766 4607 demoiselle
1787 4572 1887 4601 avec

754 4637 827 4677 dot
846 4636 899 4676 de
923 4632 1072 4682 20,000
1095 4630 1252 4669 francs.

808 4724 899 4765 596.
926 4746 974 4752 —
994 4718 1260 4764 Célibataire,
1286 4714 1335 4756 54
1355 4726 1446 4763 ans,
1470 4712 1640 4753 fortune
1664 4707 1811 4756 60,000
1834 4706 1887 4746 fr.

755 4777 998 4830 épouserait
1044 4770 1298 4827 demoiselle
1347 4780 1402 4808 ou
1452 4778 1616 4814 veuve,
1670 4762 1894 4814 possédant

758 4831 907 4881 30.000
927 4830 1084 4870 francs.

814 4909 907 4949 599.
931 4930 980 4938 —
1002 4904 1169 4946 Officier
1190 4915 1242 4943 en
1272 4898 1459 4945 activité,
1498 4896 1548 4936 36
1588 4906 1678 4940 ans,
1723 4894 1894 4932 fortune

763 4959 1031 5014 personnelle
1070 4958 1216 4999 30.000
1256 4956 1296 4994 fr
1319 4987 1328 5004 ,
1369 4948 1611 5003 épouserait
1645 4944 1895 4987 demoiselle

758 5020 891 5070 ayant
907 5016 979 5055 dot
996 5014 1048 5054 de
1070 5011 1219 5060 80,000
1242 5010 1292 5048 fr.

813 5106 903 5147 601.
931 5126 979 5134 —
1005 5102 1274 5147 Célibataire,
1294 5099 1344 5138 38
1363 5109 1453 5143 ans,
1490 5100 1624 5147 ayant
1662 5090 1892 5143 profession

761 5160 863 5199 d’un
888 5162 1060 5210 rapport
1081 5151 1242 5195 annuel
1281 5154 1332 5192 de
1372 5152 1492 5200 5,000
1532 5148 1605 5199 fr.,
1640 5147 1811 5187 fortune
1843 5143 1896 5184 de

763 5213 908 5261 35.000
930 5213 1001 5262 fr.,
1022 5207 1262 5262 épouserait
1282 5204 1531 5247 demoiselle
1553 5214 1655 5243 avec
1671 5199 1818 5251 40,000
1841 5198 1891 5239 fr.

817 5300 908 5341 606.
943 5323 995 5330 —
1039 5298 1307 5344 Célibataire,
1348 5297 1399 5336 25
1447 5306 1537 5340 ans,
1579 5292 1798 5342 disposant
1845 5290 1896 5330 de

763 5354 912 5403 25.000
933 5354 1004 5399 fr.,
1027 5359 1067 5391 et
1087 5352 1339 5402 espérances
1359 5349 1504 5396 30,000
1520 5347 1593 5394 fr.,
1614 5344 1750 5385 désire
1766 5346 1896 5391 épou¬

764 5420 831 5448 ser
851 5404 1100 5447 demoiselle
1122 5410 1251 5455 ayant
1286 5402 1395 5443 belle
1435 5400 1639 5440 situation
1678 5407 1898 5438 commer¬

766 5460 876 5502 ciale
910 5472 918 5503 ;
960 5459 990 5499 il
1028 5457 1284 5510 apporterait
1318 5455 1380 5496 les
1418 5454 1566 5504 25,000
1606 5452 1658 5492 fr.
1706 5451 1811 5491 dans
1859 5449 1898 5488 la

767 5514 936 5554 maison
955 5512 1008 5552 de
1030 5522 1284 5551 commerce.

819 5580 911 5621 608.
932 5602 981 5608 —
1002 5576 1268 5624 Célibataire,
1286 5577 1336 5616 25
1351 5587 1443 5624 ans,
1459 5572 1664 5626 employé
1683 5572 1735 5612 de
1757 5571 1895 5616 l’Etat,

766 5631 1008 5687 épouserait
1048 5629 1296 5670 demoiselle
1335 5642 1388 5668 ou
1443 5640 1579 5668 veuve
1627 5638 1677 5667 en
1731 5630 1899 5676 rapport

767 5689 901 5738 d’âge,
924 5691 1055 5738 ayant
1082 5683 1224 5724 15.000
1247 5683 1300 5722 fr.

822 5766 913 5806 611.
946 5785 987 5791 —
1007 5760 1273 5808 Célibataire,
1314 5759 1362 5798 30
1401 5771 1492 5807 ans,
1531 5770 1686 5810 garçon
1722 5755 1899 5804 d'hôtel,

767 5826 899 5872 ayant
920 5815 1039 5858 avoir
1059 5814 1179 5854 6.000
1203 5814 1271 5857 fr.,
1296 5812 1535 5860 épouserait
1574 5808 1820 5851 demoiselle
1844 5822 1896 5848 on

768 5884 907 5914 veuve
931 5868 1152 5923 possédant
1173 5866 1294 5907 4.000
1315 5864 1384 5913 fr.,
1408 5878 1515 5915 pour
1536 5871 1703 5904 monter
1724 5862 1898 5915 pension

770 5925 1036 5977 bourgeoise.

823 6005 915 6044 612.
939 6026 988 6032 —
1030 5998 1153 6046 Veuf,
1178 5997 1370 6043 docteur,
1395 5995 1614 6045 possédant
1639 5994 1808 6033 100.000
1830 5992 1902 6040 fr.,

769 6061 846 6108 âgé
866 6059 917 6098 de
938 6058 989 6097 55
1010 6066 1100 6103 ans,
1126 6048 1368 6103 épouserait
1390 6058 1523 6087 veuve
1543 6048 1594 6087 de
1612 6046 1661 6087 30
1681 6048 1705 6086 à
1735 6047 1784 6086 50
1809 6058 1902 6095 ans,

771 6112 869 6153 bien
891 6110 1051 6158 élevée,
1074 6110 1209 6160 ayant
1227 6102 1416 6156 quelque
1436 6099 1571 6140 avoir.

1955 659 2087 702 Nous
2133 655 2352 697 donnons
2403 647 2669 692 ci-dessous
2714 639 2939 683 l’adresse
2979 635 3036 678 de

1898 720 2010 762 MM.
2053 716 2122 759 les
2158 712 2366 757 notaires
2399 708 2456 751 de
2493 707 2536 748 la
2566 703 2672 748 ville
2698 702 2755 745 de
2787 694 3034 748 Marseille,

1899 779 1979 834 qui
2010 786 2184 833 pourra
2214 775 2313 816 être
2346 768 2456 812 utile
2489 778 2604 822 pour
2634 763 2700 806 les
2733 759 2948 804 contrats
2981 754 3037 796 de

1902 839 2116 890 mariage
2138 849 2147 876 :

1957 935 2052 975 MM.
2091 932 2296 977 Sabatier,
2320 939 2396 967 rue
2417 923 2602 972 Paradis,
2634 923 2672 959 17

2093 984 2315 1037 ltaynaud,
2339 992 2415 1019 rue
2438 976 2621 1017 Paradis.
2643 972 2710 1012 24.

2091 1038 2270 1084 Gaudet,
2295 1045 2370 1072 rue
2395 1030 2576 1075 Paradis,
2599 1027 2663 1067 46.

2095 1092 2293 1141 Gasqnet,
2316 1099 2390 1126 rue
2408 1083 2594 1128 Paradis,
2619 1082 2683 1120 57.

2095 1142 2294 1189 Ferrand,
2319 1151 2394 1180 rue
2416 1136 2600 1179 Paradis,
2625 1134 2689 1172 59.

2094 1198 2248 1243 Brezel,
2274 1207 2346 1232 rue
2370 1189 2555 1236 Paradis,
2579 1188 2644 1226 68.

2095 1252 2146 1288 de
2171 1250 2307 1299 Laget,
2331 1258 2406 1285 rue
2428 1236 2752 1283 Saiut-Ferréol,
2776 1237 2816 1275 7.

2098 1299 2371 1352 Delanglade,
2394 1308 2470 1336 rue
2487 1289 2815 1337 Saint-Ferréol,
2843 1287 2907 1328 29.

2096 1357 2239 1405 Benet,
2263 1366 2338 1394 rue
2359 1347 2682 1392 Saint-Ferréol,
2707 1345 2771 1385 30.

2097 1406 2342 1460 Provençal,
2366 1415 2440 1444 rue
2461 1398 2790 1446 Saint-Ferréol,
2814 1396 2884 1436 50.

2097 1461 2319 1510 Bouteille,
2342 1471 2419 1499 rue
2438 1451 2761 1502 Saint-Ferréol,
2789 1451 2855 1491 52.

2099 1515 2336 1566 Estrangin,
2359 1523 2435 1552 rue
2455 1506 2783 1553 Saint-Ferréol,
2806 1503 2872 1543 54.

2099 1571 2303 1618 Jourdan,
2323 1578 2398 1607 rue
2420 1559 2743 1604 Saint-Ferréol.
2767 1558 2831 1599 59.

2100 1625 2256 1676 Sayou,
2280 1634 2356 1660 rue
2378 1615 2704 1662 Saint-Ferréol,
2730 1612 2794 1652 78.

2103 1678 2262 1720 Perrin,
2287 1687 2360 1714 rue
2383 1670 2647 1720 Montgrand,
2671 1667 2739 1708 38.

2103 1726 2439 1776 Tàxil-Fortoul,
2463 1736 2539 1764 rue
2562 1720 2824 1771 Montgrand,
2848 1718 2915 1757 48.

2105 1783 2248 1829 Alliés,
2274 1792 2350 1821 rue
2368 1775 2632 1828 Montgrand,
2654 1775 2718 1814 62.

2104 1841 2239 1884 Azaïs,
2266 1847 2339 1875 rue
2362 1834 2411 1874 de
2435 1833 2474 1871 la
2494 1831 2634 1878 Darse,
2658 1828 2694 1868 5.

2107 1892 2300 1942 Laugier,
2325 1900 2400 1929 rue
2421 1888 2472 1928 de
2494 1887 2535 1927 la
2555 1885 2695 1931 Darse,
2718 1882 2784 1922 29.

2107 1945 2332 1998 Kaynaud,
2356 1954 2432 1983 rue
2450 1938 2653 1984 Noailles,
2676 1939 2716 1977 7.

2110 1998 2331 2047 Dessuard,
2353 2007 2431 2035 rue
2450 1991 2651 2036 Noailles,
2682 1990 2740 2029 18.

2114 2053 2304 2103 Laugier,
2328 2062 2402 2089 rue
2422 2043 2696 2087 Cannebière,
2720 2043 2758 2080 5.

2110 2109 2239 2149 Décor
2245 2104 2339 2151 mis,
2364 2113 2438 2140 rue
2459 2098 2662 2147 Grignan,
2687 2094 2751 2134 56.

2113 2159 2235 2207 Latil,
2260 2168 2334 2196 rue
2354 2154 2514 2200 Sainte,
2539 2152 2575 2192 1.

2111 2211 2306 2259 Giraudi,
2329 2219 2455 2250 cours
2471 2203 2760 2250 Saint-Louis,
2785 2200 2823 2241 3.

2112 2268 2255 2315 Blanc,
2275 2275 2352 2304 rue
2371 2263 2423 2303 de
2446 2259 2621 2304 l’Arbre,
2644 2258 2682 2296 9.

2116 2319 2335 2364 Boubaud,
2363 2327 2439 2356 rue
2458 2315 2508 2354 de
2532 2312 2571 2351 la
2593 2307 2880 2359 République,
2907 2303 2969 2342 15.

2114 2376 2262 2422 Gavot,
2287 2382 2360 2410 rue
2383 2370 2438 2407 du
2464 2368 2650 2411 Baussel,
2674 2362 2712 2400 4.

2035 2551 2188 2626 LE
2255 2534 2958 2618 PRINTEMPS

2095 2747 2171 2786 Les
2191 2743 2326 2783 beaux
2347 2739 2463 2790 jours
2484 2747 2526 2775 se
2548 2730 2795 2775 succèdent,

2095 2812 2149 2851 Le
2172 2807 2327 2849 monde
2349 2815 2399 2844 en
2422 2807 2482 2842 est
2504 2798 2663 2839 témoin
2683 2810 2692 2844 ;

2100 2879 2127 2917 A
2150 2874 2316 2924 l’espoir
2336 2870 2397 2910 les
2416 2877 2555 2909 cœurs
2576 2863 2727 2904 cèdent
2754 2875 2762 2900 :

2101 2944 2152 2983 La
2175 2939 2412 2993 printemps
2434 2934 2537 2973 n’est
2560 2942 2632 2980 pas
2655 2927 2756 2967 loin.

2100 3011 2160 3049 Au
2187 3004 2291 3054 bois,
2314 3002 2352 3043 le
2374 2999 2506 3041 merle
2527 2998 2680 3038 chaule

2102 3075 2148 3116 Sa
2174 3069 2348 3113 roulade
2372 3066 2602 3108 louchante
2627 3075 2635 3102 :

2103 3139 2222 3181 Voici
2246 3135 2380 3179 venir,
2406 3131 2514 3171 voici
2539 3127 2656 3168 venir

2104 3207 2179 3246 Les
2197 3203 2340 3250 fleurs,
2364 3199 2548 3238 l’amour
2568 3199 2608 3233 et
2630 3192 2667 3231 le
2691 3189 2852 3242 plaisir.

2104 3311 2207 3364 Déjà
2228 3310 2288 3350 les
2308 3307 2566 3360 primevères

2104 3376 2335 3419 Emaillent
2355 3374 2419 3414 les
2437 3381 2607 3424 gazons,

2107 3445 2182 3483 Les
2200 3451 2396 3480 mamans
2489 3436 2629 3475 moins
2647 3434 2831 3478 sévères,

2108 3508 2216 3547 Vont
2235 3504 2385 3545 ouvrir
2404 3502 2466 3541 les
2487 3500 2674 3540 maisons
2695 3510 2704 3546 ;

2107 3574 2198 3614 Aux
2217 3574 2381 3624 Pâques
2401 3568 2478 3620 qui
2498 3579 2540 3608 se
2562 3564 2710 3614 fêtent,

2110 3641 2184 3683 Les
2204 3639 2356 3692 jeunes
2375 3647 2478 3689 gens
2499 3634 2689 3686 répètent
2714 3645 2723 3674 :

2112 3708 2230 3750 Voici
2251 3706 2384 3755 venir,
2409 3703 2521 3743 voici
2544 3700 2664 3742 venir

2112 3777 2187 3816 Les
2206 3774 2351 3822 fleurs,
2375 3771 2557 3811 l’amour
2575 3771 2616 3808 et
2640 3766 2677 3804 le
2702 3760 2867 3812 plaisir.

2830 3856 2878 3896 N.
2902 3855 2948 3895 V.

2006 4040 2196 4093 L’Office
2227 4034 2464 4076 Mondonet
2484 4032 2546 4069 est
2574 4032 2726 4067 ouvert
2748 4028 2846 4063 tous
2873 4023 2934 4060 les
2953 4021 3090 4072 jours

1956 4109 2010 4148 de
2027 4108 2056 4147 2
2076 4107 2234 4146 heures
2255 4105 2279 4143 à
2303 4102 2328 4141 8
2351 4098 2507 4140 heures
2526 4095 2588 4135 du
2618 4094 2710 4132 soir
2736 4094 2775 4130 et
2814 4090 2875 4128 les
2911 4087 3091 4127 diman¬

1955 4174 2054 4215 ches
2074 4176 2112 4212 et
2132 4171 2242 4224 fêtes
2262 4168 2315 4208 de
2339 4164 2363 4207 9
2385 4163 2542 4207 heures
2561 4164 2586 4200 à
2610 4158 2727 4199 midi
2732 4190 2740 4199 .

2018 4342 2430 4414 THÉÂTRES
2487 4346 2578 4405 ET
2635 4335 3036 4403 CONCERTS

2016 4532 2255 4574 Variétés.
2284 4551 2326 4556 —
2363 4526 2411 4567 M.
2438 4524 2515 4564 Th.
2541 4524 2670 4572 Puget
2691 4534 2740 4560 va
2762 4519 2982 4570 exploiter,
3023 4531 3099 4559 sur

1966 4587 2004 4627 la
2022 4587 2146 4626 scène
2166 4584 2238 4624 des
2273 4580 2474 4629 Variétés,
2515 4576 2846 4627 complètement
2886 4572 3096 4614 transfor¬

1966 4642 2059 4680 mée
2080 4647 2116 4679 et
2142 4637 2366 4678 machinée
2389 4646 2495 4687 pour
2522 4645 2568 4674 ce
2604 4643 2730 4682 genre
2752 4631 2803 4669 de
2827 4631 3096 4680 représenta¬

1967 4695 2091 4742 tions,
2139 4691 2371 4742 l’opérette,
2429 4690 2487 4728 les
2520 4687 2676 4739 grands
2724 4683 2994 4724 vaudevilles
3036 4683 3094 4723 du

1967 4745 2259 4799 Palais-Royal
2282 4750 2323 4783 et
2346 4748 2481 4782 toutes
2510 4740 2570 4780 les
2603 4739 2744 4792 pièces
2762 4740 2786 4778 à
2814 4737 2947 4788 grand
2979 4748 3100 4788 spec¬

1969 4804 2089 4845 tacle.

2022 4857 2116 4899 Mlle
2136 4851 2276 4895 Tariol
2310 4850 2511 4894 continue
2555 4847 2592 4887 la
2634 4846 2834 4887 brillante
2874 4843 2983 4884 série
3026 4843 3098 4884 des

1967 4908 2322 4963 représentations
2342 4907 2392 4946 de
2414 4902 2451 4943 la
2475 4902 2595 4941 Belle
2616 4899 2776 4940 Hélène
2779 4932 2790 4947 ,
2814 4898 2851 4938 le
2876 4898 3023 4950 public
3048 4910 3099 4938 ne

1970 4963 2228 5004 marchande
2262 4973 2335 5014 pas
2375 4960 2434 4999 les
2471 4954 2887 5008 applaudissements
2927 4954 2948 4991 à
2992 4958 3100 4991 cette

1969 5019 2218 5060 charmante
2242 5014 2451 5069 première
2473 5010 2708 5052 chanteuse
2740 5007 2991 5058 d’opérette,
3031 5014 3104 5055 pas

1971 5072 2066 5124 plus
2085 5071 2213 5124 qu’au
2238 5068 2413 5108 brillant
2431 5068 2550 5107 ténor
2570 5058 2758 5106 Richard
2778 5067 2816 5102 et
2838 5071 2922 5100 aux
2941 5058 3101 5111 joyeux

1968 5125 2191 5178 comiques
2210 5122 2420 5172 Grégoire.
2459 5119 2562 5159 Paul
2603 5119 2711 5167 Bert,
2753 5114 2987 5161 Montclair,
3015 5114 3099 5154 Ba-

1971 5182 2118 5232 riliier,
2143 5186 2223 5220 etc.

2023 5282 2282 5331 Gymnase.
2299 5299 2350 5304 —
2372 5274 2429 5312 La
2448 5270 2605 5322 grande
2624 5270 2810 5319 opérette
2828 5268 2908 5306 fait
2930 5280 2975 5307 sa
2996 5279 3091 5307 ren¬

1972 5336 2055 5375 trée
2078 5335 2182 5372 dans
2202 5343 2248 5370 ce
2272 5331 2448 5372 théâtre,
2471 5335 2571 5365 avec
2596 5323 2655 5362 les
2674 5320 2828 5372 grands
2851 5319 3104 5368 répertoires

1971 5388 2043 5427 des
2080 5386 2268 5426 maisons
2306 5384 2331 5422 G
2339 5382 2448 5422 bond
2456 5392 2528 5422 eus
2564 5384 2604 5418 et
2644 5374 2847 5422 Brandus,
2884 5371 2962 5423 qui
3011 5377 3104 5411 sont

1970 5443 2162 5482 devenus
2184 5439 2222 5479 la
2244 5436 2455 5488 propriété
2475 5431 2690 5475 exclusive
2710 5432 2760 5471 de
2799 5428 2832 5468 la
2870 5425 3102 5468 Direction.

2023 5496 2056 5532 A
2078 5494 2115 5532 la
2138 5491 2347 5543 première
2367 5490 2418 5527 de
2442 5488 2479 5528 la
2503 5487 2721 5527 Porteuse
2758 5483 2807 5523 de
2843 5484 2957 5532 pain,
3005 5479 3107 5520 trois

1971 5548 2139 5588 artistes
2156 5547 2293 5586 aimés
2314 5543 2370 5582 du
2395 5541 2542 5593 public
2563 5544 2635 5580 ont
2651 5538 2727 5577 fait
2749 5536 2843 5576 leur
2864 5535 3028 5575 rentrée
3050 5546 3103 5573 au

1972 5603 2202 5653 Gymnase,
2226 5609 2274 5638 ce
2294 5602 2387 5636 sont
2411 5609 2418 5635 :
2448 5595 2554 5634 Mme
2591 5589 2967 5636 Simon-Jalabert,
3014 5588 3103 5627 MM.

1974 5655 2194 5695 Marchetti
2216 5658 2255 5691 et
2277 5651 2320 5690 H.
2345 5649 2494 5688 Adam.
2519 5648 2570 5687 La
2594 5644 2802 5695 première
2821 5642 2874 5680 de
2898 5642 2938 5679 la
2961 5642 3108 5679 Petite

1975 5707 2160 5756 Mariée,
2183 5718 2283 5747 avec
2306 5703 2402 5744 Mlle
2435 5702 2554 5741 Clara
2595 5696 2830 5743 Lardinois,
2872 5706 2892 5733 a
2937 5692 3023 5732 lieu
3062 5704 3109 5732 ce

1974 5762 2076 5803 soir.

2031 5850 2082 5890 Le
2103 5844 2566 5891 Palais-de-Cristal
2586 5840 2791 5883 continue
2813 5838 2835 5876 à
2858 5836 2968 5877 faire
3003 5834 3110 5875 salle

1975 5903 2144 5946 comble
2163 5915 2264 5943 avec
2283 5903 2320 5942 la
2334 5899 2492 5952 grande
2507 5895 2636 5937 étoile
2655 5891 2896 5944 parisienne
2915 5892 2975 5931 Du
2986 5901 3081 5940 parc
3098 5902 3107 5939 ;

1978 5956 2190 6002 Bernard!,
2214 5956 2368 5995 Thaïes
2406 5959 2445 5994 et
2482 5955 2596 5990 toute
2637 5948 2675 5986 la
2718 5952 2863 5996 troupe
2899 5944 3110 5998 française

1975 6012 2124 6063 jouent
2167 6010 2203 6048 la
2244 6008 2399 6058 grande
2442 6001 2704 6056 pantomime
2744 5999 2952 6052 "Martyr”
2988 5999 3060 6051 qui
3086 6011 3110 6039 a

1976 6067 2135 6105 obtenu
2155 6062 2327 6114 jusqu’à
2346 6075 2390 6100 ce
2409 6062 2510 6112 jour
2534 6068 2590 6098 un
2612 6055 2647 6095 si
2667 6053 2852 6095 éclatant
2872 6056 3038 6095 succès.

3164 689 3179 739 (
3177 637 3518 717 Maisons
3577 625 4192 741 Recommandées

3136 889 3350 1024 LE
3456 879 4234 1020 CHINOIS

3263 1054 3575 1107 CHAPEAUX
3608 1051 3679 1100 EN
3713 1051 3854 1099 TOUS
3889 1049 4103 1100 GENRES

3143 1137 3420 1180 COIFFURES
3459 1135 3591 1176 POUR
3634 1129 3911 1171 MESSIEURS
3955 1130 4019 1170 ET
4059 1126 4224 1169 DAMES

3427 1214 3699 1251 FRAICHEURS,
3732 1212 3808 1241 JIOX
3839 1211 3947 1238 GOUT

3210 1280 3359 1317 Haute
3383 1278 3642 1316 Nouveauté
3664 1275 3718 1313 de
3736 1274 3896 1327 forme,
3923 1268 4144 1321 Elégance
4150 1302 4159 1320 ,

3550 1338 3826 1392 Originalité

3416 1412 3635 1454 Spécialité
3658 1411 3707 1444 de
3732 1410 3771 1443 la
3796 1410 3955 1443 Maison

3120 1474 3304 1521 Coiffures
3327 1473 3451 1517 riches
3472 1472 3696 1516 d’intérieur
3715 1473 3754 1516 et
3775 1471 3820 1516 de
3842 1470 3987 1528 Bureau
4019 1478 4156 1527 (Dernières
4167 1478 4256 1524 M«dei)

3534 1542 3634 1581 Prix
3664 1542 3859 1581 Modérés

3199 1612 3319 1662 26,
3363 1611 3524 1651 Fine
3574 1607 4043 1654 Cannebière,
4081 1606 4184 1648 26

3126 1774 3370 1889 ARMES
3418 1772 3502 1885 DE
3556 1765 3818 1884 CHÂSSE
3864 1765 3953 1876 ET
4010 1766 4095 1876 DE
4136 1765 4262 1878 TIR

3245 1931 3548 1992 Réparations,
3590 1914 3842 1986 (Échanges,
3867 1923 4140 1984 Nettoyages

3136 2029 3205 2091 3
3216 2029 3354 2090 ER
3368 2027 3436 2088 N
3450 2027 3515 2088 A
3527 2026 3676 2087 RD
3728 2036 3839 2072 rue
3867 2020 4150 2083 Paradis,
4186 2018 4260 2071 32

3186 2213 3529 2310 Entreprise
3576 2210 3643 2286 de
3684 2204 4217 2308 Déménagements

3326 2327 3435 2366 Pour
3467 2338 3516 2364 la
3546 2326 3708 2364 France
3739 2336 3789 2362 et
3818 2324 4084 2364 l’Etranger

3275 2411 3516 2455 PRIX
3591 2396 4132 2456 MODÉRÉS

3208 2499 3351 2526 Cadres

3263 2552 3299 2581 et

3190 2611 3226 2636 W
3235 2611 3255 2634 A
3267 2610 3288 2635 G
3297 2608 3319 2634 O
3331 2610 3350 2633 N
3362 2607 3382 2632 8

3183 2655 3382 2695 capitonnés

3154 2722 3238 2754 pour
3262 2712 3411 2745 Meubles

3207 2778 3368 2817 précieux

3682 2494 3750 2519 LES

3459 2531 3746 2611 Déménapiises
3783 2528 3964 2597 Favorites

3515 2635 3698 2746 ANDES
3737 2634 3780 2743 &
3819 2633 3854 2741 C
3859 2631 3889 2671 ie

3486 2774 3572 2803 Maison
3598 2773 3775 2814 complètement
3799 2783 3826 2804 en
3852 2771 3936 2803 dehors

3599 2822 3627 2851 île
3646 2824 3696 2851 tout
3714 2822 3829 2862 Monopole

4012 2558 4253 2585 ASSURANCES

4074 2608 4193 2639 contre

4046 2660 4226 2692 t'incendie

4124 2715 4154 2740 et

3252 2898 3358 2943 Bourse
3376 2895 3575 2943 Immobilière.
3590 2921 3646 2927 —
3663 2896 3747 2943 Vente
3770 2898 3796 2942 et
3814 2897 3940 2943 location
3961 2894 4162 2943 d’immeubles

3148 2979 3319 3020 MARSEILLE
3328 2978 3379 3020 —
3394 2977 3479 3020 Rue
3495 2976 3707 3026 Pavillon,
3724 2979 3762 3026 4,
3779 2987 3830 3018 au
3844 2977 4094 3028 Magasin—
4109 2977 4282 3019 MARSEILLE

3347 3167 3567 3207 Vient
3622 3166 3715 3207 de
3772 3164 4090 3218 par*aît.i?e

3490 3253 3714 3306 (EDITION
3740 3254 3803 3295 DE
3828 3255 3948 3305 1891)

3202 3526 3260 3567 DE
3279 3526 3339 3567 LA
3362 3523 3560 3578 FRANCE,
3580 3523 3639 3564 DE
3663 3524 3722 3564 LA
3740 3521 3899 3575 CORSE,
3920 3522 3978 3562 DE
3994 3514 4244 3562 L’ALGÉRIE

3344 3594 3402 3634 DE
3420 3594 3480 3632 LA
3503 3591 3694 3631 TUNISIE
3711 3591 3740 3628 &
3763 3591 3848 3627 DES
3872 3587 4103 3626 COLONIES

3162 3666 3228 3704 Un
3251 3663 3340 3703 fort
3371 3660 3532 3699 volume
3563 3659 3612 3696 de
3638 3655 3727 3695 800
3754 3666 3896 3707 pages,
3931 3649 4179 3703 imprimées
4216 3660 4296 3688 sur

3390 3713 3420 3753 2
3441 3712 3658 3762 colonnes,
3683 3708 3847 3751 reliure
3867 3706 4056 3761 anglaise

3267 3799 3393 3835 l*rl\
3400 3815 3842 3834 .
3900 3791 3962 3826 S.»
3993 3791 4182 3824 l'raiK’üi

3211 3885 3276 3922 Cet
3302 3892 3501 3928 ouvrage,
3527 3879 3668 3927 rédigé
3688 3890 3760 3916 sur
3783 3888 3839 3915 un
3871 3875 3967 3924 plan
4007 3874 4294 3912 entièrement

3163 3945 3375 3980 nouveau,
3414 3931 3602 3971 contient
3636 3936 3730 3968 tous
3771 3930 3830 3967 les
3863 3928 4119 3966 documents
4156 3923 4295 3971 régle¬

3162 3991 3354 4026 mentant
3378 3984 3413 4024 le
3433 3984 3595 4024 service
3616 3982 3690 4022 des
3723 3986 3871 4031 postes,
3907 3979 3981 4019 des
4011 3975 4291 4028 télégraphes,

3162 4042 3236 4081 des
3256 4039 3503 4088 téléphones
3523 4043 3563 4078 et
3585 4036 3656 4077 des
3675 4035 3875 4077 chemins
3895 4034 3945 4074 de
3963 4032 4039 4074 fer.

3219 4095 3250 4134 Il
3272 4093 3450 4146 indique
3480 4092 3541 4132 les
3562 4103 3685 4132 noms
3717 4091 3767 4131 de
3791 4095 3928 4130 toutes
3952 4088 4011 4127 les
4034 4095 4293 4134 communes,

3163 4148 3274 4189 ainsi
3294 4160 3378 4199 que
3399 4159 3504 4187 ceux
3526 4147 3599 4187 des
3619 4145 3808 4185 bureaux
3839 4143 3888 4182 de
3912 4147 4026 4194 poste
4048 4146 4088 4180 et
4114 4139 4166 4179 de
4189 4138 4296 4176 télé¬

3164 4202 3323 4254 graphe
3344 4202 3419 4252 qui
3446 4201 3503 4239 les
3519 4200 3776 4244 desservent,
3814 4197 3875 4237 les
3893 4195 4106 4236 distances
4138 4191 4296 4243 légales

3165 4262 3206 4293 et
3241 4257 3276 4292 le
3307 4253 3459 4292 chiffre
3494 4252 3545 4290 de
3584 4252 3622 4288 la
3659 4249 3926 4300 population.
3966 4248 4026 4287 On
4048 4260 4077 4296 y
4110 4260 4134 4286 a
4154 4247 4298 4296 ajouté

3170 4311 3302 4346 toutes
3327 4305 3390 4343 les
3411 4315 3536 4353 c/ares
3566 4308 3761 4340 ouvertes
3793 4312 3845 4337 au
3879 4299 4038 4337 service
4070 4299 4143 4339 des
4176 4300 4299 4339 colis

3167 4367 3387 4410 postaux,
3428 4368 3528 4395 avec
3563 4353 3755 4395 mention
3796 4351 3962 4402 lorsque
4002 4362 4072 4390 ces
4110 4350 4302 4388 derniers

3168 4418 3260 4451 sont
3279 4408 3484 4450 livrables
3500 4420 3550 4447 en
3574 4418 3672 4456 gare
3692 4418 3744 4445 ou
3766 4406 3790 4443 à.
3806 4403 4030 4444 domicile.

3221 4464 3280 4503 On
3302 4476 3332 4514 y
3354 4469 3550 4502 trouvera
3567 4459 3684 4500 aussi
3719 4466 3811 4499 tous
3843 4458 3904 4500 les
3934 4457 4303 4510 renseignements

3171 4517 3425 4559 nécessaires
3438 4527 3512 4555 sur
3529 4515 3564 4555 le
3580 4514 3766 4556 service
3779 4516 3864 4555 des
3880 4518 4303 4562 recouvrements,

3170 4573 3250 4612 soit
3279 4583 3329 4611 en
3355 4570 3521 4617 France,
3543 4568 3624 4609 soit
3644 4566 3751 4609 dans
3774 4568 3831 4608 les
3855 4579 3959 4620 pays
3979 4569 4195 4616 étrangers

3222 4626 3292 4667 Cet
3312 4636 3495 4675 ouvrage
3516 4631 3575 4664 est
3603 4622 3920 4674 indispensable
3955 4634 4007 4661 au
4044 4628 4302 4664 commerce,

3170 4683 3194 4720 à
3217 4679 3454 4720 l’industrie
3475 4684 3515 4718 et
3535 4690 3618 4717 aux
3636 4675 4021 4717 administrations.

3360 4767 3563 4810 PRIME
3595 4767 3635 4807 A
3668 4766 3788 4806 NOS
3819 4753 4116 4803 ABONNÉS

3227 4847 3303 4888 Par
3335 4846 3446 4887 suite
3478 4843 3579 4883 d’un
3615 4843 3912 4892 arrangement
3945 4851 4044 4881 avec
4090 4838 4304 4888 l’éditeur,

3175 4914 3283 4942 nous
3302 4900 3486 4940 sommes
3506 4900 3527 4938 à
3555 4899 3692 4939 même
3727 4896 3776 4937 de
3799 4895 3968 4937 fournir
3988 4902 4054 4936 cet
4074 4904 4262 4943 ouvrage
4284 4895 4308 4930 à

3178 4967 3250 4995 nos
3296 4955 3483 4995 abonnés
3530 4964 3580 4993 en
3623 4952 3680 4994 les
3717 4951 3874 4992 faisant
3909 4950 4140 4992 bénéficier
4178 4948 4307 4984 d'une

3175 5008 3328 5051 remise
3349 5006 3684 5060 exceptionnelle
3704 5007 3755 5049 de
3777 5007 3839 5050 20
3861 5018 3905 5059 p.
3934 5007 4043 5047 100.

3225 5063 3343 5106 Nous
3361 5064 3562 5109 adresser,
3584 5063 3691 5101 dans
3709 5074 3756 5102 ce
3777 5074 3862 5111 cas,
3900 5072 3956 5099 un
3993 5052 4309 5102 mandat-poste

3175 5119 3224 5160 de
3247 5120 3308 5160 20
3331 5119 3389 5160 fr.
3414 5130 3466 5157 au
3492 5128 3590 5156 nom
3614 5115 3663 5158 de
3685 5116 3854 5158 Bonal.

3375 5298 3460 5366 A
3519 5288 4104 5364 VENDRE

3177 5399 3482 5459 Une
3541 5393 4312 5463 campagne

3430 5501 3475 5562 A
3530 5490 4067 5563 SAINT-MARCEL

3285 5594 3580 5637 Ancienne
3631 5594 3880 5644 fabrique
3934 5586 4000 5624 de
4054 5583 4215 5628 tuiles

3490 5683 3595 5724 JOLI
3628 5675 3780 5720 POINT
3810 5672 3875 5712 DE
3906 5671 4004 5712 VUE

3185 5766 3386 5807 Très
3434 5767 3483 5804 t>
3494 5778 3534 5804 o
3544 5775 3591 5800 n
3639 5765 3848 5807 pour
3903 5751 3976 5793 la
4030 5755 4320 5796 chasse

3279 5840 3687 5899 CONTENANCE
3722 5848 3730 5875 :
3767 5838 3936 5887 2-500
3969 5830 4216 5886 MÈTRES

3186 5936 3290 5988 Près
3315 5934 3351 5983 le
3375 5927 3562 5979 château
3586 5922 3636 5974 de
3663 5920 3716 5973 M.
3747 5919 3783 5975 le
3814 5922 4003 5991 marquis
4044 5919 4094 5971 de
4130 5911 4322 5967 Coriolis

3831 6059 3878 6092 Le
3899 6055 4036 6097 gérant
4058 6059 4068 6082 :
4092 6050 4238 6084 Bonal.

3185 6166 3298 6207 Impr.
3315 6163 3475 6207 spéciale
3498 6165 3548 6199 du
3566 6165 3659 6199 Lien
3687 6163 3741 6195 du.
3760 6158 3944 6196 Mariage,
3959 6153 3992 6187 11
3999 6163 4011 6195 ,
4023 6163 4089 6189 rue
4099 6154 4147 6188 de
4161 6155 4197 6187 la
4211 6153 4318 6186 Paix.
