4720 7064
2087 450 2166 498 LE
2206 452 2356 498 LIEN
2391 454 2475 499 DU
2518 450 2814 501 MARIAGE

723 625 812 664 520.
874 646 923 653 —
981 623 1249 674 Célibataire,
1292 624 1340 663 22
1382 635 1484 674 ans,
1534 623 1704 664 fortune
1750 635 1801 663 en

668 678 900 730 propriétés
938 679 1112 726 200,000
1133 678 1204 728 fr.,
1246 678 1380 719 désire
1419 680 1599 730 épouser
1636 678 1799 718 demoi¬

667 732 770 772 selle
790 732 920 783 ayant
948 732 1118 782 100,000
1142 732 1194 772 fr.

722 811 811 850 530.
870 832 919 839 —
975 810 1204 860 Ingénieur
1242 811 1510 852 mécanicien
1535 843 1544 858 ,
1596 811 1644 851 35
1692 822 1799 856 ans,

664 871 794 915 ayant
832 863 943 903 belle
983 864 1186 903 situation
1212 896 1220 910 ,
1280 866 1496 916 plusieurs
1544 864 1711 904 brevets
1748 863 1799 902 de

664 922 833 968 rapport
870 922 911 955 et
948 916 1136 956 d’avenir
1178 919 1472 959 considérable
1497 950 1505 966 ,
1556 919 1799 968 épouserait

661 970 909 1011 demoiselle
927 983 1028 1011 avec
1050 971 1168 1011 avoir
1189 972 1238 1011 de
1260 973 1408 1020 50,000
1431 972 1482 1010 fr.

715 1056 806 1095 535.
832 1078 878 1082 —
928 1053 1038 1096 Veuf
1062 1088 1068 1099 .
1110 1056 1159 1095 52
1196 1067 1271 1094 ans
1297 1088 1306 1103 ,
1347 1055 1488 1103 12,000
1512 1055 1582 1100 fr.,
1619 1054 1795 1106 pension

660 1110 736 1150 600
772 1108 847 1150 fr.,
900 1120 1034 1159 gagne
1078 1110 1099 1148 5
1146 1109 1198 1148 fr.
1253 1120 1326 1159 par
1372 1108 1470 1159 jour
1495 1139 1503 1156 ,
1556 1108 1796 1158 épouserait

663 1175 798 1202 veuve
819 1172 915 1202 sans
936 1162 1104 1202 enfants
1122 1174 1223 1201 avec
1244 1163 1375 1201 avoir.

713 1246 803 1286 536.
846 1267 891 1272 —
940 1244 1100 1284 Ancien
1135 1243 1361 1294 capitaine,
1396 1246 1444 1283 53
1484 1255 1575 1292 ans,
1619 1244 1795 1295 pension

659 1300 735 1339 550
756 1299 825 1348 fr,,
866 1309 1000 1348 gagne
1038 1299 1114 1338 700
1137 1298 1208 1347 fr.,
1251 1298 1491 1348 épouserait
1530 1297 1658 1348 petite
1698 1308 1795 1339 ren¬

655 1354 758 1394 tière
783 1363 879 1392 sans
899 1352 1083 1392 enfants.

710 1436 799 1476 537.
832 1458 883 1464 —
931 1435 1182 1475 Célibataire
1222 1435 1353 1475 établi
1376 1467 1386 1482 ,
1432 1435 1481 1474 35
1519 1446 1595 1474 ans
1619 1466 1627 1481 ,
1682 1435 1790 1474 beau

648 1489 848 1540 magasin
871 1521 880 1538 ,
916 1489 1088 1528 fortune
1122 1488 1271 1531 20,000
1307 1488 1375 1537 fr.,
1428 1488 1670 1538 épouserait
1718 1488 1792 1527 de¬

654 1543 848 1583 moiselle
870 1554 922 1582 en
944 1547 1115 1592 rapport
1136 1542 1254 1592 d'âge
1276 1551 1315 1581 et
1339 1542 1515 1582 d’avoir.

710 1634 802 1674 538.
824 1655 875 1659 —
912 1631 1182 1680 Célibataire,
1222 1630 1272 1670 26
1292 1643 1383 1680 ans,
1426 1635 1718 1683 commerçant
1738 1642 1788 1669 en

652 1699 750 1736 gros
771 1718 780 1733 ,
841 1687 1081 1735 épouserait
1119 1684 1368 1725 demoiselle
1409 1683 1610 1723 instruite
1657 1688 1792 1735 ayant

659 0 799 1791 12,000
823 1739 875 1779 fr.

704 1816 852 1856 549.—
874 1815 1140 1863 Célibataire,
1168 1815 1218 1856 26
1239 1827 1328 1865 ans,
1353 1815 1524 1856 fortune
1546 1815 1694 1855 25.000
1716 1814 1786 1861 fr.,

648 1872 896 1922 espérances
931 1870 1087 1910 60.000
1111 1870 1180 1918 fr.,
1220 1875 1524 1922 commerçant,
1548 1867 1790 1917 épouserait

647 1923 898 1964 demoiselle
930 1928 1247 1975 commerçante
1270 1930 1402 1975 ayant
1434 1923 1578 1962 15.000
1600 1922 1650 1960 fr.

702 2007 792 2048 552.
818 2030 866 2036 —
896 2007 1059 2048 Ancien
1080 2006 1309 2058 capitaine,
1333 2006 1455 2046 4.200
1478 2005 1530 2043 fr.
1555 2004 1606 2042 de
1628 2008 1783 2052 rentes,

646 2063 696 2102 56
733 2072 824 2108 ans,
866 2060 1107 2112 épouserait
1147 2072 1281 2100 veuve
1322 2071 1421 2099 sans
1458 2058 1639 2106 enfants,
1682 2068 1785 2096 avec

646 2115 763 2155 avoir
784 2122 823 2154 et
845 2114 945 2154 bien
968 2114 1128 2154 élevée.

699 2192 791 2233 553.
816 2215 866 2220 —
905 2191 1028 2239 Veuf,
1055 2192 1103 2231 65
1124 2202 1215 2238 ans,
1238 2188 1503 2239 agriculteur
1523 2188 1574 2228 de
1599 2187 1784 2239 premier

646 2247 780 2294 ordre,
804 2244 975 2284 fortune
998 2244 1147 2283 60.000
1171 2243 1239 2292 fr.,
1263 2243 1504 2294 épouserait
1524 2254 1660 2281 veuve
1682 2241 1783 2290 âgée

644 2302 695 2340 de
718 2299 815 2355 plus
835 2298 886 2338 de
908 2299 956 2338 50
979 2308 1068 2347 ans,
1092 2296 1223 2348 ayant
1244 2296 1366 2337 2.000
1394 2296 1444 2336 fr.
1476 2295 1528 2335 de
1551 2298 1704 2341 rentes,
1727 2304 1781 2332 ou

645 2364 779 2392 veuve
818 2356 949 2403 ayant
984 2351 1036 2391 de
1067 2350 1251 2402 grandes
1280 2350 1527 2400 propriétés,
1552 2349 1694 2387 même
1728 2358 1781 2386 en

642 2407 834 2458 Afrique.

694 2484 843 2524 558.—
863 2482 1129 2528 Célibataire,
1151 2480 1200 2519 32
1222 2483 1455 2532 ans,ayant
1479 2478 1711 2528 profession
1730 2477 1779 2515 li¬

640 2537 782 2578 bérale
804 2538 886 2576 très
904 2535 1130 2582 lucrative,
1154 2534 1326 2572 fortune
1347 2532 1495 2572 50.000
1513 2532 1582 2579 fr.,
1605 2532 1780 2582 épouse¬

642 2592 719 2631 rait
738 2590 988 2631 demoiselle
1010 2592 1142 2640 ayant
1163 2587 1235 2627 dot
1259 2587 1430 2627 100.000
1452 2587 1504 2623 fr.

694 2674 786 2714 562.
812 2696 858 2702 —
898 2671 1164 2720 Célibataire,
1190 2670 1239 2710 40
1260 2682 1351 2719 ans,
1375 2673 1507 2720 ayant
1542 2666 1776 2718 profession

643 2727 819 2768 libérale
843 2727 924 2767 très
943 2726 1169 2771 lucrative,
1187 2725 1431 2774 épouserait
1451 2721 1701 2762 demoiselle
1724 2732 1776 2760 en

639 2786 811 2832 rapport
830 2780 965 2831 d’âge,
989 2778 1120 2830 ayant
1147 2778 1219 2816 100
1241 2778 1318 2816 000
1338 2776 1390 2816 fr.

691 2867 783 2906 568.
807 2887 858 2893 —
878 2863 1044 2911 Prince,
1066 2860 1158 2902 seul
1182 2860 1440 2900 descendant
1459 2859 1588 2899 d’une
1610 2858 1777 2898 famille

637 2926 770 2972 ayant
799 2919 1040 2967 longtemps
1079 2916 1207 2964 régné
1246 2926 1322 2953 sur
1363 2926 1446 2952 une
1484 2914 1558 2952 des
1596 2912 1778 2962 grandes

638 2974 886 3024 puissances
918 2970 968 3010 de
999 2970 1207 3018 l’Europe,
1246 2968 1348 3007 allié
1379 2979 1464 3007 aux
1498 2966 1676 3016 grandes
1710 2966 1776 3004 fa¬

638 3027 782 3067 milles
827 3024 1060 3073 princières
1116 3022 1363 3072 d’Espagne,
1406 3020 1696 3071 d’Angleterre
1736 3026 1776 3058 et

635 3079 870 3127 d’ailleurs,
894 3079 971 3129 âgé
991 3078 1042 3116 de
1064 3076 1112 3115 30
1135 3087 1227 3126 ans,
1251 3075 1490 3127 épouserait
1524 3074 1646 3114 riche
1677 3073 1776 3124 plé¬

635 3135 835 3175 béienne.

687 3206 779 3246 580.
805 3226 853 3232 —
883 3202 1078 3243 Bouclier
1115 3200 1263 3250 établi,
1306 3202 1354 3242 39
1396 3212 1489 3250 ans,
1530 3198 1774 3250 épouserait

634 3256 883 3300 demoiselle
902 3269 955 3297 ou
979 3268 1115 3296 veuve
1138 3254 1364 3307 possédant
1384 3255 1506 3303 8,000
1527 3254 1580 3294 fr.

687 3338 779 3377 581.
804 3359 854 3364 —
883 3335 1091 3383 Boucher,
1134 3334 1375 3374 richement
1404 3332 1550 3381 établi,
1592 3332 1642 3372 27
1680 3343 1769 3380 ans,

634 3391 700 3431 fils
723 3390 902 3441 unique,
927 3394 1095 3440 parents
1124 3388 1279 3436 riches,
1322 3387 1564 3439 épouserait
1596 3386 1768 3428 demoi¬

632 3444 735 3485 selle
758 3443 855 3483 bien
878 3443 1037 3492 élevée,
1063 3442 1286 3493 possédant
1308 3442 1451 3491 10,000
1472 3442 1522 3480 fr.

686 3522 776 3562 587.
809 3543 859 3549 —
899 3519 1023 3570 Veuf,
1067 3520 1117 3559 37
1162 3530 1252 3568 ans,
1295 3519 1467 3559 fortune
1511 3517 1656 3563 18,000
1695 3518 1735 3556 fr
1758 3548 1767 3566 ,

618 3580 762 3626 •ayant
782 3585 1023 3615 commerce
1042 3575 1253 3624 prospère,
1279 3579 1447 3624 rapport
1487 3572 1538 3611 de
1570 3572 1690 3612 6.000
1711 3571 1766 3612 fr.

631 3640 707 3679 par
727 3640 795 3677 an,
818 3628 1059 3679 épouserait
1078 3640 1211 3668 veuve
1234 3626 1334 3668 bien
1350 3627 1511 3678 élevée,
1528 3638 1630 3667 avec
1648 3624 1769 3668 avoir

632 3682 682 3722 d'é
703 3682 850 3731 20,000
872 3682 1028 3723 francs.

684 3764 775 3806 586.
800 3787 850 3792 —
878 3764 1044 3805 Officier
1072 3764 1123 3804 de
1152 3763 1342 3814 l’armée,
1382 3766 1459 3815 âgé
1496 3764 1547 3805 de
1587 3765 1636 3807 30
1671 3776 1763 3812 ans,

630 3818 870 3867 épouserait
890 3818 1140 3858 demoiselle
1170 3831 1223 3858 en
1256 3823 1425 3871 rapport
1460 3819 1595 3870 d’âge,
1632 3824 1765 3871 ayant

634 3870 808 3919 150.000
829 3870 986 3912 francs.

684 3953 775 3994 594,
798 3975 850 3982 —
870 3953 1138 4000 Célibataire,
1160 3954 1211 3991 28
1232 3965 1323 4003 ans,
1346 3954 1519 3993 fortune
1539 3955 1687 4002 20,000
1710 3956 1761 3992 fr.

629 4011 759 4056 ayant
778 4016 1019 4044 commerce
1042 4006 1144 4044 d’un
1166 4012 1334 4055 rapport
1355 4006 1516 4044 annuel
1551 4004 1602 4043 de
1643 4006 1766 4053 4,000

631 4059 702 4107 fr.,
726 4058 823 4110 plus
856 4069 940 4097 une
979 4064 1099 4098 autre
1139 4057 1306 4098 maison
1346 4069 1399 4096 en
1436 4055 1670 4107 Amérique
1702 4056 1767 4095 lui

630 4115 876 4163 rapportant
902 4111 1016 4159 1,500
1042 4111 1108 4159 fr.,
1132 4111 1374 4162 épouserait
1391 4109 1643 4150 demoiselle
1663 4122 1765 4150 avec

632 4166 703 4205 dot
724 4163 775 4204 de
800 4163 948 4212 20,000
971 4164 1128 4204 francs.

683 4254 774 4294 596.
799 4275 847 4282 —
868 4252 1135 4302 Célibataire,
1159 4252 1210 4295 54
1230 4264 1320 4302 ans,
1345 4253 1516 4292 fortune
1539 4253 1688 4299 60,000
1709 4254 1762 4291 fr.

630 4306 872 4359 épouserait
919 4306 1171 4346 demoiselle
1219 4318 1275 4347 ou
1323 4318 1491 4355 veuve,
1543 4306 1768 4355 possédant

632 4362 779 4410 30.000
802 4360 959 4400 francs.

687 4438 762 4478 599
770 4471 778 4479 ,
802 4460 852 4466 —
874 4435 1042 4476 Officier
1062 4446 1115 4474 en
1146 4433 1332 4481 activité,
1372 4434 1422 4472 36
1463 4443 1554 4481 ans,
1596 4433 1767 4472 fortune

634 4489 902 4544 personnelle
941 4488 1088 4535 30,000
1128 4488 1200 4538 fr.,
1242 4486 1484 4539 épouserait
1519 4486 1769 4526 demoiselle

630 4552 762 4599 ayant
779 4546 851 4586 dot
868 4543 920 4584 de
941 4543 1090 4592 80,000
1112 4542 1164 4580 fr.

682 4636 749 4678 601
764 4658 772 4678 .
799 4658 847 4664 —
874 4634 1143 4682 Célibataire,
1165 4632 1214 4672 38
1234 4643 1323 4683 ans,
1362 4636 1494 4684 ayant
1532 4631 1767 4683 profession

628 4691 730 4731 d’un
755 4695 927 4742 rapport
948 4686 1110 4728 annuel
1150 4687 1200 4726 de
1242 4687 1361 4736 5,000
1400 4686 1474 4736 fr.,
1509 4686 1680 4726 fortune
1714 4687 1766 4726 de

628 4744 775 4794 35.000
796 4744 866 4795 fr.,
888 4742 1131 4796 épouserait
1149 4740 1400 4780 demoiselle
1422 4752 1524 4780 avec
1540 4739 1687 4790 40,000
1710 4740 1762 4780 fr.

682 4834 771 4875 606.
807 4856 858 4862 —
905 4831 1172 4879 Célibataire,
1215 4830 1266 4871 25
1314 4840 1405 4878 ans,
1447 4830 1666 4882 disposant
1714 4832 1764 4871 de

627 4890 776 4939 25.000
798 4887 868 4935 fr.,
891 4895 930 4927 et
952 4888 1203 4938 espérances
1224 4884 1372 4935 30,000
1387 4884 1460 4932 fr.,
1480 4884 1618 4923 désire
1634 4887 1764 4935 épou¬

628 4955 695 4983 ser
715 4942 964 4981 demoiselle
984 4947 1116 4992 ayant
1148 4939 1259 4980 belle
1300 4939 1507 4979 situation
1544 4950 1764 4978 commer¬

627 4996 736 5036 ciale
769 5008 778 5040 ;
819 4995 850 5034 il
887 4995 1145 5047 apporterait
1179 4994 1242 5035 les
1280 4994 1428 5046 25,000
1467 4992 1520 5034 fr.
1570 4992 1675 5034 dans
1724 4992 1763 5032 la

627 5051 791 5090 maison
814 5050 866 5090 de
888 5061 1144 5090 commerce.

679 5118 768 5158 608.
788 5140 838 5146 —
859 5116 1126 5166 Célibataire,
1144 5116 1195 5158 25
1211 5129 1302 5168 ans,
1320 5115 1524 5168 employé
1546 5116 1596 5156 de
1620 5116 1758 5164 l’Etat,

626 5171 864 5220 épouserait
906 5171 1152 5212 demoiselle
1194 5183 1248 5211 ou
1300 5183 1439 5212 veuve
1488 5183 1539 5211 en
1592 5178 1759 5224 rapport

624 5224 756 5272 d’âge,
779 5230 911 5275 ayant
935 5226 1079 5266 15.000
1102 5226 1156 5264 fr.

678 5300 768 5340 611.
800 5323 841 5328 —
862 5300 1127 5352 Célibataire,
1168 5302 1217 5342 30
1258 5314 1347 5352 ans,
1387 5315 1544 5355 garçon
1580 5303 1756 5353 d’hôtel,

622 5360 754 5404 ayant
771 5353 891 5394 avoir
912 5355 1031 5394 6.000
1054 5355 1123 5403 fr.,
1148 5356 1391 5403 épouserait
1429 5356 1678 5397 demoiselle
1702 5371 1754 5396 ou

620 5418 760 5447 veuve
782 5408 1004 5456 possédant
1024 5407 1145 5450 4.000
1166 5408 1235 5459 fr.,
1259 5422 1370 5461 pour
1390 5415 1559 5451 monter
1579 5411 1755 5460 pension

623 5460 887 5510 bourgeoise.

676 5536 767 5576 612.
790 5559 840 5564 —
882 5535 1003 5586 Veuf,
1027 5539 1218 5587 docteur,
1243 5542 1466 5592 possédant
1492 5542 1662 5583 100.000
1684 5542 1754 5591 fr.,

622 5592 698 5639 âgé
719 5591 769 5628 de
791 5591 840 5629 55
863 5602 951 5640 ans,
976 5593 1217 5642 épouserait
1239 5606 1374 5634 veuve
1395 5596 1446 5635 de
1466 5596 1514 5635 30
1535 5597 1558 5634 à
1590 5596 1639 5636 50
1663 5608 1754 5646 ans,

623 5643 722 5683 bien
744 5642 900 5692 élevée,
924 5650 1056 5695 ayant
1076 5646 1264 5696 quelque
1286 5647 1420 5688 avoir.

676 5726 767 5766 618.
816 5747 859 5758 <—
907 5727 1041 5775 Veuf,
1092 5740 1188 5768 sans
1235 5731 1396 5780 enfant,
1448 5732 1751 5782 représentant,

622 5779 806 5830 gagnant
828 5779 948 5819 8.000
984 5780 1036 5820 fr.
1074 5792 1146 5831 par
1166 5792 1235 5829 an,
1258 5783 1394 5823 désire
1417 5784 1597 5834 épouser
1619 5798 1754 5826 veuve

620 5846 674 5873 ou
698 5831 947 5874 demoiselle
969 5844 1019 5872 en
1042 5840 1211 5884 rapport
1232 5834 1351 5887 d’âge
1372 5850 1426 5876 ou
1459 5838 1682 5879 au-dessus
1703 5840 1754 5879 de

619 5887 670 5927 40
690 5899 780 5937 ans,
807 5887 1030 5938 possédant
1051 5887 1199 5928 20.000
1220 5887 1275 5928 fr.

673 5968 747 6008 622
786 5991 836 5998 —
858 5968 1125 6018 Célibataire,
1150 5970 1199 6010 26
1222 5980 1312 6016 ans,
1338 5970 1507 6011 fortune
1530 5971 1676 6014 40.000
1699 5974 1750 6015 fr.

620 6022 898 6072 immeubles,
922 6023 1163 6074 épouserait
1185 6023 1436 6064 demoiselle
1459 6031 1591 6076 ayant
1612 6026 1752 6067 bonne

614 6078 821 6117 situation
842 6076 1146 6116 commerciale
1167 6089 1223 6116 ou
1244 6076 1415 6116 fortune
1436 6079 1487 6118 de
1510 6079 1656 6119 80.000
1697 6080 1748 6122 fr.

1835 640 1841 679 ;
1933 626 2064 671 Nous
2110 627 2328 670 donnons
2379 627 2646 671 ci-dessous
2690 624 2916 670 l’adresse
2955 625 3011 668 de

1854 686 1986 728 •MM.
2028 686 2096 730 les
2132 688 2340 730 notaires
2374 687 2431 730 de
2467 687 2511 730 la
2542 686 2647 731 ville
2674 686 2730 730 de
2762 684 3008 740 Marseille,

1875 746 1952 800 qui
1985 758 2159 803 pourra
2189 750 2287 790 être
2320 746 2430 790 utile
2463 759 2578 802 pour
2608 747 2672 791 les
2707 748 2920 790 contrats
2955 744 3010 787 de

1874 807 2088 860 mariage
2111 822 2119 848 :

3139 633 3491 741 faisons
3563 636 4165 723 Recommandées

1926 905 2023 947 MM.
2060 907 2265 956 Sabatier,
2288 918 2364 946 rue
2387 906 2572 958 Paradis,
2600 907 2660 944 17.

2059 967 2282 1019 ltaynaud,
2305 978 2383 1006 rue
2403 966 2588 1012 Paradis,
2611 966 2676 1006 24.

2057 1027 2235 1076 Gaudet,
2259 1038 2335 1065 rue
2358 1026 2540 1074 Paradis,
2564 1026 2630 1065 46.

2058 1087 2256 1138 Gasquet,
2278 1098 2354 1126 rue
2372 1086 2558 1134 Paradis,
2582 1086 2647 1124 57.

2056 1147 2256 1196 Ferraud,
2280 1158 2356 1186 rue
2378 1146 2563 1191 Paradis,
2587 1146 2652 1184 59.

2056 1207 2210 1256 Brezet,
2234 1219 2308 1247 rue
2331 1206 2516 1256 Paradis,
2540 1207 2588 1246 68
2598 1238 2606 1246 .

2054 1267 2104 1306 de
2128 1267 2267 1318 Eaget,
2290 1278 2366 1305 rue
2387 1263 2712 1311 Saint-Ferréol,
2735 1267 2774 1306 7.

2054 1327 2328 1378 Delangiade,
2351 1338 2429 1367 rue
2446 1326 2774 1375 Saint-Ferréol,
2798 1326 2864 1367 29.

2054 1387 2196 1436 Benet,
2221 1399 2296 1426 rue
2318 1386 2642 1435 Saint-Ferréol,
2667 1386 2731 1427 30.

2052 1446 2298 1500 Provençal,
2322 1458 2397 1485 rue
2418 1446 2747 1496 Saint-Ferréol,
2772 1448 2839 1489 50.

2051 1506 2274 1555 Bouteille,
2299 1517 2374 1546 rue
2395 1505 2716 1556 Saint-Ferréol,
2746 1508 2810 1547 52.

2051 1567 2288 1616 Estrangin,
2312 1578 2388 1606 rue
2408 1567 2735 1616 Saint-Ferréol,
2759 1568 2824 1608 54.

2051 1627 2254 1676 Jourdan,
2275 1639 2350 1666 rue
2372 1626 2695 1670 Saint-Ferréol,
2719 1627 2782 1668 59.

2049 1687 2206 1736 Sayou,
2229 1697 2307 1724 rue
2327 1685 2654 1732 Saint-Ferréol,
2679 1686 2743 1724 78.

2051 1744 2211 1790 Perrin,
2234 1755 2308 1783 rue
2331 1743 2595 1793 Montgrand,
2621 1743 2687 1783 38.

2050 1802 2386 1853 Taxil-Forlüiil,
2411 1816 2486 1843 rue
2508 1804 2771 1855 Montgrand,
2795 1804 2859 1847 48.

2049 1863 2192 1911 Alliés,
2220 1874 2294 1903 rue
2314 1863 2575 1914 Montgrand,
2599 1864 2662 1904 62.

2047 1928 2183 1972 Azaïs,
2209 1936 2282 1963 rue
2304 1924 2354 1962 de
2378 1923 2417 1963 la
2438 1924 2578 1972 Darse,
2600 1924 2636 1963 5.

2052 1984 2244 2034 Laugier,
2268 1995 2343 2022 rue
2364 1983 2416 2023 de
2438 1983 2479 2021 la
2499 1983 2637 2031 Darse,
2660 1983 2724 2023 29.

2048 2044 2273 2096 Raynaud,
2297 2055 2372 2083 rue
2392 2042 2594 2088 Noailles,
2618 2045 2656 2083 7.

2046 2102 2267 2151 Dessuard,
2292 2113 2367 2142 rue
2387 2102 2587 2150 Noailles,
2619 2102 2676 2142 18.

2048 2162 2239 2211 Laugier,
2263 2174 2338 2201 rue
2358 2161 2631 2211 Cannebière,
2656 2163 2694 2203 5.

2046 2222 2272 2270 Decormis,
2298 2234 2372 2263 rue
2394 2222 2595 2272 Grignan,
2620 2223 2684 2263 56.

2045 2282 2168 2332 Latil,
2192 2294 2267 2322 rue
2288 2281 2446 2330 Sainte,
2475 2282 2507 2322 1.

2043 2343 2236 2389 Giraudi,
2260 2352 2386 2382 cours
2402 2342 2691 2391 Saint-Louis,
2716 2343 2752 2384 3.

2042 2402 2185 2450 Blanc,
2206 2412 2281 2439 rue
2302 2400 2352 2440 de
2376 2400 2551 2450 l’Arbre,
2575 2402 2612 2440 9.

2044 2462 2264 2508 Roubaud,
2291 2474 2366 2503 rue
2386 2463 2438 2503 de
2459 2461 2499 2500 la
2521 2462 2807 2515 République,
2834 2464 2896 2504 15.

2040 2522 2187 2571 Gavot,
2213 2533 2287 2560 rue
2309 2521 2363 2560 du
2388 2524 2576 2572 Bausset,
2599 2522 2638 2563 4.

1904 2699 2094 2755 L’Office
2124 2700 2362 2740 Mondonet
2382 2704 2443 2740 est
2471 2707 2625 2742 ouvert
2645 2706 2742 2743 tous
2769 2705 2830 2744 les
2848 2706 2987 2758 jours

1851 2767 1904 2806 de
1922 2769 1952 2806 2
1971 2767 2130 2807 heures
2150 2770 2175 2806 à
2198 2769 2225 2806 8
2246 2766 2403 2807 heures
2421 2768 2484 2807 du
2512 2771 2605 2810 soir
2631 2773 2671 2809 et
2708 2771 2770 2811 les
2805 2772 2986 2812 diman¬

1850 2833 1948 2872 ches
1967 2837 2007 2872 et
2027 2834 2136 2886 fêtes
2157 2834 2210 2874 de
2234 2835 2257 2874 9
2279 2831 2435 2875 heures
2455 2839 2479 2875 à
2502 2836 2633 2878 midi.

1911 3014 2321 3076 THEATRES
2377 3017 2469 3077 ET
2527 3019 2921 3084 CONCERTS

3103 890 3312 1022 LE
3419 890 4200 1033 CHINOIS

3228 1060 3538 1109 CHAPEAUX
3572 1060 3644 1108 EN
3678 1062 3819 1111 TOUS
3853 1064 4066 1115 GENRES

3106 1139 3382 1180 COIFFURES
3421 1141 3554 1183 POUR
3595 1140 3872 1184 MESSIEURS
3915 1147 3980 1186 ET
4022 1146 4187 1186 DAMES

3387 1226 3659 1264 FRAICHEURS,
3691 1226 3770 1254 BON
3799 1224 3907 1254 GOUT

3167 1282 3316 1322 ILa^Ue
3339 1283 3600 1324 Nouveauté
3623 1287 3676 1326 de
3694 1287 3855 1340 forme,
3880 1286 4117 1342 Elégance,

3506 1351 3783 1404 Originalité

3370 1421 3589 1461 Spécialité
3611 1423 3662 1455 de
3687 1423 3726 1455 la
3750 1425 3909 1459 Maison

3074 1474 3259 1522 Coiffures
3281 1479 3407 1524 riches
3428 1480 3651 1527 d’intérieur
3670 1486 3710 1528 et
3731 1485 3776 1530 de
3796 1484 3942 1532 Bureau
3972 1498 4209 1547 (DernièresModes)

3483 1553 3584 1592 Prix
3612 1555 3808 1596 Modérés

3148 1616 3268 1664 26,
3312 1618 3474 1657 Rue
3523 1620 3994 1674 Cannebière,
4032 1628 4134 1668 26

3033 1766 3041 1897 i
3069 1773 3313 1890 ARMES
3361 1778 3445 1890 DE
3501 1779 3761 1895 CHASSE
3809 1779 3897 1896 ET
3957 1784 4041 1896 DE
4077 1788 4205 1901 TIR

3191 1931 3487 1991 Réparations,
3529 1964 3545 1994 C
3538 1924 3572 1982 É
3572 1938 3780 1999 'changes,
3808 1939 4079 2003 Nettoyages

3073 2026 3614 2096 BERNARD
3666 2051 3779 2086 rue
3807 2039 4088 2104 Paradis,
4126 2042 4202 2094 32

3117 2215 3459 2315 Entreprise
3505 2220 3573 2298 de
3615 2222 4147 2329 Déménagements

3251 2332 3362 2371 Pour
3392 2346 3442 2372 la
3472 2337 3634 2376 France
3665 2352 3715 2378 et
3745 2343 4010 2384 l’Etranger

3201 2415 3442 2462 PRIX
3516 2415 4058 2479 MODÉRÉS

3130 2499 3272 2526 carres

3183 2552 3219 2580 et

3111 2608 3300 2634 WAGONS

3100 2655 3300 2692 capitonnés

3072 2718 3155 2750 pour
3179 2714 3328 2746 Meubles

3121 2778 3283 2817 précieux

3603 2508 3670 2534 les

3380 2539 3664 2622 Déménageuses
3700 2546 3884 2619 Favorites

3431 2626 3611 2755 M
3651 2647 3803 2759 41

3398 2778 3487 2811 Maison
3511 2783 3688 2823 coinplèlcment
3711 2796 3740 2816 en
3764 2786 3850 2820 dehors

3511 2830 3540 2859 de
3559 2834 3609 2863 (ont
3626 2832 3741 2874 Monopole

3926 2508 4186 2554 GARDE-MEUBLES

3930 2584 4171 2610 ASSURANCES

3991 2632 4110 2663 contre

3960 2683 4140 2719 l’Incendie

4038 2738 4068 2762 et

3164 2900 3270 2948 Bourse
3288 2903 3487 2952 Immobilière.
3499 2931 3556 2938 —
3575 2908 3659 2955 Vente
3680 2912 3707 2956 et
3724 2911 3850 2960 location
3871 2916 4070 2966 d’immeubles

3055 2984 3227 3026 MARSEILLE
3236 2986 3287 3030 —
3302 2986 3387 3030 Rue
3403 2987 3615 3043 Pavillon,
3632 2994 3670 3044 4,
3686 3005 3738 3035 au
3751 2994 3940 3050 Magasin
3950 3002 4188 3045 —MARSEILLE

1902 3190 1954 3230 Le
1978 3192 2376 3235 Grand-Théatre
2395 3207 2419 3234 a
2440 3200 2607 3235 rouvert
2630 3207 2694 3236 ses
2718 3203 2852 3248 portes
2871 3204 2911 3239 et
2949 3212 2972 3239 a

1847 3262 2095 3299 commencé
2120 3259 2158 3298 la
2188 3259 2328 3299 saison
2363 3263 2462 3302 avec
2502 3263 2682 3303 Samson
2711 3271 2751 3304 et
2788 3264 2939 3306 Dalila
2964 3280 2972 3318 ;

1846 3326 2011 3366 ensuite
2034 3326 2068 3366 le
2084 3326 2251 3367 Maître
2266 3327 2318 3367 de
2343 3328 2547 3383 Chapelle
2568 3331 2608 3371 et
2627 3331 2838 3374 Mireille.
2863 3334 2972 3374 Dans

1847 3391 2042 3431 Mireille
2048 3424 2056 3442 ,
2098 3394 2198 3434 trois
2230 3394 2382 3435 débuts
2414 3396 2572 3436 étaient
2608 3400 2822 3437 annoncés
2844 3412 2851 3437 :
2876 3399 2973 3436 Mlle

1846 3455 2110 3505 Vuillaume,
2132 3458 2363 3498 chanteuse
2384 3460 2526 3510 légère
2554 3473 2563 3509 ;
2596 3462 2687 3499 MM.
2734 3461 2899 3512 Queyla
2933 3467 2972 3500 et

1843 3522 2023 3562 Cobalet.
2061 3522 2156 3563 Mlle
2177 3522 2427 3564 Vuillaume
2458 3524 2555 3566 s’est
2576 3526 2653 3566 fait
2674 3538 2848 3569 excuser
2866 3540 2973 3580 pour

1842 3600 1967 3629 cause
1990 3588 2346 3642 d’indisposition.
2384 3592 2435 3634 M.
2474 3592 2722 3647 Soubeyran
2762 3607 2786 3635 a
2815 3595 2970 3636 débuté

1842 3656 1942 3696 cans
1964 3656 1988 3695 Y
1995 3658 2239 3710 Africaine.
2282 3659 2339 3699 On
2360 3672 2384 3700 a
2414 3660 2652 3711 également
2674 3663 2914 3712 représenté
2934 3662 2971 3699 la

1848 3723 2058 3763 Traviata
2088 3735 2111 3764 e
2118 3726 2130 3764 t
2167 3724 2558 3766 Guillaume-Tell.
2599 3726 2967 3772 Prochainement,

1839 3788 2099 3829 Hérodiade
2120 3795 2159 3830 et
2181 3790 2240 3830 les
2263 3790 2538 3843 Huguenots.
2580 3790 2631 3827 Ce
2669 3788 2768 3838 soir,
2812 3790 2970 3842 reprise

1839 3854 1890 3894 de
1917 3854 2180 3894 Guillaume-
2196 3856 2304 3902 Tell,
2347 3854 2572 3892 deuxième
2614 3853 2744 3895 début
2784 3855 2835 3894 de
2874 3856 2964 3895 MM.

1839 3919 2086 3970 Soubeyran
2127 3924 2167 3959 et
2215 3916 2410 3956 Henriot.
2464 3916 2659 3967 Demain,
2710 3919 2868 3968 reprise
2919 3919 2968 3956 de

1839 3983 2012 4021 Lakmé.

1895 4090 2132 4131 Variétés.
2170 4112 2208 4118 —
2251 4090 2360 4129 Dans
2397 4088 2436 4128 la
2475 4087 2630 4139 reprise
2670 4087 2719 4128 de
2760 4088 2952 4127 Boccace
2959 4121 2967 4139 ,

1842 4159 1936 4199 Mlle
1958 4157 2097 4210 Clary,
2123 4158 2162 4196 la
2184 4155 2315 4196 rivale
2347 4155 2399 4196 de
2436 4156 2472 4195 M
2476 4162 2507 4175 ma
2542 4154 2690 4203 Morin,
2715 4166 2738 4195 a
2770 4158 2968 4195 retrouvé

1839 4238 1915 4266 son
1936 4224 2145 4265 ancienne
2167 4221 2421 4274 popularité,
2443 4234 2515 4261 car
2536 4221 2573 4260 le
2595 4220 2742 4271 public
2767 4221 2819 4259 l’a
2856 4232 2967 4259 una¬

1842 4291 2079 4330 nimement
2100 4286 2327 4339 applaudie
2364 4286 2483 4325 Mimi
2502 4298 2552 4324 va
2574 4287 2660 4325 être
2683 4286 2838 4333 donné,
2864 4286 2971 4324 dans

1842 4354 2028 4404 laquelle
2070 4364 2177 4392 nous
2216 4363 2387 4391 verrons
2435 4352 2475 4390 la
2522 4351 2680 4390 divetle
2728 4351 2763 4389 si
2812 4350 2967 4398 aimée,

1842 4419 1911 4458 M™
1960 4418 2091 4457 Théo.
2143 4415 2499 4456 Prochainement
2549 4415 2587 4454 le
2631 4415 2858 4467 Royaume
2898 4414 2969 4452 des

1844 4484 2049 4524 Femmes.

1894 4548 1944 4588 Ce
1966 4548 2050 4588 soir
2070 4560 2120 4588 on
2142 4548 2287 4600 jouera
2309 4547 2348 4589 le
2367 4548 2555 4600 Parfum
2563 4579 2571 4597 ,
2596 4546 2645 4586 de
2663 4546 2753 4587 MM.
2778 4546 2899 4587 Blum
2932 4551 2971 4586 et

1841 4615 1994 4665 Toché,
2018 4628 2118 4656 avec
2142 4616 2181 4655 la
2203 4615 2435 4656 délicieuse
2455 4616 2583 4656 Théo.

1894 4730 2152 4782 Gymnase.
2176 4748 2226 4754 —
2259 4724 2311 4764 Le
2334 4725 2438 4765 beau
2463 4731 2502 4766 et
2526 4726 2623 4776 long
2642 4728 2790 4767 succès
2808 4727 2965 4766 obtenu

1842 4796 2004 4837 l’année
2027 4794 2218 4835 dernière
2238 4804 2311 4844 par
2332 4791 2367 4831 le
2400 4791 2579 4846 Voyage
2599 4792 2651 4832 de
2674 4793 2847 4847 Sujette
2884 4806 2967 4834 aux

1836 4863 2038 4913 Variétés,
2061 4876 2083 4903 a
2106 4862 2244 4902 donné
2287 4858 2408 4899 l’idée
2447 4860 2470 4899 à
2495 4860 2546 4899 M.
2587 4859 2768 4900 Jalabert
2807 4860 2859 4900 de
2900 4874 2966 4902 re¬

1837 4930 2013 4978 prendre
2035 4934 2140 4969 cette
2162 4928 2295 4979 pièce,
2320 4937 2419 4965 avec
2444 4930 2532 4964 tout
2556 4926 2593 4964 le
2629 4925 2724 4965 luxe
2747 4927 2798 4966 de
2820 4932 2965 4967 costu¬

1837 5006 1926 5035 mes
1946 4998 1986 5034 et
2006 4995 2055 5035 de
2077 4995 2222 5035 décors
2236 4991 2394 5046 qu’elle
2409 4996 2625 5043 comporte
2644 5005 2652 5043 ;
2675 4991 2706 5031 il
2724 4992 2778 5032 l’a
2797 4994 2965 5033 montée

1835 5063 1890 5102 du
1915 5067 2019 5101 reste
2040 5062 2167 5100 d’une
2198 5062 2318 5112 façon
2360 5060 2583 5111 luxueuse,
2610 5059 2963 5112 l'interprétation

1834 5142 1886 5170 en
1907 5133 1968 5169 est
1980 5126 2230 5168 excellente.
2255 5125 2330 5164 Les
2343 5134 2558 5166 amateurs
2574 5127 2748 5168 devront
2767 5139 2808 5168 se
2827 5127 2962 5178 hâter,

1832 5202 1940 5236 cette
1975 5195 2091 5248 pièce
2121 5192 2276 5234 devant
2315 5203 2395 5242 peu
2438 5192 2579 5242 durer,
2622 5206 2691 5234 car
2732 5195 2963 5247 l’éléphant

1832 5262 1984 5314 Gyptis
2003 5275 2027 5302 a
2047 5262 2113 5303 été
2135 5259 2276 5300 vendu
2300 5269 2407 5308 pour
2429 5270 2511 5298 une
2532 5270 2697 5298 somme
2731 5260 2783 5300 de
2816 5262 2961 5311 15,000

1831 5328 1990 5367 francs.

1884 5436 2362 5479 Palais-de-Cristal.
2387 5460 2435 5464 —
2475 5436 2527 5476 Ce
2567 5436 2666 5483 soir,
2699 5438 2960 5488 représenta¬

1832 5503 1918 5542 tion
1942 5502 2270 5542 extraordinaire
2312 5504 2387 5554 qui
2430 5503 2578 5542 n’aura
2612 5515 2686 5554 pas
2726 5504 2775 5543 de
2819 5503 2959 5544 lende¬

1831 5568 1963 5607 main.
2000 5570 2132 5620 Naya,
2179 5567 2219 5607 la
2255 5566 2364 5608 belle
2406 5580 2655 5619 gommeuse
2695 5570 2957 5620 parisienne,

1830 5639 1994 5673 entrera
2015 5635 2119 5674 dans
2143 5634 2179 5672 la
2200 5643 2300 5682 cage
2320 5645 2404 5673 aux
2447 5634 2569 5683 lions,
2611 5632 2702 5674 fera
2744 5635 2961 5675 travailler

1829 5699 1891 5738 les
1910 5698 1971 5738 six
1991 5699 2140 5739 fauves
2177 5704 2217 5739 et
2253 5697 2452 5740 chantera
2485 5711 2536 5738 an
2561 5696 2715 5738 milieu
2737 5699 2862 5739 d’eux
2883 5711 2959 5739 son

1830 5764 1958 5814 grand
1974 5767 2121 5806 succès
2138 5778 2146 5806 :
2167 5780 2183 5802 «
2203 5764 2296 5804 Mon
2319 5763 2522 5815 picador,,
2544 5776 2554 5812 ;
2578 5775 2631 5802 ou
2655 5762 2759 5804 n’est
2776 5775 2847 5815 pas
2863 5764 2959 5814 plus

1828 5839 2100 5878 courageuse.
2142 5831 2198 5870 La
2238 5836 2385 5881 troupe
2438 5829 2622 5882 lyrique,
2663 5828 2866 5870 Bernardi
2918 5835 2958 5871 et

1827 5895 1995 5945 Thalès,
2018 5900 2114 5944 etc.,
2138 5896 2314 5936 viendra
2335 5907 2484 5936 encore
2504 5896 2728 5935 rehausser
2746 5896 2884 5939 l’éclat
2905 5898 2956 5939 de

1827 5966 1932 6002 cette
1955 5960 2300 6011 représentation.
2327 5959 2382 6000 La
2402 5959 2603 6000 brillante
2624 5959 2728 6002 salle
2742 5963 2795 6003 du
2816 5963 2958 6006 Palais

1825 6038 1916 6066 sera
1936 6027 2243 6067 certainement
2264 6027 2535 6067 insuffisante
2557 6038 2664 6076 pour
2699 6031 2896 6070 contenir
2916 6030 2956 6070 le

1824 6091 1987 6142 public.

3248 3179 3467 3222 Vient
3523 3184 3615 3224 cle
3672 3190 3990 3239 paraître

3387 3270 3614 3322 (EDITION
3639 3275 3703 3315 DE
3730 3278 3847 3328 1891)

3053 3357 3597 3503 DICTIONKAIRE
3625 3363 3733 3503 des
3761 3363 4185 3513 COMMUNES

3095 3536 3153 3576 DE
3172 3537 3232 3578 LÀ
3254 3539 3453 3593 FRANCE,
3472 3542 3531 3582 DE
3555 3544 3613 3584 LA
3631 3543 3791 3597 CORSE,
3811 3546 3870 3587 DE
3886 3542 4135 3588 L’ALGÉRIE

3235 3606 3294 3644 DE
3312 3607 3373 3645 LA
3394 3608 3586 3647 TUNISIE
3603 3611 3632 3647 &
3654 3611 3740 3648 DES
3763 3612 3992 3651 COLONIES

3052 3671 3119 3711 Un
3140 3672 3231 3711 fort
3263 3672 3423 3712 volume
3452 3676 3502 3713 de
3527 3675 3618 3714 800
3642 3688 3786 3730 pages,
3820 3679 4070 3731 imprimées
4104 3692 4183 3720 sur

3279 3726 3308 3766 2
3330 3727 3547 3780 colonnes,
3572 3730 3736 3772 reliure
3756 3732 3946 3787 anglaise

3288 3834 3726 3848 .
3785 3817 3813 3849 T
3829 3830 3847 3850 »
3879 3817 4068 3853 francs

3095 3891 3167 3928 Cet
3186 3903 3386 3939 ouvrage,
3411 3894 3556 3942 rédigé
3574 3907 3646 3934 sur
3669 3909 3726 3934 un
3756 3898 3853 3945 plan
3893 3900 4178 3943 entièrement

3047 3951 3258 3988 nouveau,
3298 3943 3485 3983 contient
3519 3951 3612 3984 tous
3654 3947 3713 3986 les
3747 3948 4002 3990 documents
4039 3954 4177 4002 régle¬

3046 3998 3236 4031 mentant
3260 3994 3295 4034 le
3316 3996 3476 4037 service
3498 3998 3571 4038 des
3604 4003 3752 4050 postes,
3788 4001 3862 4043 des
3891 4003 4171 4057 télégraphes,

3044 4043 3116 4084 des
3136 4046 3383 4096 téléphones
3404 4055 3444 4090 et
3464 4051 3536 4092 des
3556 4052 3754 4096 chemins
3775 4055 3826 4097 de
3843 4056 3919 4098 fer.

3098 4099 3131 4138 Il
3152 4100 3330 4154 indique
3359 4103 3420 4143 les
3442 4116 3564 4146 noms
3595 4107 3646 4147 de
3670 4114 3807 4149 toutes
3829 4111 3891 4151 les
3912 4124 4171 4163 communes,

3044 4151 3153 4192 ainsi
3173 4167 3257 4205 que
3278 4167 3383 4195 ceux
3404 4158 3478 4199 des
3498 4160 3687 4200 bureaux
3716 4163 3767 4200 de
3792 4171 3905 4214 poste
3927 4172 3967 4207 et
3992 4167 4044 4208 de
4068 4168 4175 4208 télé¬

3043 4207 3203 4255 graphe
3223 4208 3298 4258 qui
3323 4208 3381 4247 les
3397 4211 3655 4262 desservent,
3691 4214 3754 4254 les
3772 4215 3984 4260 distances
4016 4222 4175 4271 légales

3043 4262 3083 4295 et
3117 4259 3152 4296 le
3183 4259 3335 4298 chiffre
3370 4260 3420 4299 de
3459 4263 3497 4301 la
3536 4264 3802 4314 population.
3843 4271 3902 4308 On
3925 4284 3953 4320 y
3987 4285 4011 4311 a
4031 4275 4174 4324 ajouté

3046 4314 3179 4349 toutes
3202 4310 3266 4350 les
3284 4324 3413 4362 gares
3442 4323 3637 4355 ouvertes
3668 4329 3722 4355 au
3754 4320 3914 4360 service
3947 4323 4019 4362 des
4052 4328 4173 4366 colis

3043 4374 3263 4413 postaux,
3304 4377 3404 4406 avec
3440 4368 3632 4408 mention
3672 4370 3839 4423 lorsque
3879 4385 3950 4415 ces
3987 4375 4176 4416 derniers

3043 4422 3136 4455 sont
3155 4415 3360 4458 livrables
3378 4431 3428 4458 en
3450 4432 3548 4471 gare
3571 4435 3622 4462 ou
3644 4424 3667 4462 à
3686 4423 3906 4470 domicile.

3096 4470 3155 4509 Oii
3176 4483 3206 4522 y
3228 4475 3423 4514 trouvera
3443 4475 3558 4516 aussi
3592 4483 3686 4519 tous
3718 4479 3778 4522 les
3808 4484 4175 4536 renseignements

3045 4523 3299 4565 nécessaires
3312 4538 3386 4566 sur
3402 4527 3438 4567 le
3455 4532 3640 4575 service
3656 4536 3740 4577 des
3756 4548 4172 4594 recouvrements,

3042 4580 3123 4618 soit
3151 4591 3202 4619 en
3225 4579 3393 4632 France,
3416 4584 3498 4626 soit
3518 4586 3624 4628 dans
3646 4588 3704 4630 les
3727 4603 3832 4644 pays
3851 4595 4069 4646 étrangers

3094 4634 3163 4675 Cet
3184 4648 3366 4688 ouvrage
3386 4646 3445 4679 est
3474 4640 3791 4695 indispensable
3825 4660 3879 4688 au
3915 4660 4171 4699 commerce,

3042 4687 3064 4726 à
3086 4687 3324 4732 l’industrie
3346 4699 3386 4732 et
3405 4705 3487 4735 aux
3507 4697 3891 4742 administrations.

3228 4783 3430 4823 PRIME
3460 4787 3502 4826 A
3535 4788 3654 4828 NOS
3684 4784 3983 4834 ABONNÉS

3093 4859 3171 4898 Par
3202 4859 3312 4900 suite
3344 4860 3446 4902 d’un
3480 4873 3778 4916 arrangement
3811 4882 3911 4914 avec
3955 4872 4167 4925 l’éditeur,

3040 4922 3148 4952 nous
3167 4924 3353 4956 sommes
3371 4918 3394 4956 à
3420 4920 3559 4960 même
3593 4922 3643 4962 de
3664 4922 3835 4966 fournir
3853 4934 3919 4968 cet
3939 4940 4126 4977 ouvrage
4148 4931 4172 4965 à

3041 4976 3115 5006 nos
3159 4967 3347 5012 abonnés
3393 4983 3444 5012 en
3484 4972 3544 5015 les
3579 4975 3736 5019 faisant
3771 4980 4002 5023 bénéficier
4041 4982 4171 5019 d’une

3039 5020 3191 5064 remise
3214 5026 3549 5078 exceptionnelle
3570 5031 3620 5072 de
3642 5034 3704 5075 20
3727 5046 3771 5086 p.
3800 5038 3908 5077 100.

3090 5076 3206 5119 Nous
3224 5079 3426 5131 adresser,
3448 5083 3554 5124 dans
3573 5096 3619 5126 ce
3641 5099 3726 5139 cas,
3763 5099 3820 5127 un
3856 5086 4171 5139 mandat-poste

3038 5129 3087 5171 de
3110 5132 3171 5174 20
3195 5132 3252 5175 fr.
3278 5146 3331 5174 au
3354 5147 3455 5176 nom
3478 5139 3528 5179 de
3550 5140 3719 5182 Bonal.

3232 5317 3317 5385 A
3378 5317 3961 5393 VENDRE

3034 5414 3338 5473 Une
3398 5429 4166 5492 campagne

3284 5521 3330 5583 A
3384 5523 3920 5588 SAINT-MARCEL

3137 5614 3432 5659 Ancienne
3483 5620 3732 5670 fabrique
3784 5616 3851 5658 de
3905 5621 4064 5667 tuiles

3339 5707 3445 5747 JOLI
3479 5703 3631 5745 POINT
3659 5703 3725 5742 DE
3755 5703 3855 5746 VUE

3034 5783 3234 5826 Tués
3283 5788 3331 5824 k>
3343 5799 3382 5825 o
3395 5798 3440 5822 ra
3490 5794 3698 5832 pour*
3752 5782 3773 5823 1
3786 5798 3824 5827 a
3879 5792 4167 5832 chasse

3127 5864 3535 5915 CONTENANCE
3571 5867 3578 5910 :
3616 5867 3783 5919 2-500
3816 5866 4063 5919 MÈTRES

3032 5951 3136 6003 Près
3160 5951 3198 5999 le
3222 5946 3408 5997 château
3433 5943 3483 5999 de
3510 5946 3563 6000 M.
3594 5947 3630 6003 le
3661 5956 3850 6022 marquis
3891 5955 3940 6004 de
3975 5951 4167 6007 Coriolis

3670 6090 3719 6119 Le
3740 6086 3877 6126 gérant
3898 6096 3908 6118 :
3933 6087 4078 6124 Bonal.

3028 6179 3140 6223 Impr.
3159 6182 3318 6224 spéciale
3344 6187 3392 6220 du
3411 6188 3505 6222 Lien
3536 6190 3590 6220 du
3610 6186 3794 6228 Mariage,
3809 6188 3928 6232 11,rue
3944 6191 3989 6227 de
4006 6194 4041 6227 la
4054 6194 4162 6226 Paix.
