4720 7064
1914 463 1995 510 LE
2032 463 2186 511 LIEN
2219 463 2308 509 DU
2346 459 2643 509 MARIAGE

552 636 643 675 458.
667 658 716 663 —
739 635 892 684 Veuve,
930 638 978 676 50
1010 649 1099 683 ans,
1123 636 1220 676 bien
1243 634 1402 683 élevée,
1427 635 1632 675 touchant

497 689 596 728 bien
619 688 673 726 du
700 687 840 739 piano,
878 690 977 730 bien
1015 690 1256 736 conservée,
1279 695 1411 739 ayant
1436 691 1554 735 1,100
1578 690 1630 730 fr.

496 742 547 779 de
590 741 780 791 pension,
822 743 1063 794 épouserait
1112 741 1323 782 Monsieur
1363 754 1416 783 en
1464 750 1634 794 rapport

495 792 630 844 d’àge,
654 797 825 836 retraité
846 810 899 836 ou
922 794 1096 836 rentier.

548 883 642 926 459.
666 908 714 915 —
739 883 1005 931 Demoiselle,
1027 883 1078 923 26
1099 896 1190 931 ans,
1210 886 1330 936 jolie,
1350 885 1446 925 bien
1470 884 1629 933 élevée,

495 938 643 984 20.000
666 938 715 978 fr.
759 939 810 978 de
850 939 920 975 dot
950 942 990 976 et
1022 942 1286 990 espérances,
1310 939 1550 989 épouserait
1572 947 1631 976 un

496 999 787 1043 commerçant
810 990 908 1030 bien
930 991 1079 1031 établi.

550 1079 628 1120 460
668 1101 716 1108 —
736 1078 1006 1128 Demoiselle,
1043 1082 1091 1122 20
1114 1092 1204 1127 ans,
1234 1079 1330 1119 bien
1356 1078 1517 1125 élevée,
1543 1078 1633 1116 for¬

496 1138 600 1172 tune
626 1131 791 1178 100,000
811 1132 860 1173 fr.
886 1139 926 1174 et
947 1134 1079 1174 belles
1098 1135 1362 1183 espérances,
1386 1131 1632 1182 épouserait

496 1185 823 1235 fonctionnaire,
867 1188 1044 1235 notaire,
1093 1186 1243 1234 avoué,
1286 1196 1340 1223 ou
1366 1190 1456 1224 tout
1510 1191 1631 1224 autre

496 1249 706 1290 personne
746 1239 843 1280 bien
878 1240 1022 1280 élevée
1060 1238 1160 1277 dont
1194 1238 1232 1278 la
1271 1238 1474 1278 situation
1506 1239 1634 1278 serait

495 1291 597 1331 bien
618 1292 774 1333 établie
794 1300 832 1334 et
854 1305 906 1332 en
928 1298 1095 1342 rapport
1116 1292 1250 1343 d'âge.

548 1384 640 1427 462.
667 1410 716 1416 —
736 1384 1007 1430 Demoiselle,
1031 1385 1081 1424 24
1102 1397 1194 1435 ans,
1218 1386 1391 1426 fortune
1414 1387 1534 1435 3,000
1556 1388 1627 1430 fr.,

495 1439 604 1480 beau
646 1447 877 1482 trousseau,
907 1439 1055 1479 avenir
1075 1439 1125 1479 de
1146 1451 1211 1479 ses
1238 1450 1422 1492 parents,
1445 1444 1628 1492 épouse¬

496 1494 575 1532 rait
599 1505 752 1546 garçon
775 1494 825 1532 de
846 1492 938 1532 café
958 1505 1012 1532 ou
1035 1494 1141 1543 petit
1163 1494 1334 1534 rentier.

548 1582 626 1623 464
643 1580 710 1622 bis
715 1605 780 1622 .—
799 1582 956 1632 Veuve,
979 1583 1080 1632 âgée
1102 1583 1151 1623 de
1172 1583 1222 1623 47
1244 1595 1334 1634 ans,
1352 1583 1451 1624 bien
1472 1584 1628 1631 élevée,

496 1637 719 1686 possédant
764 1636 930 1687 120,000
974 1636 1024 1678 fr.
1064 1649 1116 1677 en
1158 1638 1344 1686 valeurs,
1387 1635 1632 1689 épouserait

496 1690 711 1727 Monsieur
749 1702 803 1730 ou
844 1690 1003 1731 rentier
1042 1697 1171 1740 ayant
1192 1691 1313 1739 3,000
1335 1690 1388 1730 fr.
1412 1692 1463 1730 de
1487 1696 1633 1730 rentes

497 1751 552 1778 au
574 1752 717 1782 moins
735 1749 776 1782 et
798 1755 848 1783 en
873 1746 1043 1792 rapport
1062 1743 1089 1780 d
1105 1746 1195 1790 âge.

550 1834 642 1875 465.
670 1858 712 1866 —
738 1835 894 1883 Veuve,
927 1838 1028 1882 âgée
1068 1833 1119 1871 de
1159 1832 1208 1871 38
1247 1846 1338 1881 ans,
1379 1835 1491 1874 belle
1536 1846 1629 1882 per¬

495 1898 642 1936 sonne,
664 1888 762 1927 bien
803 1887 962 1930 elevée,
990 1884 1162 1923 fortune
1186 1888 1375 1934 présente
1404 1887 1552 1934 30,0u0
1576 1886 1626 1924 fr.

496 1946 536 1979 et
556 1942 818 1987 espérances,
840 1935 1080 1984 épouserait
1116 1938 1326 1975 Monsieur
1364 1947 1417 1975 en
1459 1943 1631 1987 rapport

496 1991 629 2038 d’âge,
652 1994 783 2038 ayant
803 1988 935 2039 avoir,
959 1990 1163 2040 employé
1184 2002 1237 2028 ou
1260 1988 1432 2030 rentier.

547 2076 639 2116 468.
675 2099 724 2106 —
764 2079 1035 2128 Demoiselle,
1058 2079 1107 2119 23
1129 2091 1219 2127 ans,
1257 2079 1353 2119 bien
1376 2080 1534 2130 élevée,
1578 2080 1629 2120 de

495 2130 634 2171 bonne
649 2131 831 2180 famille,
844 2134 1015 2171 fortune
1032 2134 1298 2182 personnelle
1318 2134 1463 2182 22,000
1485 2134 1559 2180 fr.,
1578 2136 1629 2172 de

494 2196 560 2226 ses
595 2194 763 2236 parents
804 2186 975 2234 100,000
1016 2187 1083 2234 fr.,
1124 2184 1367 2235 épouserait
1415 2184 1630 2224 Monsieur

498 2239 596 2279 bien
618 2239 752 2286 élevé,
794 2246 923 2288 ayant
946 2240 1084 2276 bonne
1110 2236 1291 2286 position
1330 2248 1382 2275 ou
1407 2238 1626 2287 employé,

497 2303 550 2331 en
572 2296 744 2340 rapport
764 2290 900 2339 d’âge.

547 2376 639 2416 469.
670 2399 712 2404 —
755 2375 1023 2426 Demoiselle,
1047 2377 1099 2416 28
1118 2388 1209 2426 ans,
1235 2378 1319 2418 très
1343 2378 1444 2419 bien
1466 2378 1625 2428 élevée,

496 2430 667 2469 fortune
706 2430 854 2479 90,000
903 2431 972 2478 fr.,
1018 2430 1262 2481 épouserait
1316 2438 1627 2483 commerçant,

498 2488 630 2534 ayant
654 2484 762 2524 belle
783 2486 990 2524 situation
1022 2495 1079 2524 ou
1118 2486 1319 2536 employé
1340 2488 1390 2523 de
1412 2486 1551 2534 l’Etat,
1576 2495 1630 2523 en

498 2544 668 2588 rapport
690 2539 824 2587 d’âge.

550 2627 642 2666 475.
672 2648 714 2654 —
754 2626 1023 2676 Demoiselle,
1055 2627 1103 2667 27
1144 2639 1234 2675 ans,
1274 2626 1515 2679 orpheline,
1556 2626 1628 2665 dot

497 2679 644 2728 70.000
680 2678 751 2730 fr.,
793 2682 893 2720 bien
935 2682 1094 2728 élevée,
1135 2680 1376 2730 épouserait
1414 2679 1627 2720 Monsieur

495 2740 627 2786 ayant
648 2735 831 2786 position
854 2741 895 2773 et
915 2746 967 2772 en
990 2742 1158 2784 rapport
1179 2734 1298 2784 d’âge
1320 2741 1359 2774 et
1381 2734 1558 2775 d’avoir,

548 2824 640 2864 477.
660 2846 699 2851 —
723 2823 994 2873 Demoiselle,
1016 2823 1066 2863 58
1087 2836 1178 2872 ans,
1205 2824 1378 2864 fortune
1406 2826 1547 2873 12,000
1574 2824 1626 2863 fr.

495 2878 766 2926 obligations,
808 2878 1048 2928 épouserait
1087 2878 1306 2930 employé,
1360 2879 1532 2928 rentier,
1575 2890 1627 2918 en

495 2936 664 2980 rapport
686 2930 822 2980 d’àge.

548 3018 640 3059 479.
666 3040 715 3048 —
737 3019 894 3068 Veuve,
936 3023 1036 3068 âgée
1074 3019 1125 3060 de
1163 3021 1214 3060 46
1251 3031 1338 3066 ans,
1374 3026 1508 3072 ayant
1544 3034 1629 3060 une

495 3072 731 3123 profession
755 3076 834 3112 très
859 3073 1063 3112 lucrative
1086 3082 1126 3112 et
1150 3074 1256 3112 belle
1278 3074 1491 3123 clientèle,
1526 3076 1627 3115 éco¬

495 3126 663 3163 nomies
702 3125 843 3169 14,000
871 3126 940 3174 fr.,
980 3127 1090 3165 beau
1131 3127 1346 3176 mobilier,
1386 3128 1627 3179 épouserait

496 3178 698 3226 employé
719 3188 774 3215 ou
796 3176 967 3216 rentier.

548 3264 639 3305 482.
663 3288 712 3294 —
751 3263 910 3312 Veuve,
932 3278 1030 3306 sans
1051 3268 1234 3319 enfants,
1259 3273 1359 3319 âgée
1382 3271 1432 3312 de
1455 3272 1504 3311 47
1535 3286 1627 3323 ans,

496 3319 668 3361 fortune
703 3320 848 3371 80,ÜJÛ
884 3322 933 3362 fr.
971 3333 1023 3360 en
1062 3321 1340 3372 immeubles,
1385 3326 1631 3376 épouserait

495 3375 710 3415 Monsieur
730 3388 782 3415 en
804 3382 970 3428 rapport
991 3376 1110 3430 d’àge
1132 3384 1171 3419 et
1191 3378 1366 3421 d’avoir.

550 3462 623 3499 484
646 3462 728 3502 bis.
758 3486 802 3492 —
830 3466 1100 3516 Demoiselle,
1133 3470 1295 3508 femme
1325 3471 1376 3511 de
1406 3473 1630 3526 chambre,

495 3512 544 3551 28
566 3523 656 3560 ans,
679 3520 808 3564 ayant
831 3518 951 3562 7,000
970 3518 1020 3555 fr.
1056 3519 1359 3567 d'économies,
1383 3524 1631 3571 épouserait

495 3567 599 3619 petit
620 3567 820 3620 employé
842 3580 896 3608 ou
919 3568 1104 3622 ouvrier,
1139 3582 1296 3626 garçon
1318 3571 1368 3612 de
1390 3576 1502 3626 café,
1526 3587 1630 3616 avec

498 3622 632 3663 avoir.

548 3714 640 3752 485.
668 3735 712 3740 —
736 3714 893 3763 Veuve,
934 3727 1031 3755 sans
1051 3719 1234 3764 enfants,
1270 3723 1370 3768 âgée
1390 3722 1439 3761 de
1464 3724 1514 3763 60
1535 3738 1626 3774 ans,

496 3764 667 3803 fortune
702 3764 823 3814 4,500
860 3767 928 3814 fr.,
952 3768 1191 3818 épouserait
1228 3779 1328 3822 petit
1374 3776 1532 3815 rentier
1572 3790 1627 3817 on

499 3818 712 3858 Monsieur
732 3831 784 3859 en
807 3827 975 3874 rapport
995 3823 1022 3862 d
1040 3826 1131 3876 âge,
1154 3838 1254 3867 avec
1279 3827 1476 3878 position.

550 3910 640 3951 489.
662 3934 711 3939 —
732 3911 1002 3963 Demoiselle,
1043 3926 1140 3956 sans
1179 3916 1364 3965 fortune,
1399 3922 1510 3962 belle
1535 3935 1635 3975 per¬

504 3976 651 4014 sonne,
703 3967 842 4007 bonne
882 3969 1168 4019 travailleuse,
1220 3976 1320 4020 âgée
1362 3974 1415 4015 de
1458 3977 1508 4015 35
1542 3990 1632 4026 ans,

503 4020 742 4069 épouserait
764 4032 822 4059 un
844 4022 927 4058 bon
947 4021 1133 4071 ouvrier,
1159 4024 1378 4063 laborieux
1399 4032 1438 4065 et
1459 4040 1572 4076 sage.

557 4100 647 4139 495.
670 4123 715 4128 —
739 4100 1008 4148 Demoiselle,
1035 4099 1080 4141 19
1119 4114 1208 4150 ans,
1242 4103 1342 4142 bien
1381 4107 1539 4156 élevée,
1564 4111 1635 4151 dot

495 4154 643 4202 80.000
663 4152 730 4199 fr.,
755 4152 1003 4202 espérances
1023 4154 1074 4192 de
1092 4166 1158 4194 ses
1174 4163 1343 4206 parents
1364 4158 1538 4210 300,000
1558 4164 1632 4213 fr.,

496 4206 736 4252 épouserait
770 4204 970 4258 employé
991 4207 1040 4247 de
1067 4207 1184 4248 l’Etat
1204 4216 1336 4262 ayant
1360 4212 1468 4254 belle
1490 4215 1633 4255 situa¬

499 4258 602 4307 tion,
623 4270 678 4298 ou
715 4259 928 4302 Monsieur
947 4267 1078 4312 ayant
1106 4263 1274 4314 150,000
1294 4264 1363 4316 fr.,
1384 4279 1436 4307 en
1459 4276 1632 4322 rapport

499 4310 631 4362 d’àge.

550 4402 641 4442 496.
658 4424 707 4431 —
729 4403 997 4452 Demoiselle,
1036 4406 1086 4447 25
1126 4420 1215 4458 ans,
1258 4410 1498 4462 orpheline,
1530 4415 1631 4455 bien

496 4452 656 4500 élevée,
702 4455 772 4493 dot
815 4456 990 4495 200.000
1042 4459 1112 4510 fr.,
1163 4463 1402 4514 épouserait
1447 4468 1628 4518 notaire,

498 4507 648 4554 avoué,
674 4512 822 4548 avocat
858 4508 1074 4559 distingué
1111 4528 1163 4552 ou
1208 4519 1422 4568 employé,
1451 4522 1551 4560 chef
1579 4523 1631 4562 de

498 4558 657 4599 service
678 4560 806 4600 d’une
827 4562 1168 4604 administration
1191 4567 1242 4606 de
1267 4570 1403 4611 l’Etat,

551 4649 642 4690 497.
668 4674 711 4679 —
750 4651 1019 4699 Demoiselle,
1050 4656 1150 4705 âgée
1170 4656 1219 4694 de
1240 4655 1290 4696 28
1311 4670 1401 4707 ans,
1423 4659 1566 4709 pieuse
1590 4667 1631 4702 et

496 4703 747 4755 charitable,
778 4714 908 4760 ayant
954 4706 1166 4756 1,100,000
1190 4710 1239 4750 fr.
1262 4711 1312 4751 de
1335 4711 1419 4763 dot,
1444 4715 1630 4766 épouse¬

498 4758 579 4794 rait
612 4759 842 4811 Monsieur,
862 4760 1046 4811 sérieux,
1068 4763 1135 4804 bel
1164 4764 1355 4814 homme,
1383 4767 1630 4818 honorable,

500 4806 599 4845 bien
619 4810 752 4860 élevé,
775 4823 906 4864 ayant
946 4828 1000 4855 au
1028 4819 1170 4859 moins
1192 4820 1366 4868 300,000
1391 4822 1443 4863 fr.
1468 4824 1518 4863 de
1539 4823 1631 4863 for¬

502 4863 619 4899 tune.

550 4952 641 4992 498.
660 4974 710 4980 —
731 4951 999 5003 Demoiselle,
1031 4959 1075 4996 21
1120 4972 1210 5008 ans,
1254 4963 1365 5003 belle
1406 4979 1631 5019 personne,

496 5006 595 5047 bien
619 5006 775 5058 élevée,
799 5007 863 5046 dot
890 5008 1038 5055 80,000
1063 5011 1131 5060 fr.,
1155 5014 1395 5064 épouserait
1419 5020 1634 5062 Monsieur

498 5072 550 5098 en
573 5068 740 5112 rapport
762 5063 880 5114 d’àge
902 5068 942 5102 et
962 5062 1140 5107 d’avoir.

552 5151 627 5190 499
664 5178 714 5184 —
756 5159 1022 5208 Demoiselle,
1063 5158 1108 5199 21
1135 5172 1226 5210 ans,
1250 5163 1350 5202 bien
1371 5166 1534 5216 élevée,
1560 5168 1632 5207 dot

504 5203 672 5252 100.000
712 5209 762 5249 fr.
794 5220 834 5251 et
871 5215 1051 5264 grandes
1088 5216 1348 5267 espérances,
1391 5219 1635 5271 épouserait

498 5259 712 5300 Monsieur
730 5262 913 5315 élégant,
934 5282 987 5307 en
1008 5278 1180 5322 rapport
1199 5271 1319 5322 d’âge
1340 5278 1381 5312 et
1400 5275 1575 5315 d’avoir.

554 5358 643 5398 500.
668 5379 714 5386 —
756 5357 1024 5408 Demoiselle,
1060 5365 1111 5404 22
1139 5379 1229 5418 ans,
1255 5368 1351 5408 bien
1376 5369 1538 5422 élevée,
1563 5374 1635 5414 dot

499 5411 674 5459 200.000
711 5411 762 5453 fr.
798 5412 1046 5463 espérances
1075 5419 1250 5462 200.000
1287 5423 1356 5473 fr,,
1391 5425 1636 5475 épouserait

500 5465 702 5516 employé
728 5467 779 5508 de
799 5467 919 5507 l’Etat
939 5478 992 5506 ou
1016 5467 1228 5512 Monsieur
1243 5487 1295 5515 en
1319 5484 1487 5524 rapport
1510 5479 1634 5524 d’âge

502 5519 542 5551 et
563 5516 737 5561 d'avoir.

554 5602 644 5643 503.
676 5630 718 5635 —
740 5610 1010 5661 Demoiselle,
1034 5612 1134 5664 âgée
1155 5611 1205 5651 de
1227 5612 1277 5651 24
1298 5626 1390 5665 ans,
1414 5620 1514 5660 bien
1536 5622 1634 5662 éle¬

501 5655 590 5699 vée,
617 5656 775 5710 pieuse,
811 5666 882 5704 dot
903 5667 1023 5712 8,000
1044 5667 1116 5717 fr.,
1138 5667 1377 5718 épouserait
1402 5672 1632 5724 Monsieur,

499 5707 714 5759 employé,
738 5711 788 5752 de
812 5720 1054 5765 préférence
1076 5723 1203 5763 brun.

554 5800 628 5840 505
670 5799 1007 5858 —Demoiselle,
1050 5811 1099 5851 23
1140 5826 1230 5862 ans,
1272 5811 1382 5854 belle
1403 5824 1632 5863 personne,

499 5854 598 5895 bien
620 5854 776 5899 élevée,
800 5856 871 5895 dot
890 5859 964 5899 200
988 5866 1064 5903 000
1081 5866 1400 5919 fr.,épouserait
1419 5866 1635 5907 Monsieur

499 5920 552 5948 en
573 5915 741 5962 rapport
762 5908 880 5960 d’âge
901 5916 942 5950 et
959 5915 1136 5960 d’avoir.

555 5998 644 6039 506.
672 6023 716 6030 —
759 5999 1026 6047 Demoiselle,
1055 6003 1106 6042 22
1147 6019 1236 6054 ans,
1280 6011 1352 6050 dot
1396 6012 1631 6063 ,2,000000,

500 6048 742 6098 épouserait
764 6058 978 6098 Monsieur
990 6066 1042 6095 eu
1062 6067 1234 6108 rapport
1255 6064 1375 6108 d’âge
1398 6072 1436 6107 et
1458 6068 1632 6109 d’avoir,

502 6113 558 6140 ou
582 6102 686 6143 haut
706 6108 1035 6151 fonctionnaire.

1760 639 1851 680 507.
1892 660 1939 666 —
1984 632 2255 679 Demoiselle,
2303 633 2404 683 âgée
2443 630 2494 670 de
2534 630 2582 668 23
2634 641 2726 676 ans,
2767 628 2839 668 dot

1710 692 1879 740 150.000
1902 691 1970 738 fr.,
2012 688 2260 737 espérances
2299 683 2627 731 considérables,
2651 683 2834 732 épouse¬

1705 726 1798 786 rait’
1825 740 2138 784 fonctionnaire
2176 751 2232 778 ou
2273 736 2523 790 dignitaire,
2576 747 2627 775 en
2670 740 2840 786 rapport

1706 799 1840 848 d’àge.

1759 880 1848 919 510.
1882 900 1915 906 —
1943 876 2214 924 Demoiselle,
2258 875 2303 914 21
2343 884 2433 922 ans,
2474 872 2543 912 dot
2579 870 2839 919 12,000,000,

1706 931 1944 984 épouserait
1984 931 2198 972 Monsieur
2236 940 2286 967 en
2331 931 2498 978 rapport
2538 926 2672 974 d’àge,
2707 930 2840 974 ayant

1704 988 1803 1026 titre
1824 984 2050 1024 nobiliaire
2071 991 2110 1024 et
2132 983 2350 1032 3,000,000
2372 980 2422 1019 de
2447 979 2630 1019 fortune.

1760 1070 1851 1110 511.
1871 1092 1922 1098 —
1944 1066 2212 1114 Demoiselle,
2252 1065 2303 1103 22
2343 1075 2432 1111 ans,
2472 1063 2543 1102 dot
2583 1059 2732 1108 50,000
2768 1059 2839 1107 fr.,

1705 1124 1953 1174 espérances
1976 1120 2143 1170 150,000
2166 1119 2234 1166 fr.,
2259 1116 2500 1168 épouserait
2542 1114 2759 1155 Monsieur
2787 1124 2840 1152 en

1705 1184 1875 1228 rapport
1895 1178 2014 1226 d’âge
2035 1181 2074 1215 et
2094 1175 2144 1214 de
2165 1172 2369 1212 situation
2391 1171 2443 1209 de
2465 1170 2650 1208 fortune,

1760 1262 1836 1300 512
1870 1256 2204 1304 —Demoiselle,
2239 1255 2288 1294 27
2312 1265 2400 1301 ans,
2442 1252 2512 1291 dot
2556 1250 2728 1296 100,000
2763 1250 2834 1295 fr.,

1707 1312 1944 1365 épouserait
1967 1311 2180 1351 Monsieur
2199 1320 2251 1348 en
2272 1311 2440 1359 rapport
2479 1306 2530 1344 de
2570 1304 2740 1343 fortune
2782 1315 2835 1343 ou

1707 1367 1908 1418 employé
1929 1366 1979 1404 de
2000 1364 2138 1404 l’Etat.

1759 1450 1835 1488 514
1868 1471 1918 1478 —
1939 1448 2084 1496 Dame,
2117 1444 2259 1492 noble,
2283 1443 2379 1484 bien
2403 1442 2645 1484 conservée,
2671 1440 2720 1480 50
2742 1451 2834 1486 ans,

1706 1512 1858 1551 veuve,
1898 1510 2029 1552 ayant
2067 1500 2187 1548 2,000
2227 1498 2278 1538 fr.
2317 1498 2367 1536 de
2406 1502 2557 1536 rentes,
2592 1492 2838 1543 épouserait

1710 1556 1919 1596 Monsieur
1958 1553 2059 1594 bien
2098 1552 2230 1600 élevé,
2255 1556 2386 1603 ayant
2424 1548 2475 1588 de
2515 1548 2563 1587 50
2607 1548 2630 1586 à
2664 1547 2712 1584 70
2745 1556 2835 1589 ans,

1706 1612 1848 1649 même
1886 1619 1985 1647 avec
2022 1606 2254 1646 infirmités
2292 1610 2331 1644 et
2374 1602 2592 1653 possédant
2631 1599 2682 1638 de
2724 1598 2774 1636 40
2816 1600 2838 1635 à

1707 1663 1854 1711 60.000
1875 1662 1928 1702 fr.
1962 1661 2012 1700 de
2048 1660 2220 1700 fortune
2258 1670 2313 1698 ou
2356 1657 2486 1708 partie
2522 1666 2574 1695 en
2610 1652 2766 1703 capital
2799 1656 2838 1690 et

1707 1716 1839 1767 partie
1860 1728 1912 1754 en
1934 1714 2111 1764 pension
2132 1714 2184 1752 de
2207 1711 2390 1751 retraite.

1760 1792 1848 1831 517.
1885 1814 1935 1820 —
1976 1790 2231 1830 Demoiselle
2269 1794 2400 1839 ayant
2441 1787 2514 1827 des
2555 1786 2671 1824 titres
2712 1783 2838 1824 nobi-

1706 1843 1843 1891 lières,
1879 1844 1979 1892 âgée
2022 1844 2071 1880 de
2110 1843 2159 1880 20
2203 1853 2294 1887 ans,
2344 1839 2583 1891 orpheline,
2626 1838 2840 1886 1,000.000

1704 1895 1756 1933 de
1790 1895 1874 1940 dot,
1915 1894 2158 1943 épouserait
2210 1894 2418 1942 marquis,
2467 1892 2551 1931 doc
2604 1903 2658 1930 ou
2700 1899 2840 1931 comte

1704 1958 1756 1987 en
1780 1952 1950 1998 rapport
1971 1946 2106 1997 d’àge,
2130 1958 2230 1986 avec
2251 1945 2383 1984 avoir.

1759 2031 1850 2071 518.
1887 2054 1916 2059 -
1953 2030 2224 2078 Demoiselle,
2247 2030 2295 2068 21
2337 2040 2427 2079 ans,
2469 2027 2540 2067 dot
2579 2026 2727 2075 20,000
2767 2026 2839 2074 fr.,

1704 2086 1952 2135 espérances
2006 2083 2153 2132 60,000
2211 2084 2283 2132 fr.,
2333 2080 2577 2132 épouserait
2633 2080 2838 2132 employé

1704 2136 2111 2176 d'administration.

1758 2218 1847 2256 519.
1883 2239 1930 2244 —
1970 2215 2239 2265 Demoiselle,
2282 2215 2331 2254 24
2371 2227 2460 2263 ans,
2495 2216 2566 2254 dot
2605 2216 2839 2266 1,000,000,

1703 2268 1942 2321 épouserait
1964 2270 2176 2308 Monsieur
2198 2282 2251 2308 en
2270 2275 2442 2320 rapport
2463 2267 2639 2307 d’avoir.

1758 2354 1847 2394 521.
1872 2376 1923 2382 —
1952 2351 2222 2400 Demoiselle,
2262 2351 2310 2390 27
2352 2363 2442 2401 ans,
2476 2349 2650 2399 200,000
2690 2350 2743 2391 fr.
2787 2351 2839 2390 de

1703 2407 1787 2455 dot,
1847 2407 2086 2455 épouserait
2127 2404 2339 2444 Monsieur
2395 2416 2449 2444 eu
2507 2411 2678 2454 rapport
2719 2404 2838 2454 d'âge

1703 2467 1743 2499 et
1764 2459 1940 2499 d’avoir.

1757 2542 1847 2582 523.
1890 2563 1939 2568 —
1975 2540 2251 2588 Demoiselle,
2303 2540 2354 2579 22
2394 2554 2490 2590 ans,
2530 2542 2619 2582 fille
2654 2543 2834 2594 unique,

1703 2595 1772 2635 dot
1800 2594 2027 2643 1,000.000,
2070 2592 2308 2643 épouserait
2340 2594 2554 2635 Monsieur
2586 2606 2636 2635 en
2670 2604 2838 2647 rapport

1704 2648 1823 2698 d’àge
1843 2654 1976 2699 ayant
1996 2647 2171 2695 400,000
2193 2647 2247 2687 fr.

1756 2731 1847 2772 52-t.
1872 2754 1919 2759 —
1949 2730 2219 2782 Demoiselle,
2259 2730 2309 2770 24
2350 2742 2439 2782 ans,
2480 2731 2550 2770 dot
2589 2731 2738 2781 50,000
2779 2731 2833 2771 fr.

1703 2784 1942 2836 épouserait
1966 2784 2183 2836 employé.

1758 2870 1846 2908 528.
1868 2891 1918 2896 —
1938 2868 2207 2918 Demoiselle,
2243 2867 2294 2907 28
2331 2879 2422 2916 ans,
2446 2867 2516 2908 dot
2552 2868 2724 2910 100.000
2764 2868 2834 2918 fr.,

1703 2923 1951 2973 espérances
1976 2922 2146 2972 100,000
2168 2922 2238 2970 fr.,
2256 2923 2495 2972 épouserait
2514 2934 2570 2962 un
2587 2922 2763 2963 officier.

1755 3012 1847 3051 531.
1867 3034 1916 3039 —
1942 3011 2212 3059 Demoiselle,
2235 3011 2284 3051 23
2323 3023 2413 3060 ans,
2450 3012 2522 3051 dot
2558 3011 2732 3059 200,000
2768 3011 2836 3060 fr.,

1702 3063 1940 3114 épouserait
1982 3065 2291 3105 fonctionnaire
2334 3064 2480 3116 public
2519 3071 2651 3116 ayant
2690 3064 2834 3104 situa¬

1706 3118 1792 3158 tion
1814 3130 1863 3158 en
1890 3125 2075 3170 rapport.

1756 3202 1847 3242 532.
1860 3226 1904 3232 —
1927 3203 2194 3251 Demoiselle,
2218 3203 2266 3243 50
2284 3215 2375 3252 ans,
2400 3203 2567 3243 fortune
2590 3202 2763 3251 600,000
2786 3202 2835 3250 f.,

1704 3255 1944 3306 épouserait
1995 3256 2206 3297 Monsieur
2255 3268 2305 3296 en
2347 3263 2515 3308 rapport
2547 3256 2666 3307 d’àge
2706 3262 2838 3308 ayant

1704 3309 1777 3348 des
1796 3316 2048 3349 sentiments
2071 3311 2152 3350 très
2172 3308 2396 3359 religieux.

1758 3392 1848 3434 533.
1871 3416 1913 3422 —
1936 3392 2206 3442 Demoiselle,
2242 3391 2290 3433 23
2331 3403 2420 3444 ans,
2446 3392 2516 3432 dot
2556 3392 2728 3442 300,000
2764 3392 2835 3440 fr.,

1706 3447 1944 3499 épouserait
1984 3448 2294 3488 fonctionnaire
2335 3459 2387 3488 en
2424 3452 2596 3499 rapport
2636 3448 2755 3499 d’âge
2800 3451 2839 3487 et

1706 3502 1756 3540 de
1776 3503 1996 3541 situation.

1759 3580 1848 3619 534.
1875 3603 1920 3608 —
1952 3581 2111 3627 Veuve,
2147 3583 2196 3620 60
2236 3595 2326 3627 ans,
2359 3592 2491 3632 ayant
2534 3584 2651 3634 1,600
2692 3586 2743 3624 fr.
2788 3584 2839 3624 de

1704 3640 1857 3682 rentes,
1910 3633 2018 3672 beau
2058 3634 2274 3683 mobilier,
2308 3636 2548 3685 épouserait
2585 3639 2744 3676 rentier
2784 3649 2836 3676 en

1706 3691 1876 3739 rapport
1895 3687 2028 3738 d’àge.

1759 3764 1834 3804 537
1874 3764 1958 3807 bis.
2006 3788 2056 3796 —
2112 3763 2382 3815 Demoiselle,
2435 3767 2486 3806 20
2535 3779 2626 3816 ans,
2678 3767 2750 3807 dot
2786 3768 2836 3808 de

1707 3818 1880 3868 200.000
1904 3819 1971 3867 fr.,
1994 3822 2232 3870 épouserait
2255 3818 2490 3871 magistrat,

1760 3902 1851 3943 540.
1861 3926 1907 3931 —
1929 3903 2059 3942 Dune
2079 3904 2276 3944 divorcée
2315 3917 2368 3945 en
2402 3917 2447 3946 sa
2478 3904 2641 3952 faveur,
2674 3905 2720 3945 30
2744 3916 2836 3955 ans,

1710 3957 1779 3996 dot
1823 3958 1991 4004 100,000
2032 3956 2107 4006 fr.,
2148 3959 2388 4008 épouserait
2439 3967 2728 4014 commerçant
2788 3972 2839 4000 en

1709 4018 1878 4062 rapport
1897 4012 1923 4050 d
1939 4014 2014 4060 âge
2030 4018 2070 4051 et
2090 4012 2142 4051 de
2162 4012 2383 4055 situation.

1762 4091 1852 4131 541.
1880 4115 1926 4119 —
1968 4092 2124 4139 Veuve,
2163 4096 2264 4142 âgée
2302 4099 2352 4134 de
2392 4095 2441 4133 54
2481 4107 2571 4143 ans,
2611 4098 2842 4144 possédant

1708 4142 1856 4187 20.000
1896 4143 1946 4182 fi*,
1988 4155 2040 4183 en
2080 4146 2342 4186 immeubles
2383 4147 2476 4194 plus
2536 4159 2619 4184 une
2660 4150 2843 4197 pension

1708 4194 1759 4232 de
1795 4194 1872 4234 400
1911 4195 1947 4232 fr
1970 4226 1978 4243 ,
2027 4196 2270 4247 épouserait
2311 4198 2412 4248 petit
2454 4204 2610 4238 rentier
2649 4206 2844 4250 pouvant

1710 4246 1897 4298 disposer
1918 4247 1967 4286 de
1987 4248 2106 4296 5,000
2128 4250 2183 4288 fr.

1759 4331 1849 4372 542.
1873 4352 1922 4359 —
1952 4331 2219 4383 Demoiselle,
2266 4334 2309 4374 19
2346 4346 2435 4388 ans,
2478 4336 2549 4378 dot
2594 4336 2742 4387 12,000
2766 4338 2840 4388 fr.,

1706 4386 1945 4436 épouserait
1966 4387 2048 4427 bon
2071 4387 2291 4440 employé.

1760 4468 1851 4511 544,
1890 4494 1939 4499 —
1986 4470 2150 4522 Veuve,
2192 4472 2242 4512 48
2280 4486 2370 4523 ans,
2407 4480 2538 4527 ayant
2580 4488 2638 4515 un
2680 4490 2843 4517 revenu

1706 4523 1866 4562 annuel
1912 4524 1963 4563 de
2003 4524 2122 4572 6,000
2162 4527 2212 4566 fr.
2254 4539 2306 4564 en
2348 4530 2627 4575 immeubles,
2687 4531 2840 4571 désire

1710 4575 1919 4614 Monsieur
1959 4578 2054 4615 bien
2094 4578 2213 4616 élevé
2253 4580 2351 4628 plus
2378 4582 2454 4628 âgé
2488 4581 2663 4632 quelle,
2705 4591 2846 4636 ayant

1707 4626 1877 4666 fortune
1898 4628 2184 4679 équivalente,
2208 4630 2259 4670 de
2283 4632 2528 4683 préférence
2548 4634 2719 4679 décoré.

1779 4841 2183 4950 DEMANDES
2251 4846 2347 4954 EN
2399 4843 2775 4952 MARIAGES

1967 5052 2246 5108 GARÇONS
2283 5052 2350 5095 ET
2382 5054 2575 5100 VEUFS

1763 5199 1838 5239 374
1878 5224 1927 5230 —
1948 5202 2052 5243 Chef
2092 5204 2142 5244 de
2179 5206 2380 5258 musique
2404 5206 2588 5254 retraité,
2615 5204 2731 5254 veuf,
2755 5216 2841 5244 une

1710 5255 1839 5306 petite
1876 5255 1981 5306 fille,
2022 5257 2159 5299 désire
2198 5263 2380 5311 épouser
2413 5262 2537 5298 dame
2563 5270 2712 5308 veuve,
2744 5271 2842 5299 sans

1710 5310 1892 5360 enfants,
1916 5314 2015 5360 âgée
2037 5314 2087 5352 de
2107 5314 2156 5352 40
2178 5326 2267 5362 ans,
2288 5318 2418 5363 ayant
2440 5311 2583 5359 18,000
2606 5310 2658 5351 fr.

1764 5395 1854 5435 375.
1879 5418 1927 5423 —
1958 5395 2018 5434 Un
2042 5396 2156 5443 veuf,
2176 5406 2272 5434 sans
2290 5395 2474 5446 fortune,
2507 5398 2583 5446 âgé
2604 5396 2654 5435 de
2677 5398 2726 5438 55
2748 5410 2839 5447 ans,

1711 5448 1850 5497 noble,
1891 5447 2027 5487 désire
2066 5450 2242 5498 épouser
2275 5459 2410 5490 veuve
2446 5463 2498 5490 en
2532 5456 2702 5499 rapport
2720 5451 2842 5501 d’âge

1710 5511 1811 5540 avec
1833 5500 1966 5539 avoir.

1763 5584 1855 5624 380.
1878 5607 1928 5614 —
1949 5583 2071 5636 Veuf,
2095 5586 2145 5626 50
2166 5596 2255 5632 ans,
2278 5592 2427 5636 quatre
2447 5586 2631 5634 enfants,
2655 5588 2841 5639 épouse¬

1711 5639 1790 5677 rait
1811 5639 2059 5679 demoiselle
2097 5652 2149 5679 ou
2193 5651 2323 5678 veuve
2358 5646 2488 5693 ayant
2521 5640 2668 5686 90,000
2703 5643 2752 5683 fr.
2790 5643 2842 5682 de

1710 5690 1895 5742 fortune,
1941 5692 1972 5731 il
2014 5692 2182 5744 possède
2222 5691 2454 5734 lui-même
2491 5692 2662 5743 130,000
2698 5695 2748 5736 fr.
2790 5707 2842 5735 en

1712 5746 1944 5796 propriétés
1967 5758 2020 5786 ou
2044 5745 2226 5786 valeurs.

1738 5828 1827 5868 395.
1853 5850 1903 5856 —
1923 5827 2084 5882 Garçon
2120 5827 2294 5876 d’hôtel,
2331 5830 2407 5877 âgé
2427 5828 2476 5867 de
2516 5830 2564 5867 26
2590 5841 2680 5879 ans,
2714 5830 2840 5883 quel¬

1708 5890 1815 5928 ques
1834 5882 2092 5929 économies,
2120 5882 2258 5922 désire
2279 5882 2458 5932 épouser
2479 5882 2620 5922 bonne
2640 5884 2839 5924 ouvrière

1708 5942 1760 5968 ou
1784 5939 1916 5982 ayant
1939 5936 2135 5984 position.

1762 6011 1852 6052 400.
1874 6035 1923 6042 —
1946 6015 2070 6066 Veuf,
2100 6030 2196 6058 sans
2228 6018 2408 6066 enfants,
2432 6016 2480 6056 63
2504 6031 2596 6070 ans,
2618 6018 2836 6067 jardinier,

1709 6072 1839 6120 ayant
1870 6066 1944 6106 600
1972 6069 2024 6108 fr.
2062 6072 2111 6111 de
2146 6071 2335 6122 pension,
2370 6079 2555 6120 gagnant
2596 6072 2643 6112 80
2678 6073 2728 6112 fr.
2769 6083 2840 6122 par

1712 6123 1833 6171 mois,
1855 6120 2095 6171 épouserait
2107 6136 2256 6174 veuve,
2280 6123 2328 6163 50
2344 6135 2435 6174 ans,
2458 6138 2558 6166 avec
2579 6126 2682 6176 petit
2703 6126 2836 6164 avoir.

2967 626 3130 667 419.—
3170 625 3383 665 Monsieur
3415 627 3599 675 divorcé,
3635 629 3746 667 mais
3767 626 3804 666 le
3826 626 4050 678 jugement

2915 690 2966 719 en
2989 691 3033 719 sa
3055 680 3219 727 faveur,
3255 680 3331 730 âgé
3364 679 3415 718 de
3436 679 3487 719 42
3510 691 3599 728 ans,
3623 686 3754 732 ayant
3778 692 3860 719 une
3883 682 4052 720 maison

2915 733 2966 772 de
3005 744 3246 773 commerce
3288 734 3498 783 prospère,
3540 735 3782 783 épouserait
3822 746 3956 773 veuve
3995 747 4051 774 ou

2914 786 3163 826 demoiselle
3183 791 3315 836 ayant
3339 786 3388 824 18
3406 790 3431 824 à
3452 787 3601 835 20,000
3623 787 3677 828 fr.

2968 872 3059 915 422.
3084 898 3134 903 —
3156 873 3368 914 Monsieur
3406 874 3670 919 célibataire,
3707 876 3783 924 âgé
3816 875 3866 915 de
3888 875 3937 914 56
3959 887 4049 924 ans,

2915 935 3047 978 ayant
3072 940 3152 967 une
3167 928 3342 979 pension
3356 927 3406 966 de
3428 934 3598 966 retraite
3615 928 3664 967 de
3683 929 3802 975 2,000
3826 930 3894 975 fr.,
3918 930 4054 979 épou¬

2915 980 3043 1020 serait
3079 994 3231 1031 veuve,
3270 991 3364 1020 sans
3402 980 3583 1027 enfants,
3625 992 3726 1020 avec
3751 982 3898 1030 30,000
3923 982 3974 1022 fr.
3998 996 4052 1023 ou

2916 1045 3001 1073 une
3023 1046 3198 1085 pension
3219 1034 3337 1083 égale
3352 1036 3375 1073 à
3398 1035 3434 1072 la
3454 1035 3618 1083 sienne,
3640 1035 3748 1075 mais
3788 1038 3886 1075 bien
3907 1035 4053 1076 élevée

2916 1093 2956 1125 et
2975 1088 3027 1127 de
3050 1087 3263 1127 manières
3282 1088 3562 1137 distinguées.

2968 1180 3060 1221 424.
3091 1204 3128 1210 —
3154 1180 3422 1228 Célibataire,
3466 1182 3514 1220 33
3538 1192 3626 1229 ans,
3662 1181 3762 1221 bien
3784 1182 3919 1231 élevé,
3946 1183 4053 1223 beau

2915 1243 3087 1286 garçon,
3108 1234 3330 1283 possédant
3344 1235 3491 1283 90,000
3515 1234 3567 1274 fr.
3586 1235 3635 1274 de
3654 1235 3898 1285 propriétés,
3924 1235 4056 1276 libres

2912 1287 2963 1324 de
2986 1294 3098 1326 toute
3122 1287 3418 1338 hypothèque,
3444 1289 3582 1328 désire
3606 1290 3784 1338 épouser
3802 1287 4054 1328 demoiselle

2915 1339 3012 1379 bien
3032 1339 3191 1390 élevée,
3212 1347 3346 1392 ayant
3366 1352 3420 1380 au
3447 1342 3585 1380 moins
3606 1342 3754 1390 50,000
3776 1340 3832 1384 fr,
3874 1343 3926 1380 de
3965 1342 4051 1383 dot,

2966 1427 3056 1468 430.
3091 1450 3130 1455 —
3153 1427 3215 1466 Un
3248 1439 3348 1468 sous
3371 1428 3547 1479 officier,
3570 1430 3648 1478 âgé
3668 1429 3719 1468 de
3738 1430 3787 1468 55
3808 1440 3899 1478 ans,
3921 1434 4055 1480 ayant

2915 1492 2998 1519 une
3022 1482 3190 1520 retraite
3211 1480 3260 1519 de
3288 1482 3404 1527 1,000
3427 1483 3465 1520 fr
3487 1514 3496 1531 ,
3517 1484 3755 1532 épouserait
3791 1494 3876 1522 une
3898 1495 4050 1532 veuve,

2912 1546 3011 1574 sans
3031 1535 3212 1583 enfants,
3231 1545 3332 1575 avec
3356 1536 3490 1576 avoir.

2966 1616 3056 1656 430.
3082 1639 3130 1646 —
3149 1616 3331 1656 Docteur
3353 1618 3566 1667 médecin,
3584 1619 3660 1669 âgé
3676 1619 3727 1658 de
3748 1619 3798 1658 42
3812 1630 3904 1667 ans,
3924 1619 4051 1670 épou¬

2912 1671 3040 1708 serait
3060 1670 3311 1710 demoiselle
3332 1676 3464 1723 ayant
3486 1671 3558 1711 dot
3580 1673 3727 1722 70,000
3750 1672 3802 1714 fr.

2966 1756 3057 1797 436.
3084 1780 3130 1786 —
3154 1758 3278 1806 Veuf,
3295 1762 3373 1808 âgé
3393 1760 3443 1798 de
3466 1759 3515 1799 40
3537 1772 3630 1810 ans,
3648 1760 3716 1800 bel
3736 1762 3926 1810 homme,
3950 1762 4048 1801 bien

2914 1811 3131 1859 conservé,
3175 1812 3398 1860 possédant
3426 1814 3572 1859 50,000
3595 1814 3646 1854 fr.
3671 1827 3722 1854 en
3748 1816 3928 1862 valeurs,
3954 1816 4052 1867 plus

2916 1866 3062 1907 60.000
3081 1864 3131 1903 fr.
3167 1875 3218 1902 en
3262 1864 3507 1916 propriétés,
3548 1867 3791 1915 épouserait
3828 1880 3960 1907 veuve
3998 1879 4051 1908 en

2916 1923 3083 1970 rapport
3103 1916 3220 1966 d’àge
3239 1926 3371 1968 ayant
3392 1918 3539 1966 80,000
3562 1919 3614 1958 fr.
3638 1919 3688 1959 de
3710 1920 3798 1962 dot.

2969 2006 3060 2048 437.
3086 2030 3132 2035 —
3157 2004 3277 2054 Veuf,
3302 2005 3350 2044 34
3372 2018 3463 2055 ans,
3484 2014 3615 2058 ayant
3638 2006 3758 2058 4,0u0
3780 2008 4054 2060 d’appoinle-

2917 2067 3111 2110 lemeiits,
3152 2059 3392 2111 épouserait
3411 2060 3663 2100 demoiselle
3685 2075 3741 2102 ou
3765 2074 3901 2102 veuve
3920 2068 4055 2115 ayant

2915 2113 3063 2162 40,u0U
3087 2115 3138 2155 fr.

2968 2200 3058 2242 439.
3083 2223 3132 2231 —
3155 2200 3279 2251 Veuf,
3320 2213 3418 2243 sans
3451 2202 3634 2252 enfanls,
3675 2204 3752 2254 âgé
3787 2203 3838 2242 de
3872 2203 3922 2243 50
3959 2217 4051 2256 ans,

2915 2263 3046 2307 ayant
3064 2252 3184 2304 2,000
3206 2255 3255 2295 fr.
3298 2255 3348 2296 de
3388 2268 3584 2300 revenus,
3620 2258 3860 2308 épouserait
3882 2259 4052 2298 demoi¬

2915 2308 3017 2348 selle
3043 2322 3096 2349 ou
3132 2319 3268 2348 veuve
3288 2319 3340 2348 en
3363 2317 3531 2360 rapport
3552 2310 3674 2359 d’àge
3695 2317 3826 2363 ayant
3856 2310 3972 2360 1,500
3995 2311 4048 2353 fr.

2915 2362 2966 2399 de
2988 2373 3184 2403 revenus.

2966 2448 3058 2490 451.
3082 2472 3131 2478 —
3162 2451 3430 2501 Célibataire,
3475 2452 3523 2492 45
3563 2463 3652 2503 ans,
3696 2452 3918 2503 possédant
3954 2459 4051 2495 cent

2914 2501 3144 2554 cinquante
3168 2503 3290 2543 mille
3307 2505 3450 2546 francs
3469 2519 3520 2546 en
3546 2507 3790 2558 propriétés,
3808 2508 4050 2557 épouserait

2914 2556 3164 2596 demoiselle
3186 2570 3238 2597 en
3259 2565 3427 2608 rapport
3447 2560 3567 2608 d’àge
3595 2566 3635 2599 et
3655 2561 3706 2600 de
3728 2560 3915 2602 fortune.

2967 2642 3058 2683 458.
3083 2667 3132 2672 —
3156 2644 3277 2694 Veuf,
3300 2657 3398 2686 sans
3410 2646 3592 2695 enfants,
3618 2650 3840 2698 possédant
3862 2650 3982 2699 8,000
3999 2651 4048 2691 fr.

2911 2703 3075 2746 argent,
3114 2698 3215 2747 plus
3254 2711 3311 2737 un
3334 2700 3497 2739 bureau
3527 2702 3579 2740 de
3602 2702 3722 2742 tabac
3743 2710 3783 2743 et
3811 2715 4054 2744 commerce

2912 2750 2963 2786 de
2987 2750 3092 2798 vins,
3124 2752 3366 2800 épouserait
3391 2766 3473 2794 une
3503 2756 3699 2796 ouvrière
3728 2768 3830 2796 avec
3854 2758 3974 2806 6,000
3998 2759 4048 2799 fr,

2911 2799 3216 2843 d’économies.

2966 2882 3058 2923 460.
3082 2907 3131 2912 —
3164 2884 3276 2924 Veuf
3306 2888 3382 2936 âgé
3402 2888 3452 2927 de
3474 2888 3524 2927 56
3546 2901 3635 2939 ans,
3660 2897 3792 2943 ayant
3827 2892 3900 2933 des
3935 2892 4051 2934 titres

2913 2936 3177 2986 nobiliaires,
3200 2941 3440 2988 épouserait
3462 2954 3612 2992 veuve,
3647 2944 3788 2985 bonne
3819 2947 4049 2987 éducation

2912 3000 3015 3028 avec
3036 2991 3170 3031 avoir.

2964 3070 3055 3112 463.
3087 3095 3127 3102 —
3151 3072 3271 3122 Veuf,
3295 3077 3371 3125 âgé
3394 3076 3444 3115 de
3467 3076 3515 3116 37
3538 3090 3628 3126 ans,
3661 3086 3794 3131 ayant
3815 3092 3875 3120 un
3898 3082 4046 3123 enfant

2911 3124 2962 3163 de
2983 3126 3003 3163 7
3026 3137 3116 3176 ans,
3138 3126 3307 3167 fortune
3334 3130 3450 3177 15,00
3464 3138 3476 3168 J
3498 3131 3570 3179 fr.,
3596 3135 3862 3183 navigateur,
3887 3136 4048 3175 chauf¬

2911 3178 3010 3218 feur
3030 3180 3080 3219 de
3104 3182 3311 3231 première
3332 3182 3479 3232 classe,
3504 3186 3527 3222 à
3550 3185 3650 3224 bord
3688 3186 3791 3224 d’un
3836 3188 4044 3239 vaisseau,

2911 3235 3256 3284 appointements
3284 3235 3396 3282 1,50b
3416 3236 3455 3274 fr
3478 3268 3487 3286 ,
3510 3238 3754 3287 épouserait
3792 3239 4044 3282 demoiselle

2912 3299 2966 3326 on
2993 3300 3124 3328 veuve
3144 3300 3245 3328 avec
3271 3288 3416 3340 12,000
3444 3291 3499 3332 fr.

2964 3371 3040 3412 463
3055 3372 3136 3412 bis.
3162 3395 3208 3400 —
3247 3372 3514 3424 Célibataire,
3555 3377 3632 3426 âgé
3654 3376 3703 3416 de
3726 3378 3776 3418 25
3798 3390 3888 3424 ans,
3912 3386 4044 3431 ayant

2914 3438 2997 3464 une
3031 3426 3240 3467 industrie
3276 3430 3486 3480 prospère,
3519 3431 3760 3479 épouserait
3794 3432 4046 3474 demoiselle

2914 3491 2966 3519 en
2988 3488 3156 3532 rapport
3178 3481 3311 3531 d’âge,
3350 3490 3483 3535 ayant
3522 3484 3643 3534 6,000
3666 3484 3719 3527 fr.
3760 3492 3800 3526 et
3831 3487 3910 3538 qui
3934 3499 4043 3527 vou¬

2914 3534 3023 3575 drait
3044 3535 3214 3576 habiter
3236 3536 3275 3574 la
3300 3536 3515 3578 banlieue.

2964 3619 3056 3660 466.
3080 3643 3131 3650 —
3151 3621 3416 3671 Célibataire,
3440 3622 3492 3660 42
3512 3635 3602 3672 ans,
3626 3632 3758 3675 ayant
3783 3639 3864 3666 une
3888 3627 4045 3679 impri¬

2913 3675 3059 3723 merie,
3081 3674 3177 3724 plus
3202 3675 3344 3722 18,000
3368 3676 3418 3715 fr.
3438 3675 3490 3715 de
3513 3678 3747 3727 propriétés
3767 3687 3807 3719 et
3832 3679 3975 3729 12,000
3994 3682 4044 3723 fr.

2911 3734 3072 3775 argent,
3104 3728 3346 3778 épouserait
3377 3730 3626 3769 demoiselle
3663 3744 3718 3771 on
3756 3746 3904 3783 veuve,
3946 3747 4044 3776 sans

2911 3779 3094 3828 enfants,
3118 3787 3250 3830 ayant
3267 3780 3417 3830 25,000
3443 3782 3495 3822 fr.

2964 3860 3040 3902 467
3080 3886 3130 3891 —
3169 3862 3291 3912 Veuf,
3315 3866 3392 3914 âgé
3412 3866 3463 3904 de
3486 3867 3534 3906 70
3559 3879 3648 3916 ans,
3690 3874 3822 3920 ayant
3846 3870 3966 3919 1,400
3987 3872 4042 3915 fr.

2912 3915 2963 3955 de
2984 3923 3121 3956 rentes
3144 3919 3328 3967 viagère,
3356 3919 3452 3971 plus
3476 3932 3559 3960 nue
3592 3928 3718 3972 petite
3755 3935 3800 3963 in
3815 3924 3966 3965 Instrie
4004 3932 4046 3966 et

2919 3982 2974 4010 un
2995 3972 3164 4011 cabinet
3184 3971 3396 4014 d’affaires
3412 3972 3518 4015 dans
3543 3987 3624 4014 une
3647 3976 3701 4015 vil
3714 3976 3749 4016 le
3763 3978 3812 4018 de
3831 3978 4047 4029 province,

2915 4026 3052 4065 désire
3072 4027 3252 4076 épouser
3275 4039 3424 4077 veuve,
3447 4039 3574 4080 ayant
3602 4031 3723 4079 7,000
3749 4031 3802 4072 fr.

2970 4113 3062 4154 470.
3098 4136 3147 4143 —
3182 4115 3450 4159 Célibataire,
3490 4118 3676 4168 ouvrier,
3714 4123 3790 4168 âge
3811 4120 3862 4159 de
3884 4120 3934 4160 46
3956 4134 4046 4172 ans,

2917 4166 3087 4205 fortune
3126 4167 3272 4214 20,000
3290 4168 3360 4217 fr.,
3400 4171 3643 4219 épouserait
3691 4172 3939 4212 demoiselle
3988 4188 4044 4215 ou

2920 4230 3067 4267 veuve,
3088 4231 3140 4258 en
3163 4227 3330 4269 rapport
3350 4223 3467 4271 d'âge
3488 4230 3528 4262 et
3550 4223 3732 4266 d’avoir.

2970 4298 3063 4340 471.
3086 4323 3135 4330 —
3158 4300 3424 4352 Célibataire,
3446 4306 3526 4355 âgé
3546 4306 3597 4346 de
3618 4307 3667 4346 33
3690 4320 3780 4358 ans,
3807 4310 4045 4362 négociant,

2919 4353 3090 4395 fortune
3110 4355 3284 4406 200,000
3308 4355 3376 4406 fr.,
3399 4360 3642 4410 épouserait
3678 4363 3925 4404 demoiselle
3947 4365 4046 4407 bien

2922 4409 3080 4459 élevée,
3102 4418 3234 4462 ayant
3262 4410 3431 4463 140,000
3454 4414 3510 4455 fr.

2976 4498 3067 4540 473.
3086 4524 3128 4528 —
3151 4500 3416 4554 Célibataire,
3440 4506 3515 4554 âgé
3538 4503 3587 4543 de
3610 4505 3658 4546 35
3680 4519 3770 4558 ans,
3795 4507 3980 4547 courtier
4000 4508 4051 4548 de

2923 4563 3176 4596 commerce,
3200 4565 3384 4606 gagnant
3406 4558 3526 4600 6.000
3547 4558 3601 4598 fr.
3645 4572 3718 4610 par
3754 4571 3820 4609 an,
3855 4562 4051 4610 espéran¬

2924 4618 2991 4643 ces
3024 4607 3171 4651 50,000
3211 4607 3283 4656 fr.,
3323 4611 3564 4659 épouserait
3620 4611 3868 4652 demoiselle
3916 4618 4048 4663 ayant

2922 4658 3070 4707 20.000
3095 4659 3147 4699 fr.

2974 4746 3064 4786 474.
3091 4770 3140 4776 —
3160 4746 3286 4798 Veuf,
3326 4752 3402 4802 âgé
3424 4752 3476 4792 de
3498 4754 3542 4794 37
3567 4763 3655 4802 ans,
3698 4756 3851 4794 maître
3880 4754 4048 4807 d’équi¬

2920 4809 3039 4849 page,
3063 4799 3232 4842 fortune
3260 4804 3346 4850 15,0
3367 4806 3399 4844 >0
3424 4806 3488 4846 fr,.
3532 4808 3773 4855 épouserait
3795 4807 4043 4848 demoiselle

2920 4864 2975 4891 ou
3000 4866 3147 4904 veuve,
3171 4868 3222 4895 en
3244 4864 3411 4908 rapport
3431 4859 3548 4908 d’àge
3570 4866 3610 4898 et
3631 4858 3654 4897 d
3674 4860 3811 4902 avoir.

2974 4939 3064 4979 476.
3102 4962 3151 4967 —
3190 4939 3313 4985 Veuf,
3338 4942 3414 4989 âgé
3435 4942 3484 4979 de
3511 4941 3560 4979 58
3581 4952 3668 4988 ans,
3696 4948 3828 4992 ayant
3849 4943 3969 4991 3,000
3992 4942 4043 4983 fr.

2919 4990 2969 5028 de
2999 5003 3194 5039 revenus,
3235 4992 3473 5042 épouserait
3507 4992 3758 5035 demoiselle
3795 5008 3849 5035 ou
3893 5007 4040 5044 veuve,

2919 5051 3046 5094 ayant
3067 5044 3215 5092 20,000
3238 5044 3291 5086 fr.

2968 5126 3059 5164 478.
3083 5147 3132 5152 —
3154 5126 3263 5164 Veuf
3282 5138 3378 5166 sans
3398 5127 3579 5176 enfants,
3603 5129 3652 5167 50
3674 5140 3763 5176 ans,
3787 5135 3919 5180 ayant
3938 5131 4050 5172 bou¬

2915 5176 3103 5225 langerie
3146 5183 3184 5214 et
3222 5184 3382 5227 argent,
3422 5179 3532 5218 belle
3576 5182 3772 5231 position,
3804 5186 4048 5234 épouserait

2919 5242 3050 5268 veuve
3088 5241 3184 5270 sans
3223 5230 3390 5272 enfants
3424 5244 3524 5272 avec
3564 5234 3639 5275 600
3671 5235 3723 5277 fr.
3759 5236 3810 5278 de
3846 5250 4044 5291 revenus,

2915 5283 3018 5332 âgée
3038 5283 3090 5323 de
3110 5284 3160 5323 40
3181 5296 3258 5324 ans
3277 5297 3333 5325 au
3358 5287 3517 5327 moins.

2966 5370 3043 5412 480
3055 5372 3136 5411 bis.
3156 5394 3207 5400 —
3226 5372 3492 5424 Célibataire,
3529 5375 3578 5415 46
3616 5388 3707 5428 ans,
3747 5383 3959 5432 capitaine
3990 5396 4044 5423 au

2918 5424 3176 5475 long-cours,
3198 5426 3368 5466 fortune
3390 5428 3536 5476 25,000
3558 5430 3626 5479 fr,,
3648 5443 3724 5472 sou
3744 5435 3903 5486 épouse
3939 5447 4044 5476 aura

2915 5478 3024 5516 droit
3062 5480 3086 5517 à
3118 5478 3155 5516 la
3189 5479 3372 5528 retraite,
3415 5484 3656 5531 épouserait
3692 5487 3943 5528 demoiselle
3992 5502 4043 5531 en

2916 5536 3083 5581 rapport
3104 5531 3223 5582 d’âge
3244 5538 3284 5571 et
3305 5532 3447 5573 d’avoi
3463 5547 3495 5574 r.

2967 5618 3040 5659 481
3056 5619 3139 5659 bis.
3161 5642 3202 5648 —
3230 5619 3355 5671 Veuf,
3395 5623 3473 5671 âgé
3511 5623 3563 5664 de
3602 5627 3650 5667 55
3689 5641 3780 5679 ans,
3805 5633 4043 5682 négociant,

2915 5672 3154 5719 épouserait
3192 5686 3326 5714 veuve
3364 5687 3418 5714 en
3456 5688 3628 5730 rapport
3648 5682 3783 5731 d’âge,
3806 5696 3907 5724 avec
3930 5687 4047 5725 avoir

2915 5727 2967 5764 de
2996 5726 3134 5775 15,000
3158 5724 3212 5767 fr.

2967 5813 3058 5854 483.
3090 5836 3122 5842 -
3144 5815 3414 5866 Célibataire,
3456 5823 3533 5871 âgé
3554 5823 3604 5862 de
3627 5823 3674 5864 40
3699 5836 3788 5872 ans,
3830 5835 4040 5864 commer¬

2914 5875 3024 5918 çant.
3075 5868 3126 5918 ép
3147 5870 3316 5910 iuserait
3374 5872 3641 5925 demoiselle,
3703 5879 3753 5918 30
3800 5888 3890 5924 ans,
3940 5888 4042 5916 avec

2914 5919 3065 5968 20,000
3089 5921 3142 5962 fr.

2966 6019 3055 6060 48i.
3078 6044 3128 6051 —
3166 6022 3434 6076 Célibataire,
3463 6031 3539 6079 âgé
3560 6030 3610 6069 de
3632 6030 3679 6069 27
3702 6040 3792 6075 ans,
3818 6027 4036 6079 bijoutier,

2916 6072 3084 6115 fortune
3106 6076 3252 6124 30,000
3274 6079 3342 6130 fr.,
3364 6083 3603 6134 épouserait
3624 6080 3872 6123 demoiselle
3907 6089 4039 6135 ayant

2912 6127 3031 6167 avoir
3051 6129 3102 6170 de
3122 6131 3271 6182 25,000
3295 6133 3351 6176 fr.
