4728 7228
1028 1439 1682 1528 DÉLICATESSE,
1742 1431 2452 1523 HONORABILITÉ,
2508 1430 2904 1505 PROBITÉ
2958 1446 3014 1504 &
3070 1431 3622 1505 DISCRÉTION

622 1700 726 1747 ÎO
755 1695 1001 1747 Cent.
1032 1695 1076 1744 le
1102 1692 1324 1744 Numéro

590 1807 711 1842 Envoi
728 1807 848 1851 gratis
864 1807 952 1839 hors
971 1806 1008 1838 la
1024 1804 1120 1838 Ville
1142 1808 1177 1838 et
1198 1806 1219 1837 à
1239 1804 1398 1836 l’Etran¬

548 1859 612 1887 ger
651 1852 672 1880 à
703 1853 807 1882 toute
844 1858 1027 1889 personne
1066 1848 1130 1888 qui
1174 1856 1219 1879 en
1263 1847 1330 1877 fait
1363 1846 1398 1876 la

547 1891 732 1924 demande
750 1899 818 1927 par
836 1890 943 1922 lettre
967 1888 1180 1928 affranchie,
1208 1891 1244 1920 et
1268 1888 1396 1920 franco

548 1942 638 1965 sous
658 1933 860 1973 enveloppe
880 1931 1052 1965 cachetée
1072 1934 1200 1963 contre
1223 1930 1278 1962 30
1299 1931 1396 1962 cent,

550 1984 592 2007 en
616 1975 783 2008 timbres.

1915 1690 2211 1742 OFFICE
2267 1690 2741 1742 MONDONET

1566 1780 1631 1828 6,
1665 1780 2090 1822 Boulevard
2127 1781 2219 1819 de
2262 1780 2328 1819 la.
2371 1778 2831 1832 ÜVlacjdeleine
2872 1778 2964 1827 (au
3003 1776 3027 1816 1
3035 1784 3069 1804 er
3073 1776 3088 1828 )

2135 1863 2515 1906 MARSEILLE

1508 1943 1659 1980 Ouvert
1680 1944 1771 1979 tous
1788 1938 1843 1980 les
1854 1940 1974 1991 jours
1990 1941 2035 1980 de
2051 1941 2076 1979 2
2091 1936 2131 1979 h.
2150 1938 2173 1979 à
2191 1940 2215 1979 S
2230 1937 2267 1979 h.
2287 1940 2340 1980 du
2354 1941 2454 1988 soir,
2474 1944 2511 1980 et
2531 1938 2564 1980 le
2582 1935 2798 1980 dimanche
2818 1938 2863 1977 de
2886 1938 2907 1976 9
2931 1934 2968 1976 h.
2995 1935 3019 1975 à
3040 1936 3144 1976 midi

554 2124 898 2237 LaMisslon
926 2120 962 2236 d
962 2144 1002 2236 u
1038 2164 1066 2216 «
1106 2120 1238 2236 Lien
1270 2120 1346 2232 du
1386 2119 1630 2255 Mariage
1658 2159 1686 2211 »

627 2339 812 2380 Notre
839 2336 948 2378 but
975 2336 1072 2377 est
1102 2332 1615 2376 essentiellement

554 2415 759 2464 moral,
796 2411 1054 2454 honnête
1082 2412 1140 2454 et
1167 2408 1691 2466 philanthropique

615 2536 744 2578 Dans
772 2536 904 2576 notre
926 2532 988 2574 tin
1016 2531 1072 2574 de
1110 2530 1248 2572 siècle
1291 2531 1350 2572 où
1376 2531 1475 2573 tout
1499 2527 1690 2571 marche

558 2608 583 2648 à
622 2606 664 2647 la
690 2615 880 2662 vapeur,
906 2604 951 2646 et
986 2602 1046 2646 où
1081 2600 1126 2644 la
1158 2602 1331 2644 société
1355 2602 1419 2644 vit
1458 2600 1578 2643 dans
1600 2612 1691 2644 une

556 2677 746 2720 activité
767 2675 1023 2720 dévorante
1048 2686 1057 2730 ;
1088 2674 1152 2718 les
1174 2672 1342 2730 jeunes
1363 2684 1483 2728 gens
1504 2672 1690 2716 sérieux

556 2750 635 2806 qui
656 2746 912 2792 cherchent
934 2747 960 2790 à
982 2759 1031 2790 se
1047 2747 1178 2791 créer
1202 2758 1290 2790 une
1315 2744 1518 2802 position
1540 2756 1691 2787 avan¬

556 2824 754 2875 tageuse
775 2831 860 2876 par
879 2819 919 2863 le
942 2819 1128 2871 travail,
1152 2819 1314 2863 vivant
1338 2819 1459 2862 dans
1488 2817 1551 2860 les
1576 2819 1688 2873 pré¬

556 2892 866 2948 occupations
886 2892 1159 2935 constantes
1195 2889 1307 2934 d’un
1339 2889 1501 2933 labeur
1523 2889 1691 2932 ardent

558 2976 676 3020 pour
696 2963 875 3008 arriver
895 2963 923 3006 à
941 2964 1063 3007 cette
1082 2962 1164 3015 fin,
1203 2961 1450 3016 négligent
1482 2960 1548 3003 les
1570 2962 1692 3003 rela¬

559 3036 681 3079 tions
719 3035 918 3079 sociales
955 3035 1032 3090 qui
1076 3034 1350 3090 pourraient
1388 3032 1453 3077 les
1495 3044 1692 3090 pousser

560 3120 664 3152 vers
687 3107 727 3152 le
770 3107 1002 3162 mariage.
1040 3107 1267 3162 Lorsque,
1292 3104 1435 3155 enfin,
1460 3105 1640 3147 arrivés
1666 3106 1692 3147 à

559 3183 710 3224 trente
738 3191 795 3224 ou
826 3181 1059 3235 quarante
1082 3191 1185 3231 ans,
1211 3176 1266 3220 ils
1296 3180 1377 3220 ont
1399 3175 1566 3232 acquis
1603 3187 1694 3219 une

560 3251 762 3307 position
803 3251 883 3306 qui
904 3250 1004 3294 leur
1039 3251 1219 3306 permet
1248 3248 1304 3291 de
1343 3247 1548 3303 respirer
1570 3250 1614 3290 et
1636 3247 1692 3290 de

560 3324 786 3378 regarder
826 3324 854 3366 à
894 3322 994 3366 leur
1044 3323 1214 3366 entour
1262 3334 1379 3378 pour
1435 3318 1694 3375 compléter

560 3395 658 3438 leur
698 3394 900 3439 carrière
930 3405 1015 3450 par
1055 3406 1118 3435 un
1160 3392 1392 3447 mariage,
1420 3390 1474 3434 ils
1504 3392 1694 3434 sentent

559 3467 599 3510 le
628 3466 731 3510 vide
751 3468 923 3509 autour
943 3464 1082 3507 d’eux
1111 3467 1155 3507 et
1174 3466 1282 3507 sont
1306 3475 1423 3519 pour
1452 3462 1571 3505 ainsi
1594 3463 1694 3505 dire

559 3538 850 3584 désorientés
871 3550 928 3580 ne
950 3539 1175 3580 trouvant
1191 3547 1424 3592 personne
1443 3535 1500 3578 de
1521 3547 1694 3579 conve¬

559 3611 698 3655 nable
729 3612 851 3655 dans
871 3610 912 3654 le
946 3608 1095 3654 cercle
1116 3607 1200 3652 des
1235 3607 1463 3651 relations
1485 3607 1544 3650 où
1567 3606 1624 3649 ils
1644 3619 1695 3650 se

559 3687 666 3727 sont
686 3695 792 3727 mus
811 3680 1115 3739 jusqu’alors.

618 3770 827 3814 Souvent
866 3767 1174 3820 découragés,
1231 3766 1286 3808 ils
1343 3764 1558 3808 finissent
1609 3776 1695 3820 par

562 3853 788 3884 renoncer
810 3851 871 3882 au
911 3839 1123 3891 mariage
1145 3838 1183 3879 si
1215 3850 1304 3879 une
1340 3835 1467 3879 main
1491 3835 1614 3878 amie
1636 3847 1695 3878 ne

562 3912 688 3955 vient
722 3911 788 3955 les
810 3909 939 3954 aider
960 3911 1004 3954 et
1040 3908 1108 3952 les
1128 3907 1296 3964 guider
1330 3908 1450 3951 dans
1486 3906 1526 3951 le
1559 3906 1696 3951 choix

563 3983 702 4028 d'une
723 3994 990 4039 compagne
1011 3982 1089 4036 qui
1111 3982 1208 4024 doit
1228 3983 1454 4036 partager
1478 3977 1576 4021 leur
1600 3978 1688 4030 vie,

564 4056 690 4100 leurs
707 4055 826 4112 joies
843 4056 888 4098 et
910 4054 1035 4098 leurs
1054 4052 1230 4108 peines.

622 4140 743 4183 C’est
770 4139 810 4183 le
850 4138 933 4180 but
963 4148 1054 4192 que
1086 4135 1197 4179 s’est
1233 4135 1435 4192 proposé
1484 4135 1523 4179 le
1571 4135 1695 4178 Lien

562 4208 633 4254 du
671 4209 909 4267 Mariage
941 4223 951 4250 :
987 4208 1097 4251 Etre
1123 4206 1269 4256 l’ami,
1292 4206 1335 4251 le
1350 4206 1493 4263 guide
1523 4208 1569 4250 et
1587 4206 1693 4248 l’in¬

563 4284 776 4326 dicateur
815 4282 896 4323 des
939 4280 1109 4323 unions
1148 4279 1380 4323 honnêtes
1412 4280 1458 4322 et
1480 4277 1696 4322 honora¬

562 4353 676 4398 bles.
706 4354 851 4397 Notre
873 4352 956 4395 but
975 4354 1044 4394 est
1078 4350 1476 4395 essentiellement
1500 4348 1696 4406 philan¬

562 4427 814 4483 thropique
840 4426 886 4468 et
907 4422 1303 4468 essentiellement
1327 4420 1492 4464 moral.

624 4512 686 4552 La
727 4507 1002 4565 population
1039 4506 1215 4548 décroît
1250 4516 1390 4560 parce
1411 4515 1502 4561 que
1523 4503 1563 4547 le
1587 4516 1695 4548 ma¬

562 4583 692 4639 riage
714 4584 784 4626 est
802 4579 987 4634 négligé
1007 4590 1016 4632 ;
1038 4580 1083 4622 et
1104 4576 1144 4620 le
1167 4578 1379 4632 mariage
1398 4578 1468 4620 est
1484 4575 1692 4631 négligé,

563 4667 703 4711 parce
725 4666 815 4711 que
840 4651 1062 4695 l’homme
1082 4650 1294 4706 emporté
1330 4661 1414 4706 par
1435 4647 1476 4691 le
1499 4648 1695 4692 tourbil¬

562 4727 638 4768 lon
662 4726 744 4769 des
775 4723 983 4775 affaires,
1010 4722 1086 4764 n’a
1106 4732 1191 4778 pas
1212 4720 1252 4763 le
1275 4723 1431 4776 temps
1450 4719 1506 4762 de
1526 4719 1695 4763 s’arrê¬

563 4800 631 4842 ter
652 4811 769 4854 pour
790 4795 1031 4840 combiner
1052 4796 1097 4838 et
1126 4791 1351 4836 chercher
1382 4790 1484 4835 telle
1507 4804 1566 4835 ou
1591 4791 1694 4836 telle

564 4871 710 4914 union
732 4868 808 4925 qui
836 4867 1047 4925 pourrait
1072 4866 1133 4908 lui
1157 4864 1399 4908 convenir.

622 4959 656 5002 Il
679 4958 755 5001 n'a
779 4970 864 5013 pas
884 4956 925 4999 le
948 4958 1102 5011 temps
1123 4956 1167 4998 et
1206 4966 1264 4996 ne
1287 4956 1396 5009 peut
1432 4964 1596 5008 passer
1615 4952 1696 4995 des

564 5032 683 5075 mois
703 5036 747 5075 et
769 5029 1011 5087 peut-être
1032 5027 1115 5070 des
1133 5026 1311 5068 années
1334 5027 1359 5068 à
1383 5024 1570 5068 décider
1592 5024 1696 5067 telle

566 5114 795 5159 personne
836 5102 861 5143 à
903 5102 1127 5155 partager
1159 5110 1211 5140 sa
1243 5099 1312 5140 vie
1335 5108 1346 5151 ;
1373 5097 1399 5139 il
1428 5109 1482 5139 ne
1503 5099 1695 5139 connaît

564 5187 650 5231 pas
670 5174 779 5217 bien
814 5171 858 5215 la
892 5170 1119 5214 situation
1154 5168 1209 5212 de
1248 5171 1368 5212 cette
1390 5179 1640 5224 personne,
1666 5166 1691 5210 il

562 5247 710 5288 hésite
744 5248 788 5287 et
826 5243 926 5285 finit
955 5255 1039 5298 par
1070 5254 1295 5283 renoncer
1320 5254 1379 5283 au
1416 5241 1630 5294 mariage
1651 5243 1696 5282 et

562 5330 611 5360 se
631 5317 846 5372 résigner
867 5315 895 5358 à
918 5315 1046 5358 vivre
1076 5312 1311 5356 d’amitiés
1334 5311 1632 5368 passagères.

621 5402 741 5443 Mais
760 5412 812 5443 ce
842 5400 919 5455 qui
958 5398 1112 5440 arrive
1135 5410 1254 5452 pour
1282 5396 1348 5439 les
1366 5393 1535 5451 jeunes
1557 5407 1691 5450 gens,

562 5472 715 5516 arrive
736 5471 847 5516 bien
868 5471 975 5528 plus
1006 5482 1175 5514 encore
1195 5482 1313 5526 pour
1335 5467 1402 5511 les
1438 5479 1696 5523 personnes

563 5546 642 5602 qui
667 5547 812 5600 ayant
849 5543 921 5586 été
960 5542 1095 5584 unies
1130 5554 1223 5584 une
1252 5539 1483 5597 première
1520 5538 1608 5581 fois
1646 5551 1696 5582 se

564 5619 782 5662 trouvent
807 5618 906 5659 tout
928 5616 955 5658 à
976 5627 1096 5670 coup
1135 5612 1356 5657 désunies
1390 5623 1475 5668 par
1498 5610 1538 5654 le
1558 5610 1698 5654 décès

564 5690 620 5732 de
644 5691 768 5732 l’une
790 5687 964 5732 d'elles.

622 5773 774 5828 Après
803 5774 942 5815 s’être
975 5770 1244 5824 longtemps
1266 5767 1476 5810 abîmées
1499 5766 1620 5810 dans
1654 5765 1698 5807 la

563 5840 759 5888 douleur
787 5846 831 5888 et
866 5843 995 5886 avoir
1030 5840 1150 5898 payé
1194 5852 1257 5883 un
1290 5836 1414 5894 juste
1458 5838 1603 5881 tribut
1644 5836 1698 5880 de

563 5914 739 5961 larmes
759 5918 786 5960 à
813 5915 996 5971 l’époux
1031 5926 1090 5956 ou
1115 5914 1140 5956 à
1172 5911 1378 5968 l’épouse
1400 5909 1616 5966 décédée,
1642 5907 1698 5952 ils

563 5991 750 6032 sentent
786 5987 891 6045 plus
914 5987 1148 6030 vivement
1186 5984 1226 6027 le
1247 5983 1351 6026 vide
1374 5982 1451 6039 qui
1483 5981 1594 6024 s’est
1614 5982 1698 6023 fait

564 6063 735 6106 autour
771 6059 833 6103 du
872 6059 1136 6110 survivant,
1180 6055 1235 6099 ils
1267 6058 1347 6099 ont
1386 6052 1550 6097 besoin
1587 6051 1699 6095 d’un

566 6147 697 6178 cœur
719 6131 811 6177 ami
850 6130 926 6187 qui
967 6130 1035 6174 les
1067 6128 1257 6172 console
1291 6140 1351 6171 ou
1384 6126 1452 6171 les
1486 6124 1695 6180 protège.

564 6206 626 6248 Ils
647 6206 858 6262 aspirent
880 6203 907 6246 à
928 6204 1048 6246 cette
1076 6200 1147 6244 vie
1168 6199 1420 6256 tranquille
1437 6195 1635 6254 paisible
1656 6198 1700 6239 et

563 6276 819 6329 intérieure,
855 6275 968 6318 faite
999 6272 1280 6316 d’intimités
1304 6274 1350 6315 et
1370 6271 1426 6315 de
1450 6267 1699 6313 confiden¬

1763 2127 1840 2159 ces
1868 2128 1958 2171 que
1998 2115 2040 2158 la
2077 2118 2200 2158 mort
2238 2127 2263 2158 a
2304 2127 2518 2171 rompue.
2556 2116 2687 2157 Dans
2727 2125 2779 2156 ce
2816 2123 2898 2155 cas

1763 2186 1984 2231 l’homme
2025 2199 2051 2230 a
2099 2186 2263 2230 besoin
2303 2187 2443 2230 d’une
2484 2187 2607 2230 amie
2646 2183 2799 2242 pleine
2840 2183 2896 2226 de

1763 2258 1892 2301 soins
1920 2262 1964 2302 et
1993 2259 2049 2302 de
2079 2258 2418 2302 dévouements
2440 2268 2451 2311 ;
2473 2258 2515 2300 la
2535 2258 2674 2300 dame
2696 2255 2896 2299 cherche

1766 2342 1829 2372 un
1850 2331 2052 2384 soutien,
2079 2342 2142 2374 un
2168 2332 2435 2387 protecteur
2473 2332 2519 2372 et
2542 2342 2607 2372 un
2630 2327 2751 2372 aide.
2779 2327 2899 2370 Mais

1764 2403 1824 2444 où
1866 2404 2053 2446 trouver
2075 2400 2119 2443 la
2163 2414 2396 2458 personne
2431 2400 2509 2457 qui
2544 2400 2756 2443 réunisse
2792 2402 2898 2442 tous

1764 2471 1831 2516 les
1871 2472 2140 2517 désidérata
2162 2474 2183 2516 ?
2204 2475 2270 2518 La
2290 2476 2412 2518 mort
2431 2474 2510 2530 qui
2534 2486 2560 2516 a
2582 2474 2620 2516 si
2656 2472 2899 2527 brusque¬

1766 2548 1894 2589 ment
1934 2547 2226 2602 interrompu
2268 2546 2308 2590 le
2342 2558 2480 2590 cours
2517 2544 2574 2588 de
2610 2546 2731 2588 cette
2768 2543 2899 2586 exis¬

1766 2619 1899 2660 tence
1918 2616 2081 2661 n’était
2104 2630 2191 2674 pas
2211 2618 2371 2662 entrée
2394 2618 2514 2660 dans
2531 2616 2599 2660 les
2631 2614 2808 2659 calculs
2843 2614 2899 2656 de

1766 2690 1810 2732 la
1832 2690 1903 2734 vie
1938 2702 2206 2734 commune.
2248 2691 2316 2734 Où
2354 2692 2543 2733 trouver
2580 2688 2624 2731 la
2664 2698 2898 2744 personne

1767 2762 2035 2807 réunissant
2057 2762 2123 2806 les
2146 2762 2410 2807 conditions
2434 2775 2551 2819 pour
2574 2774 2666 2805 une
2696 2758 2899 2803 seconde

1767 2834 1930 2879 union.

1827 2922 1887 2962 Le
1903 2919 2094 2976 journal
2124 2918 2135 2961 l
2140 2920 2164 2963 q
2187 2918 2311 2962 Lien
2334 2919 2403 2962 du
2438 2919 2673 2976 Mariage
2714 2916 2827 2960 offre
2872 2916 2899 2959 à

1768 2994 1872 3035 tous
1896 3003 1986 3035 une
2023 2990 2250 3034 situation
2286 2990 2543 3034 semblable
2568 2992 2615 3033 et
2648 2989 2835 3044 lorsque
2857 2989 2899 3031 la

1768 3076 1999 3122 personne
2020 3063 2161 3121 qu’on
2200 3064 2352 3108 désire
2374 3076 2432 3107 ne
2468 3063 2536 3119 s’y
2556 3066 2720 3107 trouve
2743 3074 2845 3118 pas,
2872 3063 2899 3107 il

1766 3135 1843 3192 n’y
1860 3148 1886 3192 a
1903 3136 2008 3192 qu’à
2032 3135 2290 3180 s'adresser
2324 3138 2351 3179 à
2383 3135 2602 3180 l’Office
2638 3136 2900 3179 Mondonet

1767 3210 1846 3265 qui
1868 3222 1895 3252 a
1920 3222 1982 3252 un
2004 3208 2162 3264 grand
2184 3208 2380 3251 nombre
2402 3208 2459 3251 de
2494 3206 2819 3264 propositions
2838 3218 2900 3262 qu

1768 3294 1826 3324 ne
1846 3280 2052 3336 figurent
2074 3292 2160 3337 pas
2182 3279 2300 3323 dans
2322 3292 2400 3324 ces
2422 3279 2660 3324 colonnes.

1828 3366 1971 3408 Notre
1988 3363 2176 3420 journal
2214 3378 2240 3407 a
2264 3376 2382 3420 pour
2403 3364 2486 3407 but
2502 3362 2710 3407 d’ouvrir
2731 3362 2775 3404 la
2798 3360 2900 3404 voie

1767 3436 2024 3480 honorable
2059 3435 2114 3479 de
2150 3435 2195 3479 la
2232 3436 2406 3480 société
2443 3438 2469 3479 à
2513 3439 2639 3480 toute
2669 3446 2903 3491 personne

1767 3508 1845 3560 qui
1863 3520 1914 3552 se
1935 3511 2100 3552 trouve
2122 3507 2243 3551 dans
2262 3507 2454 3564 pareille
2474 3507 2719 3551 situation.

1852 3652 1994 3696 Rôle
2026 3651 2104 3696 du
2143 3668 2160 3690 «
2198 3650 2339 3695 Lien
2366 3651 2444 3695 du
2476 3648 2735 3705 Mariage
2775 3664 2792 3687 »

1827 3786 1959 3828 Nous
1980 3795 2244 3840 proposons
2280 3783 2347 3827 les
2387 3796 2647 3840 personnes
2667 3795 2780 3827 avec
2803 3782 2903 3826 leur

1768 3856 1995 3900 situation
2035 3855 2091 3899 de
2130 3856 2311 3899 fortune
2344 3859 2388 3898 et
2434 3856 2491 3899 de
2526 3854 2759 3908 moralité,
2784 3867 2903 3899 nous

1771 3928 1946 3972 faisons
1979 3928 2045 3972 les
2082 3927 2358 3980 demandes,
2388 3927 2666 3971 abouchons
2700 3927 2767 3971 les
2790 3939 2903 3983 per¬

1768 4015 1942 4046 sonnes
1982 4004 2026 4044 et
2066 4003 2271 4044 mettons
2300 4012 2358 4043 en
2380 4000 2606 4056 présence
2641 4000 2707 4044 les
2728 3999 2899 4043 futurs.

1768 4075 1899 4118 Nous
1919 4083 2127 4116 sommes
2148 4071 2215 4115 les
2250 4071 2627 4115 intermédiaires
2667 4070 2750 4114 des
2790 4083 2902 4127 pre¬

1771 4146 1938 4188 mières
1976 4146 2242 4195 entrevues,
2282 4140 2498 4198 toujours
2536 4144 2630 4186 très
2668 4144 2903 4197 gênantes

1770 4220 1815 4259 et
1853 4218 1947 4261 très
1967 4216 2189 4260 délicates
2211 4226 2330 4271 pour
2351 4214 2435 4258 des
2455 4226 2716 4271 personnes
2735 4214 2815 4270 qui
2851 4226 2902 4256 se

1773 4288 1928 4332 voient
1956 4300 2074 4344 pour
2096 4287 2140 4329 la
2181 4286 2411 4342 première
2449 4286 2551 4330 fois.
2584 4287 2716 4330 Nous
2751 4285 2900 4330 résol¬

1771 4372 1888 4404 vons
1934 4361 2102 4403 autant
2140 4369 2230 4414 que
2272 4356 2474 4414 possible
2532 4356 2599 4402 les
2652 4356 2903 4402 difficultés

1771 4435 1847 4490 qui
1872 4434 2076 4490 peuvent
2108 4443 2158 4475 se
2180 4430 2423 4487 présenter
2445 4431 2566 4475 dans
2602 4430 2646 4474 la
2675 4431 2900 4475 situation

1770 4503 1826 4546 de
1846 4503 1970 4547 l’une
1987 4501 2162 4546 d’elles.
2186 4502 2318 4544 Nous
2336 4514 2546 4544 sommes
2564 4500 2664 4544 leur
2687 4502 2903 4544 intermé¬

1768 4575 1915 4619 diaire
1946 4578 1990 4619 et
2030 4575 2127 4619 leur
2158 4572 2268 4615 ami.
2294 4574 2396 4626 Oui,
2422 4572 2522 4616 leur
2540 4573 2652 4626 ami,
2678 4585 2760 4616 car
2782 4586 2903 4623 nous

1768 4647 2076 4691 considérons
2098 4656 2280 4690 comme
2308 4644 2370 4689 tel
2407 4647 2539 4689 notre
2579 4645 2676 4690 rôle
2700 4658 2816 4703 pour
2837 4644 2903 4690 les

1770 4732 2028 4776 personnes
2058 4719 2136 4775 qui
2178 4730 2298 4762 nous
2334 4718 2566 4773 chargent
2603 4717 2663 4760 du
2703 4718 2807 4760 soin
2847 4719 2902 4762 de

1768 4794 1868 4838 leur
1891 4794 2051 4836 union.

1827 4878 1948 4923 Elles
1963 4878 2166 4935 peuvent
2179 4879 2391 4932 compter
2403 4885 2484 4920 sur
2498 4878 2631 4919 notre
2647 4873 2902 4919 discrétion

1769 4950 1978 4995 absolue.
2016 4950 2160 4994 Notre
2183 4947 2316 4991 office
2340 4950 2411 4992 est
2444 4960 2505 4991 un
2531 4947 2754 4992 tombeau
2784 4959 2904 5003 pour

1771 5022 1836 5065 les
1856 5023 2033 5066 secrets
2055 5020 2132 5076 qui
2156 5031 2276 5063 nous
2296 5023 2404 5063 sont
2426 5018 2616 5063 confiés.

1828 5108 2052 5158 Souvent,
2102 5107 2272 5156 même,
2315 5103 2358 5146 la
2391 5103 2620 5160 première
2656 5104 2903 5159 présenta¬

1768 5179 1866 5222 tion
1906 5190 1934 5220 a
1970 5176 2062 5220 lieu
2088 5187 2202 5219 sans
2231 5174 2499 5231 qu’aucune
2536 5174 2620 5218 des
2640 5174 2760 5219 deux
2798 5186 2903 5231 par¬

1768 5251 1855 5292 ties
1876 5248 2126 5291 connaisse
2148 5246 2190 5287 le
2212 5259 2324 5290 nom
2358 5247 2415 5288 de
2452 5246 2618 5288 l’autre
2638 5249 2683 5288 et
2704 5257 2825 5287 nous
2843 5256 2902 5287 ne

1770 5322 1836 5366 les
1856 5320 2034 5364 faisons
2053 5320 2299 5362 connaître
2323 5328 2414 5375 que
2440 5330 2522 5362 sur
2542 5317 2642 5362 leur
2663 5316 2894 5361 autorisa¬

1768 5395 1867 5436 tion
1888 5403 2127 5448 expresse.

1827 5480 1902 5523 Un
1917 5474 2107 5532 journal
2126 5487 2245 5531 pour
2259 5474 2502 5528 mariages
2518 5474 2640 5517 dans
2653 5484 2744 5516 une
2760 5472 2904 5527 petite

1771 5548 1875 5595 ville
1894 5550 1952 5592 où
1976 5549 2076 5591 tout
2096 5546 2136 5590 le
2164 5544 2335 5588 monde
2362 5558 2412 5588 se
2430 5547 2623 5588 connaît
2644 5546 2688 5588 et
2711 5546 2904 5586 connaît

1770 5622 1814 5664 la
1836 5620 2063 5664 situation
2084 5617 2140 5662 de
2162 5630 2248 5660 son
2286 5616 2455 5670 voisin,
2480 5615 2685 5660 n’aurait
2723 5626 2808 5671 pas
2847 5614 2904 5658 de

1770 5694 1928 5736 raison
1959 5691 2120 5743 d’êlre,
2144 5688 2267 5732 mais
2288 5687 2408 5731 dans
2445 5700 2538 5731 une
2576 5685 2759 5743 grande
2780 5684 2901 5738 ville,

1771 5775 1954 5808 comme
1988 5763 2031 5806 la
2070 5764 2218 5816 nôtre,
2259 5759 2318 5803 où
2356 5759 2540 5803 chacun
2582 5759 2724 5815 pense
2767 5759 2795 5799 à
2831 5768 2906 5800 ses

1771 5835 1962 5880 affaires
1982 5836 2027 5877 et
2056 5833 2151 5875 non
2174 5833 2200 5875 à
2218 5830 2355 5875 celles
2372 5831 2428 5875 de
2451 5843 2527 5875 ses
2546 5831 2724 5875 voisins
2748 5839 2758 5883 ;
2781 5830 2826 5872 et
2844 5830 2904 5872 où

1771 5909 1879 5952 bien
1900 5907 2100 5951 souvent
2122 5904 2187 5948 les
2211 5904 2456 5947 habitants
2476 5903 2534 5947 de
2554 5903 2599 5947 la
2622 5905 2775 5946 même
2790 5901 2906 5944 mai¬

1771 5992 1856 6023 son
1879 5991 1936 6023 ne
1970 5991 2020 6022 se
2056 5976 2362 6020 connaissent
2400 5987 2487 6032 pas
2504 5978 2637 6019 entre
2654 5987 2758 6028 eux,
2784 5972 2814 6015 il
2835 5975 2906 6016 est

1771 6050 2039 6095 nécessaire
2079 6048 2189 6092 d’un
2242 6048 2335 6091 ami
2382 6046 2594 6103 général,
2648 6046 2759 6089 d’un
2811 6045 2903 6087 ami

1773 6135 1996 6167 commun
2018 6121 2096 6178 qui
2118 6123 2360 6176 groupant
2401 6119 2523 6163 dans
2543 6132 2608 6163 un
2646 6119 2782 6163 vaste
2816 6128 2908 6159 en¬

1772 6195 1968 6248 semble,
1992 6194 2059 6237 les
2095 6192 2236 6236 offres
2275 6194 2319 6235 et
2358 6191 2426 6234 les
2467 6191 2744 6242 demandes,
2771 6200 2907 6231 com¬

1808 6268 1880 6310 ine
1903 6267 1964 6309 lui
2004 6269 2158 6309 même
2179 6264 2247 6308 les
2280 6263 2552 6318 situations,
2580 6263 2646 6307 les
2678 6264 2810 6316 âges,
2843 6259 2910 6303 les

3333 1690 3439 1738 ÎO
3472 1687 3719 1740 Cent,
3750 1687 3794 1739 le
3821 1687 4045 1739 Numéro

3299 1810 3479 1851 Mariages
3494 1810 3612 1844 riches
3626 1819 3719 1854 pour
3735 1815 3858 1846 toutes
3875 1811 3928 1844 les
3948 1812 4116 1844 fortunes

3256 1856 3293 1887 et
3321 1856 3445 1886 toutes
3475 1854 3529 1886 les
3562 1851 3758 1894 positions.
3792 1854 3843 1886 La
3879 1854 4028 1887 maison
4068 1863 4114 1886 ne

3274 1895 3423 1935 'occupe
3440 1904 3511 1935 que
3532 1895 3597 1927 des
3616 1895 3758 1928 unions
3776 1896 3963 1935 possibles
3983 1899 4019 1927 et
4036 1904 4054 1927 s
4065 1904 4111 1928 an

3254 1936 3271 1959 s
3275 1937 3378 1971 àche.

2971 2112 3130 2166 goûts,
3170 2108 3238 2152 les
3272 2107 3465 2163 figures,
3526 2104 3591 2148 les
3643 2103 3859 2148 fortunes
3898 2107 3943 2148 et
3992 2103 4118 2150 fasse

2973 2182 3034 2224 lui
3071 2184 3226 2224 même
3251 2180 3318 2224 les
3340 2176 3660 2235 propositions
3695 2176 3760 2220 les
3803 2176 3907 2232 plus
3953 2179 4112 2220 sorta-

2972 2252 3089 2296 bles.

3030 2336 3112 2379 Cet
3133 2335 3227 2378 ami
3251 2344 3492 2383 commun,
3518 2331 3632 2375 c’est
3654 2331 3820 2375 l’office
3841 2331 4114 2383 Mondonet,

2972 2408 3015 2459 6,
3042 2408 3074 2450 B
3076 2405 3090 2426 d
3127 2407 3183 2450 de
3205 2406 3249 2449 la
3272 2403 3583 2459 Magdeleine,
3620 2403 3734 2447 c’est
3768 2403 3807 2446 le
3843 2401 4032 2459 journal
4075 2403 4115 2447 le

2975 2476 3099 2522 Lien
3121 2476 3190 2520 du
3220 2475 3459 2533 Mariage
3482 2475 3558 2531 qui
3587 2476 3658 2518 est
3679 2487 3766 2518 son
3788 2475 4051 2519 auxiliaire.

3031 2561 3244 2604 Pendant
3267 2560 3539 2614 longtemps
3565 2556 3591 2599 il
3632 2570 3658 2600 a
3698 2558 3844 2601 existé
3883 2570 3973 2600 une
4010 2558 4115 2614 pré¬

2975 2633 3163 2676 vention
3188 2633 3283 2675 très
3314 2630 3539 2686 marquée
3574 2631 3736 2671 contre
3765 2628 3832 2672 les
3872 2630 4115 2682 mariages

2975 2704 3067 2747 dits
3082 2703 3138 2747 de
3163 2700 3470 2760 proposition,
3495 2712 3555 2743 on
3580 2699 3759 2743 voulait
3780 2712 3831 2744 se
3856 2700 4116 2756 persuader

2975 2775 3086 2832 qu’il
3119 2788 3176 2819 ne
3208 2774 3402 2831 pouvait
3422 2772 3563 2815 sortir
3582 2771 3664 2815 des
3683 2784 3891 2826 agences
3920 2784 4010 2828 que
4034 2771 4118 2816 des

2976 2848 3214 2902 mariages
3235 2846 3516 2902 disparates.

3033 2934 3103 2975 En
3126 2931 3227 2974 face
3249 2930 3331 2973 des
3362 2927 3585 2971 résultats
3625 2928 3890 2971 contraires
3910 2927 4114 2971 obtenus

2979 3016 3063 3060 par
3116 3015 3195 3046 ces
3258 3002 3486 3054 bureaux,
3528 3011 3589 3042 on
3648 3000 3719 3043 est
3759 3000 3876 3043 sorti
3904 2999 4106 3055 complè¬

2976 3079 3152 3119 tement
3191 3074 3248 3118 de
3287 3074 3407 3117 cette
3457 3071 3752 3126 prévention.
3795 3071 4011 3115 L’estime
4051 3071 4112 3114 du

2979 3146 3134 3203 public
3154 3148 3223 3191 est
3246 3143 3543 3188 absolument
3556 3142 3751 3198 acquise
3771 3155 3869 3186 aux
3887 3154 4114 3198 agences,

2978 3231 3095 3275 pour
3116 3218 3160 3260 la
3183 3219 3339 3261 raison
3371 3215 3479 3258 bien
3512 3212 3698 3271 simple,
3723 3226 3815 3270 que
3836 3215 3904 3258 les
3926 3213 4119 3258 affaires

2976 3290 3167 3332 traitées
3190 3300 3275 3346 par
3308 3286 3434 3340 elles,
3461 3285 3501 3330 le
3540 3287 3648 3328 sont
3670 3285 3778 3340 plus
3816 3284 4118 3342 rapidement

2976 3363 3021 3404 et
3064 3360 3167 3416 plus
3206 3360 3463 3407 sûrement,
3488 3359 3534 3399 et
3574 3368 3632 3399 on
3677 3360 3787 3412 peut
3826 3356 3925 3400 dire
3962 3368 4052 3412 que
4078 3355 4118 3399 le

2978 3431 3082 3487 plus
3101 3432 3254 3486 grand
3295 3429 3491 3472 nombre
3534 3427 3615 3470 des
3652 3428 3911 3482 mariages,
3963 3431 4117 3470 même

2975 3502 3146 3556 riches,
3166 3504 3246 3547 ont
3267 3502 3341 3546 été
3358 3499 3462 3557 plus
3483 3511 3542 3545 ou
3562 3499 3716 3543 moins
3738 3499 3828 3543 mis
3850 3512 3931 3543 sur
3954 3498 3996 3542 la
4014 3499 4117 3542 voie

2978 3586 3063 3628 par
3083 3586 3169 3616 nos
3195 3583 3418 3627 agences.
3451 3572 3584 3614 Nous
3605 3582 3728 3612 nous
3746 3570 4036 3614 efforcerons
4058 3570 4116 3612 de

2976 3644 3167 3688 mériter
3188 3646 3308 3688 cette
3328 3642 3494 3686 estime
3513 3640 3576 3683 du
3601 3640 3759 3696 public
3780 3652 3839 3684 en
3856 3642 4115 3698 apportant

2976 3716 3096 3760 dans
3146 3716 3189 3760 la
3244 3714 3518 3760 conclusion
3559 3711 3642 3756 des
3690 3712 3882 3756 affaires
3923 3712 3966 3756 la
4009 3711 4116 3767 plus

2976 3788 3158 3844 grande
3195 3787 3489 3840 délicatesse,
3515 3786 3558 3827 la
3592 3783 3698 3840 plus
3719 3784 3903 3839 grande
3927 3783 4110 3841 probité

2976 3863 3022 3906 et
3043 3860 3087 3904 la
3108 3860 3362 3904 discrétion
3385 3858 3428 3902 la
3458 3858 3563 3914 plus
3584 3855 3798 3900 absolue.

3036 3947 3123 3988 Les
3175 3944 3326 3988 beaux
3376 3940 3599 3986 résultats
3658 3952 3747 3996 que
3803 3952 3923 3983 nous
3962 3950 4111 3982 avons

2976 4016 3176 4059 obtenus
3234 4026 3354 4058 nous
3386 4014 3628 4066 engagent
3666 4012 3692 4054 à
3728 4011 3952 4067 persister
3992 4010 4114 4053 dans

2975 4088 3095 4131 cette
3130 4086 3250 4139 voie,
3285 4084 3508 4140 espérant
3546 4094 3636 4139 que
3671 4082 3712 4125 le
3743 4082 3900 4139 public
3934 4080 4111 4124 voudra

2975 4158 3083 4202 bien
3104 4170 3226 4200 nous
3246 4155 3494 4200 continuer
3515 4166 3592 4196 ses
3614 4154 3804 4197 faveurs
3842 4156 3887 4196 et
3907 4165 3960 4196 sa
3991 4164 4107 4195 con¬

2975 4228 3147 4272 fiance.

3036 4314 3098 4359 Le
3131 4314 3256 4358 Lien
3299 4311 3367 4356 du
3401 4311 3639 4370 Mariage
3672 4314 3744 4355 est
3783 4311 3824 4355 le
3856 4310 3966 4355 trait
4011 4311 4115 4354 d’u¬

2978 4388 3088 4431 nion
3127 4386 3210 4431 des
3242 4383 3459 4436 familles,
3484 4396 3579 4427 non
3615 4383 3879 4428 seulement
3900 4383 3958 4427 de
3980 4386 4115 4426 notre

2976 4458 3098 4511 ville,
3124 4458 3246 4500 mais
3278 4467 3447 4500 encore
3486 4455 3570 4499 des
3594 4454 3878 4512 principales
3901 4452 4035 4497 villes
4058 4454 4115 4496 de

2976 4530 3155 4572 France
3190 4530 3234 4571 et
3268 4527 3326 4571 de
3368 4525 3624 4582 l’étranger
3662 4527 3722 4570 où
3758 4528 3891 4570 notre
3931 4524 4066 4569 office
4088 4538 4115 4567 a

2976 4600 3059 4644 des
3092 4596 3494 4655 correspondants
3524 4598 3738 4642 discrets.
3764 4598 3896 4640 Nous
3924 4597 4118 4653 présen¬

2978 4675 3083 4716 tons
3104 4672 3223 4715 donc
3247 4683 3338 4714 aux
3364 4670 3502 4726 pères
3528 4668 3586 4712 de
3604 4668 3782 4712 famille
3810 4668 4034 4712 soucieux
4058 4667 4115 4711 de

2976 4743 3170 4788 l’avenir
3191 4743 3247 4786 de
3272 4743 3398 4787 leurs
3419 4741 3608 4785 enfants
3629 4744 3737 4784 tous
3758 4740 3823 4784 les
3846 4741 4111 4794 avantages

2976 4815 3114 4872 qu’ils
3135 4827 3192 4858 ne
3214 4814 3459 4859 sauraient
3488 4816 3678 4856 trouver
3704 4812 3802 4855 s’ils
3842 4814 3949 4855 sont
3972 4811 4116 4854 livrés

2977 4888 3003 4931 à
3025 4890 3312 4931 eux-mêmes
3333 4887 3379 4929 et
3401 4884 3523 4928 dans
3546 4883 3586 4927 le
3607 4883 3757 4927 cercle
3779 4883 3836 4927 de
3856 4883 3980 4927 leurs
4001 4894 4114 4926 con¬

2978 4960 3254 5003 naissances
3275 4968 3284 5011 ;
3321 4970 3379 4999 en
3402 4955 3525 5008 effet,
3556 4955 4011 5011 indépendamment
4032 4952 4116 4998 des

2977 5032 3243 5075 références
3263 5030 3518 5084 certaines,
3548 5028 3603 5071 ils
3639 5029 3722 5070 ont
3744 5027 3784 5070 le
3804 5024 3942 5071 choix
3968 5025 4120 5083 parmi

2976 5107 3019 5149 le
3040 5104 3195 5159 grand
3219 5102 3415 5147 nombre
3456 5101 3511 5144 de
3535 5100 3858 5156 propositions
3880 5111 3970 5156 que
3998 5111 4118 5142 con¬

2976 5175 3190 5219 tiennent
3230 5174 3295 5218 les
3331 5171 3556 5216 colonnes
3584 5171 3641 5214 de
3676 5173 3812 5215 notre
3827 5170 4035 5226 journal,
4063 5170 4118 5214 ils

2976 5248 3182 5303 peuvent
3198 5246 3314 5288 faire
3335 5245 3535 5300 épouser
3558 5244 3584 5286 à
3603 5242 3730 5286 leurs
3747 5243 3938 5285 enfants
3956 5242 4001 5284 la
4021 5255 4119 5298 per¬

2976 5331 3126 5363 sonne
3145 5316 3283 5375 qu’ils
3298 5315 3506 5360 désirent
3519 5314 3610 5359 soit
3628 5326 3812 5358 comme
3834 5313 4115 5372 profession,

2976 5390 3182 5442 fortune,
3218 5387 3475 5438 caractère,
3515 5384 3719 5442 position
3760 5384 3933 5428 sociale
3972 5386 4018 5428 et
4062 5384 4118 5427 ils

2977 5474 3036 5505 ne
3069 5460 3394 5517 s’exposeront
3432 5468 3520 5514 pas
3558 5458 3583 5499 à
3623 5455 3726 5500 leur
3761 5456 3879 5501 faire
3915 5458 4122 5514 épouser

2979 5544 3070 5575 une
3106 5541 3339 5587 personne
3360 5530 3439 5584 qui
3479 5527 3578 5571 leur
3615 5540 3723 5571 sera
3764 5527 4120 5584 antipathique,

2976 5602 3068 5646 soit
3086 5614 3172 5658 par
3194 5613 3280 5645 son
3303 5602 3408 5655 âge,
3431 5600 3520 5643 soit
3556 5612 3676 5656 pour
3711 5602 3819 5644 tous
3850 5602 4012 5643 autres
4037 5599 4126 5642 dé¬

2979 5674 3104 5717 fauts
3124 5673 3203 5730 qui
3243 5674 3352 5716 sont
3387 5674 3558 5715 autant
3598 5671 3654 5715 de
3691 5683 3861 5715 causes
3900 5671 3956 5715 de
3981 5670 4123 5714 désu¬

2978 5744 3091 5788 nion
3112 5744 3234 5788 dans
3255 5743 3295 5788 le
3319 5743 3535 5799 mariage
3556 5746 3602 5788 et
3635 5742 3851 5787 finissent
3878 5755 3962 5800 par
3984 5755 4119 5786 ame¬

2979 5829 3063 5862 ner
3084 5817 3126 5860 le
3147 5816 3335 5860 divorce
3358 5818 3403 5859 et
3430 5815 3472 5859 la
3494 5815 3791 5871 séparation.

3039 5904 3167 5946 Dans
3199 5900 3266 5944 les
3298 5899 3519 5944 colonnes
3550 5898 3611 5942 du
3644 5898 3767 5942 Lien
3799 5897 3868 5942 du
3894 5898 4126 5955 Mariage

2980 5987 3039 6018 ou
3062 5975 3088 6016 à
3110 5972 3327 6018 l’Office
3347 5970 3628 6023 Mondonet,
3651 5970 3679 6012 6
3685 5971 3695 6023 ,
3719 5971 3754 6013 B
3755 5968 3770 5990 d
3789 5971 3846 6014 de
3862 5969 3906 6013 la
3929 5970 4125 6024 Magde¬

2979 6046 3116 6096 leine,
3148 6056 3208 6087 on
3231 6045 3342 6100 peut
3364 6046 3555 6087 trouver
3582 6041 3851 6087 facilement
3896 6054 3958 6085 un
3996 6053 4123 6095 gen¬

2980 6118 3080 6171 dre,
3103 6130 3168 6160 un
3205 6118 3358 6174 époux
3379 6128 3439 6159 ou
3459 6126 3554 6158 une
3574 6115 3751 6171 épouse
3779 6116 3807 6158 à
3845 6127 3930 6158 son
3960 6114 4046 6168 gré
4083 6118 4128 6157 et

2982 6203 3040 6235 en
3080 6192 3178 6234 tout
3220 6191 3350 6248 point
3388 6186 3628 6231 conforme
3672 6199 3765 6230 aux
3799 6187 3950 6230 désirs
3987 6186 4042 6228 de
4080 6184 4127 6230 la

2984 6275 3223 6320 personne
3244 6263 3271 6305 à
3292 6259 3490 6304 marier.
