4712 7064
2174 460 2254 506 LE
2292 459 2443 506 LIEN
2478 458 2567 504 DU
2604 455 2900 503 MARIAGE

1120 639 1547 695 AVIS

839 806 894 844 Le
934 806 1038 844 Lien
1076 806 1127 844 du
1164 804 1348 858 Mariage
1386 818 1428 846 se
1467 804 1578 846 vend
1612 816 1668 844 au
1710 804 1802 855 prix
1848 803 1900 842 de

772 860 819 899 15
842 859 1048 898 centimes
1080 859 1184 898 dans
1218 864 1310 899 tous
1339 859 1399 899 les
1434 859 1635 910 kiosques
1655 859 1706 898 de
1730 858 1768 896 la
1791 855 1900 897 Ville

771 919 811 952 et
831 914 854 951 à
875 914 915 951 la
935 912 1163 962 Direction,
1187 912 1251 962 47,
1271 924 1347 952 rue
1367 914 1418 952 de
1439 914 1479 951 la
1500 914 1639 952 Darse.

824 996 936 1035 Dans
976 995 1035 1035 les
1074 996 1299 1047 prochains
1334 998 1552 1044 numéros,
1576 1007 1684 1035 nous
1710 996 1899 1035 réserve¬

771 1060 870 1088 rons
892 1060 951 1088 un
971 1050 1070 1088 tiers
1090 1050 1139 1088 de
1163 1062 1264 1099 page
1295 1063 1402 1102 pour
1431 1050 1492 1090 les
1524 1047 1901 1088 annonces-récla¬

774 1114 878 1151 mes,
903 1103 1011 1142 mais
1032 1115 1139 1143 nous
1160 1103 1474 1154 n’accepterons
1502 1110 1542 1142 et
1570 1102 1896 1143 recommande¬

772 1167 871 1195 rons
890 1168 972 1206 que
994 1156 1122 1198 celles
1151 1158 1228 1210 qui
1258 1162 1507 1196 émaneront
1536 1156 1608 1196 des
1642 1156 1830 1195 maisons
1851 1155 1900 1194 de

772 1210 1006 1250 confiance.

824 1328 962 1367 Notre
986 1328 1116 1383 Office
1135 1342 1161 1368 a
1172 1330 1276 1382 pris
1288 1343 1410 1382 pour
1430 1328 1578 1368 devise
1600 1342 1612 1366 :
1636 1328 1680 1367 la
1702 1326 1883 1366 Probité
1891 1358 1898 1366 .

771 1382 863 1422 Nos
882 1382 1038 1422 clients
1058 1387 1251 1435 peuvent
1290 1387 1379 1422 être
1404 1383 1651 1435 persuadés
1692 1382 1902 1419 d'avance

770 1448 850 1488 que
868 1450 976 1475 nous
999 1450 1050 1475 ne
1068 1450 1255 1475 sommes
1267 1450 1352 1488 pas
1375 1436 1450 1475 des
1471 1436 1699 1475 brasseurs
1720 1432 1902 1484 d’affai¬

768 1502 852 1533 res,
876 1503 934 1528 au
956 1489 1106 1543 risque
1127 1491 1180 1530 de
1200 1491 1320 1542 faire
1343 1490 1418 1528 des
1438 1490 1730 1528 malheureux
1751 1500 1764 1532 ;
1806 1491 1902 1523 tons

770 1555 847 1582 nos
888 1544 1036 1595 efforts
1080 1544 1286 1584 tendront
1336 1544 1542 1596 toujours
1586 1544 1611 1580 à
1659 1540 1779 1592 faire
1827 1539 1902 1576 des

770 1595 968 1635 heureux
972 1611 982 1646 ,
1007 1600 1143 1635 même
1178 1610 1236 1636 au
1275 1598 1511 1636 détriment
1532 1595 1586 1634 de
1614 1607 1690 1632 nos
1714 1603 1904 1644 propres

770 1650 963 1690 intérêts.
1014 1651 1171 1690 Toutes
1209 1663 1284 1688 nos
1322 1650 1502 1702 affaires
1540 1650 1686 1687 seront
1724 1644 1904 1684 traitées

771 1715 872 1740 avec
895 1704 938 1742 la
948 1704 1059 1755 plus
1075 1704 1247 1754 grande
1263 1703 1518 1742 délicatesse
1532 1704 1572 1740 et
1591 1701 1630 1740 le
1635 1700 1743 1752 plus
1755 1698 1904 1750 grand

772 1755 1179 1796 désintéressement
1187 1790 1194 1796 .

811 1972 952 2035 Avis
991 1972 1024 2034 à
1064 1990 1162 2034 nos
1207 1972 1406 2034 clients
1446 1970 1504 2031 de
1550 1966 1864 2030 l’extérieur

822 2156 879 2195 La
916 2155 1131 2196 Direction
1168 2155 1322 2194 envoie
1358 2154 1520 2199 franco,
1543 2160 1643 2188 sous
1672 2147 1906 2198 enveloppe

771 2210 984 2259 cachetée,
1020 2220 1118 2248 sans
1155 2219 1298 2247 aucun
1339 2207 1458 2254 signe
1498 2202 1724 2251 extérieur,
1762 2207 1907 2242 contre

772 2263 820 2303 60
843 2275 879 2303 c.
915 2275 968 2302 en
1004 2262 1339 2310 timbres-poste,
1379 2270 1432 2296 un
1478 2267 1747 2307 programme
1787 2254 1907 2292 indi¬

771 2322 906 2367 quant
930 2316 987 2355 les
1007 2315 1251 2355 conditions
1279 2312 1330 2351 de
1371 2311 1524 2350 l’Office
1546 2318 1586 2350 et
1607 2322 1664 2350 un
1687 2307 1907 2359 question¬

772 2370 891 2408 naire
912 2370 1016 2407 écrit
1047 2367 1204 2419 auquel
1246 2367 1423 2406 devront
1462 2364 1670 2414 répondre
1715 2362 1774 2400 les
1816 2372 1906 2411 per¬

772 2434 927 2460 sonnes
947 2422 1023 2472 qui
1046 2422 1296 2462 s’adressent
1318 2422 1339 2458 à
1363 2430 1470 2456 nous
1492 2423 1532 2455 et
1554 2416 1631 2467 qui
1654 2416 1830 2455 veulent
1863 2426 1904 2454 se

774 2475 948 2514 marier.

830 2528 905 2567 Les
928 2538 1155 2578 personnes
1175 2524 1251 2576 qui
1275 2536 1325 2563 ne
1346 2528 1440 2563 sont
1463 2535 1532 2572 pas
1563 2523 1790 2570 abonnées,
1814 2526 1907 2560 sont

774 2582 912 2632 priées
932 2582 983 2620 de
1004 2580 1172 2630 joindre
1196 2583 1219 2616 A
1242 2578 1335 2618 leur
1359 2578 1479 2618 lettre
1503 2588 1559 2616 un
1602 2576 1906 2624 timbre-poste

774 2647 883 2684 pour
907 2635 944 2672 la
965 2638 1159 2683 réponse,
1182 2632 1264 2671 afin
1288 2631 1502 2671 d’obtenir
1539 2630 1599 2668 les
1639 2635 1783 2670 autree
1807 2639 1907 2667 ren¬

774 2687 1064 2738 seignements
1083 2686 1212 2738 qu’ils
1235 2694 1420 2736 peuvent
1442 2683 1618 2723 désirer.

829 2743 904 2780 Les
927 2751 1155 2791 personnes
1175 2740 1419 2788 étrangères
1452 2739 1476 2776 à
1516 2736 1558 2776 la
1598 2735 1696 2775 ville
1735 2735 1812 2787 qui
1854 2747 1906 2775 ne

778 2795 1028 2832 voudraient
1051 2806 1123 2843 pas
1144 2794 1250 2831 faire
1274 2804 1328 2831 un
1352 2802 1515 2842 aoyage
1534 2792 1556 2828 à
1574 2790 1784 2828 Marseille
1803 2802 1908 2839 pour

775 2854 915 2886 entrer
954 2858 1003 2885 en
1042 2847 1246 2884 relations
1280 2856 1380 2884 avec
1423 2846 1459 2883 la
1492 2855 1704 2894 pevsonne
1740 2843 1906 2882 choisie

776 2900 882 2939 dans
903 2899 962 2938 les
983 2899 1183 2938 colonnes
1203 2898 1258 2936 du
1280 2898 1387 2938 Lien
1407 2898 1459 2935 du
1479 2899 1679 2948 Mariage,
1698 2898 1908 2935 voudront

776 2952 876 2991 bien
918 2963 1026 2991 nous
1064 2952 1254 2991 adresser
1287 2951 1380 2990 leur
1416 2950 1754 3000 photographie;
1799 2960 1908 2988 nous

775 3004 870 3044 leur
891 3004 1171 3056 indiquerons
1191 3018 1267 3055 par
1287 3004 1392 3044 écrit
1418 3004 1454 3042 le
1476 3015 1633 3054 moyen
1650 3003 1834 3043 d’entrer
1855 3014 1906 3042 en

775 3058 980 3098 relations
999 3070 1099 3098 avec
1122 3058 1162 3096 la
1184 3068 1392 3107 personne
1412 3058 1576 3096 choisie
1592 3069 1646 3095 ou
1670 3068 1770 3096 avec
1791 3062 1907 3095 toute

776 3120 896 3150 autre
919 3123 1123 3160 personne
1144 3111 1194 3150 de
1218 3122 1292 3150 nos
1315 3111 1548 3150 nombreux
1570 3111 1772 3156 abonnés,
1806 3110 1908 3147 dont

778 3166 912 3214 grand
932 3164 1111 3204 nombre
1134 3175 1187 3204 ne
1206 3164 1392 3214 figurent
1414 3176 1487 3215 pas
1507 3163 1612 3202 dans
1635 3163 1672 3202 le
1692 3162 1878 3214 journal.

847 3385 1121 3455 AUX
1193 3383 1845 3455 FAMILLES

832 3578 948 3618 Nous
970 3587 1020 3615 ne
1042 3576 1235 3615 donnons
1255 3586 1424 3614 aucune
1446 3575 1556 3614 suite
1578 3584 1659 3611 aux
1680 3571 1912 3611 demandes

776 3631 850 3670 des
874 3640 1100 3680 personnes
1120 3630 1354 3678 divorcées,
1378 3628 1412 3668 si
1438 3627 1472 3667 le
1494 3626 1716 3678 jugement
1740 3626 1808 3664 n’a
1840 3636 1912 3675 pas

776 3684 843 3724 été
866 3684 1075 3734 prononcé
1095 3684 1368 3723 absolument
1394 3692 1447 3720 en
1468 3680 1563 3719 leur
1580 3680 1748 3719 faveur.

831 3760 947 3799 Nous
984 3772 1036 3799 ne
1072 3771 1180 3800 nous
1218 3770 1434 3810 occupons
1466 3770 1548 3808 que
1580 3758 1652 3796 des
1684 3767 1914 3808 personnes

779 3812 1034 3854 honorables
1055 3819 1094 3854 et
1115 3815 1144 3852 il
1168 3820 1230 3854 est
1256 3812 1411 3852 inutile
1438 3814 1487 3851 de
1508 3823 1551 3851 se
1574 3811 1790 3862 présenter
1811 3810 1912 3850 chez

780 3879 888 3907 nous
908 3880 963 3906 ou
986 3868 1035 3907 de
1062 3879 1170 3906 nous
1191 3867 1296 3904 faire
1318 3864 1490 3915 appeler
1511 3867 1534 3903 à
1556 3864 1758 3904 domicile
1790 3864 1826 3903 si
1859 3876 1912 3902 on

782 3932 834 3960 ne
854 3920 1006 3960 réalise
1031 3931 1100 3970 pas
1120 3924 1228 3959 cette
1250 3918 1486 3958 condition.

838 3986 914 4024 Les
952 3994 1183 4034 personnes
1215 3983 1291 4032 qui
1326 3982 1579 4020 s’adressent
1610 3982 1631 4018 à
1668 3979 1708 4016 la
1748 3978 1915 4017 maison

782 4043 876 4076 sont
895 4036 1030 4086 priées
1044 4038 1094 4074 de
1110 4035 1275 4085 joindre
1295 4044 1350 4070 un
1368 4032 1522 4070 timbre
1539 4043 1647 4080 pour
1664 4031 1702 4068 la
1718 4032 1915 4079 réponse;

783 4096 899 4130 toute
922 4088 1042 4130 lettre
1064 4100 1150 4127 non
1171 4084 1407 4124 affranchie
1430 4091 1490 4123 est
1512 4083 1694 4123 refusée.

838 4160 896 4199 On
936 4166 994 4198 est
1035 4158 1128 4207 prié
1163 4156 1212 4195 de
1244 4154 1414 4206 joindre
1446 4159 1595 4192 autant
1623 4164 1707 4203 que
1736 4150 1919 4202 possible

784 4224 870 4252 une
890 4210 1200 4262 photographie
1223 4214 1262 4247 et
1279 4208 1330 4247 de
1351 4208 1514 4247 donner
1534 4206 1744 4258 quelques
1766 4204 1920 4244 détails

787 4278 862 4304 sur
902 4266 939 4303 la
972 4263 1178 4303 situation
1211 4262 1262 4302 de
1298 4262 1468 4300 fortune
1500 4260 1550 4300 de
1587 4260 1626 4299 la
1663 4271 1870 4310 personne
1898 4260 1920 4298 à

786 4318 956 4356 marier.

840 4390 951 4427 Pour
972 4398 1080 4425 nous
1100 4386 1234 4424 éviter
1255 4384 1328 4422 des
1358 4383 1627 4430 recherches,
1652 4382 1712 4420 les
1744 4392 1922 4431 person¬

787 4452 864 4480 nes
902 4442 978 4491 qui
1011 4439 1151 4476 feront
1187 4448 1243 4475 un
1278 4436 1403 4475 choix
1424 4436 1528 4474 dans
1555 4435 1611 4472 les
1642 4434 1843 4472 colonnes
1863 4435 1922 4471 du

790 4495 898 4534 Lien
930 4492 980 4531 du
1011 4491 1200 4543 Mariage
1206 4522 1215 4539 ,
1239 4490 1356 4528 n’ont
1378 4488 1478 4539 qu’à
1510 4499 1616 4526 nous
1648 4486 1843 4538 rappeler
1883 4486 1922 4525 le

790 4547 972 4587 numéro
992 4544 1067 4595 qui
1092 4543 1267 4593 précède
1291 4543 1330 4580 la
1352 4540 1628 4592 proposition.

844 4611 956 4651 Tous
995 4610 1056 4650 les
1096 4607 1459 4658 renseignements
1498 4607 1660 4647 donnés
1700 4618 1774 4656 par
1816 4615 1924 4646 nous

791 4671 886 4706 sont
906 4664 1100 4714 gratuits.

844 4742 900 4780 La
936 4739 1298 4791 correspondance
1336 4742 1398 4778 est
1435 4738 1624 4779 adressée
1656 4748 1756 4778 sous
1795 4750 1924 4778 enve¬

790 4794 916 4846 loppe
936 4794 1166 4843 ordinaire,
1190 4803 1287 4832 sans
1322 4802 1491 4830 aucune
1524 4791 1778 4840 inscription
1811 4794 1924 4832 exté¬

790 4850 932 4890 rieure
954 4851 1074 4886 autre
1094 4859 1178 4898 que
1200 4846 1399 4884 l’adresse
1420 4844 1471 4883 de
1492 4846 1532 4882 la
1558 4856 1776 4894 personne.

844 4915 922 4954 Les
954 4912 1144 4952 abonnés
1174 4910 1290 4950 seuls
1319 4914 1392 4948 ont
1423 4908 1532 4948 droit
1554 4910 1576 4947 à
1607 4920 1690 4947 une
1720 4908 1923 4947 insertion

792 4970 843 5008 de
874 4968 972 5018 cinq
1007 4966 1154 5015 lignes,
1178 4963 1308 5015 qu’ils
1340 4963 1582 5012 rédigeront
1602 4964 1624 5000 à
1652 4962 1744 5002 leur
1774 4974 1927 5000 conve¬

792 5032 946 5062 nance.

848 5095 923 5132 Les
944 5090 1274 5142 photographies
1294 5095 1334 5128 et
1356 5095 1498 5128 autres
1531 5088 1671 5138 pièces
1700 5088 1883 5127 confiées
1904 5088 1927 5126 à

792 5146 835 5186 la
856 5146 1014 5186 Maison
1036 5150 1131 5186 sont
1152 5143 1335 5184 rendues
1368 5155 1450 5183 aux
1484 5142 1710 5183 intéressés
1739 5143 1859 5194 après
1886 5140 1927 5180 la

794 5199 1054 5240 célébration
1075 5200 1132 5239 du
1155 5199 1360 5248 mariage.

846 5271 923 5308 Les
946 5280 1171 5318 personnes
1191 5270 1267 5318 qui
1287 5274 1382 5307 sont
1403 5268 1631 5307 satisfaites
1651 5270 1702 5307 de
1730 5280 1804 5307 nos
1832 5280 1927 5307 ser¬

795 5323 908 5362 vices
931 5320 1139 5360 voudront
1160 5320 1259 5359 bien
1275 5320 1608 5371 communiquer
1629 5326 1744 5360 notre
1760 5320 1928 5359 adresse

794 5378 818 5415 à
838 5376 953 5415 leurs
974 5374 1097 5423 amis,
1123 5379 1379 5423 promettant
1399 5374 1450 5412 de
1472 5372 1648 5423 remplir
1678 5374 1718 5412 le
1754 5374 1930 5412 mandat

794 5428 903 5480 qu’il
950 5438 1060 5467 nous
1107 5427 1366 5476 donneront,
1415 5438 1471 5466 au
1519 5426 1666 5466 mieux
1714 5426 1764 5466 de
1815 5426 1930 5466 leurs

796 5483 988 5522 intérêts.

2028 632 2067 671 Si
2094 631 2130 671 le
2152 628 2356 671 domicile
2379 628 2484 667 n’est
2507 639 2578 676 pas
2612 627 2744 668 établi
2782 638 2855 678 par
2895 626 2958 664 six
2998 624 3107 664 mois

1974 686 2024 724 de
2048 686 2279 732 résidence,
2298 686 2358 722 les
2380 680 2667 732 publications
2684 682 2862 720 devront
2878 680 2964 719 être
2983 678 3110 716 faites

1974 740 1996 778 à
2036 738 2076 778 la
2118 735 2418 786 municipalité
2456 734 2514 772 du
2555 734 2724 774 dernier
2756 732 2959 774 domicile
2984 738 3024 771 et
3054 743 3106 770 en

1974 799 2094 831 outre
2132 803 2184 830 au
2226 788 2428 828 domicile
2462 787 2512 826 de
2547 798 2651 826 ceux
2679 800 2778 827 sous
2812 787 2851 826 la
2883 786 3107 838 puissance

1974 846 2171 896 desquels
2191 855 2234 883 se
2272 847 2470 882 trouvent
2507 840 2566 879 les
2598 840 2751 890 parties
2780 846 3103 880 contractantes.

2027 939 2171 979 Pièces
2191 939 2214 976 à
2235 935 2436 987 produire
2458 935 2480 972 à
2498 932 2539 971 la
2560 932 2706 972 Mairie
2724 946 2732 972 :

2031 1028 2064 1066 t°
2096 1027 2232 1064 L’acte
2252 1024 2303 1063 de
2322 1023 2540 1063 naissance
2558 1022 2630 1062 des
2646 1022 2754 1060 deux
2771 1022 2912 1062 futurs
2927 1023 3107 1062 dûment

1976 1079 2174 1130 légalisés
2198 1091 2207 1126 ;

2027 1146 2064 1183 2"
2087 1144 2140 1183 Le
2162 1146 2482 1183 consentement
2503 1142 2664 1180 notarié
2683 1140 2756 1179 des
2774 1140 2890 1190 pères
2911 1144 2950 1179 et
2971 1140 3108 1180 mères

1974 1199 2051 1250 qui
2092 1210 2142 1236 ne
2186 1202 2367 1247 peuvent
2410 1196 2444 1234 le
2478 1194 2640 1234 donner
2678 1195 2967 1232 verbalement
3004 1195 3027 1231 à
3068 1194 3108 1231 la

1976 1250 2120 1291 Mairie
2142 1263 2195 1288 au
2219 1255 2411 1288 moment
2431 1248 2480 1286 de
2502 1248 2623 1287 l’acte
2646 1247 2702 1286 du
2726 1246 2914 1296 mariage
2937 1259 2946 1295 ;

2028 1316 2066 1355 3*
2096 1316 2138 1355 Si
2159 1314 2198 1354 le
2220 1316 2316 1364 père
2338 1318 2378 1352 et
2402 1319 2439 1351 la
2463 1314 2576 1352 mère
2596 1318 2691 1354 sont
2720 1311 2915 1360 décédés,
2938 1323 2991 1350 ou
3018 1310 3108 1350 l’un

1975 1370 2115 1416 d’eux,
2139 1367 2170 1407 il
2190 1368 2282 1407 faut
2302 1367 2470 1407 fournir
2490 1366 2583 1404 leur
2603 1374 2694 1406 acte
2711 1366 2762 1404 de
2783 1366 2906 1406 décès
2927 1365 3110 1404 dûment

1979 1423 2154 1472 légalisé
2178 1434 2187 1471 ;

2030 1488 2066 1526 4°
2098 1488 2206 1526 Dans
2226 1486 2264 1526 le
2284 1498 2355 1526 cas
2375 1486 2424 1524 de
2446 1484 2568 1524 décès
2590 1484 2662 1524 des
2694 1486 2788 1535 père
2820 1490 2859 1523 et
2888 1486 3018 1534 mère,
3040 1483 3107 1523 s’il

1978 1543 2106 1580 existe
2148 1552 2204 1579 un
2244 1540 2496 1590 grand-père
2528 1551 2580 1576 ou
2624 1550 2706 1578 une
2735 1539 3019 1587 grand'mère,
3052 1550 3107 1576 ou

1976 1595 2132 1634 arrière
2174 1592 2430 1642 grand-père
2463 1598 2502 1630 et
2531 1592 2687 1631 arrière
2707 1591 2840 1642 grand
2844 1592 2852 1608 1
2858 1592 2990 1642 mère.,
3014 1591 3108 1630 leur

1978 1652 2299 1687 consentement
2320 1652 2379 1684 est
2400 1644 2651 1684 nécessaire.

2031 1701 2140 1738 Pour
2174 1710 2232 1736 un
2264 1698 2438 1735 mineur
2460 1710 2468 1736 :

2038 1760 2068 1796 1*
2107 1758 2138 1795 Il
2180 1758 2271 1795 faut
2312 1756 2351 1795 la
2388 1756 2584 1806 présence
2622 1768 2676 1795 ou
2712 1755 2751 1795 le
2787 1759 3108 1795 consentement

1980 1811 2142 1851 notarié
2167 1810 2224 1848 du
2246 1815 2390 1848 tuteur
2410 1822 2419 1858 ;

2031 1871 2070 1908 2°
2100 1870 2187 1908 Une
2223 1869 2503 1908 délibération
2546 1870 2600 1908 du
2647 1868 2810 1908 Conseil
2850 1868 2899 1908 de
2940 1868 3108 1908 famille

1982 1923 2170 1975 lorsqu'il
2203 1923 2323 1972 s’agit
2356 1923 2457 1960 d’un
2491 1923 2688 1972 orphelin
2710 1923 2760 1962 de
2784 1924 2880 1972 père
2903 1927 2942 1962 et
2962 1935 3047 1974 que
3072 1924 3107 1962 la

1980 1980 2094 2016 mère
2112 1988 2167 2015 ou
2192 1975 2364 2016 l’aïeule
2384 1980 2478 2015 sont
2500 1976 2676 2014 tutrices
2699 1988 2708 2023 ;

2032 2030 2143 2068 Dans
2164 2040 2307 2067 aucun
2328 2039 2413 2076 cas,
2438 2038 2496 2066 un
2519 2027 2690 2066 mineur
2712 2039 2763 2064 ne
2786 2031 2886 2075 peut
2915 2031 3110 2066 contrac¬

1982 2091 2040 2123 ter
2062 2082 2250 2131 mariage
2271 2092 2367 2119 sans
2391 2082 2428 2119 le
2450 2086 2767 2119 consentement
2788 2080 2839 2119 de
2859 2090 2924 2119 ses
2944 2086 3112 2130 parents

1980 2150 2031 2176 ou
2059 2143 2236 2174 tuteurs.

2034 2200 2071 2238 5°
2102 2199 2178 2239 Les
2200 2196 2320 2238 veufs
2342 2196 2512 2236 doivent
2535 2198 2731 2248 produire
2755 2198 2875 2239 l’acte
2906 2198 2956 2238 de
2988 2198 3111 2239 décès

1983 2252 2156 2303 légalisé
2178 2252 2227 2292 de
2250 2252 2340 2291 leur
2362 2251 2552 2302 conjoint
2574 2251 2731 2291 décédé
2756 2264 2764 2300 ;

2034 2320 2070 2359 6°
2102 2319 2162 2358 Un
2200 2318 2404 2359 certificat
2443 2316 2494 2355 de
2534 2315 2556 2355 6
2598 2316 2706 2355 mois
2744 2316 2795 2354 de
2834 2316 3051 2355 résidence
3088 2318 3112 2354 à

1983 2372 2204 2420 Marseille,
2227 2371 2390 2410 délivré
2412 2382 2483 2419 par
2506 2370 2540 2408 le
2563 2368 2856 2408 commissaire
2883 2370 2934 2407 de
2959 2368 3108 2418 police,

1982 2439 2088 2478 pour
2108 2426 2168 2464 les
2190 2434 2416 2475 personnes
2436 2423 2512 2474 qui
2535 2423 2606 2474 n’y
2628 2428 2719 2460 sont
2744 2434 2814 2471 pas
2838 2423 2934 2460 nées
2955 2434 2964 2471 ;

2034 2492 2070 2530 7”
2091 2491 2150 2530 On
2171 2490 2258 2528 doit
2278 2488 2462 2540 justifier
2482 2488 2531 2526 de
2552 2500 2598 2527 sa
2619 2487 2844 2527 libération
2868 2487 2926 2526 du
2948 2487 3111 2526 service

1983 2546 2202 2590 militaire,
2224 2543 2303 2583 soit
2328 2555 2398 2592 par
2418 2554 2492 2582 son
2514 2542 2662 2591 congé,
2686 2548 2767 2580 soit
2790 2552 2862 2591 par
2894 2552 2952 2580 un
2986 2540 3112 2579 certi¬

1980 2600 2079 2639 ficat
2100 2599 2150 2638 de
2171 2596 2399 2638 libération
2423 2608 2432 2647 ;

2034 2666 2071 2704 8°
2100 2664 2159 2703 Eu
2179 2669 2301 2704 outre
2322 2663 2395 2702 des
2419 2663 2556 2711 pièces
2576 2662 2783 2700 énoncées
2804 2659 3030 2707 ci-dessus,
3052 2659 3114 2698 les

1982 2730 2211 2770 personnes
2231 2716 2448 2756 divorcées
2467 2714 2647 2754 devront
2670 2712 2866 2764 produire
2890 2724 2946 2752 un
2963 2712 3111 2752 extrait,

1980 2775 2034 2812 du
2058 2774 2282 2823 jugement
2302 2768 2412 2810 ainsi
2426 2782 2510 2820 que
2528 2770 2648 2807 l’acte
2664 2767 2720 2806 du
2744 2767 2912 2806 divorce
2931 2768 3112 2804 dûment

1980 2826 2211 2876 enregistré
2232 2831 2271 2864 et
2295 2823 2487 2864 transcrit
2507 2824 2526 2860 à
2553 2823 2594 2860 la
2618 2822 2759 2860 Mairie
2782 2832 2791 2871 ;

2034 2892 2071 2931 9°
2102 2892 2283 2942 Lorsque
2323 2890 2384 2930 les
2423 2894 2590 2939 parents
2636 2886 2823 2927 refusent
2870 2884 2922 2924 de
2951 2886 3112 2923 donner

1980 2944 2074 2984 leur
2098 2947 2416 2984 consentement
2436 2955 2489 2980 au
2514 2943 2702 2991 mariage
2738 2940 2866 2979 d’une
2909 2950 3111 2988 personne

1983 2998 2187 3048 majeure,
2212 2998 2242 3035 il
2278 3003 2374 3047 peut
2412 2998 2499 3036 être
2538 2996 2655 3047 passé
2684 3007 2738 3034 ou
2748 3003 2804 3034 ire
2827 3006 2878 3032 an
2904 2991 3108 3042 mariage,

1980 3054 2102 3103 après
2120 3051 2214 3091 leur
2231 3051 2350 3090 avoir
2370 3050 2448 3088 fait
2468 3050 2542 3088 des
2562 3056 2674 3088 actes
2696 3050 2747 3087 de
2767 3052 2927 3098 respect
2950 3044 3111 3084 variant

1980 3107 2030 3144 de
2054 3118 2110 3144 un
2134 3107 2156 3144 à
2179 3104 2278 3143 trois
2311 3111 2348 3143 et
2384 3104 2504 3143 s'être
2531 3103 2748 3142 conformé
2782 3114 2863 3139 aux
2903 3099 3111 3151 prescrip¬

1984 3159 2094 3199 tions
2114 3159 2186 3196 des
2204 3163 2280 3198 art.
2311 3158 2380 3196 144
2403 3163 2442 3196 et
2468 3156 2538 3195 154
2559 3156 2614 3194 du
2639 3155 2740 3194 code
2760 3154 2862 3194 civil
2888 3166 2896 3200 ;

2040 3225 2098 3260 10°
2128 3224 2238 3260 Pour
2262 3223 2298 3260 la
2318 3222 2515 3272 question
2535 3220 2607 3259 des
2627 3219 2891 3259 cérémonies
2912 3216 3110 3267 religieu¬

1982 3287 2060 3324 ses,
2083 3275 2304 3315 s’adresser
2323 3275 2496 3314 suivant
2526 3274 2563 3312 le
2594 3274 2708 3312 culte
2730 3276 2751 3311 à
2777 3272 2815 3311 la
2839 3271 3035 3323 paroisse,
3056 3283 3110 3311 au

1982 3327 2228 3368 consistoire
2250 3334 2479 3378 protestant
2499 3339 2554 3366 ou
2575 3339 2628 3366 au
2652 3327 2766 3367 culte
2788 3326 2987 3367 Israélite.

2036 3410 2207 3448 L’Office
2228 3410 2466 3456 Mondonet,
2488 3408 2554 3455 47,
2578 3420 2652 3446 rue
2682 3408 2732 3444 de
2766 3407 2804 3443 la
2839 3408 2980 3452 Darse,
3015 3412 3114 3454 peut

1983 3474 2026 3499 se
2058 3462 2235 3508 charger
2270 3462 2319 3498 de
2354 3466 2490 3496 toutes
2524 3448 2582 3498 lés
2611 3458 2850 3496 formalités
2887 3458 3038 3495 civiles
3075 3462 3115 3495 et

1986 3512 2234 3560 religieuses
2254 3512 2287 3550 si
2314 3512 2370 3550 les
2390 3510 2542 3550 clients
2564 3510 2624 3547 lui
2647 3510 2832 3548 contient
2852 3520 2899 3548 ce
2920 3508 3027 3548 soin.

2042 3565 2204 3604 L’office
2227 3564 2447 3604 Mondonet
2480 3575 2530 3602 ne
2562 3562 2719 3616 perçoit
2756 3563 2830 3603 des
2868 3563 3115 3604 honoraires

1983 3619 2080 3670 qu’a
2086 3619 2179 3670 près
2202 3618 2240 3656 la
2262 3618 2520 3658 célébration
2543 3618 2599 3656 du
2622 3618 2827 3667 mariage.

2091 3809 2643 3879 RENSEIGNEMENTS
2695 3797 3005 3873 GÉNÉRAUX

1987 3900 2334 3940 concernant
2370 3896 2447 3935 les
2480 3894 2715 3934 Veuves
2746 3894 3119 3946 pensionnées

2043 4047 2160 4086 Gland
2179 4044 2355 4084 nombre
2376 4044 2426 4082 de
2447 4044 2592 4082 dames
2612 4042 2822 4092 jouissant
2842 4043 2971 4082 d’une
3014 4055 3120 4092 pen¬

1991 4100 2083 4139 sion
2106 4100 2156 4139 de
2179 4098 2346 4139 retraite
2370 4110 2440 4147 par
2460 4096 2571 4136 suite
2592 4096 2649 4135 du
2672 4096 2794 4135 décès
2815 4096 2866 4135 de
2891 4096 2984 4136 leur
3011 4098 3119 4136 mari

1991 4159 2084 4192 sont
2123 4152 2376 4203 persuadées
2414 4150 2592 4202 qu’elles
2632 4150 2870 4199 perdraient
2903 4163 2971 4190 ces
2992 4151 3123 4191 droits

1992 4208 2016 4247 à
2034 4207 2075 4246 la
2096 4207 2264 4247 retraite
2295 4218 2329 4244 si
2363 4204 2467 4244 elles
2498 4204 2804 4243 contractaient
2838 4215 2920 4244 une
2940 4206 3122 4244 seconde

1994 4260 2143 4300 union.
2183 4259 2288 4296 C’est
2323 4270 2404 4296 une
2439 4256 2642 4307 profonde
2668 4269 2812 4296 erreur
2832 4258 2868 4296 si
2890 4268 2958 4296 ces
2979 4259 3126 4296 dames

1992 4319 2086 4352 sont
2123 4312 2403 4362 pensionnées
2439 4311 2490 4348 de
2528 4308 2648 4347 l’Etat
2672 4323 2682 4358 ;
2714 4322 2783 4348 car
2820 4315 2927 4348 cette
2948 4310 3122 4359 pension

1995 4366 2099 4403 n’est,
2139 4375 2212 4412 pas
2252 4374 2334 4400 une
2374 4362 2539 4410 faveur,
2580 4363 2682 4400 c’est
2719 4374 2775 4399 un
2810 4362 2920 4399 droit
2946 4362 3127 4412 qu’elles

1996 4419 2188 4456 tiennent
2208 4427 2259 4454 en
2283 4419 2400 4454 vertu
2423 4415 2550 4452 d’une
2583 4414 2655 4454 loi.
2699 4414 2752 4452 La
2783 4414 2838 4452 loi
2859 4414 2916 4452 du
2939 4415 3127 4464 mariage

1995 4471 2111 4510 étant
2148 4467 2510 4508 essentiellement
2538 4466 2712 4516 morale,
2740 4479 2788 4506 ne
2831 4474 2928 4516 peut
2970 4468 3128 4507 édicter

1996 4524 2070 4562 des
2107 4522 2471 4572 empêchements,
2495 4520 2567 4559 des
2592 4520 2799 4559 obstacles
2831 4533 2884 4559 au
2922 4522 3126 4572 mariage,

1996 4588 2064 4616 ces
2084 4575 2434 4624 empêchements
2467 4572 2650 4614 seraient
2688 4572 2930 4615 considérés
2959 4587 3128 4615 comme

1998 4631 2240 4670 immoraux
2262 4635 2300 4668 et
2324 4640 2396 4679 par
2416 4631 2679 4679 conséquent
2700 4628 2934 4670 contraires
2952 4631 2974 4668 à
2992 4628 3030 4668 la
3055 4630 3124 4670 loi.

1999 4684 2074 4723 Les
2115 4694 2270 4720 veuves
2310 4683 2627 4730 pensionnaires
2658 4683 2707 4721 de
2738 4682 2751 4720 1
2758 4683 2858 4722 ’Eiat.
2881 4694 2931 4722 ne
2955 4684 3128 4732 perdent

1998 4739 2106 4778 donc
2130 4747 2200 4787 pas
2220 4734 2314 4774 leur
2335 4734 2511 4794 pension
2548 4736 2592 4774 ni
2623 4746 2698 4784 par
2731 4747 2787 4774 un
2811 4736 2980 4786 second,
3005 4740 3048 4775 ni
3072 4748 3130 4776 un

2000 4791 2216 4834 troisième
2240 4787 2441 4836 mariage.

2051 4847 2127 4884 Les
2150 4854 2306 4884 veuves
2328 4842 2607 4894 pensionnées
2628 4852 2702 4891 par
2726 4840 2787 4880 les
2816 4843 3132 4892 départements

1999 4904 2186 4950 peuvent
2222 4896 2362 4938 seules
2402 4895 2492 4934 voir
2530 4895 2771 4944 supprimer
2808 4902 2916 4935 cette
2954 4896 3131 4947 pension

2000 4964 2072 5002 par
2098 4963 2153 4990 un
2174 4954 2326 4991 second
2368 4951 2555 4998 mariage
2592 4950 2699 4986 dans
2730 4947 2914 4987 certains
2946 4960 3016 4988 cas
3036 4958 3075 4987 et
3098 4950 3131 4988 si

1999 5011 2106 5044 cette
2139 5005 2314 5054 pension
2350 5016 2374 5043 a
2403 5003 2470 5043 été
2499 5000 2699 5040 accordée
2722 5002 2744 5039 à
2768 5002 2862 5040 titre
2883 5000 2932 5040 de
2963 5014 3134 5042 secours

2000 5056 2268 5108 temporaire.

2054 5112 2083 5150 D
2100 5111 2291 5158 ailleurs,
2318 5109 2354 5147 le
2375 5110 2470 5147 titre
2491 5110 2540 5148 de
2563 5108 2738 5160 pension
2762 5112 2876 5160 porte
2898 5119 2948 5148 en
2970 5121 3130 5162 marge,

2000 5178 2054 5208 en
2075 5171 2212 5206 toutes
2235 5163 2390 5213 lettres,
2418 5174 2486 5202 ces
2506 5163 2707 5203 réserves.

2006 5382 2378 5486 OFFRES
2462 5386 2574 5482 DE
2650 5382 3130 5482 MARIAGES

852 5558 1019 5598 Ouvert
1056 5560 1154 5595 tous
1191 5555 1250 5595 les
1272 5558 1406 5610 jours
1438 5556 1491 5595 de
1523 5558 1552 5595 2
1578 5558 1603 5594 à
1626 5558 1652 5595 8
1675 5555 1832 5595 heures
1866 5556 1927 5595 du

795 5611 890 5651 soir
895 5624 904 5660 ,
927 5614 966 5650 et
990 5611 1050 5650 les
1070 5610 1327 5650 dimanches
1336 5611 1448 5663 jusq
1455 5608 1527 5650 u’à
1549 5610 1664 5650 midi

835 5793 1271 5871 FORMALITÉS
1319 5803 1491 5869 POUR
1539 5803 1891 5871 MARIAGES

848 5964 926 6003 Les
974 5960 1262 6012 publications
1300 5960 1351 5999 de
1392 5960 1580 6010 mariage
1628 5962 1801 6000 doivent
1848 5962 1934 6000 être

796 6018 920 6056 faites
940 6018 964 6055 à
988 6018 1028 6055 la
1050 6012 1195 6055 Mairie
1215 6013 1323 6052 deux
1355 6014 1608 6054 dimanches
1628 6015 1679 6054 de
1702 6016 1812 6055 suite
1836 6019 1875 6054 et
1896 6014 1934 6052 le

798 6071 987 6120 mariage
1028 6080 1079 6108 ne
1122 6072 1222 6119 peut
1262 6067 1382 6106 avoir
1416 6067 1503 6107 lieu
1546 6080 1628 6120 que
1668 6079 1769 6108 onze
1818 6068 1936 6119 jours

798 6123 942 6163 francs
960 6124 1082 6174 après
1104 6120 1144 6160 la
1167 6122 1375 6171 première
1396 6120 1679 6170 publication.

2176 5576 2596 5622 DEMOISELLES
2634 5576 2699 5620 ET
2732 5576 2963 5620 VEUVES

2058 5719 2147 5759 401.
2172 5744 2222 5750 —
2260 5720 2530 5770 Demoiselle,
2564 5722 2614 5762 30
2652 5732 2742 5764 ans.
2783 5720 2998 5771 instruite,
3038 5722 3134 5762 bien

2006 5774 2163 5819 élevée,
2202 5776 2287 5815 fille
2312 5778 2486 5827 unique,
2510 5776 2671 5815 femme
2691 5775 2955 5822 d’intérieur,
2998 5776 3136 5824 possé¬

2006 5828 2100 5867 dant
2126 5827 2246 5874 2,000
2267 5830 2336 5879 fr.,
2363 5842 2418 5869 un
2443 5830 2547 5868 beau
2571 5835 2807 5874 trousseau,
2839 5831 3086 5876 espérances
3112 5831 3135 5870 à

2007 5880 2127 5922 venir
2147 5880 2292 5934 30,000
2312 5883 2384 5935 fr.,
2407 5895 2450 5924 se
2471 5882 2660 5923 mettrait
2679 5884 2703 5922 à
2727 5882 2764 5920 la
2787 5882 2867 5920 tête
2887 5883 2990 5923 d’un
3010 5895 3130 5924 com¬

2007 5947 2160 5975 merce.

2059 6018 2151 6059 402.
2178 6040 2224 6047 —
2246 6018 2512 6070 Demoiselle,
2535 6019 2584 6058 47
2606 6030 2696 6067 ans,
2726 6018 2896 6060 fortune
2922 6022 3038 6070 1,500
3060 6023 3132 6070 fr.,

2006 6078 2137 6124 ayant
2158 6083 2215 6111 un
2234 6083 2471 6115 commerce
2503 6075 2554 6114 de
2590 6072 2807 6123 mercerie,
2832 6086 2890 6114 un
2911 6076 3016 6115 beau
3042 6086 3135 6114 mo¬

2006 6126 2148 6174 bilier,
2172 6127 2409 6175 épouserait
2430 6140 2491 6168 un
2514 6126 2687 6167 ouvrier
2707 6139 2759 6167 ou
2783 6128 2958 6168 artisan.

3234 628 3324 667 405.
3352 652 3395 659 —
3416 631 3686 681 Demoiselle,
3710 631 3759 671 49
3779 643 3867 676 ans,
3892 634 4064 676 fortune
4086 642 4235 687 argent
4254 650 4310 676 ou

3183 680 3382 720 mobilier
3424 684 3566 734 15,000
3596 686 3666 735 fr.,
3704 687 3946 736 épouserait
3978 691 4082 730 veuf
4115 703 4212 732 sans
4232 703 4315 732 en¬

3182 732 3294 772 fants
3312 746 3367 774 ou
3390 747 3475 775 non
3496 740 3647 780 marié.

3234 815 3326 856 406.
3348 839 3399 846 —
3424 818 3583 869 Veuve,
3623 822 3672 860 42
3706 836 3794 872 ans,
3822 823 3991 863 fortune
4031 826 4152 870 9,000
4172 828 4224 867 fr.
4263 840 4316 868 en

3180 870 3356 919 actions,
3380 871 3620 921 épouserait
3643 878 3744 923 petit
3763 878 3920 918 rentier
3940 890 3992 918 ou
4018 878 4192 919 artisan.

3234 952 3324 994 407.
3347 978 3396 983 —
3419 954 3690 1006 Demoiselle,
3707 958 3756 998 46
3772 972 3862 1010 ans,
3884 963 4055 1003 fortune
4079 962 4227 1014 12,000
4244 962 4316 1015 fr.,

3182 1008 3395 1059 tailleuse,
3418 1010 3660 1060 épouserait
3683 1023 3740 1050 un
3764 1015 3918 1056 marin.

3234 1091 3324 1132 409.
3343 1115 3392 1120 —
3414 1091 3683 1139 Demoiselle,
3700 1091 3750 1131 44
3774 1106 3863 1143 ans,
3882 1099 4106 1146 possédant
4130 1099 4244 1146 1,500
4260 1099 4314 1139 fr.

3182 1144 3436 1194 obligations
3456 1144 3842 1198 nu-propriétaire,
3864 1147 3915 1187 de
3939 1151 4084 1198 10,000
4107 1152 4159 1192 fr.
4184 1152 4316 1191 d’im¬

3182 1198 3392 1247 meubles,
3435 1207 3619 1248 gagnant
3659 1202 3916 1240 elle-même
3956 1203 3978 1242 5
4008 1204 4063 1243 fr.
4101 1219 4174 1256 par
4199 1204 4314 1258 jour,

3182 1251 3422 1299 épouserait
3454 1255 3627 1294 ouvrier
3660 1267 3712 1295 ou
3738 1263 4028 1307 commerçant
4058 1270 4110 1296 en
4130 1266 4315 1311 rapport.

3236 1336 3324 1376 412.
3350 1362 3399 1367 —
3431 1339 3590 1389 Veuve,
3630 1343 3679 1382 49
3720 1355 3811 1388 ans,
3850 1343 4096 1391 cuisinière,
4146 1346 4318 1387 fortune

3186 1388 3384 1439 1,500fr.,
3399 1394 3639 1443 épouserait
3656 1408 3714 1435 un
3731 1398 3811 1436 bon
3831 1410 4004 1438 ouvrier
4026 1410 4078 1438 ou
4095 1399 4312 1451 employé.

3235 1476 3326 1516 413.
3352 1500 3399 1507 —
3431 1479 3702 1532 Demoiselle,
3743 1484 3792 1524 45
3832 1498 3923 1532 ans,
3976 1486 4166 1527 titulaire
4215 1486 4319 1527 d’un

3183 1531 3345 1570 bureau
3370 1531 3419 1571 de
3443 1534 3576 1582 tabac,
3622 1538 3862 1586 épouserait
3894 1542 4095 1588 employé
4126 1552 4180 1580 ou
4216 1540 4320 1588 petit

3183 1591 3354 1624 rentier.

3235 1668 3326 1708 415.
3352 1692 3399 1699 —
3422 1668 3691 1720 Demoiselle,
3735 1671 3784 1710 35
3823 1683 3912 1722 ans,
3956 1675 4066 1715 belle
4092 1688 4316 1727 personne,

3182 1720 3282 1759 bien
3304 1722 3462 1772 élevée,
3503 1723 3671 1763 fortune
3706 1724 3827 1774 1,200
3848 1726 3918 1774 fr.,
3942 1736 4075 1775 gagne
4098 1731 4146 1770 80
4168 1732 4219 1772 fr.
4244 1744 4319 1783 par

3184 1774 3307 1823 mois,
3327 1775 3463 1815 désire
3482 1779 3660 1827 épouser
3680 1778 3786 1830 petit
3806 1778 4022 1831 employé.

3236 1863 3326 1903 416.
3352 1886 3400 1891 —
3431 1863 3699 1915 Demoiselle,
3743 1867 4018 1919 institutrice,
4043 1867 4091 1907 30
4112 1879 4203 1918 ans,
4227 1868 4319 1908 for¬

3184 1920 3284 1955 tune
3323 1918 3507 1958 actuelle
3562 1919 3676 1968 1,500
3723 1922 3774 1962 fr.
3828 1923 4131 1971 d’économies,
4180 1932 4319 1972 gagne

3186 1968 3303 2014 1,400
3323 1970 3374 2008 fr.
3398 1983 3470 2018 par
3490 1984 3559 2020 an,
3586 1975 3690 2012 beau
3716 1982 3950 2024 trousseau,
3984 1979 4132 2016 avenir
4152 1975 4204 2015 de
4242 1988 4319 2015 son

3187 2023 3280 2070 père
3298 2022 3446 2068 20,000
3467 2023 3518 2062 fr,
3544 2035 3595 2060 en
3620 2026 3867 2075 propriétés,
3891 2028 4027 2068 désire
4058 2032 4239 2080 épouser
4260 2042 4322 2071 un

3184 2072 3384 2126 employé
3408 2074 3504 2114 bien
3527 2075 3660 2115 élevé.

3238 2156 3328 2198 417.
3351 2180 3400 2186 —
3422 2156 3582 2208 Veuve,
3622 2170 3720 2199 sans
3740 2160 3923 2210 enfants,
3962 2163 4062 2211 âgée
4084 2163 4135 2202 de
4159 2163 4206 2200 58
4227 2175 4319 2214 ans,

3186 2211 3459 2263 propriétaire
3506 2212 3635 2254 d’une
3686 2215 3848 2254 maison
3899 2215 4002 2255 d’un
4050 2222 4222 2267 rapport
4268 2218 4322 2256 de

3188 2266 3331 2314 14,000
3354 2267 3423 2316 fr.,
3446 2268 3686 2316 épouserait
3707 2271 3910 2323 employé
3940 2283 3995 2310 on
4019 2271 4123 2323 petit
4144 2270 4319 2312 rentier.

3240 2347 3330 2386 418.
3359 2370 3403 2376 —
3442 2348 3712 2396 Demoiselle,
3750 2352 3851 2399 âgée
3884 2354 3935 2391 de
3958 2355 4006 2392 50
4027 2367 4118 2404 ans,
4142 2354 4324 2395 institu-

3186 2399 3290 2438 t'ice
3320 2399 3440 2447 libre,
3482 2407 3614 2452 ayant
3652 2415 3734 2442 une
3771 2403 4015 2444 institution
4054 2420 4156 2448 avec
4194 2419 4323 2448 sous-

3186 2455 3420 2499 maltresse.
3462 2463 3595 2502 gagne
3631 2456 3752 2495 2,000
3790 2456 3842 2498 fr.
3884 2470 3955 2507 par
3994 2471 4063 2507 an,
4104 2462 4224 2508 6,000
4267 2462 4320 2503 fr.

3186 2506 3484 2555 d’économies,
3503 2507 3611 2546 beau
3627 2508 3844 2559 mobilier,
3862 2511 4103 2562 épouserait
4118 2515 4320 2566 employé

3186 2571 3239 2599 on
3263 2560 3434 2600 rentier.

3238 2650 3328 2688 420.
3352 2672 3400 2679 —
3422 2651 3690 2699 Demoiselle,
3720 2651 3763 2691 19
3784 2663 3874 2700 ans,
3898 2652 4016 2703 jolie,
4042 2655 4138 2695 bien
4158 2656 4318 2707 élevée,

3188 2702 3355 2742 fortune
3378 2704 3523 2746 30,000
3548 2706 3595 2743 fr.
3622 2718 3672 2744 en
3697 2706 3928 2756 propriétés
3948 2718 4002 2746 ou
4026 2708 4204 2759 actions,
4227 2711 4318 2751 fille

3187 2755 3363 2807 unique,
3388 2758 3630 2806 épouserait
3654 2771 3711 2798 un
3736 2760 3819 2799 bon
3840 2760 4058 2812 employé.

3240 2844 3330 2884 431.
3358 2868 3400 2874 —
3422 2844 3583 2890 Veuve,
3607 2846 3656 2886 47
3679 2859 3767 2894 ans,
3791 2848 3889 2888 bien
3911 2850 4070 2900 élevée,
4092 2848 4204 2891 belle
4223 2860 4322 2900 per¬

3184 2911 3331 2946 sonne,
3358 2899 3524 2938 fortune
3548 2900 3716 2939 100.000
3740 2903 3810 2950 fr.,
3834 2904 4075 2952 épouserait
4103 2904 4322 2944 Monsieur

3184 2966 3235 2992 en
3256 2959 3426 3003 rapport
3446 2952 3566 3002 d’âge
3587 2958 3627 2991 et
3648 2954 3698 2992 de
3719 2954 3906 2995 fortune.

3238 3040 3328 3082 435.
3355 3064 3398 3070 —
3424 3040 3695 3090 Demoiselle,
3739 3043 3787 3082 26
3822 3055 3912 3091 ans,
3949 3044 4046 3083 bien
4070 3044 4228 3095 élevée,
4254 3047 4322 3084 fa¬

3186 3095 3306 3134 mille
3347 3096 3427 3134 très
3470 3095 3716 3141 honorable,
3758 3095 3828 3134 dot
3866 3096 4014 3142 65,000
4036 3096 4107 3146 fr.,
4142 3098 4324 3147 grandes

3184 3150 3432 3199 espérances
3450 3150 3570 3198 après
3590 3160 3654 3188 ses
3678 3155 3860 3202 parents,
3883 3151 4124 3203 épouserait
4142 3151 4320 3203 notaire,

3184 3203 3335 3248 avoué,
3376 3202 3579 3254 employé
3618 3203 3675 3243 du
3716 3215 4054 3254 gouvernement
4095 3218 4195 3247 avec
4218 3207 4326 3247 bons

3184 3260 3548 3307 appointements.

3238 3340 3315 3380 435
3336 3340 3419 3380 bis.
3442 3363 3492 3369 —
3532 3340 3806 3388 Demoiselle,
3835 3342 3886 3380 20
3907 3352 3998 3384 ans,
4030 3339 4119 3378 fille
4142 3339 4322 3390 unique,

3188 3393 3286 3430 bien
3324 3394 3484 3438 élevée,
3523 3392 3639 3438 jolie,
3684 3394 3756 3429 dot
3810 3392 3978 3432 100,000
4018 3391 4091 3439 fr.,
4144 3392 4324 3442 grandes

3188 3446 3448 3491 espérances,
3500 3443 3740 3491 épouserait
3790 3444 4003 3483 Monsieur
4051 3456 4102 3486 en
4154 3451 4326 3498 rapport

3188 3494 3322 3544 d’âge,
3344 3494 3616 3535 d’éducation
3638 3500 3678 3535 et
3708 3495 3759 3536 de
3782 3496 3952 3539 fortune
3974 3512 4028 3539 ou
4051 3500 4251 3554 employé
4274 3502 4326 3542 de

3191 3548 3324 3590 l’Etat.

3243 3634 3334 3671 436.
3358 3655 3408 3660 —
3430 3631 3700 3675 Demoiselle,
3716 3632 3767 3670 22
3783 3644 3874 3679 ans,
3898 3632 4018 3682 jolie,
4042 3632 4140 3671 bien
4163 3631 4324 3682 élevée,

3190 3684 3260 3722 dot
3283 3684 3403 3728 5,000
3424 3683 3479 3726 fr.
3518 3684 3568 3723 de
3606 3688 3758 3734 rentes,
3782 3686 4022 3736 épouserait
4043 3686 4255 3727 Monsieur
4274 3698 4327 3727 en

3190 3746 3358 3788 rapport
3382 3738 3500 3791 d’âge
3524 3744 3564 3778 et
3587 3739 3636 3779 de
3659 3738 3846 3782 fortune.

3244 3826 3335 3864 441.
3356 3848 3403 3855 —
3419 3827 3688 3874 Demoiselle,
3704 3828 3752 3867 34
3768 3840 3860 3876 ans,
3878 3828 4046 3868 fortune
4062 3831 4235 3878 900,000
4254 3832 4326 3880 fr.,

3194 3878 3430 3927 épouserait
3455 3878 3667 3916 Monsieur
3695 3890 3746 3916 en
3771 3888 3938 3928 rapport
3963 3882 4098 3928 d’âge,
4122 3891 4252 3931 ayant
4275 3886 4327 3923 de

3194 3930 3216 3966 2
3239 3931 3262 3966 à
3284 3928 3456 3975 300,000
3476 3930 3514 3967 fr
3538 3959 3546 3976 ,
3584 3930 3810 3968 donnerait
3834 3932 3871 3968 la
3895 3932 4136 3979 préférence
4159 3936 4182 3971 à
4204 3934 4328 3972 Mon¬

3195 3980 3310 4019 sieur
3326 3987 3458 4032 ayant
3483 3994 3538 4020 un
3562 3983 3656 4022 titre
3679 3982 3942 4024 nobitliaire.

3247 4067 3339 4111 442.
3370 4092 3412 4100 —
3443 4070 3598 4119 Veuve,
3640 4083 3735 4111 sans
3775 4072 3958 4119 enfants,
4000 4072 4050 4112 40
4090 4084 4180 4123 ans,
4220 4074 4331 4115 belle

3196 4135 3416 4175 personne,
3448 4126 3618 4166 fortune
3647 4126 3794 4175 50,000
3828 4127 3895 4177 fr.,
3939 4130 4180 4179 épouserait
4210 4128 4334 4168 Mon¬

3195 4178 3311 4216 sieur
3331 4190 3384 4215 en
3406 4184 3571 4228 rapport
3591 4179 3711 4228 d’âge
3734 4187 3772 4219 et
3796 4180 3972 4220 d’avoir.

3252 4266 3342 4304 443.
3365 4287 3416 4294 —
3455 4266 3723 4314 Demoiselle,
3758 4267 3807 4304 22
3842 4280 3932 4312 ans,
3962 4268 4072 4308 belle
4106 4284 4332 4322 personne,

3199 4317 3268 4355 dot
3288 4318 3462 4367 200,000
3483 4318 3552 4367 fr.,
3576 4319 3815 4368 épouserait
3835 4320 3998 4359 notaire
4019 4332 4072 4359 ou
4098 4327 4250 4363 avoué.

3254 4404 3343 4444 444.
3371 4428 3415 4434 —
3439 4406 3707 4455 Demoiselle,
3732 4407 3778 4446 21
3799 4419 3890 4456 ans,
3918 4410 3987 4448 dot
4030 4410 4174 4455 12,000
4195 4411 4246 4452 fr.
4282 4412 4334 4452 de

3203 4464 3354 4508 rentes,
3386 4460 3624 4510 épouserait
3647 4460 3859 4502 Monsieur
3880 4475 3931 4503 en
3952 4470 4126 4516 rapport
4154 4467 4272 4519 d’âge
4295 4474 4335 4508 et

3202 4512 3254 4552 de
3276 4512 3460 4552 fortune.

3254 4595 3346 4636 445.
3376 4618 3420 4626 —
3459 4595 3730 4648 Demoiselle,
3768 4598 3818 4638 24
3855 4611 3944 4650 ans,
3986 4602 4056 4640 dot
4090 4602 4235 4648 50,000
4266 4604 4335 4650 fr.,

3203 4650 3442 4700 épouserait
3483 4652 3696 4691 Monsieur
3728 4660 3859 4704 ayant
3893 4654 4079 4706 position
4110 4660 4148 4694 et
4171 4654 4338 4695 fortune

3204 4704 3495 4754 équivalente,

3259 4786 3347 4824 449.
3372 4807 3422 4814 —
3444 4786 3600 4835 Veuve,
3618 4798 3715 4827 sans
3732 4787 3914 4834 enfants,
3930 4787 3980 4827 46
4002 4799 4091 4839 ans,
4119 4790 4264 4842 14,000
4283 4792 4335 4835 fr.

3206 4839 3510 4878 d’immeubles
3547 4844 3587 4878 et
3611 4851 3666 4879 un
3694 4840 3794 4890 petit
3816 4852 4071 4896 commerce,
4095 4846 4338 4899 épouserait

3206 4891 3309 4931 veuf
3330 4904 3383 4931 ou
3406 4894 3562 4932 rentier
3582 4904 3683 4935 avec
3704 4895 3838 4936 avoir.

3260 4974 3350 5016 450.
3371 4999 3420 5004 —
3459 4978 3727 5031 Demoiselle,
3767 4980 3815 5022 30
3851 4994 3940 5032 ans,
3982 4984 4054 5023 dot
4086 4981 4232 5027 14,000
4266 4980 4336 5032 fr.,

3207 5030 3446 5080 épouserait
3467 5032 3684 5086 employé,
3710 5036 3868 5076 rentier
3887 5050 3943 5076 ou
3962 5038 4267 5086 commerçant.

3260 5114 3350 5154 452.
3378 5138 3423 5143 —
3463 5115 3620 5167 Veuve,
3655 5130 3752 5159 sans
3784 5120 3966 5164 enfants,
4003 5116 4051 5155 63
4082 5127 4171 5164 ans,
4196 5120 4340 5167 possé¬

3208 5167 3307 5208 dant
3355 5168 3615 5212 immeubles
3664 5172 3807 5222 18,000
3847 5171 3919 5216 fr.,
3968 5170 4067 5220 plus
4115 5171 4235 5216 5,000
4283 5174 4338 5215 fr.

3208 5230 3366 5274 argent,
3391 5236 3446 5264 un
3483 5237 3720 5266 commerce
3754 5226 3805 5263 de
3840 5223 3947 5269 vins,
3990 5223 4087 5275 plus
4120 5227 4336 5272 mobilier,

3210 5276 3448 5323 épouserait
3484 5278 3687 5327 employé
3714 5288 3768 5315 ou
3791 5276 3896 5327 petit
3914 5279 4074 5320 rentier
4094 5292 4147 5320 en
4168 5282 4342 5328 rapport

3210 5327 3343 5378 d’âge.

3263 5411 3352 5451 453.
3383 5434 3428 5440 —
3466 5411 3732 5462 Demoiselle,
3771 5415 3820 5455 36
3856 5428 3947 5465 ans,
3987 5415 4058 5452 dot
4094 5411 4238 5460 18,000
4267 5411 4339 5464 fr.,

3211 5466 3448 5515 épouserait
3470 5474 3758 5520 commerçant
3779 5483 3834 5510 ou
3855 5468 4068 5518 employé.

3262 5546 3352 5586 454.
3378 5568 3426 5575 —
3456 5546 3724 5599 Demoiselle,
3760 5551 3810 5590 36
3843 5558 3932 5594 ans,
3963 5544 4062 5583 bien
4084 5543 4244 5598 élevée,
4270 5550 4342 5591 dot

3210 5599 3330 5648 5.000
3354 5600 3420 5648 fr.,
3443 5603 3683 5654 épouserait
3703 5599 3919 5650 employé.

3262 5683 3352 5724 455.
3379 5710 3425 5715 —
3447 5684 3718 5728 Demoiselle,
3759 5682 3808 5719 25
3839 5691 3927 5730 ans,
3966 5679 4066 5722 bien
4091 5683 4251 5738 élevée,
4271 5687 4342 5727 dot

3208 5738 3355 5788 20.000
3376 5739 3446 5791 fr.,
3470 5735 3709 5791 épouserait
3732 5746 3788 5772 un
3810 5744 4115 5790 commerçant.

3262 5830 3352 5870 456.
3378 5852 3415 5856 —
3440 5822 3708 5868 Demoiselle,
3730 5822 3779 5860 30
3794 5834 3883 5870 ans,
3902 5823 4039 5866 bonne
4054 5828 4340 5874 musicienne,

3208 5884 3280 5923 dot
3319 5880 3460 5923 15,000
3499 5875 3570 5924 fr.,
3604 5874 3843 5926 épouserait
3875 5880 4091 5932 employé,
4122 5888 4344 5918 commer¬

3210 5940 3306 5988 çant
3327 5944 3383 5970 ou
3407 5928 3575 5968 rentier.

3263 6012 3355 6052 457.
3379 6034 3428 6040 —
3450 6008 3608 6058 Veuve,
3642 6010 3690 6054 50
3720 6026 3810 6064 ans,
3840 6015 3940 6055 bien
3960 6011 4118 6060 élevée,
4143 6011 4342 6067 pianiste,

3210 6064 3388 6118 pension
3430 6064 3547 6114 1,100
3579 6064 3650 6119 fr.,
3684 6068 3923 6120 épouserait
3962 6064 4262 6115 pensionnaire
4284 6083 4345 6111 ou

3208 6118 3382 6158 rentier.
