4726 7064
479 440 523 486 N
571 440 652 486 10.
680 466 737 471 —
777 438 1035 483 Deuxième
1073 438 1255 484 Année.

1838 432 2190 480 Edition
2232 432 2712 482 IVTerisvielle

3321 435 3450 483 Mois
3472 436 3741 486 d’Octobrk
3767 436 3908 484 1891.

899 1311 1553 1405 DÉLICATESSE,
1615 1307 2325 1399 HONORABILITÉ,
2381 1304 2777 1380 PROBITÉ
2831 1320 2887 1378 &
2943 1307 3493 1382 DISCRÉTION

492 1574 597 1624 ÎO
629 1572 873 1623 Cent.
905 1569 949 1619 !e
975 1567 1197 1622 Numéro

475 1680 579 1715 invoi
599 1682 715 1720 gratis
736 1682 823 1714 liovs
841 1682 875 1714 la
896 1682 992 1714 Ville
1013 1685 1048 1714 et
1070 1683 1090 1713 à
1111 1680 1271 1712 l’Etran-

475 1732 482 1739 ■
521 1724 540 1754 à
572 1726 676 1756 toute
715 1734 898 1764 personne
937 1724 1000 1764 qui
1045 1732 1091 1757 en
1136 1723 1202 1754 fait
1236 1722 1270 1754 la

480 1764 602 1798 nande
622 1774 687 1806 par
706 1761 814 1797 lettre
838 1765 1051 1803 affranchie,
1079 1767 1113 1795 et
1144 1763 1270 1795 franco

475 1815 507 1838 ts
527 1808 730 1849 enveloppe
751 1805 923 1839 cachetée
943 1803 1071 1838 contre
1095 1804 1150 1835 30
1172 1808 1268 1836 cent.

1787 1566 2083 1618 OFFICE
2139 1563 2613 1617 MONDONET

1437 1659 1502 1706 6,
1536 1658 1960 1699 Boulevard
1998 1658 2090 1696 de
2133 1655 2199 1696 la
2242 1651 2697 1708 3Vî.açfcLeleiïie
2740 1651 2831 1700 (au
2869 1650 2894 1688 1
2904 1657 2940 1677 er
2947 1651 2960 1699 )

2010 1739 2390 1784 MARSEILLE

1383 1824 1531 1858 Ouvert
1555 1823 1644 1856 tous
1663 1816 1716 1856 les
1728 1819 1848 1867 jours
1864 1818 1912 1858 de
1927 1819 1952 1858 2
1967 1816 2006 1856 h.
2026 1818 2050 1856 à
2067 1819 2091 1857 8
2106 1815 2142 1856 h.
2163 1818 2216 1858 du
2230 1819 2329 1864 soir,
2350 1822 2387 1856 et
2405 1814 2441 1856 le
2457 1812 2673 1855 dimanche
2695 1812 2739 1852 de
2761 1812 2781 1852 9
2807 1807 2843 1850 h.
2869 1807 2895 1848 à
2917 1808 3015 1848 midi

3201 1563 3305 1611 ÎO
3337 1566 3584 1615 Cent,
3615 1562 3658 1612 le
3686 1561 3909 1615 Numéro

3169 1685 3349 1726 Mariages
3364 1686 3483 1719 riches
3495 1695 3589 1727 pour
3601 1689 3727 1719 toutes
3744 1688 3797 1720 les
3816 1689 3978 1720 fortunes

3127 1730 3164 1758 et
3193 1730 3317 1758 toutes
3348 1727 3401 1760 les
3433 1728 3629 1768 positions.
3662 1728 3712 1762 La
3751 1730 3895 1762 maison
3936 1740 3978 1762 ne

3127 1767 3296 1808 s’occupe
3312 1779 3383 1810 <pie
3403 1770 3621 1802 destinions
3641 1771 3824 1811 possibles
3839 1775 3876 1803 et
3892 1780 3978 1803 sans

3128 1810 3247 1842 tâche.

418 1732 474 1760 gei

418 1766 474 1795 (Ici

418 1814 473 1838 soi

419 1856 464 1879 en

416 1995 496 2099 l.a
516 1987 760 2104 Missioa
792 1988 825 2104 fl
824 2008 864 2104 u
900 2032 928 2084 «
968 1988 1104 2105 Lien
1132 1989 1208 2105 in
1244 1989 1496 2126 Bariags
1524 2034 1552 2086 »

495 2206 679 2248 Notre
706 2206 814 2248 but
842 2206 936 2247 est
966 2203 1481 2246 essentiellement

420 2283 624 2330 moral,
660 2280 918 2322 honnête
944 2279 1003 2320 et
1030 2278 1556 2333 philanthropique

480 2402 609 2442 Dans
638 2403 770 2444 notre
791 2400 854 2442 fin
881 2399 937 2442 de
974 2398 1113 2442 siècle
1155 2399 1214 2442 où
1238 2400 1338 2442 tout
1361 2399 1555 2443 marche

423 2472 450 2514 à
488 2471 531 2514 la
556 2484 748 2530 vapeur,
773 2475 818 2514 et
854 2471 911 2512 où
948 2469 992 2514 la
1024 2472 1198 2515 société
1220 2472 1286 2515 vit
1323 2471 1443 2515 dans
1466 2484 1556 2514 une

423 2544 612 2588 activité
634 2543 890 2586 dévorante
914 2555 924 2598 ;
955 2543 1019 2587 les
1040 2543 1208 2600 jeunes
1228 2555 1348 2596 gens
1370 2542 1555 2587 sérieux

424 2616 502 2670 qui
523 2612 779 2656 cherchent
800 2615 826 2658 à
847 2628 898 2659 se
914 2617 1044 2659 créer
1068 2627 1156 2658 une
1182 2614 1383 2670 position
1407 2626 1556 2657 avan¬

422 2688 619 2739 tageuse
642 2687 785 2744 parle
808 2687 993 2738 travail,
1018 2688 1179 2731 vivant
1203 2688 1324 2730 dans
1355 2686 1418 2731 les
1443 2688 1555 2743 pré¬

418 2758 727 2814 occupations
748 2760 1022 2801 constantes
1058 2758 1169 2802 d’un
1201 2759 1364 2802 labeur
1388 2759 1556 2803 ardent

418 2840 538 2884 pour
558 2827 736 2871 arriver
755 2828 783 2871 à
802 2831 923 2872 cette
942 2828 1027 2882 fin,
1066 2831 1312 2886 négligent
1346 2830 1411 2874 les
1434 2833 1554 2875 rela¬

418 2900 542 2939 tions
579 2898 778 2943 sociales
816 2903 892 2956 qui
936 2903 1211 2958 pourraient
1248 2902 1314 2946 les
1356 2915 1554 2959 pousser

419 2979 523 3010 vers
549 2967 588 3011 le
631 2972 863 3027 mariage.
902 2975 1128 3030 Lorsque,
1155 2974 1296 3023 enfin,
1320 2974 1502 3017 arrivés
1526 2975 1552 3016 à

418 3042 569 3084 trente
598 3054 655 3087 ou
686 3047 919 3100 quarante
942 3056 1046 3098 ans,
1071 3044 1127 3087 ils
1155 3048 1237 3087 ont
1259 3045 1426 3100 acquis
1463 3056 1553 3087 une

418 3114 623 3167 position
663 3116 743 3168 qui
766 3115 866 3158 leur
900 3119 1080 3170 permet
1107 3115 1164 3158 de
1203 3115 1408 3172 respirer
1427 3119 1474 3160 et
1495 3115 1553 3159 de

418 3183 646 3234 regarder
685 3186 712 3225 à
752 3184 852 3226 leur
902 3187 1072 3228 entour
1119 3199 1238 3243 pour
1294 3188 1553 3244 compléter

419 3251 516 3295 leur
556 3254 759 3297 carrière
790 3267 874 3310 par
914 3268 975 3298 un
1019 3259 1252 3312 mariage,
1278 3258 1334 3300 ils
1363 3262 1553 3302 sentent

419 3326 458 3370 le
487 3324 592 3370 vide
610 3331 782 3371 autour
802 3327 940 3370 d'eux
970 3330 1015 3370 et
1032 3331 1140 3371 sont
1164 3342 1283 3386 pour
1312 3330 1431 3373 ainsi
1454 3331 1554 3374 dire

419 3399 708 3444 désorientés
731 3415 788 3446 ne
810 3406 1035 3447 trouvant
1054 3416 1287 3462 personne
1305 3404 1362 3449 de
1383 3418 1555 3451 conve¬

418 3467 556 3507 nable
589 3468 710 3511 dans
733 3472 772 3512 le
806 3474 954 3514 cercle
977 3475 1060 3516 des
1095 3478 1322 3520 relations
1344 3480 1404 3520 où
1428 3480 1484 3521 ils
1505 3494 1557 3522 se

417 3540 524 3582 sont
544 3551 650 3583 mus
671 3538 976 3597 jusqu’alors.

475 3627 684 3671 Souvent
723 3627 1031 3684 découragés,
1087 3628 1142 3674 ils
1199 3628 1418 3674 finissent
1470 3643 1555 3688 par

420 3707 646 3739 renoncer
668 3712 730 3740 au
771 3700 982 3751 mariage
1003 3702 1041 3743 si
1072 3715 1162 3744 une
1196 3702 1326 3744 main
1350 3704 1473 3747 amie
1498 3716 1555 3747 ne

422 3766 546 3810 vient
579 3767 646 3811 les
667 3768 796 3812 aider
818 3772 861 3812 et
899 3768 966 3812 les
987 3770 1155 3826 guider
1188 3771 1308 3815 dans
1346 3771 1384 3815 le
1419 3773 1556 3816 choix

420 3839 448 3880 d
471 3851 559 3884 une
580 3853 847 3900 compagne
869 3842 947 3900 qui
970 3843 1065 3888 doit
1087 3847 1312 3901 partager
1336 3843 1435 3889 leur
1462 3846 1548 3898 vie,

419 3910 546 3958 leurs
562 3913 682 3972 joies
699 3920 744 3961 et
766 3916 891 3962 leurs
912 3917 1089 3974 peines.

478 3999 599 4042 C’est
626 3999 666 4043 le
706 4002 790 4043 but
820 4012 910 4054 que
942 4000 1054 4043 s’est
1091 4003 1291 4056 proposé
1342 4003 1382 4047 le
1430 4004 1556 4047 Lien

418 4067 487 4110 du
527 4069 763 4123 Mariage
796 4082 804 4107 :
843 4070 952 4110 Etre
978 4068 1123 4116 l’ami,
1148 4071 1188 4112 le
1206 4071 1347 4123 guide
1378 4075 1423 4114 et
1443 4072 1552 4114 l’in¬

418 4139 630 4180 dicateur
668 4136 751 4179 des
792 4138 962 4179 unions
1001 4138 1232 4182 honnêtes
1266 4142 1311 4182 et
1335 4139 1555 4184 honora¬

417 4207 531 4248 bles.
560 4207 707 4251 Notre
728 4208 811 4252 but
830 4211 899 4252 est
932 4210 1332 4255 essentiellement
1358 4211 1556 4268 philan¬

415 4275 667 4335 thropique
695 4283 741 4324 et
761 4281 1159 4327 essentiellement
1182 4283 1348 4328 moral.

479 4366 544 4407 La
584 4366 860 4422 population
895 4367 1071 4411 décroît
1107 4380 1247 4424 parce
1267 4381 1358 4426 que
1380 4368 1420 4414 le
1446 4384 1555 4416 ma¬

419 4435 551 4488 riage
571 4439 642 4478 est
660 4436 843 4490 négligé
864 4448 874 4489 ;
895 4442 940 4480 et
963 4438 1002 4481 le
1024 4442 1238 4496 mariage
1255 4444 1326 4485 est
1342 4442 1552 4499 négligé,

420 4515 560 4559 parce
582 4517 672 4560 que
698 4505 919 4552 l'homme
939 4515 1152 4567 emporté
1188 4526 1271 4568 par
1294 4514 1335 4556 le
1359 4516 1556 4559 tourbil¬

418 4574 495 4619 lon
519 4576 600 4620 des
635 4576 843 4630 affaires,
871 4579 946 4622 n’a
966 4592 1050 4635 pas
1072 4581 1112 4623 le
1135 4584 1289 4638 temps
1309 4584 1366 4626 de
1384 4585 1555 4627 s’arrê¬

417 4651 487 4692 ter
506 4662 627 4707 pour
648 4651 890 4694 combiner
911 4654 956 4694 et
983 4651 1210 4696 chercher
1240 4654 1344 4696 telle
1366 4666 1424 4698 ou
1448 4656 1554 4699 telle

418 4723 564 4766 union
587 4724 665 4780 qui
694 4724 904 4783 pourrait
932 4723 991 4767 lui
1016 4726 1258 4770 convenir.

476 4807 510 4848 Il
534 4808 610 4851 n’a
634 4824 718 4864 pas
740 4815 780 4856 le
804 4818 958 4872 temps
979 4819 1023 4859 et
1065 4830 1120 4860 ne
1144 4819 1253 4874 peut
1290 4831 1454 4875 passer
1472 4819 1554 4862 des

419 4879 538 4923 mois
558 4885 600 4922 et
623 4886 866 4937 peut-être
889 4887 971 4931 des
990 4890 1168 4933 années
1191 4892 1216 4932 à
1239 4890 1426 4936 décider
1450 4891 1555 4936 telle

420 4963 651 5010 personne
692 4954 716 4996 à
758 4958 984 5010 partager
1015 4970 1068 5000 sa
1098 4960 1168 5002 vie
1193 4971 1203 5012 ;
1229 4960 1256 5002 il
1284 4975 1339 5004 ne
1360 4968 1555 5008 connaît

419 5038 505 5079 pas
526 5027 635 5070 bien
671 5025 715 5070 la
748 5026 975 5070 situation
1010 5027 1067 5072 de
1105 5034 1225 5075 cette
1247 5044 1497 5088 personne,
1523 5032 1548 5078 il

417 5094 565 5140 hésite
599 5103 644 5144 et
682 5100 782 5144 finit
811 5111 895 5158 par
926 5111 1151 5144 renoncer
1177 5116 1235 5146 au
1272 5106 1486 5161 mariage
1507 5111 1553 5151 et

416 5174 467 5206 se
487 5164 700 5220 résigner
723 5174 750 5216 à
774 5174 900 5218 vivre
931 5170 1166 5216 d’amitiés
1188 5178 1490 5230 passagères.

476 5248 594 5292 Mais
615 5262 666 5292 ce
695 5256 772 5307 qui
811 5259 966 5303 arrive
990 5271 1107 5316 pour
1135 5258 1202 5303 les
1222 5256 1390 5315 jeunes
1412 5274 1547 5318 gens,

416 5324 568 5367 arrive
591 5322 697 5367 bien
724 5324 827 5380 plus
859 5339 1028 5377 encore
1050 5347 1167 5390 pour
1190 5334 1255 5378 les
1292 5347 1552 5391 personnes

415 5396 493 5447 qui
519 5400 664 5452 ayant
702 5396 775 5440 été
814 5398 948 5440 unies
984 5414 1076 5446 une
1106 5407 1338 5460 première
1375 5407 1464 5450 fois
1499 5420 1551 5451 se

416 5464 634 5514 trouvent
659 5474 758 5516 tout
780 5471 806 5514 à
828 5480 948 5524 coup
987 5470 1208 5520 désunies
1242 5491 1327 5534 par
1351 5478 1390 5522 le
1411 5478 1550 5522 décès

416 5530 472 5575 de
496 5534 619 5582 l’une
643 5544 820 5589 d’elles.

474 5615 624 5670 Après
654 5630 792 5671 s'être
826 5630 1095 5685 longtemps
1116 5627 1328 5672 abîmées
1351 5633 1471 5678 dans
1506 5635 1550 5677 la

414 5684 610 5730 douleur
637 5695 682 5733 et
716 5703 846 5743 avoir
880 5703 1000 5759 payé
1045 5714 1108 5746 un
1140 5697 1264 5758 juste
1308 5702 1452 5746 tribut
1495 5706 1548 5749 de

414 5756 587 5803 larmes
608 5761 635 5803 à
663 5762 844 5819 l’époux
878 5787 938 5816 ou
962 5775 990 5818 à
1019 5774 1226 5832 l’épouse
1250 5771 1467 5828 décédée,
1492 5776 1548 5818 ils

410 5836 596 5879 sentent
635 5833 739 5892 plus
763 5838 996 5888 vivement
1035 5847 1074 5891 le
1095 5848 1199 5892 vide
1222 5846 1299 5906 qui
1331 5843 1439 5888 s’est
1462 5844 1546 5887 fait

412 5911 583 5952 autour
619 5907 679 5953 du
719 5908 983 5966 survivant,
1028 5919 1082 5961 ils
1115 5925 1194 5963 ont
1234 5918 1396 5964 besoin
1435 5915 1545 5959 d’un

412 5987 543 6022 cœur
564 5983 656 6026 ami
696 5980 771 6040 qui
815 5979 880 6024 les
912 5988 1102 6031 console
1136 6003 1195 6034 ou
1232 5991 1298 6035 les
1332 5991 1540 6048 protège.

412 6044 474 6088 Ils
495 6052 704 6103 aspirent
727 6056 753 6100 à
775 6056 894 6100 cette
923 6054 993 6098 vie
1014 6057 1266 6114 tranquille
1283 6063 1480 6118 paisible
1502 6066 1547 6108 et

412 6118 666 6175 intérieure,
701 6127 813 6172 faite
841 6127 1117 6172 d’intimités
1138 6131 1183 6171 et
1201 6131 1258 6174 de
1280 6134 1500 6179 confiden
1519 6162 1540 6167 -

1631 2003 1710 2034 ces
1737 2003 1828 2047 que
1867 1991 1911 2035 la
1947 1994 2071 2034 mort
2107 2003 2135 2034 a
2175 2004 2387 2048 rompue.
2427 1992 2557 2034 Dans
2596 2001 2648 2032 ce
2684 2000 2766 2031 cas

1632 2063 1643 2104 1
1664 2063 1854 2108 homme
1894 2078 1919 2107 a
1968 2066 2133 2108 besoin
2174 2065 2312 2109 d’une
2355 2064 2476 2107 amie
2516 2062 2668 2119 pleine
2709 2060 2765 2104 de

1631 2134 1760 2174 soins
1788 2138 1832 2176 et
1862 2135 1918 2176 de
1948 2135 2288 2178 dévouements
2312 2147 2322 2188 ;
2344 2136 2385 2178 la
2405 2135 2544 2178 dame
2567 2132 2765 2179 cherche

1633 2214 1695 2243 un
1718 2204 1919 2254 soutien,
1948 2216 2008 2246 un
2036 2208 2303 2260 protecteur
2342 2210 2387 2248 et
2411 2219 2475 2250 un
2499 2207 2620 2251 aide.
2649 2206 2768 2250 Mais

1631 2272 1690 2314 où
1731 2275 1919 2317 trouver
1942 2272 1986 2316 la
2030 2287 2263 2330 personne
2299 2276 2376 2332 qui
2411 2276 2624 2320 réunisse
2660 2280 2767 2320 tous

1632 2343 1698 2387 les
1737 2344 1954 2390 désidéra
1962 2350 2007 2390 ta
2027 2347 2050 2390 ?
2070 2349 2136 2390 La
2155 2352 2279 2391 mort
2298 2350 2376 2404 qui
2400 2361 2427 2391 a
2448 2348 2488 2392 si
2523 2349 2768 2404 brusque¬

1631 2419 1759 2459 ment
1799 2419 2091 2474 interrompu
2134 2418 2174 2462 le
2208 2431 2347 2463 cours
2383 2420 2440 2464 de
2477 2423 2599 2465 cette
2636 2422 2766 2464 exis¬

1631 2490 1764 2530 tence
1783 2488 1946 2531 n’était
1970 2502 2056 2543 pas
2076 2491 2236 2532 entrée
2259 2491 2380 2534 dans
2400 2492 2465 2534 les
2499 2492 2676 2536 calculs
2711 2492 2767 2536 de

1631 2559 1675 2602 la
1698 2560 1767 2602 vie
1802 2571 2070 2603 commune.
2112 2562 2180 2604 Où
2219 2564 2408 2606 trouver
2448 2563 2491 2606 la
2532 2576 2767 2620 personne

1631 2631 1902 2676 réunissant
1923 2632 1988 2676 les
2010 2634 2276 2679 conditions
2300 2647 2416 2691 pour
2440 2647 2531 2678 une
2563 2638 2765 2680 seconde

1632 2704 1796 2749 union.

1694 2791 1752 2834 Le
1767 2790 1958 2847 journal
1990 2791 2028 2835 \q
2051 2790 2176 2835 Lien
2198 2791 2266 2833 du
2303 2791 2537 2850 Mariage
2577 2792 2692 2836 offre
2738 2794 2764 2836 à

1630 2864 1736 2904 tous
1760 2875 1850 2906 une
1886 2863 2114 2906 situation
2150 2862 2407 2906 semblable
2432 2866 2479 2907 et
2513 2863 2699 2920 lorsque
2723 2867 2763 2908 la

1627 2948 1859 2991 personne
1880 2935 2021 2992 qu’on
2062 2936 2214 2980 désire
2236 2948 2294 2980 ne
2331 2936 2397 2992 s’y
2419 2940 2583 2982 trouve
2607 2951 2709 2994 pas,
2736 2942 2763 2984 il

1627 3006 1703 3062 n’y
1720 3019 1747 3049 a
1763 3007 1868 3062 qu’à
1894 3008 2152 3052 s'adresser
2187 3010 2212 3051 à
2247 3008 2464 3054 i/Office
2500 3011 2764 3052 Mondonet

1627 3079 1704 3134 qui
1728 3091 1755 3121 a
1780 3091 1840 3123 un
1864 3080 2019 3135 grand
2043 3080 2239 3124 nombre
2259 3080 2314 3124 de
2344 3082 2665 3136 propositions
2684 3083 2761 3138 qui

1627 3163 1686 3194 ne
1704 3150 1913 3206 figurent
1934 3164 2022 3209 pas
2043 3152 2163 3196 dans
2185 3166 2262 3198 ces
2283 3152 2524 3197 colonnes.

1688 3236 1831 3279 Notre
1848 3235 2038 3291 journal
2075 3251 2101 3280 a
2126 3250 2243 3294 pour
2266 3239 2348 3282 but
2364 3238 2572 3283 d’ouvrir
2595 3239 2639 3283 la
2660 3238 2763 3283 voie

1627 3304 1884 3350 honorable
1919 3308 1975 3351 de
2012 3308 2056 3351 la
2092 3311 2267 3353 société
2304 3311 2330 3354 à
2375 3314 2501 3354 toute
2531 3323 2765 3367 personne

1628 3377 1704 3434 qui
1725 3390 1775 3422 se
1795 3381 1962 3424 trouve
1984 3379 2104 3424 dans
2126 3382 2316 3438 pareille
2338 3382 2583 3426 situation.

1713 3526 1854 3566 Rôle
1886 3528 1964 3567 du
2004 3544 2022 3564 «
2059 3528 2201 3571 Lien
2230 3530 2308 3572 du
2341 3528 2600 3584 Mariage
2639 3546 2656 3567 »

1686 3652 1819 3698 Nous
1842 3666 2104 3711 proposons
2140 3654 2207 3700 les
2247 3670 2508 3712 personnes
2528 3672 2642 3704 avec
2666 3660 2764 3703 leur

1628 3726 1855 3770 situation
1895 3727 1952 3771 de
1991 3727 2172 3771 fortune
2204 3732 2250 3772 et
2295 3728 2352 3771 de
2387 3728 2620 3783 moralité,
2646 3744 2764 3775 nous

1631 3795 1806 3841 faisons
1840 3799 1906 3843 les
1942 3799 2219 3855 demandes,
2250 3800 2526 3844 abouchons
2562 3803 2628 3846 les
2651 3816 2764 3859 per¬

1629 3882 1803 3914 sonnes
1841 3874 1887 3914 et
1926 3876 2134 3918 mettons
2162 3888 2220 3920 en
2243 3875 2468 3934 présence
2501 3873 2568 3918 les
2588 3874 2761 3919 futurs.

1628 3944 1760 3987 Nous
1781 3956 1988 3990 sommes
2011 3946 2076 3990 les
2112 3947 2490 3992 intermédiaires
2529 3946 2612 3992 des
2652 3960 2764 4006 pre¬

1632 4018 1799 4059 mières
1838 4021 2104 4071 entrevues,
2144 4019 2360 4076 toujours
2400 4022 2493 4066 très
2531 4024 2766 4077 gênantes

1630 4089 1675 4127 et
1714 4089 1806 4129 très
1827 4088 2050 4132 délicates
2075 4103 2191 4144 pour
2214 4092 2296 4134 des
2319 4103 2579 4146 personnes
2599 4095 2676 4148 qui
2713 4107 2763 4136 se

1631 4155 1787 4196 voient
1815 4169 1934 4211 pour
1955 4158 1999 4199 la
2040 4162 2272 4214 première
2311 4160 2412 4202 fois.
2447 4161 2577 4204 Nous
2612 4163 2763 4206 résol¬

1630 4236 1747 4267 vons
1792 4230 1961 4270 autant
2000 4240 2091 4284 que
2135 4230 2335 4284 possible
2395 4231 2460 4275 les
2513 4231 2765 4276 difficultés

1630 4299 1705 4355 qui
1730 4303 1935 4355 peuvent
1967 4312 2018 4344 se
2042 4302 2283 4358 présenter
2306 4304 2427 4348 dans
2463 4304 2507 4347 la
2535 4306 2760 4350 situation

1630 4370 1686 4412 do
1706 4371 1830 4416 l’une
1847 4371 2022 4416 d’elles.
2047 4374 2178 4419 Nous
2198 4388 2408 4422 sommes
2428 4378 2527 4422 leur
2551 4379 2764 4423 intermé¬

1628 4442 1776 4487 diaire
1806 4448 1851 4488 et
1891 4446 1988 4490 leur
2019 4448 2130 4490 ami.
2155 4449 2259 4502 Oui,
2286 4450 2384 4494 leur
2403 4451 2515 4502 ami,
2540 4463 2623 4495 car
2648 4465 2765 4496 nous

1628 4515 1936 4560 considérons
1958 4531 2142 4562 comme
2171 4521 2231 4563 tel
2271 4526 2401 4564 notre
2442 4523 2538 4564 rôle
2563 4536 2680 4580 pour
2701 4524 2766 4567 les

1630 4598 1889 4640 personnes
1919 4590 1997 4644 qui
2039 4602 2159 4632 nous
2195 4591 2428 4647 chargent
2465 4592 2525 4635 du
2565 4596 2670 4639 soin
2709 4596 2764 4639 de

1627 4656 1728 4700 leur
1750 4660 1911 4702 union.

1685 4742 1807 4787 Elles
1823 4748 2026 4802 peuvent
2038 4751 2251 4806 compter
2263 4764 2346 4795 sur
2359 4755 2492 4796 notre
2509 4751 2761 4795 discrétion

1627 4814 1836 4860 absolue.
1874 4819 2019 4862 Notre
2042 4819 2175 4865 office
2200 4827 2271 4867 est
2306 4836 2365 4867 un
2392 4824 2613 4866 tombeau
2644 4832 2763 4876 pour

1628 4886 1694 4931 les
1715 4892 1892 4934 secrets
1914 4891 1991 4948 qui
2016 4903 2136 4937 nous
2158 4899 2264 4939 sont
2287 4892 2476 4938 confiés.

1687 4976 1912 5030 Souvent,
1961 4982 2132 5030 même,
2177 4979 2219 5022 la
2251 4978 2480 5034 première
2517 4978 2763 5033 présenta¬

1628 5047 1723 5090 tion
1763 5061 1790 5091 a
1828 5048 1919 5092 lieu
1946 5060 2059 5091 sans
2090 5048 2358 5103 qu’aucune
2396 5048 2479 5092 des
2500 5049 2619 5093 deux
2658 5063 2761 5106 par¬

1627 5118 1714 5160 ties
1733 5119 1983 5162 connaisse
2006 5117 2047 5160 le
2071 5131 2182 5163 nom
2216 5120 2274 5164 de
2312 5120 2477 5166 l’autre
2497 5126 2541 5163 et
2564 5134 2684 5163 nous
2703 5132 2760 5162 ne

1627 5187 1692 5230 les
1712 5188 1891 5232 faisons
1910 5192 2156 5235 connaître
2182 5204 2271 5248 que
2299 5204 2380 5236 sur
2400 5192 2499 5234 leur
2520 5190 2750 5233 autorisa¬

1626 5259 1723 5308 tion
1746 5271 1984 5319 expresse.

1684 5351 1757 5394 Un
1774 5346 1962 5404 journal
1983 5360 2100 5402 pour
2116 5347 2355 5399 mariages
2373 5344 2493 5387 dans
2509 5357 2598 5387 une
2616 5346 2758 5400 petite

1625 5418 1729 5462 ville
1747 5420 1806 5461 où
1830 5420 1930 5460 tout
1951 5416 1989 5459 le
2018 5415 2188 5459 monde
2214 5428 2265 5459 se
2283 5418 2476 5459 connaît
2496 5417 2541 5458 et
2563 5420 2757 5459 connaît

1624 5490 1666 5531 la
1689 5489 1915 5531 situation
1935 5487 1992 5530 de
2014 5499 2100 5530 son
2139 5487 2307 5540 voisin,
2334 5487 2536 5531 n’aurait
2575 5500 2660 5543 pas
2700 5488 2756 5531 de

1623 5559 1780 5602 raison
1811 5559 1971 5612 d’êlre,
1996 5559 2118 5602 mais
2139 5559 2259 5602 dans
2296 5572 2388 5603 une
2427 5558 2609 5614 grande
2632 5558 2752 5611 ville,

1622 5643 1804 5675 comme
1840 5632 1883 5675 la
1922 5635 2068 5686 nôtre,
2108 5631 2168 5675 où
2206 5630 2389 5675 chacun
2432 5642 2573 5686 pense
2617 5634 2645 5672 à
2681 5643 2755 5674 ses

1620 5703 1812 5747 affaires
1832 5707 1878 5747 et
1907 5716 2000 5747 non
2024 5704 2050 5746 à
2067 5702 2204 5747 celles
2223 5703 2279 5747 de
2300 5716 2376 5748 ses
2396 5701 2573 5744 voisins
2597 5714 2607 5755 ;
2631 5704 2676 5746 et
2695 5703 2753 5746 où

1620 5776 1728 5818 bien
1749 5779 1950 5820 souvent
1971 5776 2036 5819 les
2062 5776 2306 5819 habitants
2327 5776 2381 5818 de
2402 5774 2445 5815 la
2470 5775 2622 5817 même
2640 5775 2753 5816 mai¬

1619 5858 1704 5888 son
1727 5859 1785 5890 ne
1818 5859 1868 5890 se
1906 5847 2211 5903 connaissent
2250 5858 2335 5903 pas
2352 5847 2483 5888 entre
2499 5855 2604 5896 eux,
2632 5846 2659 5887 il
2683 5847 2752 5888 est

1619 5916 1886 5960 nécessaire
1926 5919 2035 5963 d’un
2090 5921 2182 5963 ami
2228 5914 2439 5975 général,
2492 5915 2604 5959 d’un
2657 5915 2748 5958 ami

1618 5997 1840 6030 commun
1864 5990 1942 6044 qui
1965 5996 2206 6047 groupant
2247 5990 2367 6031 dans
2388 5999 2451 6030 un
2491 5990 2626 6030 vaste
2660 5998 2750 6029 en¬

1619 6056 1812 6108 semble,
1837 6058 1904 6102 les
1942 6062 2084 6105 offres
2121 6066 2166 6106 et
2205 6060 2271 6103 les
2312 6058 2588 6108 demandes,
2614 6070 2751 6100 com¬

1622 6132 1727 6178 bine
1748 6130 1810 6175 lui
1850 6135 2004 6175 même
2026 6132 2093 6176 les
2127 6131 2396 6184 situations,
2423 6130 2489 6174 les
2520 6132 2652 6184 âges,
2685 6128 2750 6171 les

2840 1987 2996 2039 goûts,
3036 1980 3104 2024 les
3137 1979 3329 2035 figures,
3388 1979 3455 2023 les
3506 1979 3720 2021 fortunes
3758 1982 3804 2022 et
3852 1980 3979 2023 fasse

2843 2056 2903 2099 lui
2940 2059 3093 2099 même
3119 2052 3184 2096 les
3207 2051 3525 2108 propositions
3560 2050 3625 2094 les
3667 2050 3772 2106 plus
3816 2055 3975 2095 sorta¬

2842 2127 2956 2171 bles.

2899 2211 2979 2255 Cet
3001 2208 3093 2252 ami
3117 2219 3356 2258 commun,
3381 2206 3496 2250 c’est
3519 2204 3681 2249 l’office
3704 2207 3976 2260 Mondonet,

2841 2286 2885 2337 6,
2911 2286 2949 2328 B'
2952 2281 2958 2303 1
2994 2283 3049 2326 de
3069 2280 3113 2324 la
3136 2278 3445 2334 Magdeleine,
3483 2277 3596 2322 c’est
3629 2277 3668 2320 le
3704 2276 3892 2335 journal
3937 2278 3976 2322 le

2842 2354 2969 2398 Lien
2990 2354 3058 2398 du
3087 2349 3323 2407 Mariage
3343 2350 3420 2405 qui
3448 2351 3518 2391 est
3540 2360 3626 2391 son
3649 2349 3913 2394 auxiliaire.

2899 2439 3112 2482 Pendant
3135 2436 3404 2491 longtemps
3427 2431 3455 2476 il
3493 2444 3520 2475 a
3559 2431 3704 2475 existé
3743 2445 3834 2476 une
3871 2434 3975 2488 pré¬

2843 2512 3031 2556 vention
3055 2511 3149 2552 très
3179 2507 3404 2563 marquée
3437 2507 3599 2548 contre
3627 2503 3693 2546 les
3733 2504 3975 2558 mariages

2843 2584 2935 2627 dits
2949 2584 3005 2628 de
3031 2579 3335 2640 proposition,
3360 2591 3420 2621 on
3445 2575 3621 2620 voulait
3643 2587 3693 2619 se
3717 2576 3976 2632 persuader

2843 2654 2953 2710 qu'il
2986 2668 3044 2699 ne
3076 2653 3268 2711 pouvait
3288 2651 3428 2695 sorlir
3445 2648 3529 2691 des
3545 2660 3753 2703 agences
3781 2660 3872 2704 que
3895 2648 3977 2692 des

2842 2727 3081 2780 mariages
3104 2726 3384 2783 disparates.

2899 2810 2969 2852 En
2992 2811 3095 2854 face
3117 2810 3199 2854 des
3229 2808 3452 2852 résultats
3491 2804 3752 2851 contraires
3772 2804 3975 2848 obtenus
3996 2823 4004 2838 <

2844 2892 2927 2936 par
2983 2894 3060 2924 ces
3123 2883 3352 2935 bureaux,
3395 2892 3455 2923 on
3513 2880 3584 2922 est
3623 2878 3737 2920 sorti
3767 2875 3975 2934 complè¬

2841 2955 3017 2996 tement
3056 2954 3113 2996 de
3153 2956 3275 2997 cette
3325 2951 3616 3009 prévention.
3660 2947 3872 2993 L’estime
3912 2948 3975 2991 du

2844 3023 2999 3078 public
3017 3028 3088 3067 est
3111 3024 3411 3068 absolument
3424 3023 3616 3080 acquise
3636 3034 3732 3063 aux
3749 3032 3975 3076 agences,

2842 3106 2960 3150 pour
2981 3095 3024 3138 la
3047 3096 3205 3139 raison
3236 3096 3344 3140 bien
3379 3095 3562 3152 simple,
3588 3104 3677 3150 que
3698 3093 3764 3136 les
3787 3091 3977 3135 affaires

2839 3166 3032 3210 traitées
3055 3179 3140 3223 par
3173 3167 3300 3220 elles,
3327 3168 3367 3211 le
3405 3170 3513 3211 sont
3536 3167 3641 3223 plus
3679 3163 3974 3220 rapidement

2839 3240 2883 3280 et
2926 3239 3029 3295 plus
3068 3241 3328 3291 sûrement,
3353 3242 3397 3282 et
3437 3251 3497 3282 on
3540 3240 3650 3295 peut
3685 3235 3784 3279 dire
3820 3247 3911 3292 que
3935 3234 3975 3278 le

2841 3307 2945 3364 plus
2965 3311 3119 3364 grand
3160 3311 3357 3355 nombre
3400 3311 3481 3354 des
3519 3310 3772 3364 mariages,
3824 3310 3976 3350 même

2840 3380 3011 3433 riches,
3029 3386 3109 3425 ont
3132 3383 3204 3424 été
3224 3382 3327 3438 plus
3348 3394 3408 3426 ou
3428 3382 3581 3424 moins
3604 3381 3692 3423 mis
3712 3392 3793 3423 sur
3815 3378 3856 3422 la
3873 3376 3976 3422 voie

2844 3466 2926 3510 par
2948 3466 3033 3497 nos
3061 3464 3284 3510 agences.
3318 3454 3449 3496 Nous
3471 3464 3592 3495 nous
3609 3450 3895 3495 efforcerons
3916 3448 3973 3492 de

2840 3526 3031 3569 mériter
3052 3528 3173 3570 cette
3192 3526 3359 3568 estime
3379 3524 3443 3567 du
3465 3524 3623 3580 public
3643 3535 3703 3567 en
3718 3523 3974 3579 apportant

2840 3596 2960 3639 dans
3009 3596 3052 3638 la
3108 3595 3380 3638 conclusion
3423 3595 3505 3636 des
3553 3594 3744 3638 affaires
3784 3594 3827 3636 la
3869 3591 3975 3648 plus

2839 3666 3021 3720 grande
3056 3664 3351 3719 délicatesse,
3376 3665 3420 3707 la
3455 3664 3560 3721 plus
3581 3665 3765 3719 grande
3789 3663 3969 3722 probité

2839 3739 2884 3779 et
2904 3735 2948 3780 la
2971 3737 3224 3780 discrétion
3245 3736 3289 3779 la
3320 3736 3425 3792 plus
3447 3735 3659 3780 absolue.

2898 3822 2985 3864 Les
3036 3820 3188 3864 beaux
3237 3820 3462 3864 résultats
3520 3832 3611 3876 que
3665 3834 3785 3864 nous
3823 3831 3972 3863 avons

2838 3892 3040 3936 obtenus
3096 3904 3217 3935 nous
3248 3895 3492 3948 engagent
3528 3894 3557 3935 à
3591 3894 3814 3948 persister
3853 3891 3975 3934 dans

2840 3967 2960 4010 cette
2994 3964 3114 4018 voie,
3149 3964 3373 4022 espérant
3411 3976 3501 4022 que
3535 3964 3575 4007 le
3608 3963 3763 4019 public
3796 3960 3974 4006 voudra

2840 4038 2948 4083 bien
2969 4051 3089 4082 nous
3109 4038 3359 4082 continuer
3380 4048 3456 4080 ses
3477 4036 3667 4079 faveurs
3704 4039 3748 4079 et
3768 4047 3820 4078 sa
3851 4046 3971 4076 con¬

2840 4110 3011 4153 fiance.

2900 4195 2960 4238 Le
2994 4194 3119 4238 Lien
3161 4194 3230 4236 du
3265 4194 3501 4251 Mariage
3533 4195 3604 4236 est
3644 4192 3684 4235 le
3716 4191 3825 4235 trait
3869 4190 3972 4234 d’u¬

2840 4264 2949 4307 nion
2988 4264 3072 4308 des
3104 4264 3320 4317 familles,
3346 4276 3439 4307 non
3475 4263 3737 4307 seulement
3759 4263 3816 4306 de
3837 4264 3972 4304 notre

2838 4334 2959 4391 ville,
2987 4335 3107 4380 mais
3140 4347 3308 4380 encore
3347 4335 3430 4380 des
3455 4334 3736 4395 principales
3760 4332 3891 4378 villes
3912 4332 3968 4375 de

2839 4410 3017 4452 France
3051 4412 3095 4454 et
3131 4408 3187 4452 de
3228 4407 3483 4463 l’étranger
3520 4408 3579 4451 où
3615 4410 3747 4450 notre
3785 4404 3918 4448 office
3940 4418 3968 4447 a

2839 4479 2921 4524 des
2956 4479 3356 4536 correspondants
3385 4480 3597 4522 discrets.
3625 4479 3755 4522 Nous
3781 4476 3973 4532 présen¬

2840 4554 2945 4595 tons
2966 4552 3087 4594 donc
3109 4563 3200 4594 aux
3227 4551 3361 4606 pères
3388 4549 3444 4591 de
3464 4547 3640 4591 famille
3668 4548 3892 4591 soucieux
3913 4546 3971 4590 de

2839 4622 3032 4664 l’avenir
3053 4620 3109 4663 de
3135 4620 3259 4663 leurs
3280 4620 3468 4662 enfants
3490 4622 3596 4662 tous
3617 4618 3681 4661 les
3703 4620 3969 4672 avantages

2836 4690 2974 4746 qu’ils
2996 4703 3053 4732 ne
3075 4690 3319 4732 sauraient
3347 4693 3536 4733 trouver
3561 4688 3659 4732 s’ils
3697 4692 3805 4732 sont
3828 4690 3971 4732 livrés

2836 4763 2863 4804 à
2884 4764 3171 4805 eux-mêmes
3192 4764 3237 4804 et
3259 4760 3380 4806 dans
3404 4762 3443 4805 le
3463 4759 3612 4804 cercle
3635 4759 3691 4803 de
3711 4760 3836 4804 leurs
3857 4774 3972 4804 con¬

2837 4834 3112 4877 naissances
3133 4843 3144 4887 ;
3180 4846 3237 4876 en
3260 4833 3383 4887 effet,
3414 4831 3867 4888 indépendamment
3888 4834 3972 4878 des

2837 4907 3101 4952 références
3123 4907 3373 4960 certaines,
3404 4907 3457 4948 ils
3493 4907 3575 4947 ont
3597 4906 3637 4947 le
3657 4903 3793 4948 choix
3820 4907 3972 4962 parmi

2839 4979 2879 5023 le
2901 4980 3055 5035 grand
3079 4979 3273 5021 nombre
3314 4978 3369 5020 de
3393 4977 3713 5032 propositions
3735 4990 3824 5033 que
3853 4991 3973 5023 con¬

2836 5050 3048 5092 tiennent
3087 5048 3152 5091 les
3188 5047 3412 5092 colonnes
3442 5048 3499 5091 de
3535 5050 3668 5091 notre
3683 5046 3891 5103 journal,
3919 5051 3976 5096 ils

2836 5123 3037 5176 peuvent
3055 5120 3169 5162 faire
3192 5119 3391 5174 épouser
3412 5120 3440 5162 à
3460 5119 3585 5162 leurs
3601 5119 3792 5164 enfants
3811 5120 3856 5164 la
3877 5136 3977 5180 per¬

2832 5202 2981 5233 sonne
3000 5190 3137 5246 qu’ils
3153 5190 3360 5232 désirent
3373 5191 3463 5232 soit
3483 5202 3667 5232 comme
3687 5192 3971 5251 profession,

2832 5262 3035 5310 fortune,
3071 5260 3329 5312 caractère,
3369 5260 3572 5316 position
3613 5263 3787 5308 sociale
3828 5269 3873 5311 et
3916 5269 3973 5314 ils

2832 5346 2889 5376 ne
2923 5333 3245 5388 s’exposeront
3285 5344 3372 5389 pas
3409 5335 3433 5374 à
3475 5332 3576 5375 leur
3611 5333 3728 5380 faire
3765 5339 3971 5395 épouser

2831 5416 2923 5447 une
2958 5416 3190 5460 personne
3211 5403 3288 5458 qui
3329 5403 3428 5446 leur
3463 5415 3571 5446 sera
3611 5408 3967 5470 antipathique,

2828 5476 2919 5519 soit
2938 5488 3023 5532 par
3044 5487 3131 5518 son
3153 5478 3257 5528 âge,
3279 5475 3368 5516 soit
3405 5487 3524 5530 pour
3559 5479 3667 5523 tous
3697 5486 3861 5528 autres
3885 5486 3973 5528 dé¬

2831 5547 2955 5590 fauts
2976 5547 3052 5602 qui
3092 5547 3199 5587 sont
3233 5547 3401 5587 autant
3442 5546 3499 5590 de
3536 5560 3708 5597 causes
3747 5555 3804 5599 de
3828 5556 3969 5600 désu¬

2828 5618 2939 5660 nion
2961 5616 3081 5659 dans
3103 5615 3143 5659 le
3165 5616 3380 5670 mariage
3401 5620 3448 5660 et
3481 5619 3699 5669 finissent
3725 5640 3811 5684 par
3832 5642 3971 5672 ame¬

2828 5700 2911 5731 ner
2932 5688 2972 5732 le
2993 5688 3181 5731 divorce
3203 5690 3247 5731 et
3273 5687 3316 5731 la
3337 5690 3640 5747 séparation.

2886 5774 3014 5815 Dans
3047 5771 3113 5814 les
3144 5771 3365 5818 colonnes
3397 5776 3459 5822 du
3492 5779 3616 5824 Lien
3647 5782 3717 5826 du
3742 5786 3972 5839 Mariage

2825 5855 2883 5887 ou
2907 5845 2933 5888 à
2955 5843 3171 5887 l’Office
3192 5844 3474 5903 Mondonet,
3498 5851 3541 5904 6,
3567 5855 3600 5896 B
3609 5852 3616 5873 1
3636 5855 3692 5899 de
3710 5855 3752 5897 la
3776 5854 3968 5908 Magde¬

2824 5915 2961 5967 leine,
2992 5927 3053 5957 on
3076 5918 3185 5971 peut
3208 5918 3400 5964 trouver
3429 5923 3699 5969 facilement
3744 5938 3803 5968 un
3843 5936 3968 5978 gen¬

2825 5986 2923 6038 dre,
2949 5999 3010 6030 un
3048 5988 3200 6044 époux
3223 6002 3281 6035 ou
3305 6006 3399 6039 une
3420 5996 3596 6054 épouse
3624 5999 3649 6040 à
3688 6009 3772 6040 son
3800 5996 3884 6051 gré
3920 6000 3965 6039 et

2823 6070 2881 6102 en
2921 6060 3019 6102 tout
3060 6060 3191 6118 point
3229 6067 3471 6112 conforme
3516 6082 3607 6112 aux
3640 6069 3791 6112 désirs
3824 6068 3879 6111 de
3917 6067 3961 6111 la

2825 6142 3060 6186 personne
3076 6134 3104 6176 à
3123 6136 3324 6183 marier.
