4728 7228
636 596 903 647 Troisième
939 595 1123 647 Année.
1154 598 1212 646 —
1242 598 1297 646 N*
1323 595 1399 646 18.
1982 595 2331 644 Edition
2372 596 2851 646 IVIensnollo
3504 594 3635 646 Mois
3672 611 3731 644 de
3767 598 3882 647 Juin
3920 588 4084 654 1892.,

1055 1472 1708 1563 DÉLICATESSE,
1770 1470 2479 1560 HONORABILITÉ,
2535 1470 2932 1542 PROBITÉ
2988 1486 3044 1542 &
3099 1472 3650 1546 DISCRÉTION

647 1732 751 1779 lO
783 1728 1027 1780 Cent,
1059 1727 1102 1778 le
1128 1726 1350 1778 Numéro

616 1840 736 1875 Envoi
755 1842 871 1882 gratis
890 1840 978 1874 hors
995 1840 1031 1871 la
1050 1839 1146 1871 Ville
1167 1843 1203 1871 et
1223 1840 1244 1870 à
1263 1839 1424 1872 l’Etran¬

574 1891 638 1919 ger
676 1884 698 1914 à
728 1887 831 1914 toute
867 1891 1054 1923 personne
1091 1882 1155 1922 qui
1199 1890 1244 1912 en
1288 1880 1356 1911 fait
1388 1879 1423 1911 la

572 1923 758 1956 demande
776 1932 842 1964 par
862 1923 968 1955 lettre
992 1923 1204 1962 affranchie,
1234 1924 1270 1954 et
1295 1922 1423 1954 franco

571 1974 662 1999 sous
679 1965 884 2006 enveloppe
904 1966 1076 1998 cachetée
1096 1968 1224 1996 contre
1247 1964 1302 1995 30
1324 1966 1420 1995 cent,

572 2016 616 2039 en
640 2008 806 2040 timbres.

1940 1726 2235 1778 OFFICE
2292 1727 2764 1778 MONDONET

1590 1816 1656 1864 6,
1690 1816 2114 1856 Boulevard
2151 1818 2243 1856 de
2286 1818 2351 1856 la
2396 1816 2855 1868 TVlacydeleine
2899 1815 2990 1864 (au
3031 1815 3055 1854 1
3064 1823 3098 1842 er
3102 1815 3116 1864 )

2162 1900 2540 1942 MARSEILLE

1534 1979 1684 2016 Ouvert
1706 1980 1796 2014 tous
1814 1974 1867 2015 les
1880 1976 1999 2026 jours
2016 1975 2062 2015 de
2076 1978 2103 2016 2
2118 1973 2156 2015 h.
2176 1975 2200 2015 à
2218 1978 2240 2016 S
2256 1974 2292 2016 h.
2313 1978 2367 2016 du
2380 1979 2480 2026 soir,
2500 1982 2538 2018 et
2558 1975 2591 2016 le
2608 1972 2824 2016 dimanche
2846 1975 2891 2015 de
2912 1976 2935 2014 9
2959 1971 2996 2014 h.
3023 1972 3046 2014 à
3069 1974 3172 2014 midi

3355 1730 3459 1778 ÎO
3491 1727 3737 1779 Cent,
3766 1727 3811 1778 le
3839 1727 4060 1779 Numéro

3323 1850 3503 1890 Mariages
3516 1850 3638 1883 riches
3650 1860 3743 1891 pour
3757 1855 3882 1884 toutes
3899 1851 3951 1883 les
3969 1852 4138 1885 fortunes

3282 1894 3318 1923 et
3346 1894 3471 1924 toutes
3500 1892 3554 1924 les
3586 1894 3782 1932 positions.
3816 1892 3866 1924 La
3903 1894 4050 1927 maison
4090 1904 4135 1926 ne

3282 1932 3452 1974 s’occupe
3470 1943 3539 1974 que
3562 1934 3626 1966 des
3643 1934 3782 1967 unions
3803 1935 3987 1974 possibles
4006 1939 4043 1968 et
4059 1946 4076 1967 s
4087 1946 4134 1968 an

3283 1976 3402 2012 tâche.

574 2158 654 2270 la
674 2154 918 2270 Mission
946 2154 982 2270 fl
982 2178 1022 2270 n
1058 2194 1086 2250 «
1122 2154 1258 2270 Lien
1290 2154 1366 2270 in
1402 2154 1650 2290 Mariage
1678 2194 1706 2246 »

651 2369 834 2411 Notre
862 2368 968 2408 but
996 2368 1092 2408 est
1122 2366 1635 2410 essentiellement

575 2444 780 2494 moral,
816 2443 1074 2487 honnête
1102 2444 1160 2487 et
1187 2443 1710 2498 philanthropique

634 2566 763 2611 Dans
792 2567 924 2607 notre
944 2563 1008 2606 fin
1035 2563 1091 2604 de
1130 2563 1268 2606 siècle
1310 2563 1370 2606 où
1394 2564 1494 2606 tout
1517 2562 1710 2607 marche

575 2636 601 2676 à
640 2635 682 2675 la
707 2646 899 2691 vapeur,
924 2636 970 2676 et
1006 2634 1064 2676 où
1100 2631 1144 2675 la
1176 2634 1350 2676 société
1372 2634 1438 2678 vit
1476 2634 1596 2678 dans
1618 2647 1711 2679 une

576 2706 764 2751 activité
787 2706 1043 2751 dévorante
1068 2719 1078 2762 ;
1108 2707 1172 2751 les
1192 2704 1362 2763 jeunes
1383 2719 1502 2762 gens
1523 2707 1711 2751 sérieux

578 2779 655 2834 qui
678 2777 934 2820 cherchent
955 2779 980 2822 à
1002 2791 1052 2822 se
1068 2780 1199 2823 créer
1222 2791 1311 2822 une
1335 2779 1539 2835 position
1560 2791 1711 2823 avan¬

578 2854 775 2906 tageuse
796 2850 940 2907 parle
964 2852 1150 2904 travail,
1174 2852 1336 2896 vivant
1359 2852 1479 2895 dans
1508 2851 1572 2895 les
1596 2854 1710 2908 pré¬

579 2922 887 2979 occupations
908 2924 1182 2966 constantes
1216 2922 1328 2966 d’un
1358 2922 1522 2967 labeur
1544 2924 1711 2967 ardent

580 3007 698 3050 pour
718 2994 896 3038 arriver
916 2995 943 3038 à
963 2996 1083 3038 cette
1103 2994 1184 3047 fin,
1222 2994 1468 3050 négligent
1502 2995 1567 3038 les
1588 2996 1711 3039 rela¬

576 3066 702 3108 tions
739 3064 938 3108 sociales
975 3067 1053 3122 qui
1094 3067 1369 3122 pourraient
1406 3067 1471 3111 les
1512 3080 1710 3124 pousser

579 3151 683 3183 vers
706 3136 746 3180 le
788 3139 1020 3194 mariage.
1058 3139 1284 3194 Lorsque,
1310 3138 1452 3191 enfin,
1478 3140 1658 3183 arrivés
1683 3140 1710 3182 à

576 3212 727 3254 trente
754 3223 811 3253 ou
842 3212 1075 3266 quarante
1098 3223 1202 3263 ans,
1227 3210 1283 3252 ils
1312 3212 1392 3254 ont
1415 3211 1582 3267 acquis
1618 3223 1710 3254 une

578 3282 779 3336 position
820 3282 900 3338 qui
923 3280 1022 3324 leur
1056 3283 1236 3338 permet
1264 3280 1320 3324 de
1359 3283 1564 3338 respirer
1586 3284 1631 3326 et
1654 3282 1710 3326 de

576 3354 804 3408 regarder
843 3355 871 3396 à
910 3352 1011 3398 leur
1060 3355 1231 3396 entour
1278 3367 1395 3411 pour
1451 3354 1710 3410 compléter

578 3423 676 3468 leur
715 3426 919 3469 carrière
947 3438 1032 3480 par
1072 3438 1135 3467 un
1178 3426 1408 3480 mariage,
1436 3424 1490 3468 ils
1520 3427 1710 3468 sentent

576 3496 618 3539 le
646 3495 750 3539 vide
768 3500 940 3539 autour
959 3496 1099 3539 d’eux
1128 3499 1172 3539 et
1191 3499 1298 3539 sont
1323 3510 1440 3552 pour
1470 3498 1588 3539 ainsi
1610 3498 1710 3540 dire

576 3570 867 3612 désorientés
888 3582 946 3611 ne
968 3572 1191 3611 trouvant
1210 3582 1442 3626 personne
1462 3570 1516 3612 de
1539 3583 1711 3613 conve¬

576 3640 715 3684 nable
747 3642 868 3684 dans
890 3642 930 3684 le
963 3640 1112 3684 cercle
1135 3640 1218 3683 des
1251 3639 1478 3684 relations
1500 3643 1560 3683 où
1584 3641 1639 3683 iis
1660 3654 1711 3684 se

575 3715 683 3755 sont
703 3726 808 3755 mus
828 3711 1132 3770 jusqu’alors.

634 3800 842 3843 Souvent
882 3798 1190 3852 découragés,
1246 3798 1300 3842 ils
1358 3798 1572 3842 finissent
1626 3812 1711 3855 par

579 3882 803 3912 renoncer
826 3882 884 3911 au
927 3870 1139 3922 mariage
1159 3870 1198 3911 si
1228 3882 1319 3911 une
1354 3870 1482 3911 main
1506 3870 1630 3914 amie
1652 3883 1711 3914 ne

576 3940 703 3983 vient
736 3940 803 3984 les
824 3939 954 3984 aider
975 3943 1019 3984 et
1056 3939 1123 3984 les
1143 3939 1311 3996 guider
1344 3940 1466 3984 dans
1500 3942 1540 3986 le
1575 3942 1711 3986 choix

577 4011 715 4056 d’une
736 4024 1003 4068 compagne
1026 4012 1103 4067 qui
1126 4014 1222 4055 doit
1244 4015 1468 4068 partager
1492 4011 1591 4056 leur
1615 4014 1703 4064 vie,

578 4084 704 4128 leurs
720 4083 839 4142 joies
858 4087 902 4128 et
923 4084 1048 4128 leurs
1067 4083 1244 4140 peines.

638 4168 759 4212 C’est
786 4167 827 4212 le
864 4168 950 4211 but
979 4179 1070 4223 que
1102 4166 1212 4211 s’est
1248 4170 1450 4224 proposé
1498 4168 1538 4214 le
1586 4170 1711 4213 Lien

579 4238 648 4282 du
687 4239 924 4298 Mariage
958 4254 967 4282 :
1003 4240 1112 4283 Etre
1140 4239 1284 4291 l’ami,
1308 4239 1350 4283 le
1367 4240 1508 4296 guide
1539 4243 1584 4284 et
1604 4240 1708 4284 l’in¬

579 4312 792 4354 dicateur
830 4311 912 4354 des
954 4312 1124 4354 unions
1163 4311 1394 4355 honnêtes
1427 4314 1472 4355 et
1494 4312 1710 4355 honora¬

578 4382 692 4427 bles.
722 4383 868 4426 Notre
887 4382 972 4426 but
990 4384 1060 4426 est
1092 4383 1491 4427 essentiellement
1515 4383 1711 4440 philan¬

580 4455 828 4512 thropique
855 4456 900 4498 et
920 4454 1318 4498 essentiellement
1339 4454 1506 4499 moral.

638 4540 700 4580 La
742 4538 1016 4594 population
1051 4538 1228 4580 décroît
1263 4550 1404 4594 parce
1426 4551 1515 4595 que
1536 4538 1578 4582 le
1600 4552 1708 4583 ma¬

576 4611 707 4668 riage
727 4614 798 4655 est
816 4610 1000 4664 négligé
1019 4621 1030 4664 ;
1051 4611 1096 4652 et
1119 4608 1158 4652 le
1180 4611 1392 4665 mariage
1411 4612 1482 4654 est
1497 4611 1706 4667 négligé,

576 4696 716 4739 parce
738 4695 828 4739 que
852 4682 1074 4726 l’homme
1095 4683 1307 4736 emporté
1343 4695 1426 4738 par
1448 4682 1488 4726 le
1512 4684 1708 4728 tourbil¬

575 4755 651 4798 lon
675 4754 758 4798 des
788 4752 996 4806 affaires,
1023 4752 1099 4796 n’a
1118 4764 1203 4809 pas
1224 4751 1266 4795 le
1287 4755 1443 4810 temps
1463 4755 1519 4798 de
1538 4755 1708 4799 s’arrê¬

575 4828 643 4870 ter
663 4839 782 4882 pour
803 4826 1043 4870 combiner
1064 4827 1110 4868 et
1138 4824 1363 4868 chercher
1394 4824 1496 4870 telle
1519 4839 1578 4871 ou
1602 4827 1707 4871 telle

576 4898 722 4942 union
743 4898 820 4954 qui
846 4898 1058 4955 pourrait
1084 4895 1144 4939 lui
1168 4898 1411 4942 convenir.

631 4987 666 5030 Il
688 4986 766 5030 n’a
788 4999 874 5043 pas
895 4987 935 5030 le
958 4988 1112 5042 temps
1132 4988 1176 5028 et
1216 4998 1274 5028 ne
1295 4988 1407 5042 peut
1443 5000 1607 5043 passer
1624 4988 1707 5031 des

572 5060 694 5103 mois
714 5064 756 5103 et
779 5059 1020 5115 peut-être
1043 5058 1126 5102 des
1143 5058 1322 5102 années
1343 5059 1370 5102 à
1392 5058 1579 5103 décider
1600 5059 1706 5103 telle

574 5142 804 5187 personne
844 5131 870 5172 à
911 5131 1136 5186 partager
1167 5140 1220 5171 sa
1251 5130 1322 5172 vie
1346 5140 1355 5183 ;
1381 5130 1408 5171 il
1436 5143 1491 5172 ne
1512 5135 1704 5175 connaît

571 5214 658 5258 pas
679 5202 787 5246 bien
823 5200 867 5244 la
902 5200 1127 5244 situation
1162 5200 1219 5244 de
1258 5203 1378 5246 cette
1399 5215 1650 5258 personne,
1675 5203 1699 5246 il

570 5274 718 5316 hésite
752 5275 798 5317 et
832 5272 935 5315 finit
962 5284 1048 5330 par
1076 5284 1304 5318 renoncer
1330 5286 1390 5316 au
1424 5275 1639 5331 mariage
1659 5279 1704 5319 et

570 5358 619 5388 se
640 5346 854 5400 résigner
876 5346 903 5388 à
926 5344 1054 5388 vivre
1084 5343 1319 5388 d’amitiés
1341 5347 1640 5400 passagères.

627 5428 747 5471 Mais
768 5440 819 5472 ce
848 5430 926 5484 qui
964 5428 1119 5471 arrive
1143 5440 1262 5484 pour
1288 5428 1355 5472 les
1374 5426 1542 5484 jeunes
1563 5442 1698 5487 gens,

568 5500 722 5544 arrive
744 5500 851 5544 bien
875 5500 980 5559 plus
1012 5512 1182 5544 encore
1201 5514 1319 5557 pour
1342 5500 1407 5544 les
1443 5514 1703 5558 personnes

568 5572 647 5628 qui
672 5575 818 5628 ayant
855 5572 927 5616 été
966 5572 1102 5615 unies
1136 5586 1228 5616 une
1258 5572 1488 5630 première
1526 5574 1614 5618 fois
1651 5587 1702 5618 se

568 5647 787 5690 trouvent
810 5647 911 5690 tout
932 5646 959 5688 à
982 5656 1102 5700 coup
1140 5644 1362 5690 désunies
1394 5658 1480 5702 par
1503 5644 1543 5690 le
1563 5646 1702 5691 décès

568 5716 624 5760 de
647 5718 772 5760 l'une
795 5716 970 5760 d’elles.

624 5800 776 5855 Après
806 5800 944 5844 s'être
978 5799 1247 5856 longtemps
1270 5799 1480 5843 abîmées
1502 5802 1623 5844 dans
1656 5802 1700 5843 la

566 5868 762 5916 douleur
790 5875 835 5916 et
868 5872 998 5917 avoir
1032 5872 1152 5930 payé
1196 5884 1260 5915 un
1292 5868 1418 5926 juste
1460 5874 1604 5916 tribut
1647 5872 1700 5918 de

564 5942 740 5988 larmes
760 5946 788 5988 à
816 5944 998 6000 l’époux
1034 5956 1092 5987 ou
1116 5944 1143 5987 à
1172 5943 1380 6000 l’épouse
1403 5944 1619 6002 décédée,
1644 5944 1702 5989 ils

563 6019 750 6060 sentent
787 6016 892 6074 plus
915 6016 1150 6060 vivement
1187 6015 1227 6059 le
1248 6015 1352 6059 vide
1375 6016 1454 6072 qui
1486 6015 1595 6060 s’est
1616 6018 1700 6060 fait

563 6090 735 6132 autour
772 6088 834 6132 du
872 6087 1136 6139 survivant,
1182 6087 1235 6131 ils
1267 6090 1348 6131 ont
1387 6087 1551 6131 besoin
1588 6088 1700 6132 d’un

563 6174 695 6204 cœur
716 6160 810 6204 ami
848 6159 924 6216 qui
967 6158 1034 6202 les
1066 6159 1255 6203 console
1290 6172 1350 6203 ou
1384 6158 1451 6203 les
1484 6160 1695 6215 protège.

562 6232 624 6275 Ils
644 6232 856 6288 aspirent
878 6232 904 6275 à
927 6234 1047 6275 cette
1075 6230 1146 6274 vie
1166 6231 1419 6287 tranquille
1436 6231 1634 6288 paisible
1655 6234 1700 6276 et

562 6303 818 6356 intérieure,
854 6303 968 6347 faite
1000 6302 1282 6347 d’intimités
1302 6304 1347 6347 et
1367 6303 1423 6347 de
1447 6303 1696 6347 confiden¬

1783 2163 1860 2194 ces
1890 2163 1979 2206 que
2018 2150 2062 2194 la
2098 2152 2222 2194 mort
2259 2164 2286 2194 a
2324 2164 2538 2208 rompue.
2576 2152 2707 2194 Dans
2748 2162 2799 2192 ce
2838 2160 2919 2192 cas

1783 2222 2004 2266 l’homme
2046 2235 2072 2266 a
2120 2223 2284 2267 besoin
2324 2223 2463 2267 d’une
2506 2223 2628 2266 amie
2667 2222 2820 2279 pleine
2862 2220 2918 2263 de

1784 2294 1914 2336 soins
1940 2296 1986 2338 et
2014 2294 2070 2338 de
2102 2294 2440 2339 dévouements
2462 2304 2472 2348 ;
2495 2294 2536 2338 la
2556 2294 2696 2337 dame
2718 2292 2919 2336 cherche

1786 2379 1849 2408 un
1871 2365 2162 2419 soutien,'un
2188 2369 2454 2423 protecteur
2495 2368 2539 2410 et
2563 2379 2627 2408 un
2650 2366 2771 2410 aide.
2799 2364 2919 2408 Mais

1784 2439 1844 2479 où
1884 2439 2072 2480 trouver
2095 2436 2139 2480 la
2183 2450 2416 2494 personne
2451 2436 2530 2494 qui
2563 2436 2776 2480 réunisse
2812 2439 2918 2478 tous

1784 2507 1851 2551 les
1891 2507 2162 2554 désidérata
2182 2510 2203 2552 ?
2224 2512 2290 2552 La
2308 2512 2432 2554 mort
2451 2510 2530 2566 qui
2554 2522 2581 2552 a
2602 2510 2642 2552 si
2676 2510 2919 2566 brusque¬

1784 2583 1914 2624 ment
1952 2582 2246 2638 interrompu
2288 2582 2328 2626 le
2363 2594 2500 2626 cours
2538 2582 2594 2624 de
2630 2583 2751 2624 cette
2788 2580 2919 2623 exis¬

1784 2654 1919 2695 tence
1936 2651 2100 2695 n’était
2123 2666 2210 2710 pas
2231 2654 2391 2696 entrée
2413 2654 2532 2696 dans
2551 2652 2619 2696 les
2651 2651 2828 2695 calculs
2862 2651 2919 2694 de

1786 2724 1830 2768 la
1852 2726 1923 2768 vie
1958 2736 2226 2770 commune.
2268 2727 2336 2770 Où
2374 2727 2563 2770 trouver
2600 2724 2644 2767 la
2683 2736 2918 2782 personne

1786 2796 2056 2842 réunissant
2076 2796 2143 2842 les
2164 2798 2430 2842 conditions
2452 2811 2570 2855 pour
2592 2810 2684 2842 une
2716 2796 2918 2842 seconde

1786 2868 1949 2914 union.

1846 2956 1907 2998 Le
1923 2954 2114 3011 journal
2143 2955 2184 2999 le
2206 2954 2331 2998 Lien
2354 2954 2422 2998 à
2458 2954 2691 3012 Mariage
2731 2954 2846 2998 offre
2891 2954 2919 2996 à

1786 3030 1891 3070 tous
1915 3039 2004 3070 une
2040 3027 2268 3070 situation
2304 3025 2560 3070 semblable
2587 3028 2632 3070 et
2666 3026 2852 3082 lorsque
2876 3027 2916 3068 la

1784 3112 2016 3158 personne
2038 3099 2179 3156 qu’on
2218 3100 2370 3144 désire
2392 3112 2450 3143 ne
2486 3099 2554 3155 s’y
2572 3102 2738 3143 trouve
2760 3112 2863 3155 pas,
2890 3101 2915 3144 iî

1784 3172 1860 3227 n’y
1878 3184 1903 3215 a
1920 3171 2027 3228 qu’à
2050 3172 2307 3216 s’adresser
2343 3174 2369 3215 à
2400 3171 2620 3216 l'Office
2654 3174 2918 3215 Mondonet

1784 3246 1863 3300 qui
1887 3258 1914 3288 a
1937 3258 2000 3287 un
2022 3244 2179 3299 grand
2202 3244 2399 3287 nombre
2418 3244 2475 3288 de
2504 3244 2830 3300 propositions
2852 3255 2915 3299 qu

1784 3328 1843 3359 ne
1862 3316 2068 3371 figurent
2090 3328 2178 3372 pas
2199 3316 2318 3359 dans
2339 3328 2418 3360 ces
2439 3315 2678 3360 colonnes.

1844 3402 1987 3443 Notre
2004 3399 2194 3455 journal
2231 3414 2256 3443 a
2281 3414 2398 3456 pour
2420 3402 2503 3443 but
2519 3400 2727 3443 d’ouvrir
2748 3399 2792 3442 la
2815 3398 2918 3443 voie

1784 3471 2040 3516 honorable
2075 3472 2131 3515 de
2167 3472 2211 3515 la
2248 3472 2423 3519 société
2459 3474 2486 3515 à
2530 3475 2656 3515 toute
2686 3483 2919 3527 personne

1784 3543 1861 3598 qui
1880 3555 1930 3587 se
1951 3544 2116 3587 trouve
2139 3543 2259 3588 dans
2279 3543 2470 3600 pareille
2491 3544 2736 3588 situation.

1868 3687 2010 3731 Rôle
2042 3687 2119 3731 du
2159 3704 2176 3726 «
2214 3686 2355 3731 Lien
2382 3688 2460 3731 du
2494 3686 2751 3742 Mariage
2790 3702 2808 3724 »

1842 3822 1975 3864 Nous
1996 3831 2259 3876 proposons
2296 3819 2363 3863 les
2403 3832 2663 3876 personnes
2683 3832 2796 3864 avec
2819 3820 2919 3864 leur

1784 3892 2010 3935 situation
2050 3891 2107 3934 de
2146 3892 2327 3934 fortune
2359 3895 2403 3934 et
2450 3891 2506 3935 de
2543 3891 2775 3946 moralité,
2800 3906 2919 3938 nous

1786 3963 1962 4007 faisons
1995 3963 2060 4007 les
2096 3963 2372 4016 demandes,
2404 3964 2680 4007 abouchons
2716 3966 2782 4008 les
2805 3978 2919 4022 per¬

1784 4050 1958 4080 sonnes
1996 4038 2042 4079 et
2080 4039 2286 4079 mettons
2315 4048 2374 4079 en
2396 4038 2622 4092 présence
2656 4036 2722 4080 les
2743 4038 2914 4082 futurs.

1783 4109 1915 4152 Nous
1936 4120 2142 4151 sommes
2164 4107 2230 4150 les
2267 4107 2644 4152 intermédiaires
2683 4108 2766 4152 des
2805 4122 2918 4166 pre¬

1787 4180 1954 4223 mières
1991 4182 2258 4231 entrevues,
2298 4176 2514 4234 toujours
2552 4180 2647 4223 très
2683 4183 2918 4235 gênantes

1786 4254 1830 4295 et
1868 4254 1962 4295 très
1982 4251 2204 4295 délicates
2227 4263 2344 4307 pour
2367 4250 2450 4294 des
2472 4264 2732 4308 personnes
2751 4252 2831 4310 qui
2867 4264 2916 4296 se

1787 4323 1942 4366 voient
1969 4335 2088 4379 pour
2110 4322 2154 4364 la
2195 4322 2426 4378 première
2464 4323 2564 4367 fois,
2599 4324 2731 4367 Nous
2764 4323 2915 4368 résol¬

1784 4407 1902 4439 vons
1947 4396 2115 4438 autant
2155 4406 2244 4450 que
2287 4392 2488 4450 possible
2547 4394 2614 4438 les
2666 4395 2918 4440 difficultés

1784 4468 1861 4524 qui
1884 4470 2090 4524 peuvent
2123 4479 2172 4510 se
2195 4466 2438 4523 présenter
2459 4468 2579 4511 dans
2616 4467 2660 4510 la
2688 4468 2912 4511 situation

1782 4539 1839 4580 de
1859 4539 1983 4582 l’une
2001 4536 2175 4580 d’elles.
2199 4538 2331 4580 Nous
2351 4550 2560 4581 sommes
2579 4536 2678 4580 leur
2702 4539 2916 4583 intermé¬

1783 4611 1928 4654 diaire
1959 4612 2003 4654 et
2043 4610 2142 4654 leur
2171 4610 2282 4652 ami.
2307 4610 2410 4663 Oui,
2436 4608 2535 4654 leur
2555 4611 2666 4663 ami,
2692 4623 2774 4654 car
2795 4624 2916 4658 nous

1782 4682 2088 4726 considérons
2110 4694 2294 4726 comme
2322 4682 2383 4724 tel
2420 4684 2552 4726 notre
2592 4683 2690 4726 rôle
2713 4696 2830 4740 pour
2850 4684 2916 4728 les

1782 4767 2042 4812 personnes
2071 4755 2150 4811 qui
2190 4767 2311 4798 nous
2347 4755 2579 4810 chargent
2616 4755 2675 4798 du
2716 4756 2820 4799 soin
2859 4758 2915 4800 de

1780 4828 1880 4872 leur
1903 4828 2063 4871 union.

1838 4912 1959 4956 Elles
1975 4914 2178 4970 peuvent
2190 4914 2402 4968 compter
2414 4924 2495 4956 sur
2508 4915 2642 4956 notre
2659 4911 2914 4958 discrétion

1780 4984 1990 5028 absolue.
2027 4984 2171 5028 Notre
2194 4983 2326 5027 office
2350 4987 2420 5027 est
2455 4996 2514 5027 un
2540 4984 2763 5030 tombeau
2794 4999 2914 5042 pour

1780 5056 1846 5100 les
1867 5058 2043 5100 secrets
2066 5056 2142 5111 qui
2166 5067 2286 5099 nous
2307 5059 2414 5099 sont
2436 5055 2627 5100 confiés.

1836 5142 2062 5192 Souvent,
2111 5142 2282 5192 même,
2324 5139 2367 5183 la
2399 5139 2630 5196 première
2666 5142 2912 5196 présenta¬

1778 5212 1875 5255 tion
1915 5224 1942 5255 a
1979 5211 2070 5255 lieu
2098 5223 2211 5254 sans
2242 5210 2508 5266 qu’aucune
2546 5211 2628 5255 des
2650 5211 2770 5256 deux
2808 5226 2912 5268 par¬

1779 5284 1864 5327 ties
1886 5282 2135 5327 connaisse
2156 5280 2199 5324 le
2222 5294 2332 5326 nom
2367 5282 2423 5326 de
2461 5282 2627 5326 l’autre
2647 5287 2691 5326 et
2713 5295 2834 5327 nous
2852 5296 2911 5328 ne

1778 5355 1843 5398 les
1863 5355 2042 5398 faisons
2062 5355 2307 5398 connaître
2331 5366 2422 5410 que
2448 5367 2530 5398 sur
2550 5354 2651 5398 leur
2671 5356 2902 5399 autorisa¬

1778 5428 1874 5470 tion
1896 5438 2134 5483 expresse.

1834 5514 1907 5556 Un
1923 5507 2112 5566 journal
2134 5522 2251 5566 pour
2267 5510 2507 5564 mariages
2526 5511 2646 5554 dans
2660 5523 2750 5554 une
2767 5511 2910 5566 petite

1776 5582 1880 5628 ville
1899 5583 1958 5626 où
1980 5584 2082 5626 tout
2103 5582 2142 5625 le
2170 5580 2340 5624 monde
2367 5594 2418 5624 se
2435 5583 2628 5624 connaît
2650 5583 2694 5626 et
2716 5584 2910 5624 connaît

1775 5655 1819 5698 la
1842 5654 2067 5698 situation
2088 5652 2144 5696 de
2167 5666 2251 5695 son
2292 5652 2459 5706 voisin,
2486 5652 2691 5696 n’aurait
2728 5666 2815 5708 pas
2854 5654 2910 5696 de

1775 5727 1934 5770 raison
1964 5724 2124 5779 d’être,
2150 5724 2271 5768 mais
2292 5724 2412 5767 dans
2450 5736 2542 5767 une
2582 5724 2764 5780 grande
2786 5724 2907 5778 ville,

1774 5808 1958 5840 comme
1991 5796 2034 5839 la
2074 5799 2222 5852 nôtre,
2262 5796 2320 5839 où
2359 5795 2544 5839 chacun
2586 5808 2730 5854 pense
2772 5799 2800 5839 à
2836 5808 2911 5839 ses

1774 5867 1964 5912 affaires
1986 5870 2030 5911 et
2059 5880 2155 5911 non
2178 5868 2204 5911 à
2220 5866 2359 5911 celles
2376 5867 2432 5912 de
2454 5880 2531 5912 ses
2551 5868 2728 5912 voisins
2752 5878 2762 5922 ;
2786 5870 2831 5911 et
2850 5868 2910 5911 où

1773 5942 1882 5984 bien
1903 5942 2103 5984 souvent
2124 5940 2190 5984 les
2215 5939 2459 5983 habitants
2480 5940 2536 5984 de
2556 5940 2602 5984 la
2626 5943 2779 5984 même
2795 5940 2910 5983 mai¬

1772 6024 1859 6056 son
1882 6024 1939 6055 ne
1972 6024 2022 6056 se
2059 6011 2364 6055 connaissent
2403 6024 2488 6068 pas
2507 6014 2639 6056 entre
2656 6024 2760 6066 eux,
2788 6011 2815 6055 il
2839 6015 2910 6056 est

1773 6084 2040 6127 nécessaire
2082 6083 2192 6127 d’un
2244 6084 2338 6127 ami
2384 6083 2596 6139 général,
2651 6083 2763 6127 d’un
2815 6084 2907 6126 ami

1772 6168 1996 6199 commun
2020 6155 2096 6212 qui
2120 6158 2360 6212 groupant
2403 6155 2524 6199 dans
2546 6168 2610 6199 un
2648 6156 2784 6199 vaste
2819 6167 2910 6198 en¬

1772 6228 1968 6281 semble,
1991 6227 2058 6271 les
2096 6227 2238 6271 offres
2275 6230 2319 6271 et
2359 6227 2427 6270 les
2468 6227 2744 6279 demandes,
2772 6239 2910 6270 com¬

1806 6312 1879 6355 ine
1902 6299 1963 6344 lui
2003 6303 2156 6344 même
2178 6299 2244 6344 les
2279 6299 2552 6355 situations,
2580 6299 2646 6344 les
2678 6302 2811 6355 âges,
2844 6298 2911 6343 les

2994 2149 3152 2203 goûts,
3192 2144 3259 2190 les
3294 2144 3487 2200 figures,
3545 2143 3611 2186 les
3663 2143 3878 2187 fortunes
3918 2146 3963 2187 et
4012 2144 4136 2188 fasse

2994 2219 3058 2262 lui
3094 2222 3248 2262 même
3272 2216 3339 2262 les
3360 2215 3682 2274 propositions
3716 2214 3782 2259 les
3824 2215 3930 2271 plus
3975 2219 4134 2259 sorta-

2992 2290 3110 2334 bles.

3051 2374 3132 2416 Cet
3155 2372 3248 2414 ami
3271 2383 3512 2420 commun,
3538 2368 3652 2412 c’est
3675 2368 3839 2413 l’office
3860 2371 4134 2423 Mondonet,

2992 2444 3036 2496 6,
3063 2446 3095 2486 B
3098 2442 3111 2463 J
3148 2443 3204 2486 de
3226 2443 3270 2486 la
3292 2442 3603 2498 Magdeleine,
3640 2440 3754 2484 c’est
3788 2440 3827 2484 le
3863 2438 4053 2498 journal
4095 2442 4135 2486 le

2995 2512 3120 2558 Lien
3143 2512 3211 2556 du
3240 2512 3480 2570 Mariage
3502 2512 3578 2567 qui
3608 2514 3679 2555 est
3700 2524 3786 2555 son
3810 2512 4072 2556 auxiliaire.

3051 2598 3264 2642 Pendant
3288 2596 3560 2651 longtemps
3582 2594 3612 2636 il
3651 2607 3676 2636 a
3718 2595 3864 2639 existé
3903 2608 3994 2639 une
4030 2595 4135 2652 pré¬

2994 2670 3183 2714 vention
3207 2668 3302 2711 très
3332 2667 3558 2722 marquée
3592 2667 3755 2708 contre
3786 2666 3852 2710 les
3891 2667 4135 2720 mariages

2995 2742 3086 2784 dits
3100 2740 3156 2784 de
3180 2738 3488 2796 proposition,
3514 2750 3574 2780 on
3599 2736 3778 2780 voulait
3799 2751 3850 2782 se
3875 2739 4136 2795 persuader

2995 2812 3106 2871 qu’il
3136 2824 3195 2856 ne
3227 2811 3420 2868 pouvait
3440 2808 3582 2852 sortir
3602 2808 3683 2851 des
3702 2820 3910 2863 agences
3939 2823 4030 2867 que
4052 2811 4136 2855 des

2995 2886 3232 2939 mariages
3254 2883 3534 2940 disparates.

3052 2971 3123 3012 En
3146 2968 3247 3011 face
3270 2967 3352 3011 des
3382 2964 3606 3010 résultats
3646 2966 3910 3010 contraires
3931 2966 4135 3011 obtenus

2998 3054 3080 3096 par
3135 3052 3212 3083 ces
3275 3039 3504 3091 bureaux,
3547 3048 3607 3079 on
3666 3039 3738 3080 est
3778 3038 3895 3080 sorti
3926 3038 4130 3095 complè¬

2995 3115 3171 3156 tement
3210 3111 3266 3154 de
3306 3112 3426 3154 cette
3476 3108 3771 3164 prévention.
3815 3108 4028 3154 L’estime
4070 3110 4132 3154 du

2997 3183 3152 3240 public
3171 3186 3242 3227 est
3264 3180 3562 3224 absolument
3576 3180 3770 3235 acquise
3791 3192 3888 3224 aux
3906 3194 4132 3236 agences,

2996 3267 3112 3311 pour
3135 3255 3178 3298 la
3200 3255 3359 3298 raison
3388 3252 3495 3296 bien
3530 3250 3715 3307 simple,
3742 3263 3832 3307 que
3853 3252 3920 3296 les
3943 3252 4135 3296 affaires

2995 3326 3187 3368 traitées
3208 3338 3294 3382 par
3328 3323 3454 3378 elles,
3480 3323 3520 3366 le
3559 3324 3667 3364 sont
3688 3323 3796 3378 plus
3834 3323 4135 3379 rapidement

2994 3400 3038 3440 et
3080 3396 3183 3453 plus
3222 3398 3480 3444 sûrement,
3506 3396 3550 3437 et
3590 3406 3650 3436 on
3694 3396 3804 3450 peut
3842 3394 3942 3438 dire
3979 3408 4070 3451 que
4094 3395 4134 3439 le

2995 3468 3099 3524 plus
3118 3468 3272 3522 grand
3312 3467 3508 3508 nombre
3552 3464 3632 3507 des
3668 3466 3928 3520 mariages,
3980 3470 4134 3510 même

2994 3539 3164 3592 riches,
3183 3542 3262 3583 ont
3286 3539 3356 3582 été
3375 3538 3479 3595 plus
3500 3550 3559 3582 ou
3578 3536 3734 3580 moins
3756 3536 3844 3580 mis
3866 3550 3948 3580 sur
3970 3536 4012 3580 la
4028 3538 4134 3583 voie

2995 3623 3079 3666 par
3100 3622 3186 3652 nos
3213 3620 3434 3664 agences.
3469 3608 3602 3651 Nous
3624 3619 3744 3650 nous
3763 3607 4054 3651 efforcerons
4075 3610 4132 3652 de

2992 3682 3183 3726 mériter
3204 3682 3324 3724 cette
3344 3680 3510 3723 estime
3531 3678 3594 3722 du
3616 3678 3775 3734 public
3796 3691 3856 3722 en
3872 3682 4131 3735 apportant

2994 3754 3112 3796 dans
3162 3754 3206 3796 la
3260 3751 3534 3796 conclusion
3575 3750 3658 3794 des
3706 3750 3898 3795 affaires
3938 3751 3983 3794 la
4024 3751 4132 3807 plus

2992 3826 3174 3882 grande
3211 3824 3504 3878 délicatesse,
3530 3823 3573 3866 la
3608 3822 3714 3878 plus
3735 3823 3919 3876 grande
3943 3823 4126 3879 probité

2992 3900 3038 3942 et
3058 3898 3102 3940 la
3124 3896 3378 3940 discrétion
3400 3896 3443 3939 la
3474 3896 3579 3951 plus
3600 3894 3812 3938 absolue.

3052 3983 3138 4026 Les
3191 3982 3342 4024 beaux
3391 3979 3615 4023 résultats
3672 3991 3763 4035 que
3818 3991 3938 4022 nous
3978 3991 4127 4023 avons

2991 4054 3191 4096 obtenus
3248 4064 3368 4095 nous
3402 4052 3644 4106 engagent
3682 4051 3708 4091 à
3743 4051 3968 4106 persister
4010 4050 4130 4095 dans

2992 4126 3111 4167 cette
3145 4124 3264 4175 voie,
3300 4123 3524 4178 espérant
3562 4134 3651 4176 que
3686 4120 3727 4163 le
3759 4120 3916 4176 public
3950 4122 4128 4164 voudra

2991 4195 3098 4238 bien
3120 4207 3240 4238 nous
3260 4194 3510 4236 continuer
3531 4204 3608 4235 ses
3628 4191 3820 4236 faveurs
3858 4195 3903 4235 et
3923 4204 3975 4235 sa
4007 4206 4124 4236 con¬

2992 4266 3159 4308 fiance.

3050 4351 3112 4396 Le
3144 4351 3270 4395 Lien
3312 4350 3380 4394 du
3415 4350 3654 4408 Mariage
3687 4352 3758 4394 est
3799 4350 3838 4394 le
3869 4350 3980 4394 trait
4024 4351 4128 4395 d’u¬

2991 4424 3102 4467 nion
3140 4422 3224 4467 des
3256 4422 3474 4475 familles,
3499 4435 3594 4466 non
3630 4422 3893 4466 seulement
3916 4422 3972 4466 de
3995 4426 4130 4467 notre

2991 4495 3111 4548 ville,
3139 4495 3258 4536 mais
3291 4506 3460 4536 encore
3500 4494 3583 4538 des
3607 4492 3892 4551 principales
3915 4493 4048 4538 villes
4071 4494 4127 4538 de

2990 4567 3167 4608 France
3203 4567 3246 4608 et
3283 4564 3339 4608 de
3382 4563 3638 4620 l’étranger
3675 4566 3736 4608 où
3772 4567 3906 4608 notre
3946 4566 4079 4610 office
4103 4579 4128 4610 a

2990 4636 3072 4682 des
3106 4635 3506 4692 correspondants
3538 4636 3751 4680 discrets.
3778 4636 3911 4680 Nous
3938 4638 4131 4692 présen¬

2991 4711 3096 4752 tons
3116 4708 3236 4752 donc
3259 4720 3350 4751 aux
3376 4708 3514 4764 pères
3542 4707 3598 4751 de
3618 4707 3794 4751 famille
3824 4708 4051 4751 soucieux
4072 4708 4130 4752 de

2989 4779 3183 4826 l’avenir
3204 4779 3260 4823 de
3286 4779 3411 4823 leurs
3432 4779 3620 4823 enfants
3642 4782 3750 4823 tous
3771 4779 3836 4823 les
3859 4782 4126 4835 avantages

2988 4852 3126 4908 qu’ils
3147 4864 3204 4895 ne
3226 4851 3472 4895 sauraient
3500 4854 3691 4895 trouver
3716 4851 3815 4894 s’ils
3854 4854 3962 4895 sont
3984 4851 4128 4895 livrés

2988 4926 3015 4968 à
3036 4927 3324 4968 eux-mêmes
3346 4926 3391 4967 et
3414 4923 3535 4966 dans
3558 4922 3598 4966 le
3619 4922 3768 4966 cercle
3791 4923 3847 4966 de
3867 4922 3994 4966 leurs
4014 4935 4125 4967 con¬

2988 4996 3266 5040 naissances
3286 5006 3295 5048 ;
3332 5008 3391 5038 en
3414 4994 3536 5047 effet,
3568 4992 4023 5050 indépendamment
4044 4994 4128 5039 des

2987 5069 3252 5112 références
3274 5068 3527 5122 certaines,
3560 5067 3614 5108 ils
3651 5067 3732 5108 ont
3755 5064 3796 5110 le
3816 5064 3955 5110 choix
3979 5067 4131 5123 parmi

2986 5135 3030 5184 le
3052 5140 3207 5196 grand
3230 5139 3426 5183 nombre
3467 5139 3523 5182 de
3546 5138 3871 5195 propositions
3894 5151 3983 5195 que
4012 5152 4131 5183 con¬

2984 5202 3199 5255 tiennent
3239 5211 3304 5255 les
3340 5210 3566 5254 colonnes
3595 5210 3651 5252 de
3686 5212 3823 5253 notre
3838 5208 4047 5264 journal,
4072 5211 4128 5255 ils

2986 5284 3191 5342 peuvent
3207 5282 3323 5327 faire
3346 5282 3544 5339 épouser
3567 5282 3594 5324 à
3612 5279 3740 5324 leurs
3758 5280 3950 5326 enfants
3968 5282 4012 5326 la
4032 5295 4131 5339 per¬

2984 5368 3134 5399 sonne
3154 5355 3291 5412 qu’ils
3308 5354 3515 5399 désirent
3528 5354 3619 5398 soit
3639 5366 3824 5398 comme
3844 5352 4126 5412 profession,

2984 5422 3190 5479 fortune,
3226 5426 3484 5476 caractère,
3524 5424 3728 5480 position
3770 5423 3943 5467 sociale
3983 5427 4028 5468 et
4071 5426 4130 5470 ils

2984 5511 3043 5542 ne
3076 5499 3402 5555 s’exposeront
3440 5508 3528 5552 pas
3566 5496 3592 5539 à
3632 5496 3734 5539 leur
3770 5496 3887 5540 faire
3924 5498 4130 5554 épouser

2984 5582 3075 5612 une
3112 5580 3344 5624 personne
3367 5567 3446 5623 qui
3486 5567 3584 5610 leur
3622 5579 3728 5611 sera
3771 5566 4127 5626 antipathique,

2983 5640 3074 5684 soit
3092 5652 3179 5696 par
3199 5651 3287 5682 son
3310 5642 3415 5694 âge,
3436 5639 3526 5682 soit
3562 5651 3682 5696 pour
3716 5642 3826 5683 tous
3856 5642 4019 5684 autres
4043 5640 4131 5684 dé¬

2986 5711 3111 5755 fauts
3132 5711 3211 5767 qui
3251 5712 3360 5754 sont,
3394 5712 3563 5754 autant
3603 5711 3659 5754 de
3698 5723 3868 5755 causes
3907 5711 3964 5755 de
3988 5711 4128 5756 désu¬

2984 5783 3096 5826 nion
3118 5782 3239 5826 dans
3261 5780 3302 5826 le
3326 5783 3542 5836 mariage
3563 5784 3608 5826 et
3642 5782 3858 5826 finissent
3884 5795 3968 5839 par
3991 5796 4126 5828 ame¬

2984 5867 3068 5899 ner
3090 5855 3130 5898 le
3152 5854 3342 5898 divorce
3364 5856 3408 5898 et
3436 5854 3479 5898 la
3502 5855 3796 5911 séparation.

3044 5942 3172 5983 Dans
3204 5938 3271 5982 les
3303 5938 3524 5982 colonnes
3555 5938 3616 5982 du
3650 5938 3774 5980 Lien
3806 5936 3874 5980 du
3899 5939 4132 5998 Mariage

2984 6024 3043 6055 ou
3067 6012 3094 6054 à
3115 6008 3332 6055 l’Office
3354 6008 3634 6063 Mondonet,
3658 6008 3700 6062 6,
3726 6008 3760 6052 B
3762 6007 3776 6028 d
3796 6008 3912 6054 delà
3936 6010 4131 6066 Magde¬

2985 6083 3122 6134 leine,
3154 6094 3214 6124 on
3236 6084 3347 6138 peut
3370 6083 3560 6126 trouver
3588 6079 3858 6124 facilement
3901 6094 3963 6124 un
3999 6094 4130 6137 gen¬

2986 6155 3083 6208 dre,
3110 6166 3172 6198 un
3211 6155 3363 6211 époux
3383 6166 3443 6198 ou
3464 6164 3559 6196 une
3580 6154 3755 6210 épouse
3784 6155 3811 6198 à
3850 6166 3934 6198 son
3963 6155 4049 6210 gré
4087 6159 4131 6199 et

2986 6240 3044 6272 en
3083 6230 3180 6271 tout
3222 6227 3354 6286 point
3391 6224 3631 6270 conforme
3676 6238 3768 6270 aux
3803 6226 3954 6270 désirs
3990 6227 4043 6270 de
4082 6226 4130 6272 la

2987 6311 3223 6358 personne
3243 6299 3269 6343 à
3290 6298 3490 6343 marier,
