4712 7064
2259 410 2338 455 LE
2377 408 2526 455 LIEN
2562 408 2648 454 DU
2687 402 2980 451 MARIAGE

937 764 991 803 Le
1030 763 1135 802 Lit*n
1174 761 1223 800 du
1261 759 1443 811 Mariage
1480 770 1523 798 se
1563 755 1670 795 vend
1706 765 1760 794 au
1802 751 1892 803 prix
1939 750 1990 790 de

867 819 915 859 10
936 816 1142 858 centimes
1174 815 1278 854 dans
1311 818 1402 852 tous
1431 811 1492 851 les
1527 810 1727 860 kiosques
1746 806 1796 846 de
1820 804 1858 844 la
1878 803 1990 843 Ville

863 878 906 913 et
924 872 947 911 à,
969 872 1006 910 la
1030 868 1256 918 Direction,
1279 867 1344 916 47,
1363 878 1438 906 rue
1459 866 1510 904 de
1532 863 1571 903 la
1591 863 1730 902 Darse.

918 956 1028 995 Dans
1067 952 1127 993 les
1166 951 1391 1004 prochains
1426 948 1643 995 numéros,
1666 955 1774 984 nous
1799 944 1988 983 réserve¬

865 1022 962 1050 rons
984 1020 1041 1048 un
1062 1007 1162 1046 tiers
1181 1006 1230 1045 de
1252 1016 1355 1055 page
1386 1015 1492 1054 pour
1522 999 1583 1040 les
1615 995 1990 1038 annonces-récla¬

866 1074 970 1112 mes,
994 1060 1103 1100 mais
1122 1071 1230 1100 nous
1250 1059 1567 1106 n’accepterons
1591 1059 1632 1092 et
1659 1050 1988 1092 recommande¬

866 1128 963 1157 rons
982 1126 1064 1167 que
1084 1112 1212 1155 celles
1243 1111 1319 1164 qui
1350 1112 1598 1151 émaneront
1626 1106 1698 1147 des
1731 1104 1919 1144 maisons
1939 1103 1990 1143 de

866 1170 1098 1212 confiance.

920 1284 1058 1324 Notre
1082 1281 1212 1335 Office
1232 1293 1258 1319 a
1268 1279 1371 1331 pris
1383 1291 1504 1330 pour
1524 1275 1671 1316 devise
1692 1287 1704 1312 :
1730 1274 1772 1311 la
1793 1268 1988 1310 Probité.

866 1339 958 1379 Nos
978 1337 1134 1377 clients
1154 1336 1346 1387 peuvent
1383 1335 1472 1371 être
1498 1327 1743 1383 persuadés
1783 1326 1992 1364 d’avance

866 1406 946 1446 que
964 1403 1072 1430 nous
1093 1402 1144 1428 ne
1163 1400 1349 1428 sommes
1361 1398 1447 1439 pas
1467 1386 1543 1424 des
1563 1383 1790 1422 brasseurs
1811 1374 1992 1428 d’affai¬

865 1459 948 1490 res,
971 1459 1030 1484 au
1051 1442 1200 1496 risque
1222 1442 1275 1480 de
1295 1440 1414 1492 faire
1436 1439 1511 1478 des
1529 1436 1822 1477 malheureux
1843 1444 1856 1476 ;
1896 1432 1994 1466 tous

864 1512 940 1539 nos
983 1498 1130 1552 efforts
1174 1494 1379 1535 tendront
1429 1492 1634 1544 toujours
1678 1490 1702 1526 à
1751 1484 1870 1538 faire
1918 1482 1993 1519 des

865 1553 1063 1592 heureux
1068 1564 1077 1602 ,
1102 1552 1237 1589 même
1271 1562 1330 1588 au
1367 1546 1604 1586 détriment
1625 1543 1678 1580 de
1706 1551 1781 1577 nos
1805 1547 1995 1588 propres

864 1607 1058 1647 intérêts.
1108 1604 1264 1643 Toutes
1302 1613 1378 1640 nos
1414 1599 1594 1652 affaires
1632 1595 1777 1634 seront
1816 1588 1994 1628 traitées

864 1674 966 1700 avec
988 1660 1031 1699 la
1042 1659 1154 1712 plus
1168 1655 1339 1708 grande
1355 1652 1610 1694 délicatesse
1624 1651 1664 1687 et
1683 1648 1720 1686 le
1727 1646 1834 1697 plus
1845 1640 1994 1696 grand

866 1713 1287 1753 désintéressement.

906 1936 1047 1997 Avis
1087 1934 1119 1995 à
1159 1947 1256 1993 nos
1302 1928 1499 1991 clients
1539 1923 1598 1984 de
1643 1916 1955 1982 l'extérieur

921 2106 978 2144 La
1016 2102 1226 2143 Direction
1267 2097 1418 2138 envoie
1452 2095 1615 2140 franco,
1638 2099 1736 2130 sous
1766 2086 1996 2138 enveloppe

869 2158 1082 2206 cachetée,
1116 2165 1214 2194 sans
1251 2160 1393 2191 aucun
1433 2147 1552 2196 signe
1592 2142 1815 2191 extérieur,
1854 2144 1996 2180 contre

869 2214 918 2252 60
940 2223 976 2252 c.
1011 2222 1066 2251 en
1102 2207 1432 2254 timbres-poste,
1472 2211 1526 2239 un
1569 2208 1837 2250 programme
1877 2192 1995 2231 indi¬

867 2270 1002 2317 quant
1024 2264 1083 2302 les
1102 2258 1344 2300 conditions
1374 2255 1424 2294 de
1464 2252 1616 2293 l’Office
1639 2258 1678 2291 et
1698 2262 1755 2291 un
1778 2247 1996 2300 question¬

870 2318 986 2359 naire
1007 2315 1111 2356 écrit
1141 2310 1298 2364 auquel
1338 2310 1514 2348 devront
1552 2304 1759 2356 répondre
1804 2302 1862 2340 les
1904 2312 1998 2351 per¬

867 2382 1022 2411 sonnes
1040 2367 1117 2420 qui
1139 2366 1389 2406 s’adressent
1409 2363 1432 2400 à
1455 2372 1561 2400 nous
1583 2364 1623 2398 et
1643 2357 1720 2409 qui
1743 2356 1919 2395 veulent
1951 2366 1995 2394 se

872 2423 1046 2464 marier.

925 2476 1000 2516 Les
1023 2482 1249 2526 personnes
1268 2469 1344 2520 qui
1367 2479 1418 2508 ne
1438 2472 1531 2507 sont
1554 2478 1623 2517 pas
1653 2464 1879 2511 abonnées,
1903 2466 1996 2500 sont

871 2530 1009 2583 priées
1027 2528 1079 2568 de
1098 2524 1267 2578 joindre
1289 2527 1314 2562 â
1335 2522 1428 2562 leur
1450 2520 1570 2562 lettre
1592 2531 1650 2559 un
1690 2518 1996 2565 timbre-poste

872 2595 979 2636 pour
1002 2583 1040 2621 la
1061 2583 1252 2630 réponse,
1275 2575 1358 2616 afin
1382 2574 1592 2615 d’obtenir
1629 2572 1689 2611 les
1728 2576 1872 2610 autree
1898 2579 1996 2606 ren¬

871 2636 1159 2687 seignements
1176 2631 1306 2684 qu’ils
1327 2636 1512 2681 peuvent
1534 2627 1707 2667 désirer.

925 2690 1002 2728 Les
1023 2696 1248 2739 personnes
1267 2684 1510 2734 étrangères
1543 2682 1568 2720 à
1607 2679 1649 2720 la
1687 2678 1787 2718 ville
1824 2675 1902 2729 qui
1943 2686 1997 2715 ne

875 2742 1124 2782 voudraient
1146 2751 1218 2790 pas
1238 2738 1343 2777 faire
1367 2748 1422 2777 un
1444 2746 1606 2788 aoyage
1623 2736 1647 2774 à
1664 2731 1875 2774 Marseille
1893 2741 1998 2779 pour

871 2802 1011 2838 entrer
1048 2806 1098 2833 en
1135 2791 1338 2832 relations
1372 2802 1471 2830 avec
1511 2790 1550 2828 la
1580 2798 1793 2839 pevsonne
1831 2783 1995 2825 choisie

871 2851 978 2890 dans
998 2848 1057 2888 les
1077 2846 1277 2886 colonnes
1296 2844 1352 2884 du
1372 2843 1479 2883 Lien
1499 2843 1551 2882 du
1568 2843 1755 2893 Mariage
1759 2872 1769 2887 ,
1787 2838 1998 2879 voudront

874 2904 972 2944 bien
1012 2911 1120 2940 nous
1159 2899 1347 2939 adresser
1380 2898 1472 2936 leur
1507 2894 1816 2947 photographie
1835 2904 1843 2939 ;
1890 2902 1999 2930 nous

872 2955 966 2995 leur
987 2954 1264 3006 indiquerons
1284 2964 1359 3003 par
1380 2951 1484 2991 écrit
1507 2950 1544 2988 le
1566 2959 1723 2999 moyen
1739 2946 1923 2987 d’entrer
1944 2955 1995 2983 en

873 3008 1076 3049 relations
1094 3019 1194 3047 avec
1216 3006 1256 3044 la
1276 3016 1484 3056 personne
1503 3003 1668 3043 choisie
1683 3014 1736 3041 ou
1759 3012 1859 3040 avec
1882 3003 1996 3038 toute

872 3071 992 3103 autre
1013 3071 1216 3111 personne
1238 3059 1288 3098 de
1311 3070 1386 3098 nos
1407 3058 1639 3098 nombreux
1662 3055 1863 3101 abonnés,
1896 3051 1998 3091 dont

873 3115 1007 3168 grand
1027 3115 1204 3155 nombre
1227 3123 1279 3152 ne
1298 3112 1483 3163 figurent
1506 3122 1578 3162 pas
1598 3109 1702 3148 dans
1726 3107 1762 3147 le
1782 3104 1966 3159 journal.

942 3337 1213 3411 AUX
1286 3331 1933 3407 FAMILLES

926 3516 1043 3555 Nous
1063 3524 1115 3551 ne
1135 3512 1328 3551 donnons
1347 3520 1517 3548 aucune
1536 3509 1648 3547 suite
1667 3518 1749 3544 aux
1770 3503 2000 3543 demandes

871 3570 944 3610 des
967 3576 1192 3618 personnes
1213 3563 1444 3611 divorcées,
1468 3561 1502 3601 si
1528 3559 1563 3599 le
1584 3559 1806 3611 jugement
1828 3556 1896 3596 n’a
1928 3567 1999 3606 pas

871 3623 936 3665 été
958 3620 1167 3674 prononcé
1187 3618 1459 3660 absolument
1484 3627 1535 3656 en
1558 3614 1651 3654 leur
1670 3612 1835 3653 faveur.

923 3695 1039 3735 Nous
1078 3706 1128 3734 ne
1165 3703 1273 3732 nous
1310 3700 1524 3740 occupons
1556 3699 1639 3739 que
1669 3687 1742 3727 des
1772 3695 1999 3736 personnes

872 3747 1126 3789 nonorables
1146 3752 1184 3787 et
1207 3746 1235 3785 il
1259 3751 1320 3786 est
1345 3742 1500 3784 inutile
1526 3740 1576 3780 de
1597 3752 1639 3780 se
1660 3741 1874 3792 présenter
1895 3737 1994 3777 chez

872 3815 980 3844 nous
999 3815 1054 3843 ou
1076 3802 1126 3842 de
1152 3811 1259 3840 nous
1279 3799 1384 3839 faire
1406 3795 1576 3848 appeler
1598 3796 1619 3835 à
1642 3792 1842 3835 domicile
1873 3791 1907 3832 si
1942 3804 1995 3832 on

872 3870 924 3898 ne
944 3856 1095 3898 réalise
1120 3867 1190 3906 pas
1210 3859 1316 3894 cette
1339 3851 1571 3892 condition.

927 3930 1002 3968 Les
1040 3935 1269 3979 personnes
1302 3923 1378 3974 qui
1411 3922 1662 3961 s’adressent
1692 3919 1714 3958 à
1752 3919 1790 3956 la
1831 3916 1995 3956 maison

872 3990 967 4024 sont
982 3982 1119 4034 priées
1133 3980 1183 4018 de
1198 3976 1364 4029 joindre
1383 3986 1438 4013 un
1455 3973 1608 4012 timbre
1623 3983 1733 4022 pour
1748 3970 1786 4008 la
1800 3971 1974 4018 réponse
1988 3980 1995 4015 ;

872 4042 986 4076 toute
1009 4035 1128 4074 lettre
1152 4042 1236 4071 non
1258 4027 1492 4068 affranchie
1514 4030 1574 4064 est
1596 4023 1776 4063 refusée.

923 4108 982 4147 On
1023 4110 1083 4144 est.
1123 4102 1214 4154 prié
1248 4100 1298 4140 de
1330 4096 1498 4150 joindre
1530 4099 1678 4135 autant
1707 4104 1790 4144 que
1819 4088 1999 4142 possible

871 4172 956 4201 une
976 4154 1287 4211 photographie
1307 4159 1347 4192 et
1364 4151 1416 4192 de
1436 4151 1598 4190 donner
1617 4146 1826 4200 quelques
1847 4143 2001 4184 détails

871 4226 946 4255 sur
987 4215 1023 4253 la
1056 4210 1260 4251 situation
1295 4207 1344 4247 de
1382 4205 1551 4246 fortune
1583 4202 1632 4242 de
1671 4203 1707 4242 la
1745 4210 1950 4252 personne
1978 4199 2000 4238 à

875 4268 1040 4307 marier.

926 4347 1035 4384 Pour
1054 4354 1164 4382 nous
1182 4340 1317 4382 éviter
1337 4339 1411 4378 des
1439 4335 1708 4383 recherches,
1734 4333 1794 4372 les
1824 4342 2000 4383 person¬

872 4410 946 4439 nes
984 4397 1060 4451 qui
1095 4396 1234 4434 feront
1271 4404 1325 4430 un
1362 4391 1485 4430 choix
1507 4390 1611 4427 dans
1635 4387 1692 4424 les
1723 4386 1923 4423 colonnes
1943 4383 2000 4419 du

874 4454 980 4492 Lien
1012 4451 1063 4489 du
1095 4447 1283 4498 Mariage
1288 4476 1298 4492 ,
1322 4444 1438 4483 n’ont
1459 4442 1558 4492 qu’à
1590 4449 1698 4478 nous
1730 4434 1923 4487 rappeler
1963 4434 2000 4472 le

875 4506 1054 4546 numéro
1073 4502 1149 4554 qui
1173 4498 1348 4551 précède
1371 4495 1411 4536 la
1431 4492 1708 4546 proposition.

927 4571 1038 4611 Tous
1076 4567 1136 4607 les
1176 4564 1539 4614 renseignements
1578 4558 1739 4598 donnés
1780 4567 1852 4607 par
1896 4564 2003 4592 nous

875 4631 967 4664 sont
988 4622 1181 4674 gratuits.

931 4700 984 4739 La
1018 4697 1376 4751 correspondance
1416 4700 1476 4735 est
1512 4692 1703 4735 adressée
1735 4700 1835 4730 sous
1874 4699 2001 4728 enve¬

876 4749 999 4802 loppe
1018 4752 1246 4802 ordinaire,
1270 4761 1366 4791 sans
1400 4759 1569 4788 aucune
1600 4744 1854 4796 inscription
1887 4743 1999 4783 exté¬

875 4804 1015 4844 rieure
1035 4811 1154 4844 autre
1174 4816 1258 4856 que
1280 4803 1476 4843 l’adresse
1498 4802 1547 4840 de
1568 4802 1607 4838 la
1631 4810 1852 4850 personne.

932 4875 1005 4914 Les
1038 4875 1224 4916 abonnés
1252 4874 1367 4915 seuls
1398 4876 1470 4911 ont
1499 4870 1609 4911 droit
1631 4872 1652 4908 à
1683 4882 1764 4909 une
1796 4870 1998 4908 insertion

877 4928 927 4967 de
958 4929 1054 4978 cinq
1087 4927 1235 4976 lignes,
1256 4927 1387 4979 qu’ils
1419 4924 1658 4974 rédigeront
1678 4925 1700 4962 à
1727 4922 1819 4962 leur
1848 4932 2002 4961 conve¬

878 4992 1028 5022 nance.

932 5054 1007 5092 Les
1028 5051 1354 5103 photographies
1372 5059 1411 5091 et
1435 5057 1576 5091 autres
1610 5050 1747 5099 pièces
1776 5046 1959 5087 confiées
1980 5047 2002 5084 à

878 5105 919 5146 la
941 5106 1095 5146 Maison
1119 5109 1211 5144 sont
1232 5104 1414 5143 rendues
1447 5116 1528 5143 aux
1563 5103 1787 5143 intéressés
1815 5102 1935 5152 après
1960 5099 2002 5138 la

878 5158 1136 5200 célébration
1158 5159 1214 5198 du
1236 5156 1439 5208 mariage.

931 5236 1007 5275 Les
1030 5247 1252 5286 personnes
1272 5236 1346 5286 qui
1368 5240 1460 5274 sont
1482 5235 1707 5274 satisfaites
1728 5235 1778 5272 de
1807 5245 1880 5272 nos
1907 5244 1999 5272 ser¬

880 5288 992 5328 vices
1014 5288 1220 5327 voudront
1240 5286 1338 5326 bien
1355 5286 1686 5336 communiquer
1707 5291 1820 5324 notre
1835 5286 2002 5324 adresse

879 5344 903 5384 à
923 5342 1037 5382 leurs
1056 5340 1179 5389 amis,
1204 5343 1458 5391 promettant
1479 5339 1528 5377 de
1551 5338 1726 5388 remplir
1756 5336 1794 5376 le
1830 5336 2003 5376 mandat

878 5395 986 5449 qu’il
1035 5404 1142 5435 nous
1188 5392 1444 5441 donneront,
1495 5403 1548 5431 au
1599 5392 1740 5431 mieux
1790 5390 1839 5430 de
1891 5389 2004 5430 leurs

880 5450 1070 5490 intérêts.

936 5526 1100 5566 Ouvert
1139 5526 1235 5562 tous
1272 5521 1330 5562 les
1352 5522 1485 5575 jours
1516 5521 1569 5560 de
1602 5522 1631 5560 2
1656 5523 1681 5559 à
1703 5520 1730 5559 8
1752 5519 1908 5560 heures
1942 5520 2002 5559 du

878 5579 972 5621 soir
978 5593 986 5630 ,
1008 5582 1047 5619 et
1071 5579 1132 5618 les
1151 5576 1407 5616 dimanches
1416 5574 1604 5628 jusqu’à
1626 5574 1742 5615 midi

921 5769 1356 5851 FORMALITÉS
1403 5779 1574 5845 POUR
1623 5778 1966 5845 MARIAGES

935 5964 1011 6004 Les
1058 5956 1344 6012 publications
1380 5954 1432 5994 de
1471 5954 1659 6004 mariage
1706 5954 1876 5995 doivent
1920 5955 2006 5995 être

884 6019 1007 6059 faites
1027 6018 1050 6056 à
1074 6016 1114 6055 la
1134 6010 1278 6052 Mairie
1296 6010 1406 6050 deux
1435 6007 1687 6048 dimanches
1707 6008 1755 6047 de
1776 6008 1886 6048 suite
1908 6012 1948 6047 et
1968 6008 2006 6047 le

882 6072 1068 6120 mariage
1110 6079 1160 6107 ne
1203 6070 1300 6116 peut
1339 6062 1459 6104 avoir
1494 6060 1578 6100 lieu
1620 6074 1703 6112 que
1742 6074 1842 6102 onze
1890 6060 2007 6111 jours

882 6126 1024 6167 francs
1042 6123 1163 6174 après
1186 6119 1224 6159 la
1246 6118 1452 6169 première
1473 6114 1753 6166 publication.

2114 582 2154 622 Si
2179 581 2216 621 le
2238 579 2442 622 domicile
2464 579 2568 618 n’est
2588 589 2661 628 pas
2695 575 2826 618 établi
2862 587 2936 626 par
2974 574 3035 613 six
3075 573 3183 612 mois

2062 635 2112 675 de
2134 635 2364 683 résidence,
2384 635 2442 674 les
2463 631 2750 683 publications
2766 630 2942 670 devront
2956 628 3042 667 être
3061 626 3184 664 faites

2062 690 2084 728 à
2124 688 2163 728 la
2203 687 2501 738 municipalité
2539 684 2594 724 du
2636 684 2803 725 dernier
2836 679 3038 723 domicile
3062 684 3102 718 et
3131 688 3180 718 en

2063 750 2180 782 outre
2219 754 2270 782 au
2311 739 2514 780 domicile
2545 739 2595 778 de
2628 751 2733 779 ceux
2760 748 2859 778 sous
2891 735 2931 774 la
2964 733 3184 785 puissance

2062 795 2258 848 desquels
2276 807 2318 835 se
2356 797 2552 834 trouvent
2588 791 2648 831 les
2678 792 2831 841 parties
2860 791 3180 830 contractantes.

2114 884 2257 924 Pièces
2275 884 2299 922 à
2320 880 2519 934 produire
2540 879 2563 918 à
2581 878 2621 918 la
2642 878 2787 918 Mairie
2803 892 2812 918 :

2118 974 2152 1012 1°
2183 971 2318 1011 L'acte
2339 970 2388 1009 de
2406 968 2624 1008 naissance
2640 967 2714 1006 des
2728 966 2835 1004 deux
2852 965 2994 1005 futurs
3007 964 3184 1004 dûment

2064 1025 2260 1075 légalisés
2283 1036 2291 1071 ;

2116 1091 2154 1128 2°
2175 1090 2230 1128 Le
2250 1091 2566 1128 consentement
2587 1083 2748 1125 notarié
2767 1083 2839 1123 des
2855 1083 2971 1132 pères
2991 1087 3031 1123 et
3051 1083 3187 1122 mères

2063 1143 2139 1195 qui
2180 1155 2230 1182 ne
2271 1147 2452 1192 peuvent
2494 1139 2530 1179 le
2562 1139 2724 1179 donner
2760 1135 3048 1176 verbalement
3083 1138 3107 1174 à
3148 1135 3186 1174 la

2064 1195 2207 1236 Mairie
2229 1207 2282 1235 au
2303 1199 2495 1235 moment
2515 1191 2564 1231 de
2586 1192 2706 1232 l’acte
2727 1190 2782 1228 du
2806 1188 2994 1237 mariage
3016 1199 3026 1236 ;

2118 1262 2155 1300 3°
2184 1261 2224 1301 Si
2247 1260 2286 1300 le
2308 1262 2403 1311 père
2424 1263 2464 1299 et
2488 1258 2524 1296 la
2547 1259 2661 1298 mère
2683 1260 2776 1297 sont
2804 1252 2996 1303 décédés,
3020 1263 3072 1290 ou
3098 1251 3185 1289 l’un

2064 1315 2202 1362 d’eux,
2226 1314 2257 1352 il
2276 1314 2367 1354 faut
2388 1310 2555 1352 fournir
2574 1311 2667 1351 leur
2687 1315 2778 1349 acte
2794 1308 2843 1348 de
2864 1307 2987 1347 décès
3007 1305 3188 1344 dûment

2064 1367 2241 1418 légalisé
2263 1380 2273 1416 ;

2118 1434 2155 1471 4°
2185 1433 2292 1472 Dans
2312 1432 2350 1472 le
2371 1443 2440 1471 cas
2460 1431 2510 1470 de
2531 1430 2652 1471 décès
2674 1430 2745 1470 des
2777 1431 2871 1479 père
2903 1432 2942 1466 et
2971 1426 3099 1474 mère,
3122 1420 3186 1462 s’il

2066 1487 2194 1527 existe
2236 1498 2291 1524 un
2332 1484 2583 1536 grand-père
2615 1496 2666 1523 ou
2710 1494 2791 1522 une
2819 1479 3100 1532 grand'mère,
3132 1487 3186 1515 ou

2065 1540 2219 1580 arrière
2261 1538 2516 1588 grand-père
2550 1543 2588 1575 et
2617 1536 2772 1576 arrière
2792 1534 3072 1587 grand'mère,
3095 1531 3189 1570 leur

2066 1598 2384 1632 consentement
2406 1598 2464 1631 est
2486 1590 2734 1630 nécessaire.

2122 1647 2227 1686 Pour
2259 1658 2318 1684 un
2349 1644 2522 1683 mineur
2545 1655 2552 1682 :

2126 1718 2156 1755 1°
2194 1716 2224 1754 Il
2267 1716 2358 1754 faut
2398 1714 2436 1752 la
2472 1715 2669 1764 présence
2706 1726 2759 1752 ou
2797 1712 2835 1751 le
2869 1715 3191 1751 consentement

2068 1768 2228 1808 notarié
2254 1768 2311 1807 du
2331 1772 2475 1808 tuteur
2495 1780 2504 1817 ;

2105 1835 2158 1882 .2°
2189 1834 2275 1874 Une
2310 1832 2586 1874 délibération
2631 1833 2684 1872 du
2731 1830 2893 1872 Conseil
2934 1830 2983 1871 de
3024 1828 3190 1870 famille

2070 1887 2257 1941 lorsqu’il
2290 1887 2410 1938 s’agit
2442 1887 2543 1927 d’un
2578 1886 2772 1936 orphelin
2794 1887 2844 1926 de
2868 1886 2964 1936 père
2986 1889 3026 1923 et
3045 1895 3130 1936 que
3153 1884 3188 1923 la

2069 1944 2182 1983 mère
2202 1954 2254 1981 ou
2279 1940 2450 1981 l'aïeule
2471 1946 2564 1980 sont
2585 1939 2760 1979 tutrices
2783 1954 2792 1988 ;
2835 1964 2840 1968 -

2121 1996 2230 2035 Dans
2251 2006 2392 2035 aucun
2415 2004 2498 2041 cas,
2524 2003 2581 2030 un
2602 1992 2774 2031 mineur
2795 2003 2846 2029 ne
2870 1996 2970 2039 peut
2998 1994 3190 2028 contrac¬

2070 2055 2129 2088 ter
2151 2048 2338 2098 mariage
2359 2058 2455 2085 sans
2478 2046 2514 2084 le
2535 2047 2851 2084 consentement
2871 2043 2922 2080 de
2942 2052 3007 2082 ses
3026 2047 3195 2090 parents

2070 2115 2120 2142 ou
2147 2107 2323 2140 tuteurs.

2122 2166 2159 2204 5°
2190 2164 2266 2204 Les
2287 2162 2407 2204 veufs
2428 2162 2599 2202 doivent
2623 2162 2818 2212 produire
2842 2159 2960 2200 l’acte
2991 2159 3040 2199 de
3071 2158 3194 2200 décès

2071 2218 2244 2268 légalisé
2265 2219 2315 2258 de
2337 2217 2428 2258 leur
2448 2216 2639 2267 conjoint
2659 2215 2816 2255 décédé
2840 2227 2850 2264 ;

2123 2286 2159 2325 6°
2190 2285 2250 2324 Un
2288 2283 2492 2324 certificat
2530 2281 2580 2319 de
2622 2279 2643 2318 6
2683 2280 2792 2318 mois
2830 2279 2880 2317 de
2919 2278 3135 2318 résidence
3171 2278 3195 2316 à

2071 2338 2292 2387 Marseille,
2315 2335 2476 2376 délivré
2498 2346 2570 2384 par
2590 2332 2627 2372 le
2650 2331 2942 2371 commissaire
2967 2331 3018 2368 de
3043 2330 3192 2379 police,

2070 2405 2176 2443 pour
2196 2391 2256 2430 les
2276 2399 2504 2440 personnes
2523 2387 2599 2439 qui
2620 2387 2692 2436 n’y
2714 2390 2803 2424 sont
2829 2394 2900 2432 pas
2920 2384 3018 2422 nées
3040 2394 3048 2430 ;

2122 2459 2159 2496 7°
2179 2455 2238 2496 On
2259 2455 2346 2495 doit
2366 2452 2548 2503 justifier
2568 2451 2618 2490 de
2639 2462 2683 2491 sa
2703 2448 2931 2490 libération
2954 2448 3010 2487 du
3032 2447 3195 2487 service

2070 2509 2291 2555 militaire,
2312 2507 2391 2548 soit
2414 2519 2486 2558 par
2504 2518 2579 2547 son
2600 2504 2748 2554 congé,
2771 2504 2853 2543 soit
2875 2515 2947 2554 par
2977 2513 3035 2541 un
3069 2501 3195 2542 certi¬

2071 2563 2168 2603 ficat
2188 2563 2239 2603 de
2259 2560 2486 2603 libération
2511 2572 2520 2611 ;

2122 2630 2160 2670 8°
2188 2630 2247 2668 En
2268 2635 2390 2668 outre
2411 2627 2483 2666 des
2505 2626 2643 2675 pièces
2663 2624 2870 2663 énoncées
2891 2622 3115 2669 ci-dessus,
3136 2620 3198 2660 les

2070 2695 2299 2735 personnes
2318 2680 2536 2720 divorcées
2555 2678 2735 2718 devront
2755 2674 2952 2726 produire
2974 2685 3032 2714 un
3049 2672 3198 2714 extrait

2070 2739 2123 2778 du
2147 2738 2370 2789 jugement
2390 2732 2598 2786 ainsique
2616 2731 2736 2771 l’acte
2752 2730 2808 2768 du
2831 2728 2999 2768 divorce
3018 2727 3199 2767 dûment

2070 2790 2299 2842 enregistré
2320 2794 2359 2829 et
2381 2787 2575 2828 transcrit
2595 2787 2613 2824 à
2640 2784 2682 2824 la
2703 2783 2847 2823 Mairie
2870 2795 2879 2833 ;

2122 2858 2160 2897 9°
2190 2856 2372 2907 Lorsque
2411 2852 2473 2894 les
2511 2855 2678 2904 parents
2722 2850 2910 2890 refusent
2956 2847 3008 2887 de
3037 2846 3199 2886 donner

2070 2910 2163 2950 leur
2187 2911 2506 2951 consentement
2524 2919 2578 2946 au
2602 2904 2788 2954 mariage
2826 2902 2952 2943 d’une
2995 2910 3198 2951 personne

2071 2963 2275 3015 majeure,
2300 2962 2329 3002 il
2363 2967 2462 3012 peut
2502 2961 2588 3001 être
2624 2959 2743 3011 passé
2772 2970 2825 2998 ou
2835 2964 2891 2996 Ire
2914 2968 2964 2996 au
2990 2952 3194 3004 mariage,

2069 3019 2192 3070 après
2208 3017 2303 3058 leur
2319 3015 2438 3055 avoir
2458 3015 2535 3054 fait
2555 3015 2629 3054 des
2649 3019 2761 3053 actes
2782 3013 2833 3052 de
2852 3014 3015 3063 respect
3034 3007 3196 3048 variant

2070 3072 2119 3112 de
2142 3083 2196 3112 un
2222 3072 2243 3111 à
2267 3071 2366 3111 trois
2398 3075 2436 3108 et
2472 3068 2591 3108 s'être
2618 3067 2834 3107 conformé
2867 3076 2949 3106 aux
2988 3063 3196 3115 prescrip¬

2071 3126 2180 3167 tions
2200 3126 2272 3166 des
2291 3131 2367 3164 art.
2398 3123 2467 3163 144
2490 3127 2529 3163 et
2555 3122 2624 3162 154
2646 3122 2699 3161 du
2726 3120 2826 3160 code
2846 3118 2949 3160 civil
2974 3131 2982 3168 ;

2127 3193 2186 3231 10°
2215 3191 2326 3230 Pour
2347 3191 2386 3228 la
2405 3187 2602 3239 question
2619 3187 2693 3227 des
2712 3184 2975 3226 cérémonies
2995 3181 3195 3232 religieu¬

2068 3256 2147 3295 ses,
2170 3243 2391 3284 s’adresser
2410 3243 2580 3283 suivant
2612 3240 2650 3282 le
2680 3239 2794 3281 culte
2815 3242 2838 3279 à
2860 3238 2900 3279 la
2922 3236 3118 3291 paroisse,
3140 3247 3193 3276 au

2069 3298 2314 3339 consistoire
2335 3302 2564 3349 protestant
2584 3308 2638 3336 ou
2661 3308 2713 3336 au
2738 3295 2851 3335 culte
2872 3292 3070 3334 israélite.

2123 3376 2292 3416 L’Office
2314 3376 2550 3423 Mondonet,
2573 3375 2638 3423 47,
2662 3386 2737 3412 rue
2766 3374 2816 3412 de
2850 3372 2887 3410 la
2923 3372 3062 3410 Darse,
3097 3374 3195 3418 peut

2070 3440 2111 3467 se
2144 3429 2319 3476 charger
2354 3429 2403 3466 de
2438 3432 2572 3466 toutes
2607 3427 2664 3465 les
2696 3423 2932 3463 formalités
2970 3420 3119 3460 civiles
3156 3424 3196 3457 et

2072 3479 2318 3528 religieuses
2338 3479 2372 3519 si
2397 3479 2454 3518 les
2473 3479 2624 3518 clients
2647 3476 2707 3515 lui
2730 3476 2914 3515 confient
2934 3486 2980 3514 ce
3002 3472 3107 3512 soin.

2126 3532 2289 3572 L’office
2311 3531 2531 3571 Mondonet
2563 3542 2614 3570 ne
2646 3528 2802 3582 perçoit
2839 3528 2912 3568 des
2950 3526 3195 3568 honoraires

2068 3587 2164 3638 qu’a
2171 3587 2263 3637 près
2287 3586 2324 3626 la
2344 3585 2603 3626 célébration
2625 3586 2682 3625 du
2706 3584 2907 3635 mariage.

2175 3770 2723 3844 RENSEIGNEMENTS
2775 3759 3083 3833 GÉNÉRAUX

2070 3876 2414 3919 concernant
2451 3872 2527 3911 les
2561 3868 2792 3910 Veuves
2824 3868 3195 3920 pensionnées

2124 4027 2242 4067 Gand
2260 4024 2436 4064 nombre
2455 4023 2506 4062 de
2527 4023 2672 4060 dames
2690 4019 2900 4070 jouissant
2919 4018 3048 4056 d’une
3091 4029 3195 4067 pen¬

2072 4082 2163 4120 sion
2186 4081 2236 4120 de
2259 4078 2424 4119 retraite
2448 4090 2519 4128 par
2540 4075 2650 4115 suite
2672 4073 2726 4113 du
2751 4072 2872 4112 décès
2894 4072 2944 4111 de
2968 4071 3062 4111 leur
3087 4070 3196 4111 mari

2071 4141 2163 4175 sont
2203 4133 2455 4187 persuadées
2491 4128 2670 4183 qu'elles
2710 4126 2946 4178 perdraient
2978 4137 3047 4166 ces
3067 4126 3198 4165 droits

2073 4191 2096 4230 à
2115 4190 2156 4230 la
2176 4188 2344 4231 retraite
2374 4190 2407 4227 si
2443 4185 2545 4226 elles
2576 4180 2880 4223 contractaient
2915 4191 2996 4220 une
3018 4180 3196 4220 seconde

2075 4244 2222 4284 union.
2263 4243 2367 4280 C’est
2400 4252 2483 4279 une
2515 4236 2719 4289 profonde
2746 4247 2888 4275 erreur
2908 4235 2944 4274 si
2966 4246 3034 4273 ces
3054 4235 3198 4272 dames

2071 4303 2165 4336 sont
2202 4295 2481 4346 pensionnées
2517 4291 2567 4330 de
2604 4290 2726 4328 l’Etat
2749 4302 2758 4338 ;
2790 4299 2859 4328 car
2896 4291 3002 4326 cette
3021 4284 3194 4335 pension

2074 4351 2178 4387 n’est
2217 4358 2291 4396 pas
2331 4356 2412 4384 une
2450 4344 2617 4390 faveur,
2658 4343 2756 4380 c’est
2795 4351 2851 4378 un
2885 4339 2995 4376 droit
3020 4336 3199 4387 qu’elles

2076 4403 2266 4440 tiennent
2286 4410 2336 4438 en
2360 4401 2476 4435 vertu
2499 4395 2627 4433 d’une
2659 4394 2730 4432 loi.
2776 4393 2827 4431 La
2859 4391 2912 4430 loi
2934 4391 2990 4430 du
3012 4391 3198 4440 mariage

2074 4454 2188 4494 étant
2227 4448 2586 4491 essentiellement
2614 4444 2787 4495 morale,
2814 4456 2863 4484 ne
2904 4451 3001 4495 peut
3041 4444 3198 4484 édicter

2074 4508 2148 4547 des
2184 4503 2546 4556 empêchements,
2570 4500 2643 4540 des
2667 4499 2873 4539 obstacles
2903 4511 2955 4538 au
2993 4498 3195 4551 mariage,

2074 4572 2142 4602 ces
2162 4559 2508 4611 empêchements
2542 4554 2723 4596 seraient
2762 4552 3002 4595 considérés
3031 4564 3196 4594 comme

2075 4616 2314 4655 immoraux
2336 4619 2375 4654 et
2398 4626 2471 4664 par
2491 4612 2751 4663 conséquent
2774 4608 3004 4650 contraires
3022 4610 3044 4648 à
3061 4607 3099 4648 la
3122 4609 3194 4650 loi.

2074 4671 2151 4710 Les
2191 4680 2345 4708 veuves
2383 4667 2700 4716 pensionnaires
2730 4664 2780 4704 de
2809 4664 2930 4704 l’Etat
2950 4676 3002 4704 ne
3023 4664 3198 4715 perdent

2074 4725 2180 4766 donc
2204 4734 2275 4774 pas
2294 4720 2387 4760 leur
2407 4719 2583 4779 pension
2620 4719 2664 4757 ni
2695 4728 2770 4767 par
2802 4730 2859 4757 un
2880 4718 3050 4769 second,
3075 4720 3116 4756 ni
3140 4730 3198 4758 un

2075 4779 2290 4820 troisième
2312 4772 2511 4822 mariage.

2125 4835 2202 4875 Les
2223 4840 2379 4872 veuves
2399 4826 2678 4879 pensionnées
2697 4838 2772 4875 par
2795 4824 2857 4864 les
2884 4824 3199 4875 départements

2074 4892 2258 4939 peuvent
2295 4882 2434 4927 seules
2474 4879 2563 4920 voir
2600 4879 2840 4930 supprimer
2878 4884 2984 4919 cette
3023 4879 3198 4930 pension

2074 4954 2146 4991 par
2169 4953 2224 4980 un
2246 4940 2398 4980 second
2439 4934 2624 4983 mariage
2662 4934 2767 4971 dans
2799 4931 2980 4971 certains
3012 4943 3083 4971 cas
3102 4938 3142 4970 et
3162 4931 3196 4971 si

2072 5000 2179 5034 cette
2211 4995 2384 5043 pension
2420 5006 2444 5031 a
2473 4990 2539 5031 été
2567 4986 2768 5028 accordée
2790 4986 2814 5024 à
2837 4983 2930 5024 titre
2950 4984 3000 5024 de
3029 4995 3199 5024 secours

2075 5047 2338 5096 temporaire.

2128 5098 2362 5146 D'ailleurs,
2388 5098 2423 5136 le
2444 5099 2539 5138 titre
2559 5099 2609 5138 de
2632 5095 2804 5148 pension
2830 5098 2943 5147 porte
2964 5103 3015 5134 en
3036 5104 3194 5145 marge,

2074 5166 2127 5195 en
2150 5159 2284 5195 toutes
2306 5151 2460 5198 lettres,
2487 5162 2555 5190 ces
2574 5154 2772 5192 réserves.

2080 5361 2448 5464 OFFRES
2532 5362 2644 5462 DE
2720 5354 3196 5461 MARIAGES

2250 5550 2666 5596 DEMOISELLES
2703 5550 2770 5592 ET
2802 5547 3031 5592 VEUVES

2130 5700 2219 5742 401.
2243 5727 2292 5734 —
2331 5700 2600 5748 Demoiselle,
2634 5699 2683 5739 30
2722 5708 2811 5739 ans,
2852 5695 3066 5742 instruite,
3104 5695 3200 5733 bien

2078 5754 2234 5802 élevée,
2270 5757 2357 5796 fille
2382 5755 2555 5806 unique,
2580 5755 2740 5793 femme
2761 5750 3023 5796 d’intérieur,
3066 5747 3202 5796 possé¬

2078 5807 2179 5846 dant
2197 5808 2316 5856 2,000
2336 5811 2406 5859 ft\,
2433 5820 2491 5847 un
2510 5809 2617 5848 beau
2639 5811 2875 5848 trousseau,
2906 5804 3152 5852 espérances
3177 5802 3200 5842 à

2080 5860 2198 5900 venir
2218 5862 2362 5914 30,000
2383 5864 2454 5911 fr.,
2478 5873 2518 5902 se
2540 5858 2728 5899 mettrait
2748 5859 2771 5896 à
2796 5856 2832 5895 la
2855 5856 2934 5896 tête
2954 5856 3056 5897 d’un
3075 5867 3196 5897 com¬

2079 5927 2230 5955 merce.

2131 6003 2222 6044 402.
2248 6027 2294 6032 —
2316 6002 2583 6054 Demoiselle,
2604 6002 2654 6039 47
2675 6011 2764 6050 ans,
2795 5999 2963 6042 fortune
2988 6002 3106 6051 1,500
3127 6002 3198 6048 fr.,

2078 6063 2207 6110 ayant
2228 6068 2282 6096 un
2306 6070 2540 6099 commerce
2574 6058 2624 6096 de
2659 6054 2875 6103 mercerie,
2902 6068 2958 6095 un
2979 6057 3084 6096 beau
3110 6064 3200 6092 mo¬

2078 6111 2219 6161 bilier,
2242 6112 2478 6163 épouserait
2500 6123 2559 6152 un
2583 6108 2755 6150 ouvrier
2775 6120 2827 6150 ou
2851 6110 3024 6150 artisan.

3307 574 3399 615 406.
3423 596 3472 602 —
3497 571 3655 620 Veuve,
3696 569 3746 608 42
3779 581 3867 618 ans,
3894 571 4062 610 fortune
4102 568 4223 619 9,000
4242 568 4294 609 fr.
4332 582 4382 608 en

3255 628 3431 676 actions,
3455 623 3692 678 épouserait
3714 624 3816 674 petit
3835 624 3992 663 rentier
4011 636 4062 663 ou
4088 623 4262 666 artisan.

3309 708 3400 748 407.
3423 732 3471 739 —
3494 708 3763 758 Demoiselle,
3779 707 3830 747 46
3845 718 3935 755 ans,
3957 707 4126 747 fortune
4150 708 4296 759 12,000
4314 706 4384 758 fr.,

3260 762 3471 812 bâilleuse,
3494 763 3734 812 épouserait
3759 774 3815 802 un
3838 759 3992 800 marin.

3310 850 3399 890 412.
3424 872 3472 879 —
3507 849 3662 899 Veuve,
3702 851 3750 891 49
3791 863 3881 897 ans,
3919 848 4164 896 cuisinière,
4215 848 4384 890 fortune

3261 903 3378 954 1,500
3391 903 3460 952 fr.,
3474 903 3714 953 épouserait
3729 916 3786 943 un
3803 906 3884 944 bon
3904 903 4076 943 ouvrier
4096 915 4148 942 ou
4164 902 4380 954 employé.

3310 993 3400 1035 413.
3427 1016 3474 1022 —
3506 991 3772 1040 Demoiselle,
3814 993 3863 1032 45
3902 1007 3991 1044 ans,
4044 992 4232 1032 titulaire
4280 992 4382 1032 d’un

3257 1048 3420 1088 bureau
3443 1047 3493 1088 de
3515 1047 3649 1095 tabac,
3691 1046 3931 1095 épouserait
3961 1046 4163 1100 employé
4190 1059 4244 1086 ou
4279 1046 4384 1096 petit

3259 1102 3430 1143 rentier.

3311 1185 3401 1224 415.
3427 1208 3474 1214 —
3497 1183 3764 1234 Demoiselle,
3807 1183 3855 1223 35
3894 1194 3983 1232 ans,
4026 1186 4134 1226 belle
4159 1195 4382 1237 personne,

3260 1238 3358 1278 bien
3380 1238 3537 1287 élevée,
3576 1239 3744 1279 fortune
3779 1236 3898 1288 1,200
3918 1236 3988 1284 fr.,
4011 1247 4143 1286 gagne
4164 1240 4214 1279 80
4239 1239 4285 1280 fr.
4311 1250 4384 1289 par

3264 1290 3384 1339 mois,
3404 1292 3539 1331 désire
3558 1292 3735 1341 épouser
3755 1291 3858 1343 petit
3878 1290 4091 1342 employé.

3314 1377 3403 1416 416.
3427 1400 3478 1407 —
3507 1379 3774 1427 Demoiselle,
3815 1378 4087 1428 institutrice,
4111 1378 4160 1418 30
4179 1391 4270 1432 ans,
4291 1383 4384 1423 for¬

3264 1435 3363 1468 tune
3402 1432 3583 1471 actuelle
3637 1435 3668 1483 1,
3676 1434 3750 1472 500
3779 1435 3847 1479 .fr.
3902 1432 4198 1479 d’économies,
4248 1447 4383 1487 gagne

3266 1482 3380 1529 1,400
3402 1484 3451 1522 fr.
3475 1495 3547 1531 par
3566 1498 3634 1534 an,
3660 1487 3763 1525 beau
3790 1493 4020 1535 trousseau,
4055 1486 4200 1527 avenir
4220 1484 4271 1526 de
4308 1501 4383 1530 son

3266 1539 3359 1588 père
3375 1536 3523 1586 20,000
3543 1536 3593 1575 fr.
3619 1550 3669 1576 en
3693 1539 3937 1590 propriétés,
3960 1542 4095 1583 désire
4125 1543 4304 1592 épouser
4325 1554 4382 1580 un

3263 1590 3460 1643 employé
3484 1590 3578 1628 bien
3602 1589 3731 1628 élevé.

3316 1676 3405 1716 418.
3435 1699 3478 1706 —
3518 1672 3785 1722 Demoiselle,
3822 1675 3922 1723 âgée
3954 1676 4004 1714 de
4027 1679 4075 1716 50
4095 1691 4185 1729 ans,
4210 1679 4384 1720 institu¬

3264 1730 3366 1768 trice
3395 1730 3515 1778 libre,
3556 1731 3687 1782 ayant
3726 1739 3807 1767 une
3841 1726 4084 1767 institution
4122 1744 4223 1772 avec
4259 1744 4386 1773 sous-

3264 1785 3495 1828 mailresse,
3538 1794 3670 1832 gagne
3706 1782 3826 1827 2,000
3863 1779 3912 1820 fr.
3954 1792 4026 1831 par
4063 1783 4132 1830 ah,
4174 1785 4292 1831 6,000
4332 1786 4384 1825 fr.

3263 1835 3559 1886 d’économies,
3578 1836 3682 1876 beau
3701 1834 3915 1883 mobilier,
3933 1835 4171 1887 épouserait
4186 1840 4386 1890 employé

3264 1903 3316 1930 ou
3340 1890 3508 1930 rentier.

3316 1973 3406 2012 420.
3431 1996 3476 2001 —
3498 1974 3765 2022 Demoiselle,
3794 1975 3836 2014 19
3858 1987 3947 2023 ans,
3970 1974 4087 2025 jolie,
4112 1975 4207 2015 bien
4228 1972 4386 2019 élevée,

3266 2026 3433 2064 fortune
3454 2026 3600 2071 30,000
3623 2028 3673 2063 fr.
3697 2038 3748 2063 en
3771 2027 4002 2075 propriétés
4021 2040 4075 2066 ou
4097 2028 4275 2080 actions,
4298 2027 4387 2068 fille

3267 2078 3443 2128 unique,
3467 2079 3706 2129 épouserait
3730 2090 3786 2116 un
3811 2078 3891 2117 bon
3914 2079 4128 2129 employé.

3320 2161 3408 2203 431.
3435 2186 3476 2191 —
3500 2162 3659 2207 Veuve,
3683 2162 3730 2202 47
3753 2174 3842 2210 ans,
3864 2162 3960 2202 bien
3983 2162 4139 2211 élevée,
4163 2163 4272 2202 belle
4291 2175 4387 2212 per¬

3266 2228 3411 2263 sonne,
3438 2218 3601 2256 fortune
3624 2217 3792 2268 100,000
3815 2218 3884 2266 fr.,
3907 2216 4148 2269 épouserait
4175 2215 4391 2258 Monsieur

3267 2282 3316 2309 en
3335 2277 3503 2320 rapport
3523 2271 3640 2320 d’âge
3663 2275 3702 2311 et
3722 2271 3772 2310 de
3792 2271 3977 2313 fortune.

3320 2351 3412 2391 435.
3435 2373 3474 2379 —
3503 2351 3771 2400 Demoiselle,
3814 2353 3862 2391 26
3894 2366 3984 2400 ans,
4022 2356 4117 2395 bien
4141 2355 4299 2404 élevée,
4324 2355 4391 2394 fa¬

3269 2402 3388 2442 mille
3427 2405 3508 2442 très
3548 2404 3792 2454 honorable,
3832 2404 3902 2444 dot
3939 2407 4086 2452 65,000
4107 2410 4178 2457 fr.,
4212 2408 4392 2460 grandes

3268 2458 3514 2509 espérances
3530 2459 3650 2506 après
3670 2470 3733 2496 ses
3754 2466 3934 2508 parents,
3956 2460 4195 2512 épouserait
4211 2463 4390 2514 notaire,

3267 2512 3418 2558 avoué,
3457 2511 3658 2563 employé
3695 2510 3752 2549 du
3791 2522 4127 2560 gouvernement
4166 2526 4265 2554 avec
4286 2518 4392 2556 bons

3269 2569 3624 2618 appointements.

3322 2647 3396 2687 435
3416 2650 3496 2689 bis.
3520 2672 3568 2678 —
3608 2647 3877 2698 Demoiselle,
3907 2648 3955 2688 20
3978 2660 4066 2694 ans,
4098 2652 4186 2691 fille
4210 2652 4386 2707 unique,

3270 2701 3368 2743 bien
3404 2702 3563 2751 élevée,
3599 2703 3715 2754 jolie,
3759 2704 3831 2744 dot
3883 2702 4051 2748 100,000
4089 2703 4160 2750 fr.,
4212 2707 4391 2754 grandes

3272 2756 3529 2806 espérances,
3580 2758 3815 2806 épouserait
3863 2755 4074 2798 Monsieur
4122 2767 4171 2795 en
4223 2767 4391 2808 rapport

3271 2808 3403 2858 d'âge,
3424 2808 3691 2849 d'éducation
3715 2816 3754 2848 et
3782 2811 3832 2851 de
3854 2812 4023 2851 fortune
4044 2824 4095 2851 ou
4120 2810 4319 2861 employé
4340 2813 4390 2851 de

3275 2862 3406 2902 l’Etat.

3324 2946 3412 2987 436.
3439 2971 3487 2975 —
3508 2946 3776 2994 Demoiselle,
3791 2947 3842 2986 22
3858 2959 3947 2995 ans,
3970 2947 4088 2998 jolie,
4114 2950 4210 2990 bien
4234 2949 4391 2999 élevée,

3271 3003 3343 3042 dot
3362 3003 3481 3047 5,000
3502 3001 3555 3043 fr.
3594 3002 3644 3040 de
3679 3006 3832 3049 rentes,
3854 3002 4092 3051 épouserait
4114 3003 4324 3043 Monsieur
4341 3015 4395 3043 en

3271 3063 3438 3108 rapport
3458 3056 3575 3107 d’âge
3600 3061 3639 3095 et
3660 3054 3710 3093 de
3732 3054 3916 3094 fortune.

3322 3139 3412 3181 441.
3432 3164 3479 3171 —
3495 3138 3762 3188 Demoiselle,
3778 3138 3826 3180 34
3842 3150 3931 3188 ans,
3950 3138 4116 3179 fortune
4132 3137 4305 3187 900,000
4323 3138 4391 3186 fr.,

3270 3195 3507 3248 épouserait
3530 3195 3742 3235 Monsieur
3768 3207 3817 3234 en
3844 3200 4010 3246 rapport
4033 3194 4168 3244 d'âge,
4191 3200 4322 3246 ayant
4342 3193 4394 3234 de

3270 3251 3291 3291 2
3314 3252 3336 3291 à
3359 3250 3530 3300 300,000
3550 3248 3586 3288 fr
3610 3280 3618 3298 ,
3656 3248 3880 3289 donnerait
3903 3248 3940 3288 la
3962 3248 4203 3300 préférence
4224 3250 4248 3286 â
4270 3248 4391 3286 Mon¬

3268 3306 3383 3346 sieur
3399 3310 3530 3356 ayant
3554 3316 3608 3343 un
3632 3304 3727 3343 titre
3751 3303 4007 3342 nobilliaire.
4054 3340 4060 3347 .

3321 3386 3411 3424 442.
3443 3408 3483 3414 —
3516 3386 3670 3430 Veuve,
3711 3394 3806 3420 sans
3844 3380 4026 3424 enfants,
4068 3379 4116 3419 40
4155 3391 4244 3428 ans,
4284 3378 4394 3422 belle

3270 3448 3487 3487 personne,
3520 3436 3688 3474 fortune
3718 3433 3863 3483 50,000
3898 3434 3963 3483 fr.,
4006 3435 4244 3486 épouserait
4274 3435 4394 3475 Mon¬

3267 3491 3382 3531 sieur
3403 3502 3454 3530 en
3477 3494 3641 3540 rapport
3662 3487 3779 3539 d’âge
3802 3493 3841 3528 et
3863 3487 4037 3528 d’avoir.

3322 3570 3411 3611 443.
3435 3594 3484 3599 —
3523 3567 3791 3612 Demoiselle,
3826 3567 3874 3604 22
3908 3579 3999 3608 ans,
4028 3566 4138 3607 belle
4172 3578 4395 3613 personne,

3267 3624 3338 3662 dot
3358 3622 3530 3664 200,000
3552 3620 3620 3667 fr.,
3643 3616 3880 3668 épouserait
3902 3615 4063 3655 notaire
4084 3627 4136 3654 ou
4162 3619 4314 3655 avoué.

3322 3697 3411 3739 444.
3442 3722 3482 3727 —
3507 3694 3772 3746 Demoiselle,
3798 3694 3843 3736 21
3865 3706 3955 3744 ans,
3982 3693 4051 3735 dot
4098 3693 4238 3741 12,000
4259 3694 4309 3736 fr.
4346 3694 4395 3735 de

3268 3758 3419 3803 rentes,
3451 3752 3690 3805 épouserait
3714 3751 3923 3791 Monsieur
3944 3762 3993 3790 en
4017 3754 4188 3802 rapport
4216 3750 4334 3801 d'âge
4356 3756 4396 3788 et

3268 3808 3319 3847 de
3342 3807 3526 3846 fortune.

3321 3887 3411 3924 445.
3443 3908 3484 3914 —
3524 3884 3791 3932 Demoiselle,
3828 3884 3878 3922 24
3914 3896 4003 3930 ans,
4044 3884 4114 3920 dot
4148 3884 4292 3929 50,000
4322 3887 4390 3932 fr.,

3271 3939 3505 3988 épouserait
3548 3936 3758 3976 Monsieur
3789 3942 3916 3987 ayant
3955 3935 4134 3987 position
4166 3942 4204 3975 et
4228 3936 4392 3976 fortune

3270 3990 3557 4044 équivalente.

3324 4075 3411 4116 449.
3436 4100 3486 4105 —
3510 4075 3664 4127 Veuve,
3682 4087 3779 4117 sans
3795 4075 3976 4123 enfants,
3992 4075 4043 4116 46
4063 4088 4152 4127 ans,
4180 4076 4324 4127 14,000
4342 4078 4392 4118 fr.

3270 4128 3574 4170 d’immeubles
3610 4136 3650 4168 et
3673 4141 3727 4168 un
3754 4129 3854 4179 petit
3876 4142 4131 4182 commerce,
4155 4131 4395 4182 épouserait

3272 4183 3375 4222 veuf
3395 4195 3447 4222 ou
3469 4183 3626 4224 rentier
3646 4194 3746 4221 avec
3767 4183 3899 4222 avoir.

3324 4264 3414 4303 452.
3443 4287 3486 4292 —
3528 4263 3684 4310 Veuve,
3719 4274 3815 4302 sans
3847 4263 4027 4311 enfants,
4064 4266 4111 4302 63
4142 4277 4231 4311 ans,
4258 4270 4399 4315 possé¬

3271 4318 3371 4356 dant
3418 4315 3678 4355 immeubles
3726 4314 3869 4363 18,000
3910 4315 3980 4360 fr.,
4030 4315 4128 4366 plus
4175 4318 4295 4362 5,000
4342 4319 4398 4359 fr.

3271 4376 3430 4423 argent,
3455 4381 3508 4410 un
3547 4381 3783 4408 commerce
3816 4367 3867 4407 de
3902 4370 4007 4414 vins,
4051 4368 4147 4420 plus
4180 4370 4396 4418 mobilier,

3271 4424 3511 4489 épouserait
3547 4423 3748 4475 employé
3774 4435 3827 4464 ou
3852 4423 3955 4475 petit
3975 4423 4132 4466 rentier
4152 4435 4202 4465 en
4227 4430 4399 4478 rapport

3271 4479 3404 4530 d'âge.

3324 4563 3412 4606 453.
3443 4587 3487 4594 —
3527 4562 3794 4612 Demoiselle,
3832 4563 3880 4603 36
3918 4576 4007 4614 ans,
4047 4563 4118 4603 dot
4154 4563 4296 4611 18,000
4328 4563 4398 4610 fr.,

3271 4620 3508 4672 épouserait
3529 4624 3818 4672 commerçant
3839 4631 3890 4658 ou
3915 4618 4127 4669 employé.

3324 4704 3414 4744 454.
3439 4727 3486 4732 —
3517 4702 3786 4749 Demoiselle,
3822 4700 3870 4739 36
3903 4711 3992 4745 ans,
4022 4698 4119 4735 bien
4143 4695 4302 4743 élevée,
4327 4693 4399 4734 dot

3272 4758 3392 4807 5.000
3416 4758 3483 4802 fr.,
3506 4754 3743 4804 épouserait
3764 4751 3979 4801 employé.

3324 4842 3414 4881 456.
3436 4863 3478 4868 —
3503 4836 3767 4887 Demoiselle,
3787 4837 3836 4876 30
3851 4847 3940 4884 ans,
3958 4835 4096 4876 bonne
4112 4837 4395 4886 musicienne,

3271 4896 3342 4935 dot
3382 4894 3520 4940 15,000
3559 4892 3628 4943 fr.,
3664 4890 3900 4943 épouserait
3934 4891 4148 4944 employé,
4178 4901 4398 4932 commer¬

3271 4952 3367 5002 çant
3388 4960 3442 4987 on
3467 4947 3634 4989 rentier.

3323 5027 3415 5068 459.
3439 5051 3486 5058 —
3509 5024 3775 5076 Demoiselle,
3796 5026 3848 5068 26
3868 5038 3958 5074 ans,
3978 5023 4096 5075 jolie,
4115 5020 4212 5058 bien
4234 5016 4394 5070 élevée,

3272 5083 3416 5131 20.000
3438 5082 3488 5122 fr.
3531 5080 3582 5120 de
3622 5080 3691 5119 dot
3720 5086 3759 5120 et
3791 5083 4052 5131 espérances,
4076 5072 4314 5121 épouserait
4335 5086 4395 5114 un

3270 5142 3559 5190 commerçant
3581 5134 3680 5175 bien
3700 5134 3847 5175 établi.

3324 5222 3414 5262 462.
3440 5244 3488 5250 —
3508 5216 3776 5259 Demoiselle.
3802 5211 3850 5250 24
3871 5220 3963 5256 ans,
3988 5207 4156 5252 fortune
4179 5212 4299 5259 3,000
4323 5211 4394 5248 fr..

3272 5275 3379 5314 beau
3419 5278 3650 5312 trousseau,
3680 5264 3826 5303 avenir
3846 5262 3895 5302 de
3916 5275 3980 5304 ses
4005 5273 4188 5315 parents,
4210 5268 4394 5312 épouse¬

3276 5326 3351 5364 rait
3374 5334 3524 5375 garçon
3547 5322 3598 5359 de
3618 5319 3711 5359 café
3729 5330 3783 5356 ou
3806 5318 3909 5370 petit
3931 5319 4103 5361 rentier.

3326 5406 3400 5448 464
3418 5406 3553 5446 bis.—
3571 5402 3727 5452 Veuve,
3748 5405 3847 5455 âgée
3868 5404 3919 5446 de
3940 5404 3987 5444 47
4010 5412 4099 5448 ans,
4119 5398 4215 5437 bien
4236 5396 4394 5448 élevée,

3275 5462 3494 5514 possédant
3536 5456 3703 5507 120,000
3744 5459 3794 5500 fr.
3834 5471 3886 5498 en
3926 5456 4112 5499 valeurs,
4154 5452 4396 5501 épouserait

3275 5512 3486 5555 Monsieur
3523 5523 3575 5550 ou
3616 5512 3774 5554 rentier
3812 5515 3941 5562 ayant
3962 5504 4082 5555 3,000
4104 5504 4156 5545 fr.
4180 5503 4231 5546 de
4254 5513 4394 5548 rentes

3274 5580 3327 5608 au
3350 5566 3491 5607 moins
3508 5570 3548 5607 et
3568 5579 3619 5608 en
3644 5571 3811 5619 rapport
3832 5564 3966 5608 d’âge.

3326 5650 3416 5692 465.
3446 5676 3487 5683 —
3511 5652 3668 5700 Veuve,
3699 5650 3800 5695 âgée
3839 5642 3891 5681 de
3930 5640 3980 5680 38
4017 5652 4107 5693 ans,
4150 5645 4259 5686 belle
4303 5656 4397 5695 per¬

3274 5716 3416 5758 sonne,
3439 5707 3535 5748 bien
3578 5702 3735 5745 élevée,
3764 5698 3934 5736 fortune
3955 5696 4144 5747 présente
4172 5699 4320 5750 30,000
4344 5699 4396 5739 fr.

3273 5767 3314 5802 et
3331 5763 3592 5814 espérances,
3615 5749 3854 5803 épouserait
3888 5750 4096 5792 Monsieur
4134 5765 4184 5791 en
4227 5758 4400 5802 rapport

3273 5816 3406 5866 d’âge,
3430 5816 3559 5864 ayant
3578 5805 3710 5854 avoir,
3733 5803 3935 5856 employé
3955 5819 4008 5847 ou
4031 5807 4202 5847 rentier.

3326 5887 3416 5928 468.
3451 5903 3500 5911 —
3539 5875 3807 5927 Demoiselle,
3831 5876 3878 5917 23
3900 5891 3988 5928 ans,
4027 5879 4122 5919 bien
4144 5874 4302 5920 élevée,
4343 5871 4392 5912 de

3274 5943 3411 5979 bonne
3427 5931 3788 5979 famille,fortune
3806 5932 4068 5984 personnelle
4086 5925 4231 5975 22,000
4252 5924 4326 5974 fr.,
4346 5927 4395 5968 de

3274 6003 3339 6031 ses
3373 5991 3540 6039 parents
3579 5984 3750 6037 100,000
3787 5987 3856 6038 fr.,
3896 5979 4136 6038 épouserait
4183 5979 4396 6023 Monsieur

3278 6044 3374 6083 bien
3395 6040 3528 6091 élevé,
3570 6047 3698 6094 ayant
3720 6043 3858 6083 bonne
3882 6035 4060 6088 position
4098 6044 4150 6073 ou
4175 6035 4391 6089 employé,

3274 6108 3325 6136 en
3349 6100 3519 6147 rapport
3539 6095 3672 6148 d'âge.
