4720 7064
2129 463 2210 510 LE
2248 464 2399 512 LIEN
2433 466 2518 514 DU
2559 468 2855 516 MARIAGE

759 621 850 662 568.
874 644 924 651 —
946 623 1110 673 Prince,
1131 626 1224 666 seul
1246 626 1504 668 descendant
1522 628 1650 671 d’une
1671 630 1839 671 famille

705 680 836 726 ayant
865 675 1106 730 longtemps
1143 680 1271 730 régné
1307 692 1384 722 sur
1423 694 1507 723 une
1544 684 1618 724 des
1658 683 1838 735 grandes

704 728 950 778 puissances
982 731 1032 771 de
1063 732 1269 783 l’Europe,
1307 735 1408 776 allié
1442 748 1524 777 aux
1559 739 1736 788 grandes
1772 739 1836 778 fa¬

704 781 847 823 milles
893 784 1123 832 princières
1179 786 1424 840 d’Espagne,
1467 790 1755 842 d’Angleterre
1797 798 1838 832 et

701 834 934 887 d'ailleurs,
959 839 1036 888 âgé
1055 839 1106 878 de
1127 840 1175 879 30
1197 854 1288 892 ans,
1311 844 1551 894 épouserait
1586 844 1707 885 riche
1738 845 1836 896 plé¬

703 887 900 931 béienne.

754 960 844 1002 580.
871 983 919 991 —
948 962 1140 1004 Bouclier
1178 966 1324 1015 établi,
1367 968 1416 1007 39
1459 980 1549 1019 ans,
1590 971 1832 1021 épouserait

700 1012 948 1055 demoiselle
967 1027 1019 1056 ou
1043 1030 1178 1059 veuve
1200 1020 1426 1071 possédant
1446 1022 1566 1071 8,000
1588 1023 1640 1065 fr.

753 1098 843 1138 581.
870 1120 918 1128 —
948 1100 1154 1151 Boucher,
1196 1103 1436 1144 richement
1464 1107 1610 1155 établi,
1653 1108 1701 1147 27
1740 1120 1830 1158 ans,

698 1149 766 1190 111s
787 1151 964 1203 unique,
990 1163 1155 1204 parents
1186 1157 1339 1206 riches,
1382 1159 1623 1210 épouserait
1655 1162 1826 1201 demoi¬

697 1203 800 1243 selle
822 1204 920 1244 bien
941 1206 1099 1259 élevée,
1126 1210 1348 1260 possédant
1370 1211 1512 1263 10,000
1534 1214 1582 1253 fr.

750 1281 839 1323 587.
873 1307 923 1312 —
963 1283 1086 1335 Veuf,
1130 1287 1179 1326 37
1223 1299 1314 1339 ans,
1356 1290 1528 1331 fortune
1570 1291 1714 1338 18,000
1754 1292 1826 1343 fr.,

695 1342 827 1386 ayant
846 1348 1084 1379 commerce
1103 1343 1315 1391 prospère,
1341 1351 1508 1394 rapport
1547 1344 1598 1384 de
1628 1345 1748 1386 6.000
1771 1345 1825 1387 fr.

694 1400 770 1439 par
788 1400 858 1438 an,
880 1391 1120 1442 épouserait
1140 1406 1272 1435 veuve
1296 1395 1394 1435 bien
1411 1396 1569 1448 élevée,
1586 1410 1687 1439 avec
1706 1400 1824 1439 avoir

694 1447 745 1481 de
766 1443 914 1492 20,000
935 1444 1090 1486 francs.

746 1519 835 1560 594.
860 1543 911 1550 —
931 1522 1197 1574 Célibataire,
1220 1524 1271 1564 28
1291 1536 1381 1578 ans,
1406 1526 1576 1568 fortune
1596 1528 1745 1579 20,000
1767 1530 1818 1570 fr.

690 1578 821 1622 ayant
839 1584 1079 1616 commerce
1101 1576 1204 1616 d’un
1225 1586 1392 1630 rapport
1412 1582 1573 1620 annuel
1607 1580 1659 1621 de
1699 1582 1822 1632 4,000

691 1624 761 1675 fr.,
784 1626 883 1676 plus
916 1640 999 1668 une
1038 1635 1159 1670 autre
1199 1633 1366 1671 maison
1404 1644 1458 1673 en
1496 1634 1727 1687 Amérique
1760 1636 1824 1676 lui

690 1686 935 1730 rapportant
962 1682 1074 1731 1,500
1100 1683 1167 1734 fr.,
1190 1685 1431 1735 épouserait
1448 1687 1699 1728 demoiselle
1720 1702 1823 1731 avec-

691 1731 763 1771 dot
784 1732 836 1772 de
859 1732 1008 1782 20,000
1031 1735 1186 1778 francs.

742 1815 831 1856 596.
858 1839 906 1846 —
926 1818 1192 1871 Célibataire,
1216 1820 1267 1864 54
1287 1834 1376 1872 ans,
1402 1822 1572 1865 fortune
1595 1826 1744 1875 60,000
1764 1826 1818 1867 fr.

686 1868 928 1918 épouserait
974 1872 1227 1915 demoiselle
1274 1888 1331 1916 ou
1377 1889 1542 1928 veuve,
1595 1880 1823 1930 possédant

690 1922 836 1970 30.000
859 1923 1016 1966 francs.

742 1998 832 2040 599.
856 2023 907 2031 —
928 2000 1094 2042 Officier
1114 2015 1167 2043 en
1196 2006 1381 2055 activité,
1421 2008 1470 2048 36
1510 2020 1600 2058 ans,
1644 2011 1813 2052 fortune

688 2054 954 2100 personnelle
994 2056 1139 2100 30,000
1179 2057 1250 2108 fr.,
1291 2060 1531 2112 épouserait
1566 2063 1814 2106 demoiselle

687 2111 817 2155 ayant
835 2107 907 2146 dot
924 2107 975 2148 de
996 2108 1144 2159 80,000
1167 2111 1218 2150 fr.

740 2187 831 2228 601.
858 2211 904 2218 —
932 2190 1199 2243 Célibataire,
1220 2195 1271 2235 38
1290 2207 1379 2246 ans,
1416 2207 1548 2250 ayant
1587 2202 1819 2251 profession

685 2239 788 2279 d’un
814 2250 984 2294 rapport
1004 2246 1165 2286 annuel
1204 2248 1255 2287 de
1294 2250 1415 2299 5,000
1454 2251 1526 2304 fr.,
1562 2255 1733 2296 fortune
1766 2257 1819 2296 de

687 2292 832 2343 35.000
854 2296 923 2347 fr.,
946 2298 1185 2348 épouserait
1204 2302 1453 2346 demoiselle
1474 2319 1576 2347 avec
1591 2307 1739 2359 40,000
1762 2310 1814 2351 fr.

738 2370 827 2412 606.
862 2395 915 2402 —
959 2374 1224 2428 Célibataire,
1265 2382 1316 2420 25
1363 2394 1455 2431 ans,
1495 2384 1715 2436 disposant
1762 2387 1813 2429 de

683 2423 831 2474 25.000
852 2426 922 2476 fr.,
944 2436 983 2468 et
1004 2432 1252 2482 espérances
1274 2434 1420 2484 30,000
1436 2436 1507 2487 fr.,
1528 2439 1664 2480 désire
1680 2442 1811 2492 épou¬

683 2488 749 2517 ser
769 2479 1015 2522 demoiselle
1036 2492 1166 2536 ayant
1199 2487 1307 2528 belle
1347 2488 1552 2531 situation
1590 2505 1810 2534 commer¬

683 2531 792 2572 ciale
822 2545 831 2578 ;
872 2534 903 2574 il
939 2539 1194 2588 apporterait
1228 2540 1291 2582 les
1326 2542 1475 2594 25,000
1514 2546 1564 2586 fr.
1614 2547 1719 2588 dans
1770 2547 1809 2588 la

684 2586 848 2626 maison
871 2588 922 2628 de
944 2601 1198 2636 commerce.

736 2668 826 2712 608.
844 2694 895 2701 —
914 2672 1179 2726 Célibataire,
1195 2679 1247 2718 25
1262 2691 1352 2731 ans,
1370 2680 1575 2734 employé
1595 2683 1647 2724 de
1669 2684 1807 2735 l’Etat,

682 2722 919 2771 épouserait
959 2727 1206 2771 demoiselle
1247 2745 1299 2772 ou
1354 2746 1491 2775 veuve
1539 2748 1588 2776 en
1643 2747 1810 2791 rapport

679 2775 811 2826 d'âge,
835 2786 967 2831 ayant
992 2782 1135 2824 15.000
1156 2784 1210 2825 fr.

732 2854 823 2896 611.
854 2878 895 2885 —
916 2856 1180 2913 Célibataire,
1222 2863 1270 2903 30
1310 2876 1402 2915 ans,
1442 2879 1595 2920 garçon
1632 2870 1807 2922 d’hôtel,

675 2914 807 2958 ayant
827 2910 944 2950 avoir
964 2913 1083 2953 6.000
1107 2915 1174 2964 fr.,
1198 2919 1440 2967 épouserait
1478 2922 1726 2964 demoiselle
1750 2939 1802 2965 ou

675 2971 812 3001 veuve
834 2966 1056 3014 possédant
1076 2967 1196 3011 4.000
1217 2971 1287 3022 fr.,
1309 2985 1419 3024 pour
1439 2982 1608 3016 monter
1629 2979 1805 3028 pension

678 3013 940 3065 bourgeoise.

727 3091 818 3135 612.
842 3116 891 3123 —
931 3095 1054 3146 Veuf,
1079 3098 1268 3152 docteur,
1294 3106 1512 3154 possédant
1539 3107 1710 3150 100.000
1732 3111 1803 3162 fr.,

672 3146 749 3194 âgé
769 3146 819 3186 de
842 3147 891 3188 55
912 3160 1000 3199 ans,
1025 3151 1264 3202 épouserait
1287 3168 1419 3197 veuve
1441 3159 1491 3199 de
1510 3160 1559 3200 30
1579 3163 1602 3200 à
1632 3163 1682 3202 50
1707 3176 1799 3216 ans,

674 3197 772 3238 bien
794 3199 950 3251 élevée,
974 3210 1107 3254 ayant
1126 3207 1313 3260 quelque
1334 3211 1467 3251 avoir.

724 3280 814 3322 618.
864 3306 907 3317 —
957 3284 1087 3335 Veuf,
1139 3301 1235 3330 sans
1282 3294 1443 3343 enfant,
1495 3298 1798 3350 représentant,

670 3340 855 3384 gagnant
874 3337 995 3379 8.000
1030 3339 1082 3380 fr.
1119 3354 1192 3393 par
1211 3355 1281 3394 an,
1303 3345 1440 3387 désire
1462 3349 1642 3400 épouser
1663 3365 1799 3394 veuve

668 3398 722 3426 ou
746 3387 992 3431 demoiselle
1014 3404 1064 3433 en
1087 3403 1255 3448 rapport
1278 3399 1395 3450 d'âge
1418 3413 1470 3440 ou
1504 3404 1727 3446 au-dessus
1748 3407 1799 3447 de

667 3438 719 3479 40
739 3452 828 3492 ans,
854 3446 1074 3494 possédant
1095 3447 1243 3490 20.000
1263 3452 1319 3491 fr.

722 3522 795 3563 622
834 3548 883 3554 —
903 3528 1170 3580 Célibataire,
1194 3532 1243 3572 26
1266 3546 1355 3584 ans,
1380 3535 1550 3579 fortune
1572 3539 1719 3583 40.000
1743 3543 1794 3586 fr.

666 3575 940 3631 immeubles,
964 3584 1204 3634 épouserait
1224 3587 1474 3632 demoiselle
1497 3600 1629 3647 ayant
1650 3595 1795 3640 bonne

663 3631 868 3674 situation
888 3639 1190 3681 commerciale
1210 3654 1264 3683 ou
1287 3643 1456 3686 fortune
1477 3648 1528 3687 de
1549 3650 1697 3692 80.000
1737 3651 1790 3695 fr.

715 3719 806 3761 622.
830 3746 881 3751 —
911 3724 1175 3780 Célibataire,
1211 3731 1261 3773 26
1295 3745 1384 3783 ans,
1418 3739 1710 3788 représentant
1739 3743 1792 3784 de

660 3784 916 3829 commerce,
956 3780 1127 3824 fortune
1164 3784 1312 3827 40.000
1352 3788 1403 3831 fr.
1446 3802 1499 3831 en
1539 3795 1790 3848 propriétés,

660 3836 843 3879 gagnant
882 3835 1000 3875 4.000
1032 3837 1102 3886 fr.,
1142 3838 1279 3880 désire
1320 3842 1500 3894 épouser
1538 3846 1790 3892 demoiselle

659 3880 872 3933 disposant
893 3887 943 3927 de
968 3888 1136 3932 100.000
1158 3892 1207 3934 fr.

712 3971 802 4013 625.
827 3998 874 4003 —
914 3976 1022 4016 Veuf
1060 3991 1156 4020 sans
1194 3983 1391 4032 enfants,,
1416 3987 1492 4034 âgé
1527 3987 1578 4027 de
1612 3990 1662 4028 50
1696 4003 1787 4039 ans,

656 4033 790 4075 gagne
828 4027 972 4071 10.000
994 4031 1043 4072 fr.
1081 4046 1154 4084 par
1186 4046 1239 4074 an
1272 4047 1439 4078 comme
1482 4042 1787 4096 représentant,

657 4076 753 4126 plus
772 4079 943 4122 fortune
967 4087 1244 4136 personnelle,
1272 4090 1409 4131 désire
1430 4092 1612 4143 épouser
1633 4108 1783 4148 veuve,

655 4132 798 4172 même
822 4132 915 4184 plus
935 4138 1051 4187 âgée,
1079 4140 1299 4190 possédant
1320 4143 1496 4187 200.000
1520 4146 1572 4188 fr.

706 4227 796 4267 627.
820 4251 864 4259 —
906 4231 1171 4286 Célibataire,
1211 4236 1407 4289 horloger
1434 4242 1580 4294 établi,
1610 4245 1660 4286 30
1691 4259 1782 4299 ans,

652 4278 820 4321 fortune
867 4282 1008 4326 15.000
1050 4287 1126 4335 fr.,
1164 4290 1404 4342 épouserait
1444 4295 1694 4340 demoiselle
1730 4311 1783 4342 en

652 4339 821 4384 rapport
843 4335 961 4386 d’âge
982 4350 1082 4379 avec
1104 4342 1272 4384 fortune
1294 4346 1582 4397 équivalente.

660 4454 664 4458 .
706 4420 796 4462 628.
811 4445 862 4451 —
880 4423 1146 4478 Célibataire,
1170 4430 1219 4470 25
1236 4443 1327 4483 ans,
1352 4434 1519 4476 fortune
1548 4439 1688 4479 10.000
1712 4442 1780 4494 fr.,

651 4474 934 4527 mécanicien,
956 4490 1092 4529 gagne
1114 4482 1234 4522 2.500
1259 4484 1308 4524 fr.
1334 4499 1407 4536 par
1436 4500 1504 4537 an,
1538 4491 1779 4540 épouserait

647 4525 898 4570 demoiselle
938 4542 990 4571 en
1031 4542 1197 4585 rapport
1234 4537 1355 4589 d’âge
1393 4547 1524 4594 ayant
1566 4556 1621 4584 un
1662 4558 1779 4587 com¬

647 4591 789 4622 merce
811 4595 864 4622 ou
888 4584 1022 4625 avoir.

697 4662 789 4704 630.
807 4688 857 4694 —
878 4666 1148 4720 Célibataire,
1165 4671 1216 4712 28
1230 4684 1319 4724 ans,
1338 4686 1435 4727 sage
1454 4683 1493 4719 et
1514 4680 1774 4735 travailleur,

643 4722 942 4770 restaurateur,
966 4723 1206 4774 épouserait
1228 4726 1478 4772 demoiselle
1519 4743 1704 4785 pouvant
1738 4738 1774 4780 le

643 4771 858 4822 seconder,
882 4781 1013 4826 ayant
1034 4776 1083 4816 de
1108 4779 1151 4818 10
1174 4780 1193 4818 à
1224 4780 1366 4822 12.000
1386 4783 1438 4824 fr.

695 4848 783 4890 636.
807 4873 854 4880 —
876 4851 1142 4907 Célibataire,
1167 4857 1216 4898 28
1231 4870 1320 4908 ans,
1340 4860 1508 4904 fortune
1529 4866 1696 4908 100.000
1719 4871 1768 4912 fr.

640 4903 822 4953 espèces,
839 4907 1080 4956 épouserait
1094 4910 1345 4955 demoiselle
1360 4923 1493 4968 ayant
1507 4918 1618 4960 belle
1634 4922 1772 4962 situa¬

640 4956 726 4995 tion
747 4960 1061 5003 commerciale.

687 5040 778 5080 638.
804 5064 852 5070 —
875 5044 995 5092 Veuf,
1019 5046 1069 5086 56
1092 5059 1182 5096 ans,
1215 5054 1403 5105 ouvrier,
1440 5067 1537 5098 sans
1579 5060 1764 5112 enfants,

639 5095 859 5143 possédant
879 5098 1026 5140 20.000
1051 5099 1103 5142 fr.
1136 5114 1190 5143 en
1220 5106 1491 5159 obligations,
1525 5112 1767 5164 épouserait

636 5158 768 5187 veuve
790 5162 842 5188 en
866 5158 1034 5203 rapport
1055 5155 1190 5207 d’âge,
1208 5171 1306 5202 sans
1327 5162 1508 5215 enfants,
1544 5168 1764 5217 possédant

633 5200 710 5239 700
731 5200 781 5241 fr.
804 5203 855 5242 de
871 5216 1079 5258 revenus;
1106 5210 1135 5248 il
1159 5211 1284 5252 ferait
1304 5215 1508 5259 donation
1538 5221 1587 5260 de
1630 5222 1761 5263 l’usu¬

635 5251 740 5293 fruit
759 5266 834 5306 par
853 5264 1032 5302 contrat.

685 5330 775 5371 639.
800 5356 852 5362 —
871 5334 1136 5388 Célibataire,
1162 5340 1211 5382 39
1232 5354 1322 5392 ans,
1347 5347 1559 5400 médecin,
1583 5353 1762 5403 épouse¬

632 5383 711 5423 rait
732 5384 979 5430 demoiselle
1002 5394 1223 5443 possédant
1243 5398 1388 5440 80.000
1412 5400 1464 5441 fr.

683 5466 774 5506 640.
813 5491 836 5496 -
867 5469 1132 5524 Célibataire,
1159 5479 1360 5532 employé
1373 5482 1424 5522 de
1442 5482 1578 5536 l’Etat,
1598 5487 1643 5527 31
1665 5500 1756 5543 ans,

626 5520 968 5571 appointements
996 5527 1136 5574 18,000
1152 5530 1222 5580 fr.,
1243 5534 1483 5583 épouserait
1506 5538 1758 5585 demoiselle

623 5579 756 5623 ayant
771 5574 841 5615 dot
864 5576 914 5616 de
935 5578 1083 5620 20.000
1102 5583 1156 5623 fr.

678 5655 768 5695 641.
795 5679 834 5686 —
869 5659 994 5710 Veuf,
1034 5663 1057 5702 3
1098 5666 1278 5719 enfants,
1322 5670 1369 5710 42
1395 5683 1486 5723 ans,
1532 5678 1755 5726 possédant

624 5707 744 5759 6.000
766 5709 817 5751 fr.
842 5710 892 5751 de
914 5726 1107 5766 revenus,
1131 5720 1373 5770 épouserait
1411 5726 1659 5771 demoiselle
1695 5747 1750 5775 ou

624 5774 758 5803 veuve
778 5766 1004 5815 possédant
1022 5769 1071 5809 25
1094 5772 1170 5811 000
1192 5774 1243 5813 fr.
1267 5775 1319 5816 de
1339 5778 1425 5819 dot.

667 5846 820 5887 ■645.—
847 5847 970 5901 Veuf,
994 5852 1043 5892 34
1065 5866 1154 5904 ans,
1172 5856 1283 5898 deux
1303 5862 1483 5914 enfants,
1511 5876 1752 5912 commerce

619 5899 670 5939 de
691 5899 783 5940 vins
803 5904 882 5943 très
904 5906 1133 5955 productif,
1158 5910 1399 5961 épouserait
1419 5928 1628 5967 personne
1650 5936 1751 5966 avec

618 5952 722 6003 petit
742 5956 859 5996 avoir
879 5963 918 5998 et
943 5969 1128 6011 pouvant
1153 5962 1190 6003 le
1211 5968 1427 6010 seconder.

671 6030 760 6072 646.
787 6055 832 6063 —
866 6034 1131 6088 Célibataire,
1154 6042 1202 6082 28
1232 6055 1323 6095 ans,
1347 6055 1476 6099 ayant
1511 6062 1748 6095 commerce

618 6086 701 6124 très
720 6085 907 6139 lucratif,
943 6092 1183 6140 épouserait
1215 6097 1466 6143 demoiselle
1506 6115 1606 6147 avec
1644 6110 1747 6158 peiit

614 6138 758 6190 avoir,,
774 6151 956 6192 pouvant
980 6146 1102 6196 gérer
1122 6151 1331 6200 magasin.

1966 638 2056 679 647.
2081 662 2118 667 —
2145 638 2410 689 Célibataire,
2435 642 2634 696 vicomte,
2655 643 2703 683 21
2726 655 2814 693 ans,
2839 643 2943 686 allié
2962 656 3047 684 aux

1911 691 2101 733 familles
2120 692 2182 734 les
2203 694 2300 744 plus
2321 694 2483 746 nobles,
2515 698 2754 748 épouserait
2794 698 3044 739 demoiselle

1911 752 2040 798 ayant
2061 746 2248 788 fortune.

1964 823 2054 864 648.
2063 848 2111 854 —
2132 826 2398 875 Célibataire,
2418 833 2571 876 comte,
2587 827 2637 868 24
2654 842 2743 879 ans,
2764 830 2828 870 bel
2851 831 3040 880 homme,

1908 878 1959 918 de
1984 879 2022 917 la
2044 878 2271 919 meilleure
2292 880 2500 928 noblesse,
2523 882 2763 932 épouserait
2792 884 3042 926 demoiselle

1907 938 2039 983 ayant
2059 932 2243 973 fortune.

1964 1126 2095 1167 Nous
2140 1123 2358 1170 donnons
2408 1126 2674 1171 ci-dessous
2719 1126 2940 1171 l'adresse
2982 1128 3038 1172 de

1906 1186 2016 1227 MM.
2060 1183 2127 1228 les
2163 1186 2370 1230 notaires
2403 1186 2459 1229 de
2495 1184 2540 1230 la
2570 1185 2675 1229 ville
2702 1186 2758 1230 de
2789 1187 3034 1243 Marseille,

1904 1243 1983 1298 qui
2016 1255 2188 1299 pourra
2218 1247 2315 1290 être
2347 1244 2456 1289 utile
2488 1258 2606 1302 pour
2634 1244 2699 1291 les
2731 1248 2943 1290 contrats
2978 1247 3032 1290 de

1904 1304 2119 1359 mariage
2140 1319 2148 1346 :

1958 1403 2052 1443 MM.
2091 1405 2294 1455 Sabatier,
2318 1417 2392 1446 rue
2414 1406 2598 1457 Paradis,
2630 1407 2688 1446 17.

2091 1476 2310 1528 Raynaud,
2333 1490 2408 1518 rue
2431 1478 2615 1527 Paradis,
2638 1478 2703 1519 24.

2087 1550 2264 1600 Gaudet,
2290 1563 2363 1590 rue
2387 1551 2568 1600 Paradis,
2592 1551 2658 1594 46.

2087 1620 2285 1674 Gasquet,
2307 1635 2382 1663 rue
2400 1623 2584 1672 Paradis,
2610 1626 2674 1667 57.

2087 1694 2286 1744 Ferrand,
2310 1707 2384 1736 rue
2407 1696 2590 1745 Paradis,
2615 1699 2679 1739 59.

2087 1766 2239 1816 Brezet,
2264 1778 2336 1806 rue
2361 1766 2543 1818 Paradis,
2568 1768 2632 1810 68.

2085 1838 2134 1878 de
2158 1838 2295 1890 Laget,
2318 1851 2394 1879 rue
2416 1839 2739 1889 Saint-Ferréol,
2763 1844 2800 1883 7.

2084 1910 2355 1963 Delanglade,
2377 1924 2455 1954 rue
2471 1911 2799 1964 Saint-Ferréol,
2826 1916 2890 1957 29.

2082 1983 2224 2035 Benet,
2248 1996 2324 2024 rue
2345 1984 2667 2036 Saint-Ferréol,
2691 1987 2755 2027 30.

2082 2056 2326 2108 Provençal,
2350 2068 2424 2096 rue
2446 2054 2772 2107 Saint-Ferréol,
2798 2059 2866 2099 50.

2080 2122 2302 2174 Bouteille,
2326 2135 2400 2164 rue
2420 2123 2742 2177 Saint-Ferréol,
2771 2126 2835 2167 52.

2082 2194 2315 2246 Estrangin,
2339 2208 2414 2236 rue
2435 2196 2760 2247 Saint-Ferréol,
2785 2199 2851 2239 54.

2079 2267 2280 2318 Jourdan,
2302 2279 2375 2309 rue
2398 2268 2720 2319 Saint-Ferréol,
2744 2268 2808 2311 59.

2076 2340 2232 2392 Sayon,
2256 2352 2332 2380 rue
2352 2339 2679 2390 Saint-Ferréol,
2705 2341 2768 2380 78.

2079 2411 2236 2462 Perrin,
2260 2423 2335 2452 rue
2357 2411 2619 2462 Montgrand,
2646 2412 2712 2453 38.

2074 2482 2408 2534 Taxil-Fortoul,
2434 2496 2508 2524 rue
2531 2486 2792 2536 Montgrand,
2818 2484 2884 2527 48.

2075 2555 2218 2603 Alliés,
2243 2567 2320 2598 rue
2338 2556 2598 2608 Montgrand,
2622 2558 2685 2598 62.

2074 2634 2207 2683 Azaïs,
2231 2646 2306 2676 rue
2328 2635 2378 2675 de
2401 2635 2440 2675 la
2460 2636 2600 2684 Darse,
2624 2636 2660 2675 5.

2074 2708 2267 2758 Laugier,
2291 2721 2366 2749 rue
2387 2710 2438 2750 de
2460 2708 2500 2748 la
2521 2710 2660 2759 Darse,
2683 2710 2748 2752 29.

2074 2782 2296 2834 Raynaud,
2322 2794 2394 2822 rue
2415 2780 2616 2829 Noailles,
2640 2783 2680 2824 7.

2071 2854 2291 2903 Dessuard,
2316 2866 2392 2895 rue
2410 2854 2611 2902 Noailles,
2643 2855 2699 2895 18.

2074 2924 2263 2974 Laugier,
2287 2938 2361 2965 rue
2380 2926 2654 2975 Cannebière,
2679 2928 2716 2967 5.

2070 2998 2196 3038 Décor
2202 2998 2295 3047 mis,
2320 3011 2395 3039 rue
2415 2999 2616 3050 Grignan,
2642 3001 2706 3040 56.

2067 3069 2190 3119 Latil,
2214 3082 2288 3111 rue
2310 3071 2467 3120 Sainte,
2498 3074 2528 3113 l.

2066 3141 2258 3191 Giraudi,
2282 3154 2408 3183 cours
2423 3143 2712 3194 Saint-Louis,
2738 3147 2774 3188 3.

2064 3214 2204 3264 Blanc,
2226 3227 2302 3255 rue
2322 3216 2373 3256 de
2395 3215 2570 3266 l’Arbre,
2594 3218 2633 3258 9.

2066 3287 2284 3335 Roubaud,
2311 3300 2386 3328 rue
2406 3288 2458 3328 de
2479 3288 2519 3328 la
2542 3290 2827 3344 République,
2854 3294 2915 3334 15.

2061 3357 2208 3407 Gavot,
2233 3370 2308 3399 rue
2330 3359 2385 3399 du
2410 3362 2596 3412 Bausset,
2620 3362 2658 3404 4.

1923 3534 2114 3588 L’Office
2144 3535 2382 3577 Mondonet
2400 3540 2463 3576 est
2490 3544 2645 3579 ouveid
2664 3543 2762 3580 tous
2788 3542 2850 3582 les
2868 3542 3007 3595 jours

1871 3600 1924 3640 de
1942 3602 1973 3642 2
1991 3600 2149 3643 heures
2170 3605 2195 3643 à
2219 3604 2245 3643 8
2266 3600 2420 3644 heures
2440 3605 2502 3644 du
2532 3608 2624 3647 soir
2651 3610 2690 3647 et
2728 3608 2788 3648 les
2826 3607 3006 3650 diman¬

1868 3667 1967 3707 ches
1986 3671 2027 3708 et
2044 3668 2154 3721 fêtes
2175 3670 2227 3709 de
2251 3671 2276 3710 9
2297 3668 2452 3711 heures
2472 3675 2499 3711 à
2520 3671 2651 3712 midi.

1924 3835 2335 3911 THÉÂTRES
2394 3848 2485 3911 ET
2544 3848 2941 3915 CONCERTS

1917 4019 2331 4062 Grand-Théâtre.
2354 4042 2404 4050 —
2426 4021 2636 4063 Vendredi
2658 4024 2744 4064 soir
2775 4037 2800 4065 a
2827 4038 2882 4067 eu
2908 4026 2995 4068 lieu

1864 4070 1903 4110 la
1946 4072 1991 4110 J"
2028 4073 2358 4123 représentation
2395 4075 2446 4115 de
2484 4076 2747 4131 Loliengrin,
2784 4083 2910 4131 opéra
2942 4094 2991 4123 eu

1862 4124 1882 4163 3
1910 4130 2023 4167 actes
2057 4132 2096 4167 et
2128 4126 2151 4167 4
2187 4127 2398 4178 tableaux,
2430 4131 2579 4181 poème
2619 4138 2659 4172 et
2703 4134 2904 4187 musique
2940 4135 2990 4176 de

1860 4178 2062 4231 Wagner,
2084 4192 2185 4222 avec
2211 4182 2249 4220 le
2272 4194 2480 4223 concours
2515 4186 2566 4224 de
2602 4186 2711 4226 Mme
2734 4187 2918 4238 Fierens,
2939 4190 2990 4231 de

1863 4232 2116 4275 l’Académie
2138 4235 2352 4275 nationale
2384 4236 2435 4276 de
2463 4238 2681 4291 musique.
2707 4241 2820 4282 Cette
2853 4244 2987 4295 pièce,

1858 4286 1959 4326 dont
1995 4287 2032 4327 la
2066 4288 2398 4340 représentation
2428 4301 2479 4330 en
2508 4291 2664 4333 France
2687 4306 2710 4333 a
2730 4295 2796 4335 été
2815 4295 2850 4336 si
2871 4295 2988 4338 diffi¬

1858 4338 1955 4388 cile,
1994 4346 2160 4381 surtout
2199 4343 2223 4381 à
2262 4343 2375 4383 Paris
2404 4344 2461 4383 où
2495 4343 2555 4384 les
2594 4348 2844 4390 marmitons
2870 4349 2920 4390 de
2951 4352 2987 4390 la

1855 4392 2037 4443 capitale
2058 4394 2313 4435 semblaient
2329 4395 2476 4439 l’avoir
2494 4400 2683 4439 enterrée
2709 4412 2812 4449 pour
2831 4402 2987 4452 jamais

1859 4444 1895 4484 le
1915 4447 1936 4485 3
1962 4448 2047 4487 mai
2074 4448 2187 4495 1887,
2205 4459 2227 4487 a
2249 4460 2302 4488 eu
2328 4461 2383 4488 un
2406 4452 2552 4491 succès
2571 4452 2863 4495 considérable
2882 4456 2987 4499 dans

1854 4508 1919 4539 ses
1946 4502 2174 4548 premières
2207 4503 2559 4551 représentations
2592 4507 2614 4544 à
2651 4507 2874 4551 Marseille.
2911 4511 2986 4552 Ces

1855 4554 2220 4605 représentations,
2243 4556 2321 4607 qui
2342 4564 2484 4597 saront
2506 4560 2761 4611 restreintes,
2784 4573 2827 4604 se
2851 4564 2982 4605 conti¬

1854 4612 2032 4647 nueront
2053 4607 2093 4648 le
2114 4608 2139 4648 2
2159 4615 2200 4648 et
2223 4608 2261 4648 le
2285 4610 2309 4648 4
2331 4621 2457 4652 mars.

1904 4703 2162 4754 Gymnase.
2168 4726 2218 4732 —
2239 4703 2295 4743 La
2314 4707 2515 4747 Mascotte
2534 4714 2574 4748 et
2596 4708 2632 4750 le
2659 4710 2810 4752 Grand
2827 4713 2967 4766 Mogol
2968 4747 2978 4766 ,

1847 4755 1957 4795 deux
1978 4755 2052 4796 des
2074 4756 2320 4797 meilleures
2342 4769 2511 4800 œuvres
2530 4762 2581 4802 de
2606 4763 2654 4804 M.
2690 4764 2745 4803 Ed
2790 4766 2976 4818 Audran,

1846 4815 1918 4848 ont
1937 4811 2001 4851 été
2023 4811 2211 4852 données
2243 4823 2343 4851 avec
2375 4811 2470 4854 Mlle
2493 4813 2652 4857 Jeanne
2671 4818 2852 4868 Andrée,
2878 4832 2979 4870 pre¬

1846 4863 1979 4903 mière
2015 4864 2248 4906 chanteuse
2286 4866 2547 4918 d’opereltes,
2584 4870 2688 4911 dans
2725 4872 2762 4911 le
2798 4872 2886 4914 rôle
2927 4874 2976 4915 de
2996 4911 2999 4914 ,

1843 4916 2007 4956 Bettina
2026 4918 2077 4958 de
2097 4918 2139 4959 la
2161 4921 2373 4959 Mascotte
2394 4926 2433 4960 et
2447 4923 2560 4961 celui
2578 4923 2735 4964 d’irma
2753 4926 2808 4966 du
2831 4927 2983 4967 Grand

1845 4968 1995 5022 Mogol.
2024 4971 2399 5024 Prochainement,
2438 4974 2476 5016 le
2511 4975 2626 5031 Pays
2663 4978 2712 5018 de
2746 4980 2843 5028 l'or,
2873 4980 2976 5020 dont

1845 5022 1903 5062 les
1924 5024 2072 5064 études
2091 5032 2185 5065 sont
2208 5030 2404 5076 poussées
2424 5031 2696 5071 activement.
2722 5032 2834 5073 Cette
2856 5035 2972 5084 pièce

1840 5076 2028 5116 contient
2066 5078 2112 5116 14
2150 5079 2360 5132 tableaux,
2402 5083 2710 5135 changements
2748 5088 2772 5126 à
2815 5099 2894 5128 vue
2934 5095 2974 5129 et

1839 5130 1996 5183 grands
2015 5131 2180 5174 ballets.

1891 5223 2130 5265 Variétés.
2138 5223 2186 5264 —
2210 5224 2380 5280 Orphée
2400 5239 2483 5267 aux
2502 5229 2672 5271 En/ers
2694 5236 2734 5271 et
2751 5231 2788 5272 le
2807 5234 2970 5287 Royau¬

1836 5288 1903 5315 me
1933 5276 2005 5317 des
2028 5277 2224 5319 Femmes
2261 5286 2334 5320 ont
2371 5280 2534 5322 alterné
2565 5294 2639 5323 sur
2676 5284 2863 5326 l’afliche
2902 5299 2971 5328 ces

1834 5328 1952 5380 jours
1971 5330 2160 5371 derniers
2175 5344 2185 5382 ;
2218 5344 2272 5372 on
2295 5346 2402 5375 nous
2424 5347 2449 5375 a
2470 5335 2611 5378 donné
2649 5337 2708 5379 les
2746 5338 2968 5380 Charbon¬

1836 5384 1972 5434 niers,
2004 5383 2292 5436 d’OÜènbach,
2328 5394 2367 5428 et
2395 5387 2456 5430 les
2488 5389 2628 5431 Noces
2666 5390 2762 5432 d'un
2795 5394 2962 5435 Réser¬

1838 5438 1962 5478 viste.

1885 5490 1940 5530 La
1961 5491 2169 5532 direction
2190 5492 2384 5546 s’occupe
2416 5497 2675 5538 activement
2704 5498 2755 5538 de
2786 5500 2825 5540 la
2860 5514 2959 5552 pre¬

1831 5544 1964 5585 mière
1985 5546 2058 5587 des
2083 5546 2197 5586 Prés
2219 5546 2496 5599 St-Gervais,
2520 5552 2704 5602 opérette
2726 5553 2776 5592 de
2800 5555 2959 5608 Lecocq

1830 5599 1947 5639 créée
1986 5599 2018 5638 il
2052 5612 2078 5650 y
2114 5611 2136 5639 a
2170 5612 2252 5639 une
2291 5600 2507 5652 vingtaine
2540 5604 2755 5654 d’années,
2790 5614 2828 5646 et
2855 5608 2960 5650 dans

1832 5651 2015 5703 laquelle
2034 5652 2144 5693 Mme
2163 5653 2567 5696 Gautier-Deloncle
2607 5658 2886 5711 interprétera
2920 5662 2960 5703 le

1827 5704 2040 5757 principal
2062 5706 2166 5747 rôle.

1881 5794 2361 5839 Palais-de-Cristal.
2385 5820 2435 5828 —
2467 5798 2519 5839 Le
2551 5800 2696 5851 public
2723 5814 2747 5842 a
2775 5811 2955 5844 souvent

1823 5847 1949 5897 peine
1970 5847 1993 5887 à
2016 5854 2184 5890 trouver
2206 5852 2323 5901 place
2353 5852 2459 5891 dans
2495 5852 2735 5895 l'immense
2756 5863 2795 5898 et
2815 5870 2958 5911 somp¬

1826 5906 1974 5939 tueuse
1995 5902 2099 5942 salle
2120 5903 2192 5943 des
2220 5904 2372 5944 Allées.
2412 5905 2486 5944 Les
2515 5906 2719 5958 Eugènes,
2756 5910 2816 5951 les
2859 5924 2956 5962 pre¬

1823 5951 1953 5993 miers
1974 5962 2220 6004 gymnastes
2239 5958 2296 5998 du
2323 5958 2491 6010 monde,
2527 5967 2621 6000 sont
2652 5963 2953 6012 particulière¬

1821 6012 1942 6046 ment
1961 6018 2014 6046 en
2035 6007 2183 6048 faveur
2203 6014 2356 6063 auprès
2385 6014 2441 6052 du
2471 6013 2631 6064 public.
2668 6015 2780 6058 Cette
2813 6019 2954 6060 admi¬

1820 6059 1958 6099 ration
1979 6060 2028 6099 de
2051 6060 2092 6100 la
2112 6062 2228 6103 foule
2250 6072 2311 6106 est
2343 6068 2535 6118 partagée
2570 6080 2644 6120 par
2676 6070 2714 6111 le
2748 6074 2948 6126 comique

1822 6111 2030 6154 Laurvald
2047 6128 2055 6164 ;
2080 6115 2220 6168 Derly,
2245 6119 2371 6160 étoile
2394 6122 2631 6171 parisienne
2655 6136 2663 6172 ;
2703 6124 2764 6166 les
2786 6127 2944 6178 Salma,

1823 6163 1883 6205 les
1904 6167 2102 6220 Hamrys,
2126 6176 2166 6209 et
2188 6171 2248 6211 les
2270 6174 2424 6216 mimes
2443 6176 2842 6220 Bernardi-Thalès.

3179 652 3528 742 Maisons
3585 658 4200 754 (Recommandées

3133 877 3351 1012 LE
3453 881 4234 1028 CHINOIS

3263 1042 3571 1096 CHAPEAUX
3606 1048 3678 1098 EN
3711 1051 3852 1101 TOUS
3887 1055 4100 1105 GENRES

3139 1120 3414 1165 COIFFURES
3454 1127 3583 1167 POUR
3626 1127 3902 1174 MESSIEURS
3945 1135 4008 1175 ET
4049 1136 4214 1178 DAMES

3420 1210 3692 1251 FRAICHEURS,
3725 1214 3803 1242 RON
3832 1214 3939 1245 GOUT

3206 1263 3351 1305 Haute
3373 1267 3634 1311 Nouveauté
3656 1272 3710 1312 de
3728 1275 3888 1327 forme,
3913 1266 4151 1331 Élégance,

3540 1335 3816 1390 Originalité

3406 1403 3623 1444 Spécialité
3646 1408 3696 1442 de
3722 1410 3760 1443 la
3784 1414 3943 1447 Maison

3110 1455 3294 1506 Coiffures
3315 1463 3440 1510 riches
3462 1463 3684 1513 d’intérieur
3703 1474 3744 1515 et
3763 1471 3810 1516 de
3831 1472 3975 1520 Bureau
4007 1488 4142 1535 (Dernières
4154 1494 4242 1540 Modes)

3516 1538 3616 1578 Prix
3646 1540 3839 1584 Modérés

3183 1597 3303 1647 26,
3346 1600 3508 1641 Rue
3555 1606 4023 1663 Cannebière,
4060 1617 4163 1659 26

3105 1732 3351 1852 ARMES
3397 1740 3483 1854 DE
3533 1742 3799 1862 CHASSE
3845 1750 3931 1864 ET
3989 1752 4075 1870 DE
4113 1758 4239 1872 TIR

3220 1888 3522 1951 Séparations,
3563 1884 3814 1963 (Échanges,
3842 1902 4112 1970 Nettoyages

3108 1984 3646 2060 BERNARD
3699 2014 3810 2052 Pue
3838 2004 4118 2072 Paradis,
4156 2011 4231 2064 32

3151 2146 3496 2251 Entreprise
3541 2155 3610 2234 de
3651 2157 4178 2265 Déménagements

3286 2267 3399 2308 Pour
3428 2283 3479 2311 la
3507 2272 3670 2315 France
3702 2291 3750 2318 et
3779 2280 4043 2326 l’Etranger

3235 2354 3475 2403 PRIX
3551 2357 4091 2420 MODÉRÉS

3165 2435 3308 2474 Cadres
3639 2450 3706 2476 les
3959 2449 4220 2496 GARDE-MEUBLES

3219 2491 3256 2518 °°
3301 2549 3337 2557 ,,
3415 2480 3702 2563 Demsnapses
3739 2488 3922 2561 Favorites

3146 2545 3335 2572 WAGONS
3581 2570 3596 2583 ^
4027 2573 4146 2600 ooTlfTA

3135 2591 3335 2631 capitonnés
3474 2587 3645 2638 AMDrO
3695 2594 3716 2636 0
3770 2591 3838 2673 pie
3996 2623 4179 2659 riacendie

3104 2657 3188 2688 pour
3212 2652 3362 2685 Meubles
3466 2642 3647 2698 fillIlLO
3687 2649 3729 2698 (X
3770 2646 3803 2699 U
4072 2680 4103 2707 et

3155 2716 3316 2755 précieux
3434 2720 3519 2754 Maison
3546 2727 3722 2766 complèlcinent
3746 2739 3774 2761 en
3799 2723 3882 2763 dehors
3952 2724 4035 2764 CAS33
4067 2727 4213 2769 GARANTIE

3179 2780 3183 2788 ■
3547 2772 3575 2803 de
3594 2776 3643 2806 tout
3659 2775 3776 2818 Monopole
4030 2800 4154 2810 -

3196 2839 3303 2887 Bourse
3322 2842 3519 2892 immobilière.
3531 2871 3591 2879 —
3608 2850 3692 2899 Vente
3712 2855 3739 2900 et
3756 2854 3880 2904 location
3902 2859 4102 2911 d’immeubles

3088 2918 3261 2961 MARSEILLE
3269 2923 3321 2967 —
3335 2924 3422 2968 Rue
3436 2927 3648 2983 Pavillon,
3666 2934 3703 2987 4,
3719 2947 3771 2978 au
3784 2938 3972 2992 Magasin
3982 2967 4034 2974 —
4047 2947 4220 2990 MARSEILLE

3282 3091 3503 3134 Vient
3558 3098 3649 3138 cle
3706 3106 4023 3152 paraître

3420 3182 3646 3231 (EDITION
3672 3187 3735 3228 DE
3759 3190 3879 3244 1891)

3128 3446 3188 3484 DE
3207 3447 3267 3487 LA
3288 3450 3487 3505 FRANCE,
3506 3454 3566 3494 DE
3588 3456 3649 3496 LA
3664 3458 3823 3515 CORSE,
3843 3463 3903 3504 DE
3918 3459 4166 3510 L'ALGÉRIE

3268 3515 3328 3556 DE
3344 3518 3407 3559 LA
3427 3519 3619 3563 TUNISIE
3634 3524 3665 3564 &
3685 3526 3772 3568 DES
3793 3528 4021 3573 COLONIES

3083 3580 3151 3620 Un
3171 3582 3263 3623 fort
3293 3586 3453 3628 volume
3482 3592 3532 3630 de
3556 3591 3647 3631 800
3671 3607 3815 3647 pages,
3848 3601 4096 3651 imprimées
4134 3616 4213 3643 sur

3311 3639 3340 3678 2
3363 3643 3578 3694 colonnes,
3604 3647 3766 3688 reliure
3787 3650 3974 3703 anglaise

3183 3719 3755 3765 Prix.
3813 3731 3876 3767 25
3906 3733 4095 3772 franc*

3125 3803 3192 3843 Cet
3215 3816 3414 3859 ouvrage,
3439 3812 3583 3863 rédigé
3602 3826 3675 3855 sur
3696 3830 3752 3856 un
3783 3818 3880 3868 plan
3919 3822 4205 3865 entièrement

3074 3867 3284 3908 nouveau,
3324 3864 3512 3904 contient
3546 3872 3639 3908 tous
3680 3869 3739 3911 les
3774 3872 4027 3915 documents
4065 3877 4204 3928 régle¬

3072 3916 3263 3950 mentant
3287 3914 3322 3953 le
3343 3918 3503 3958 service
3524 3920 3598 3960 des
3632 3929 3779 3972 postes,
3816 3926 3888 3964 des
3920 3927 4198 3980 télégraphes,

3070 3961 3143 4000 des
3163 3963 3409 4015 téléphones
3430 3976 3471 4011 et
3491 3971 3562 4012 des
3582 3975 3780 4017 chemins
3802 3978 3851 4018 de
3868 3978 3944 4019 fer.

3122 4015 3156 4054 Il
3178 4016 3355 4072 indique
3383 4022 3446 4064 les
3466 4036 3590 4067 noms
3619 4028 3671 4071 de
3694 4035 3831 4071 toutes
3852 4031 3915 4072 les
3937 4044 4179 4076 communes
4184 4070 4194 4087 ,

3067 4069 3177 4111 ainsi
3198 4084 3280 4124 que
3303 4087 3408 4117 ceux
3428 4078 3500 4119 des
3521 4080 3710 4124 bureaux
3740 4085 3790 4124 de
3814 4091 3928 4137 poste
3949 4091 3989 4128 et
4015 4087 4066 4129 de
4090 4090 4196 4131 télé¬

3066 4126 3224 4175 graphe
3244 4129 3320 4180 qui
3346 4130 3403 4171 les
3420 4132 3678 4187 desservent,
3715 4138 3775 4179 les
3795 4139 4006 4183 distances
4038 4142 4194 4194 légales

3064 4182 3105 4216 et
3139 4181 3175 4219 le
3206 4181 3357 4223 chiffre
3393 4184 3444 4226 de
3482 4187 3521 4227 la
3559 4190 3824 4241 population.
3866 4194 3925 4234 On
3947 4207 3975 4246 y
4010 4208 4031 4235 a
4054 4198 4196 4248 ajouté

3067 4235 3200 4272 toutes
3223 4234 3287 4274 les
3306 4250 3434 4287 gares
3462 4250 3658 4283 ouvertes
3690 4257 3743 4284 au
3775 4247 3935 4288 service
3967 4247 4041 4291 des
4073 4252 4194 4293 colis

3062 4294 3282 4339 postaux,
3323 4303 3423 4332 avec
3459 4295 3651 4336 mention
3691 4299 3857 4350 lorsque
3896 4312 3967 4342 ces
4004 4303 4195 4346 derniers

3060 4346 3155 4379 sont
3172 4340 3376 4384 livrables
3393 4359 3444 4386 en
3464 4359 3563 4398 gare
3586 4361 3638 4388 ou
3659 4351 3682 4388 à.
3700 4351 3922 4394 domicile.

3112 4392 3171 4433 Ou
3193 4408 3222 4447 y
3246 4403 3440 4440 trouvera
3459 4402 3575 4440 aussi
3610 4410 3704 4443 tous
3735 4404 3796 4446 les
3827 4407 4195 4460 renseignements

3059 4447 3314 4491 nécessaires
3327 4463 3400 4491 sur
3416 4454 3452 4494 le
3470 4456 3654 4498 service
3669 4458 3752 4499 des
3769 4471 4185 4516 recouvrements,

3056 4503 3138 4539 soit
3166 4513 3216 4540 en
3241 4503 3408 4554 France,
3431 4507 3512 4546 soit
3532 4507 3638 4551 dans
3660 4510 3719 4552 les
3742 4525 3846 4567 pays
3866 4516 4080 4567 étrangers

3107 4552 3179 4595 Cel
3198 4567 3382 4608 ouvrage
3402 4567 3461 4600 est
3488 4560 3806 4616 indispensable
3839 4582 3891 4608 au
3928 4580 4183 4624 commerce,

3055 4608 3078 4646 à
3100 4606 3339 4652 l’industrie
3359 4619 3399 4653 et
3418 4626 3503 4655 aux
3521 4618 3904 4664 administrations.

3239 4702 3443 4744 PRIME
3474 4706 3515 4746 A
3547 4707 3668 4750 NOS
3698 4707 3996 4755 ABONNÉS

3106 4775 3183 4815 Par
3214 4778 3325 4819 suite
3357 4779 3459 4819 d’un
3494 4792 3791 4834 arrangement
3823 4799 3922 4830 avec
3966 4790 4175 4846 l’éditeur,

3051 4838 3160 4868 nous
3178 4842 3364 4872 sommes
3382 4835 3406 4872 à
3431 4836 3571 4876 même
3603 4837 3655 4878 de
3676 4837 3846 4883 fournir
3864 4851 3930 4884 cet
3949 4858 4136 4898 ouvrage
4156 4852 4181 4890 à

3053 4893 3126 4922 nos
3172 4883 3360 4927 abonnés
3407 4899 3457 4927 en
3498 4888 3556 4931 les
3592 4891 3750 4934 faisant
3784 4898 4015 4940 bénéficier
4054 4903 4180 4942 d’une

3050 4935 3202 4975 remise
3223 4939 3558 4990 exceptionnelle
3579 4945 3630 4988 de
3652 4948 3713 4990 20
3736 4959 3779 5001 p.
3810 4952 3916 4994 100.

3100 4988 3216 5031 Nous
3235 4991 3435 5046 adresser,
3458 4996 3564 5038 dans
3582 5011 3631 5040 ce
3650 5013 3734 5052 cas,
3774 5017 3829 5044 un
3866 5007 4178 5059 mandat-poste

3047 5042 3098 5081 de
3119 5043 3180 5084 20
3204 5044 3262 5086 fr.
3287 5058 3339 5086 au
3364 5059 3463 5088 nom
3486 5051 3537 5092 de
3559 5054 3727 5096 Bonal.

3051 5221 3142 5322 Le
3189 5223 3420 5328 Guide
3479 5232 3784 5331 autour
3829 5236 3972 5337 des
4031 5238 4174 5340 Iles

3092 5414 3144 5455 Ce
3164 5417 3266 5467 petit
3287 5416 3438 5467 Guide,
3461 5420 3563 5463 dont
3585 5423 3623 5464 le
3643 5426 3788 5467 besoin
3811 5440 3854 5469 se
3879 5428 4020 5468 faisait
4052 5431 4172 5474 vive-

3042 5470 3156 5507 medt
3176 5475 3310 5508 sentir
3328 5483 3436 5522 pour
3474 5474 3534 5516 les
3571 5481 3806 5520 nombreux
3843 5483 4056 5532 étrangers
4093 5488 4170 5538 qui

3038 5522 3224 5562 désirent
3238 5523 3386 5564 visiter
3405 5526 3464 5568 les
3484 5530 3671 5572 diverses
3688 5533 3914 5574 curiosités
3931 5534 3982 5575 de
4002 5536 4042 5578 la
4065 5540 4170 5582 ville

3037 5575 3088 5615 de
3118 5575 3325 5618 Marseille
3360 5585 3400 5619 et
3430 5581 3480 5621 de
3515 5594 3580 5624 ses
3611 5587 3827 5633 environs,
3860 5599 3884 5624 a
3918 5590 4075 5632 obtenu
4112 5607 4168 5634 un

3039 5627 3090 5667 tel
3114 5630 3275 5679 succès,
3297 5643 3381 5683 que
3415 5646 3488 5675 son
3518 5643 3671 5678 auteur
3694 5650 3744 5678 va
3766 5638 3803 5678 le
3826 5644 4062 5693 compléter
4090 5660 4168 5699 par

3038 5692 3119 5722 une
3140 5681 3258 5724 foule
3287 5685 3588 5731 d’indications
3618 5698 3658 5731 et
3692 5691 4056 5744 renseignements
4088 5701 4167 5752 qui

3036 5744 3311 5786 permettront
3331 5743 3355 5779 à
3379 5742 3467 5783 MM.
3495 5743 3552 5783 les
3575 5756 3811 5795 voyageurs
3843 5748 3894 5790 de
3931 5765 3974 5793 se
4011 5755 4163 5803 guider

3031 5799 3128 5830 sans
3147 5790 3187 5831 le
3209 5803 3417 5834 concours
3438 5795 3541 5835 d’un
3563 5799 3775 5840 cicerone.

3291 5886 3535 5939 Dépôt
3563 5891 3856 5940 général
3892 5910 3904 5938 :

3026 5959 3175 6024 Kiosque
3194 5959 3239 6015 22
3260 5960 3279 6016 à
3302 5960 3335 6017 la
3358 5963 3564 6024 CanneMère
3596 5964 3652 6037 (en
3670 5969 3746 6029 lace
3762 5973 3792 6029 le
3816 5976 3893 6030 calé
3914 5975 3956 6029 du
3984 5975 4158 6048 Méridien)

3670 6117 3718 6150 Le
3739 6115 3876 6158 gNctnt
3896 6130 3907 6152 :
3931 6119 4075 6162 Bqnal.

3030 6164 3395 6176 ■--—
3422 6153 3948 6196 --A*——-—
3950 6182 4159 6192 --

3024 6192 3135 6236 lmpr.
3154 6196 3313 6239 spéciale
3336 6200 3386 6235 du
3403 6200 3496 6236 Lien
3526 6206 3579 6236 du
3598 6206 3780 6248 Mariage,
3798 6209 3807 6239 1
3817 6210 3914 6251 J,rue
3926 6213 3972 6245 de
3987 6214 4023 6247 la
4036 6213 4128 6248 Paix
4143 6239 4151 6248 .
