4720 7064
2070 449 2151 495 LE
2190 448 2342 495 LIEN
2377 450 2464 495 DU
2503 447 2800 496 MARIAGE

739 788 792 829 Le
832 789 938 828 Lien
975 787 1027 828 du
1064 788 1248 844 Mariage
1284 802 1327 830 se
1367 790 1475 830 vend
1512 802 1566 830 an
1607 790 1699 840 prix
1746 789 1796 830 de

668 843 715 882 10
737 843 943 882 centimes
975 842 1079 882 dans
1113 847 1204 883 tous
1234 843 1294 883 les
1330 843 1531 895 kiosques
1550 844 1600 883 de
1626 843 1663 882 la
1684 842 1795 883 Ville

666 902 706 935 et
726 896 748 934 à
771 896 810 935 la
831 895 1059 946 Direction,
1083 896 1120 946 6,
1142 896 1168 935 B
1171 895 1184 916 d
1206 898 1256 937 de
1279 898 1318 936 la
1340 896 1615 948 Magdeleine.

718 979 830 1018 Dans
868 977 928 1019 les
967 980 1194 1030 prochains
1228 983 1446 1031 numéros,
1470 993 1579 1022 nous
1605 983 1795 1022 réserve¬

664 1044 762 1072 rons
784 1043 842 1072 un
864 1032 962 1072 tiers
982 1032 1031 1073 de
1055 1044 1158 1084 page
1188 1047 1295 1086 pour
1325 1034 1386 1075 les
1418 1035 1796 1075 annonces-récla¬

668 1098 770 1135 mes,
795 1086 903 1126 mais
924 1099 1031 1128 nous
1052 1088 1368 1139 n'accepterons
1395 1095 1435 1128 et
1463 1088 1791 1128 recommande¬

666 1152 763 1180 rons
782 1152 864 1191 que
885 1139 1014 1182 celles
1043 1142 1120 1194 qui
1151 1146 1400 1183 émaneront
1428 1142 1501 1183 des
1536 1143 1724 1183 maisons
1744 1143 1795 1182 de

664 1194 898 1235 coniiance.

719 1310 855 1349 Notre
879 1310 1010 1364 Office
1030 1324 1055 1351 a
1067 1311 1171 1363 prie
1183 1325 1304 1364 pour
1324 1311 1472 1351 devise
1494 1324 1507 1350 :
1532 1312 1575 1351 la
1596 1310 1791 1352 Probité.

662 1364 754 1403 Nos
774 1363 931 1403 clients
951 1368 1146 1416 peuvent
1183 1368 1272 1405 être
1298 1366 1546 1416 persuadés
1585 1366 1794 1404 d’avance

660 1431 742 1470 que
759 1430 870 1456 nous
890 1431 942 1456 ne
962 1431 1147 1458 sommes
1160 1432 1246 1471 pas
1267 1419 1343 1457 des
1363 1418 1591 1458 brasseurs
1614 1418 1794 1472 d’affai¬

660 1483 744 1515 res,
768 1484 826 1510 au
847 1471 998 1524 risque
1019 1472 1072 1511 de
1092 1472 1214 1524 faire
1235 1472 1311 1511 des
1330 1472 1623 1512 malheureux
1643 1486 1658 1519 ;
1698 1475 1795 1511 tous

659 1538 736 1563 nos
778 1525 927 1578 efforts
970 1526 1178 1566 tendront
1227 1526 1435 1578 toujours
1478 1528 1504 1564 à
1550 1526 1671 1578 faire
1718 1526 1795 1565 des

659 1577 871 1628 heureux,
897 1581 1034 1618 même
1068 1592 1126 1618 au
1164 1579 1402 1619 détriment
1423 1579 1476 1618 de
1503 1591 1580 1619 nos
1603 1592 1794 1631 propres

659 1631 854 1672 intérêts.
903 1632 1062 1671 Toutes
1099 1646 1176 1671 nos
1211 1632 1393 1686 affaires
1431 1636 1576 1672 seront
1615 1633 1795 1672 traitées

659 1698 761 1724 avec
784 1686 827 1723 la
838 1686 950 1737 plus
963 1687 1138 1735 grande
1153 1686 1408 1726 délicatesse
1423 1690 1463 1726 et
1480 1687 1519 1726 le
1523 1688 1632 1740 plus
1644 1687 1795 1739 grand

659 1738 1084 1780 désintéressement.

698 1959 842 2024 Avis
880 1960 914 2024 à
952 1978 1050 2025 nos
1096 1963 1294 2024 clients
1332 1962 1392 2025 de
1438 1963 1752 2026 l’extérieur

712 2130 770 2168 La
808 2130 1019 2170 Direction
1058 2132 1210 2172 envoie
1246 2132 1407 2183 franco,
1430 2144 1530 2173 sous
1559 2134 1791 2187 enveloppe

660 2183 874 2233 cachetée,
910 2195 1006 2223 sans
1043 2196 1186 2224 aucun
1226 2186 1344 2235 signe
1384 2186 1608 2238 extérieur,
1647 2195 1790 2229 contre

659 2237 709 2276 60
730 2248 767 2286 ç.
803 2248 856 2276 en
893 2236 1223 2288 timbres-poste,
1263 2251 1318 2278 un
1361 2251 1631 2291 programme
1670 2242 1791 2281 indi¬

658 2295 793 2341 quant
816 2290 874 2330 les
894 2290 1135 2332 conditions
1164 2291 1215 2332 de
1255 2291 1408 2334 l’Office
1430 2302 1470 2334 et
1490 2307 1548 2334 un
1570 2295 1790 2346 question¬

659 2343 776 2382 naire
797 2344 900 2383 écrit
930 2346 1087 2396 auquel
1127 2347 1304 2386 devront
1343 2348 1550 2399 répondre
1596 2349 1654 2388 les
1698 2362 1788 2400 per¬

658 2407 811 2436 sonnes
831 2396 907 2449 qui
927 2398 1177 2440 s’adressent
1198 2402 1220 2440 à
1245 2412 1352 2439 nous
1374 2407 1413 2440 et
1433 2401 1512 2454 qui
1535 2403 1711 2442 veulent
1744 2416 1787 2444 se

659 2450 831 2491 marier.

712 2503 788 2543 Les
811 2515 1036 2555 personnes
1056 2506 1132 2558 qui
1156 2518 1206 2547 ne
1226 2512 1320 2547 sont
1343 2519 1413 2558 pas
1443 2508 1670 2558 abonnées,
1694 2515 1787 2550 sont

659 2556 796 2608 priées
815 2557 867 2598 de
887 2558 1054 2608 joindre
1078 2564 1100 2598 â
1123 2559 1216 2599 leur
1239 2560 1359 2601 lettre
1383 2574 1439 2601 un
1482 2562 1787 2614 timbre-poste

659 2623 767 2660 pour
788 2610 827 2649 la
846 2614 1038 2662 réponse,
1062 2612 1144 2651 afin
1167 2614 1380 2654 d’obtenir
1418 2615 1479 2654 les
1517 2622 1659 2656 autres
1684 2628 1783 2656 ren¬

657 2663 945 2714 seignements
963 2666 1094 2718 qu’ils
1115 2676 1300 2718 peuvent
1322 2668 1496 2709 désirer.

711 2719 786 2758 Les
807 2730 1032 2768 personnes
1054 2723 1296 2770 étrangères
1331 2723 1355 2759 à
1395 2721 1436 2760 la
1475 2722 1574 2763 ville
1612 2724 1690 2775 qui
1732 2738 1783 2764 ne

658 2771 907 2811 voudraient
929 2783 1000 2822 pas
1023 2772 1127 2811 faire
1150 2785 1207 2812 un
1232 2785 1391 2826 voyage
1409 2776 1432 2814 à
1450 2775 1661 2816 Marseille
1679 2790 1784 2827 pour

655 2830 795 2864 entrer
832 2836 881 2864 en
920 2825 1122 2866 relations
1156 2838 1256 2867 avec
1299 2828 1336 2866 la
1367 2839 1580 2878 pevsonne
1618 2831 1783 2872 choisie

654 2877 758 2916 dans
780 2877 838 2917 les
859 2878 1059 2919 colonnes
1079 2879 1134 2918 du
1155 2879 1262 2919 Lien
1283 2880 1335 2918 du
1354 2881 1555 2935 Mariage,
1574 2885 1786 2924 voudront

654 2931 753 2970 bien
793 2942 901 2971 nous
939 2932 1128 2972 adresser
1161 2932 1255 2972 leur
1292 2933 1627 2986 photographie;
1675 2950 1784 2979 nous

651 2984 746 3023 leur
766 2983 1045 3036 indiquerons
1064 2998 1140 3035 par
1162 2987 1266 3026 écrit
1291 2987 1327 3026 le
1350 2998 1507 3039 moyen
1524 2989 1708 3030 d’entrer
1730 3004 1782 3031 en

651 3036 855 3077 relations
872 3050 972 3078 avec
995 3038 1035 3077 la
1058 3050 1264 3088 personne
1286 3039 1450 3080 choisie
1467 3054 1519 3080 ou
1543 3054 1643 3083 avec
1666 3050 1782 3084 toute

651 3099 771 3130 autre
792 3102 997 3139 personne
1019 3092 1068 3131 de
1092 3103 1167 3131 nos
1190 3094 1423 3133 nombreux
1446 3095 1648 3145 abonnés,
1682 3097 1784 3138 dont

650 3144 785 3195 grand
806 3144 984 3184 nombre
1006 3156 1060 3184 ne
1078 3146 1265 3195 figurent
1287 3158 1360 3198 pas
1379 3147 1486 3187 dans
1508 3148 1545 3187 le
1566 3148 1750 3200 journal.

716 3369 990 3442 AUX
1064 3371 1716 3446 FAMILLES

699 3546 815 3587 Nous
836 3558 887 3587 ne
909 3547 1102 3587 donnons
1122 3559 1291 3588 aucune
1312 3550 1423 3588 suite
1443 3560 1526 3588 aux
1547 3549 1779 3591 demandes

644 3599 718 3640 des
740 3612 967 3651 personnes
987 3601 1219 3652 divorcées,
1243 3602 1278 3643 si
1303 3602 1338 3643 le
1359 3602 1582 3655 jugement
1605 3604 1674 3646 n’a
1706 3618 1776 3657 pas

644 3655 710 3695 été
732 3656 942 3704 prononcé
962 3656 1234 3696 absolument
1259 3670 1311 3696 en
1333 3656 1428 3698 leur
1444 3658 1611 3700 faveur.

695 3726 811 3767 Nous
850 3739 902 3767 ne
938 3739 1046 3768 nous
1083 3739 1298 3781 occupons
1329 3741 1412 3782 que
1443 3730 1516 3770 des
1547 3743 1775 3783 personnes

643 3780 898 3822 nonorables
919 3786 956 3822 et
980 3782 1007 3820 il
1031 3788 1092 3823 est
1119 3783 1274 3823 inutile
1300 3783 1350 3822 de
1371 3796 1413 3824 se
1435 3786 1650 3835 présenter
1672 3786 1772 3827 chez

642 3844 748 3872 nous
768 3846 824 3874 ou
846 3835 896 3874 de
921 3847 1029 3876 nous
1049 3836 1155 3875 faire
1176 3835 1348 3887 appeler
1368 3838 1392 3876 à
1415 3838 1616 3879 domicile
1648 3839 1683 3879 si
1717 3852 1770 3880 on

641 3898 692 3927 ne
714 3887 864 3929 réalise
889 3900 959 3939 pas
979 3895 1086 3930 cette
1108 3890 1342 3930 condition.

695 3958 770 3998 Les
808 3970 1036 4008 personnes
1068 3960 1146 4011 qui
1180 3960 1431 4000 s’adressent
1463 3963 1484 4000 à
1523 3962 1562 4001 la
1604 3963 1768 4004 maison

639 4016 732 4051 sont
748 4011 886 4063 priées
900 4012 951 4051 de
964 4011 1131 4063 joindre
1150 4023 1206 4052 un
1223 4009 1503 4064 limbre’pour
1519 4014 1558 4055 la
1573 4016 1770 4067 réponse;

639 4070 754 4105 toute
776 4063 895 4104 lettre
917 4076 1003 4104 non
1024 4066 1259 4106 affranchie
1282 4072 1342 4106 est
1364 4067 1546 4108 refusée.

690 4136 750 4175 On
790 4140 848 4175 est
888 4135 979 4186 prié
1014 4136 1063 4176 de
1095 4135 1264 4187 joindre
1296 4143 1444 4178 autant
1475 4151 1558 4191 que
1588 4140 1770 4191 possible

639 4200 721 4228 une
743 4188 1051 4239 photographie
1072 4196 1112 4230 et
1128 4191 1180 4230 de
1202 4191 1363 4231 donner
1383 4192 1594 4244 quelques
1616 4195 1771 4236 détails

634 4252 709 4280 sur
750 4242 787 4280 la
819 4242 1023 4282 situation
1057 4243 1107 4282 de
1144 4243 1314 4284 fortune
1346 4245 1395 4285 de
1433 4247 1470 4286 la
1508 4259 1714 4297 personne
1746 4252 1769 4288 à

638 4294 806 4334 marier.

692 4372 800 4411 Pour
820 4383 928 4411 nous
948 4372 1082 4412 éviter
1102 4374 1175 4412 des
1204 4375 1472 4424 recherches,
1499 4376 1559 4417 les
1590 4391 1767 4428 person¬

636 4435 710 4464 nes
747 4426 825 4476 qui
858 4424 996 4463 feront
1033 4436 1087 4464 un
1122 4426 1247 4466 choix
1268 4427 1372 4468 dans
1398 4428 1455 4467 les
1485 4429 1688 4471 colonnes
1707 4432 1766 4473 du

636 4478 743 4518 Lien
774 4477 824 4515 du
856 4478 1058 4531 Mariage,
1084 4479 1199 4519 n’ont
1220 4480 1319 4530 qu’à
1352 4492 1459 4520 nous
1492 4483 1686 4534 rappeler
1728 4485 1766 4526 le

634 4532 815 4571 numéro
835 4531 911 4584 qui
936 4531 1110 4582 précède
1135 4531 1172 4570 la
1195 4533 1470 4583 proposition.

685 4598 798 4638 Tous
835 4597 896 4638 les
935 4596 1299 4647 renseignements
1338 4599 1500 4640 donnés
1542 4614 1614 4653 par
1658 4615 1766 4645 nous

630 4656 724 4691 sont
744 4652 938 4700 gratuits.

684 4727 738 4767 La
772 4728 1134 4780 correspondance
1174 4734 1234 4769 est
1271 4730 1460 4772 adressée
1494 4743 1594 4774 sous
1635 4747 1763 4776 enve¬

630 4791 751 4832 loppe
770 4780 999 4831 ordinaire,
1023 4794 1119 4823 sans
1155 4794 1324 4823 aucune
1358 4784 1611 4835 inscription
1646 4790 1759 4831 exté¬

626 4835 766 4876 rieure
787 4840 907 4875 autre
927 4847 1011 4887 que
1035 4836 1231 4878 l’adresse
1252 4836 1303 4876 de
1326 4838 1364 4876 la
1388 4850 1611 4889 personne.

678 4907 754 4946 Les
787 4906 976 4947 abonnés
1004 4907 1119 4947 seuls
1150 4914 1223 4948 ont
1252 4907 1363 4948 droit
1386 4911 1408 4948 à
1439 4922 1523 4950 une
1555 4911 1758 4952 insertion

624 4958 676 4999 de
704 4960 803 5011 cinq
838 4960 985 5011 lignes,
1008 4960 1138 5015 qu’ils
1172 4962 1412 5014 rédigeront
1432 4964 1456 5004 à
1482 4963 1576 5006 leur
1606 4976 1759 5008 conve¬

624 5024 775 5054 nance.

676 5086 751 5126 Les
773 5086 1100 5139 photographies
1120 5095 1159 5128 et
1183 5096 1324 5130 autres
1359 5091 1498 5143 pièces
1528 5094 1713 5135 confiées
1735 5096 1758 5135 à

622 5137 664 5179 la
686 5139 839 5180 Maison
863 5147 957 5182 sont
978 5142 1160 5183 rendues
1194 5157 1274 5184 aux
1311 5144 1537 5187 intéressés
1567 5150 1686 5199 après
1716 5147 1755 5189 la

618 5192 878 5234 célébration
900 5196 956 5234 du
982 5198 1185 5247 mariage.

673 5271 751 5310 Les
773 5283 997 5321 personnes
1016 5274 1092 5326 qui
1114 5281 1207 5315 sont
1227 5276 1455 5318 satisfaites
1476 5279 1526 5319 de
1555 5292 1628 5320 nos
1658 5293 1752 5320 ser¬

619 5322 731 5363 vices
754 5326 961 5364 voudront
982 5327 1081 5367 bien
1097 5330 1431 5382 communiquer
1451 5338 1567 5373 notre
1582 5334 1751 5375 adresse

616 5376 640 5415 à
662 5376 776 5417 leurs
796 5379 919 5428 amis,
945 5386 1200 5430 promettant
1220 5383 1270 5423 de
1295 5384 1471 5436 remplir
1501 5384 1539 5425 le
1576 5387 1752 5428 mandat

618 5431 726 5480 qu’il
775 5443 883 5472 nous
930 5432 1186 5486 donneront,
1236 5450 1291 5476 au
1342 5440 1486 5479 mieux
1535 5438 1585 5480 de
1638 5440 1752 5482 leurs

617 5483 807 5524 intérêts.

671 5560 838 5600 Ouvert
875 5566 972 5603 tous
1010 5563 1068 5604 les
1091 5566 1224 5618 jours
1256 5567 1310 5606 de
1342 5570 1372 5608 2
1396 5572 1423 5608 à
1445 5571 1471 5608 8
1494 5569 1652 5611 heures
1686 5571 1748 5612 du

611 5614 706 5653 soir
712 5627 720 5664 ,
744 5618 784 5654 et
807 5615 867 5655 les
887 5618 1144 5658 dimanches
1155 5619 1344 5674 jusqu’à
1367 5622 1484 5662 midi

651 5795 1089 5870 FORMALITÉS
1135 5803 1309 5872 POUR
1359 5808 1705 5876 MARIAGES

662 5980 736 6022 Les
786 5980 1071 6032 publications
1110 5982 1160 6022 de
1202 5981 1391 6032 mariage
1439 5984 1610 6025 doivent
1658 5987 1743 6028 être

607 6034 731 6074 faites
750 6036 775 6074 à
796 6036 837 6075 la
857 6034 1002 6075 Mairie
1021 6035 1131 6075 deux
1160 6035 1415 6076 dimanches
1435 6038 1486 6078 de
1507 6039 1619 6079 suite
1643 6045 1683 6079 et
1704 6039 1742 6080 le

606 6088 792 6138 mariage
808 6115 810 6123 ,
835 6100 886 6128 ne
927 6095 1026 6138 peut
1066 6088 1186 6128 avoir
1222 6086 1307 6130 lieu
1350 6102 1434 6143 que
1472 6103 1574 6132 onze
1623 6092 1743 6144 jours

605 6142 886 6192 francs-après
911 6142 947 6182 la
972 6144 1178 6192 première
1202 6143 1462 6193 publication

1924 619 1965 659 Si
1990 619 2027 659 le
2048 619 2254 660 domicile
2274 620 2381 660 n’est
2403 632 2475 670 pas
2508 620 2640 661 établi
2677 632 2751 672 par
2790 621 2853 660 six
2892 619 3004 660 mois

1855 671 1920 713 'de
1943 674 2175 723 résidence,
2195 675 2254 714 les
2275 674 2562 725 publications
2579 675 2756 715 devront
2772 675 2859 715 être
2878 674 3004 715 faites

1871 727 1892 764 à
1934 727 1972 764 la
2012 727 2311 778 municipalité
2350 727 2407 766 du
2450 727 2618 768 dernier
2650 728 2852 768 domicile
2878 734 2918 768 et
2948 739 2999 767 en

1870 787 1990 819 outre
2028 792 2080 819 au
2120 780 2324 820 domicile
2356 780 2407 819 de
2441 791 2546 820 ceux
2574 794 2672 822 sous
2707 782 2745 820 la
2778 782 3002 832 puissance

1870 832 2066 884 desquels
2085 845 2127 874 se
2167 840 2364 874 trouvent
2402 833 2460 874 les
2491 835 2645 884 parties
2674 842 2998 875 contractantes.

1923 922 2064 962 Pièces
2084 923 2107 963 à
2130 923 2329 974 produire
2351 924 2374 962 à
2392 922 2432 961 la
2456 922 2599 962 Mairie
2618 935 2626 963 :

1927 1011 1959 1049 1°
1990 1011 2126 1051 L’acte
2146 1011 2196 1051 de
2215 1011 2434 1051 naissance
2451 1011 2524 1051 des
2539 1011 2648 1051 deux
2666 1011 2806 1051 futurs
2821 1012 3001 1052 dûment

1871 1063 2067 1115 légalisés
2091 1077 2100 1112 ;

1920 1130 1959 1168 2°
1980 1130 2035 1168 Le
2055 1136 2375 1170 consentement
2396 1130 2557 1171 notarié
2576 1130 2650 1170 des
2667 1130 2784 1180 pères
2804 1135 2843 1169 et
2864 1131 3003 1172 mères

1867 1183 1944 1234 qui
1986 1195 2034 1222 ne
2076 1190 2260 1235 peuvent
2301 1184 2336 1224 le
2370 1184 2534 1224 donner
2571 1184 2862 1223 verbalement
2898 1186 2921 1222 à
2962 1183 3001 1223 la

1868 1235 2014 1276 Mairie
2034 1248 2087 1275 au
2111 1244 2302 1278 moment
2323 1238 2372 1278 de
2395 1238 2515 1279 l’acte
2538 1238 2594 1278 du
2618 1236 2806 1287 mariage
2830 1250 2838 1287 ;

1922 1302 1958 1340 3°
1988 1302 2031 1340 Si
2052 1300 2091 1343 le
2112 1304 2208 1353 père
2230 1307 2270 1342 et
2294 1304 2331 1342 la
2355 1305 2468 1344 mère
2490 1308 2583 1345 sont
2612 1303 2806 1354 décédés,
2831 1315 2883 1343 ou
2912 1300 3000 1340 l’un

1867 1354 2006 1403 d’eux,
2030 1355 2061 1394 il
2081 1355 2173 1396 faut
2193 1358 2361 1396 fournir
2380 1356 2475 1397 leur
2494 1364 2584 1398 acte
2600 1358 2652 1397 de
2672 1358 2796 1398 décès
2816 1359 3002 1396 dûment

1869 1407 2043 1458 légalisé
2067 1422 2076 1458 ;

1920 1467 1958 1507 4°
1988 1468 2096 1510 Dans
2117 1468 2155 1510 le
2175 1482 2246 1510 cas
2265 1470 2315 1510 de
2336 1471 2459 1511 décès
2480 1471 2679 1522 des'père
2710 1476 2750 1511 et
2779 1473 2908 1520 mère,
2932 1470 2997 1510 s’il

1867 1522 1996 1562 existe
2038 1534 2094 1561 un
2134 1524 2387 1575 grand-père
2418 1537 2471 1564 ou
2515 1538 2597 1564 une
2624 1524 2908 1575 grand’mère,
2942 1536 2996 1565 ou

1866 1575 2021 1615 arrière
2062 1576 2318 1628 grand-père
2351 1584 2390 1616 et
2420 1579 2575 1618 arrière
2598 1579 2878 1630 grand’mère,
2905 1576 2999 1618 leur

1867 1635 2186 1670 consentement
2208 1637 2267 1670 est
2290 1632 2539 1674 nécessaire.

1922 1682 2028 1721 Pour
2063 1695 2120 1722 un
2152 1683 2325 1724 mineur
2348 1699 2356 1725 :

1927 1754 1956 1792 P
1995 1754 2027 1791 II
2070 1754 2160 1793 faut
2200 1754 2239 1793 la
2278 1757 2474 1806 présence
2511 1770 2564 1796 ou
2603 1755 2640 1797 le
2676 1762 3000 1797 consentement

1868 1807 2028 1847 notarié
2054 1807 2111 1847 du
2134 1812 2278 1848 tuteur
2296 1823 2306 1860 ;

1919 1865 1956 1904 2°
1987 1866 2075 1906 Une
2111 1867 2391 1910 délibération
2435 1870 2489 1910 du
2535 1871 2699 1911 Conseil
2739 1871 2789 1910 de
2832 1870 2999 1911 famille

1868 1918 2058 1971 lorsqu’il
2090 1920 2210 1971 s’agit
2243 1922 2344 1962 d’un
2379 1923 2575 1974 orphelin
2598 1924 2647 1964 de
2671 1926 2768 1975 père
2790 1930 2830 1964 et
2851 1936 2936 1976 que
2960 1926 2996 1965 la

1866 1975 1980 2013 mère
1999 1986 2054 2013 ou
2078 1973 2250 2016 l’aïeule
2271 1983 2364 2016 sont
2387 1978 2562 2016 tutrices
2586 1990 2595 2026 ;

1918 2027 2028 2067 Dans
2050 2039 2192 2068 aucun
2215 2041 2299 2079 cas,
2326 2042 2383 2068 un
2406 2031 2577 2070 mineur
2599 2042 2651 2069 ne
2674 2034 2774 2080 peut
2803 2035 2998 2070 contrac¬

1867 2086 1926 2119 ter
1946 2081 2135 2132 mariage
2156 2094 2253 2121 sans
2278 2083 2314 2122 le
2335 2088 2654 2124 consentement
2674 2084 2724 2123 de
2746 2094 2810 2123 ses
2831 2090 2999 2135 parents

1864 2146 1915 2174 ou
1943 2140 2122 2176 tuteurs.

1918 2188 1955 2226 5°
1987 2188 2062 2228 Les
2084 2188 2206 2228 veufs
2226 2189 2397 2231 doivent
2420 2192 2617 2242 produire
2642 2191 2760 2232 l’acte
2792 2191 2843 2232 de
2874 2192 2997 2233 décès

1866 2239 2040 2291 légalisé
2060 2242 2111 2283 de
2134 2243 2226 2283 leur
2245 2244 2436 2296 conjoint
2458 2246 2616 2286 décédé
2640 2258 2651 2295 ;

1917 2302 1954 2341 6*
1985 2302 2045 2341 Un
2084 2303 2290 2343 certificat
2327 2304 2378 2344 de
2419 2304 2440 2343 6
2482 2304 2591 2344 mois
2630 2305 2680 2344 de
2719 2304 2936 2344 résidence
2972 2306 2996 2344 à

1864 2355 2086 2404 Marseille,
2110 2356 2271 2397 délivré
2295 2369 2366 2407 par
2387 2358 2423 2398 le
2444 2357 2740 2398 commissaire
2767 2358 2816 2397 de
2843 2358 2993 2407 police,

1862 2420 1971 2458 pour
1991 2408 2051 2448 les
2071 2420 2300 2460 personnes
2318 2411 2396 2463 qui
2419 2411 2490 2464 n’y
2511 2417 2604 2451 sont
2626 2422 2699 2462 pas
2720 2411 2819 2451 nées
2839 2423 2849 2461 ;

1915 2468 1952 2506 7°
1972 2467 2032 2507 On
2053 2467 2140 2508 doit
2160 2468 2344 2519 justifier
2363 2471 2414 2510 de
2434 2483 2479 2512 sa
2500 2471 2727 2511 libération
2751 2471 2807 2510 du
2831 2471 2992 2511 service

1863 2520 2083 2568 militaire,
2106 2522 2186 2562 soit
2208 2534 2280 2574 par
2300 2535 2375 2564 son
2396 2526 2544 2575 congé,
2568 2525 2648 2565 soit
2674 2536 2744 2576 par
2775 2535 2834 2564 un
2867 2524 2995 2564 certi¬

1863 2574 1960 2615 ficat
1981 2575 2031 2614 de
2052 2574 2280 2616 libération
2305 2591 2315 2628 ;

1914 2635 1951 2674 8°
1980 2635 2039 2674 En
2061 2642 2182 2676 outre
2203 2636 2276 2678 des
2299 2639 2436 2688 pièces
2457 2639 2666 2678 énoncées
2686 2638 2912 2686 ci-dessus,
2935 2636 2996 2678 les

1860 2700 2091 2739 personnes
2111 2690 2328 2731 divorcées
2348 2691 2528 2731 devront
2550 2691 2747 2742 produire
2770 2703 2827 2731 un
2846 2690 2995 2731 extrait

1860 2743 1913 2781 du
1936 2743 2161 2793 jugement
2180 2744 2390 2796 ainsique
2408 2745 2528 2784 Pacte
2544 2744 2601 2783 du
2623 2744 2793 2784 divorce
2812 2746 2995 2783 dûment

1859 2798 2090 2847 enregistré
2111 2803 2151 2836 et
2174 2799 2368 2839 transcrit
2387 2800 2407 2838 à
2434 2798 2475 2838 la
2498 2798 2642 2839 Mairie
2664 2811 2675 2848 ;

1912 2856 1949 2895 9°
1981 2856 2164 2908 Lorsque
2203 2858 2264 2898 les
2303 2863 2470 2909 parents
2516 2858 2704 2898 refusent
2751 2857 2803 2896 de
2834 2858 2995 2896 donner

1858 2907 1952 2948 leur
1976 2916 2295 2950 consentement
2315 2924 2369 2951 au
2392 2913 2580 2961 mariage
2618 2910 2746 2951 d’une
2790 2921 2992 2961 personne

1859 2962 2063 3012 majeure,
2089 2962 2119 3002 il
2153 2970 2252 3014 peut
2291 2966 2380 3004 être
2416 2967 2535 3015 passé
2563 2971 2684 3004 oulre
2706 2978 2759 3004 au
2783 2964 2988 3012 mariage,

1858 3018 1979 3065 après
1997 3016 2090 3055 leur
2107 3018 2226 3056 avoir
2247 3018 2324 3056 fait
2346 3019 2419 3058 des
2440 3025 2551 3058 actes
2574 3019 2625 3057 de
2646 3023 2807 3068 respect
2828 3016 2991 3057 variant

1856 3068 1907 3107 de
1931 3082 1986 3109 un
2010 3071 2032 3108 à
2055 3071 2154 3110 trois
2187 3078 2226 3110 et
2262 3072 2383 3112 s’être
2408 3071 2627 3112 conformé
2660 3084 2742 3110 aux
2782 3071 2991 3122 prescrip¬

1860 3122 1968 3162 tions
1988 3123 2061 3162 des
2080 3131 2156 3164 art.
2184 3124 2256 3163 144
2280 3131 2319 3164 et
2346 3125 2415 3164 154
2436 3125 2491 3164 du
2516 3124 2618 3164 code
2639 3124 2740 3165 civil
2765 3138 2775 3174 ;

1914 3178 1972 3215 10°
2003 3178 2112 3215 Pour
2135 3178 2172 3216 la
2193 3178 2390 3228 question
2409 3178 2482 3219 des
2502 3178 2766 3218 cérémonies
2788 3178 2987 3228 religieu¬

1855 3239 1932 3279 ses,
1956 3230 2178 3271 s’adresser
2198 3231 2370 3271 suivant
2400 3232 2438 3272 le
2468 3232 2583 3272 culte
2604 3234 2627 3271 à
2651 3231 2690 3272 la
2712 3232 2910 3283 paroisse,
2931 3244 2984 3271 au

1855 3282 2101 3323 consistoire
2122 3289 2352 3335 protestant
2372 3298 2427 3326 ou
2450 3298 2503 3326 au
2527 3286 2640 3326 culte
2662 3286 2862 3328 Israélite.

1908 3359 2078 3400 L’Office
2096 3362 2334 3412 Mondonet,
2352 3363 2390 3412 6,
2408 3363 2435 3402 B
2438 3362 2451 3384 d
2463 3364 2514 3403 de
2530 3363 2568 3403 la
2586 3363 2859 3415 Magdeleine,
2884 3370 2984 3414 peut

1852 3423 1895 3451 se
1928 3413 2104 3462 charger
2139 3415 2188 3452 de
2224 3421 2359 3454 toutes
2395 3416 2452 3456 les
2482 3418 2719 3456 formalités
2758 3416 2907 3456 civiles
2947 3422 2986 3454 et

1855 3463 2102 3514 religieuses
2123 3466 2157 3505 si
2182 3466 2239 3506 les
2259 3467 2410 3507 clients
2434 3467 2494 3507 lui
2516 3467 2700 3508 confient
2722 3480 2768 3508 ce
2790 3468 2896 3510 soin.

1908 3517 2072 3558 L’office
2095 3519 2315 3560 Mondonet
2347 3532 2398 3559 ne
2430 3522 2587 3575 perçoit
2624 3522 2697 3563 des
2736 3523 2983 3564 honoraires

1850 3572 1946 3623 qu'a
1952 3574 2044 3623 près
2067 3571 2104 3612 la
2127 3574 2387 3615 célébration
2410 3575 2465 3616 du
2490 3575 2692 3628 mariage.

1954 3720 2504 3791 RENSEIGNEMENTS
2558 3715 2870 3793 GENERAUX

1846 3826 2192 3864 concernant
2229 3823 2307 3865 les
2340 3823 2575 3866 Veuves
2606 3826 2980 3879 pensionnées

1898 3958 2015 3996 Gand
2035 3960 2211 3998 nombre
2232 3959 2282 3997 de
2303 3961 2450 3999 dames
2468 3960 2677 4010 jouissant
2698 3962 2827 4003 d’une
2870 3976 2976 4012 pen¬

1844 4008 1938 4048 sion
1959 4011 2010 4050 de
2033 4011 2199 4051 retraite
2223 4023 2295 4060 par
2315 4012 2426 4051 suite
2447 4011 2504 4052 du
2527 4012 2650 4055 décès
2670 4015 2721 4054 de
2747 4015 2839 4055 leur
2867 4018 2976 4058 mari

1843 4068 1939 4103 sont
1976 4064 2230 4115 persuadées
2266 4064 2445 4117 qu’elles
2486 4066 2722 4116 perdraient
2755 4080 2826 4110 ces
2846 4070 2978 4112 droits

1844 4118 1867 4156 à
1886 4115 1927 4157 la
1949 4118 2116 4159 retraite
2147 4120 2180 4158 si
2216 4118 2319 4160 elles
2350 4120 2658 4162 contractaient
2691 4134 2774 4163 une
2795 4126 2975 4166 seconde

1844 4170 1994 4212 union.
2034 4172 2138 4213 C’est
2174 4184 2255 4212 une
2289 4172 2492 4224 profonde
2520 4187 2664 4215 erreur
2684 4176 2720 4216 si
2742 4188 2811 4219 ces
2831 4179 2977 4221 dames

1841 4231 1935 4265 sont
1971 4226 2252 4277 pensionnées
2287 4228 2339 4267 de
2378 4226 2499 4267 l’Etat
2521 4242 2531 4278 ;
2563 4240 2634 4268 car
2670 4236 2777 4270 cette
2796 4233 2972 4283 pension

1842 4278 1946 4318 n’est
1986 4291 2058 4330 pas
2099 4291 2182 4319 une
2222 4279 2387 4330 faveur,
2428 4282 2530 4322 c’est
2568 4294 2623 4322 un
2658 4283 2769 4323 droit
2794 4285 2976 4337 qu’elles

1843 4332 2034 4371 tiennent
2054 4344 2106 4372 en
2130 4338 2246 4372 vertu
2270 4334 2396 4372 d’une
2430 4333 2503 4375 loi.
2547 4335 2600 4375 La
2630 4336 2686 4376 loi
2707 4336 2766 4376 du
2787 4339 2975 4390 mariage

1840 4384 1955 4424 étant
1993 4386 2355 4426 essentiellement
2384 4387 2559 4438 morale,
2584 4399 2635 4427 ne
2676 4395 2775 4439 peut
2816 4392 2975 4432 édicter

1839 4438 1913 4478 des
1950 4440 2314 4490 empêchements,
2338 4439 2410 4479 des
2435 4440 2643 4482 obstacles
2675 4454 2728 4482 au
2766 4444 2971 4496 mariage,

1839 4502 1907 4530 ces
1927 4492 2275 4542 empêchements
2310 4492 2492 4532 seraient
2531 4495 2772 4536 considérés
2802 4508 2971 4539 comme

1840 4543 2080 4584 immoraux
2103 4552 2142 4587 et
2164 4558 2238 4596 par
2258 4548 2520 4599 conséquent
2542 4548 2774 4590 contraires
2792 4551 2815 4591 à
2832 4551 2871 4591 la
2895 4552 2968 4594 loi.

1839 4596 1915 4637 Les
1955 4611 2111 4639 veuves
2150 4600 2466 4650 pensionnaires
2498 4602 2547 4642 de
2578 4602 2700 4643 l’Etat
2722 4616 2771 4644 ne
2794 4606 2970 4657 perdent

1836 4651 1944 4691 donc
1982 4650 2075 4691 leur
2115 4654 2290 4703 pension
2327 4655 2371 4692 ni
2402 4666 2478 4704 par
2518 4667 2576 4696 un
2616 4658 2786 4708 second,
2826 4662 2868 4699 ni
2911 4672 2968 4700 un

1839 4703 2053 4746 troisième
2076 4706 2278 4755 mariage.

1889 4758 1967 4799 Les
1987 4771 2144 4799 veuves
2164 4760 2444 4810 pensionnées
2465 4775 2539 4812 par
2562 4762 2624 4802 les
2652 4764 2968 4815 départements

1835 4819 2020 4862 peuvent
2057 4812 2197 4854 seules
2237 4812 2327 4852 voir
2364 4816 2606 4867 supprimer
2643 4824 2750 4859 cette
2790 4820 2965 4871 pension

1835 4878 1908 4915 par
1931 4878 1987 4906 un
2008 4870 2161 4908 second
2203 4868 2390 4918 mariage
2427 4870 2532 4910 dans
2564 4871 2747 4912 certains
2779 4885 2848 4915 cas
2870 4880 2908 4914 et
2930 4875 2966 4915 si

1833 4924 1940 4959 cette
1974 4922 2147 4970 pension
2184 4935 2207 4960 a
2237 4923 2303 4962 été
2332 4923 2532 4963 accordée
2554 4926 2578 4963 à
2602 4924 2695 4964 titre
2715 4926 2766 4966 de
2795 4939 2967 4968 secours

1834 4974 2099 5023 temporaire.

1884 5025 2122 5076 D’ailleurs,
2150 5028 2184 5067 le
2206 5027 2300 5070 titre
2322 5030 2372 5070 de
2396 5031 2570 5080 pension
2595 5036 2708 5083 porte
2730 5043 2782 5072 en
2803 5046 2962 5086 marge,

1831 5090 1884 5119 en
1908 5083 2043 5120 toutes
2066 5079 2220 5131 lettres,
2248 5094 2316 5123 ces
2337 5084 2536 5126 réserves.

1828 5250 2201 5356 OFFRES
2284 5257 2397 5357 DE
2472 5258 2953 5360 MARIAGES

1999 5446 2419 5494 DEMOISELLES
2456 5451 2523 5494 ET
2556 5451 2788 5495 VEUVES

1875 5583 1966 5623 413.
1992 5607 2039 5612 —
2069 5586 2339 5636 Demoiselle,
2380 5587 2430 5627 45
2471 5599 2560 5636 ans,
2614 5588 2803 5628 titulaire
2854 5590 2956 5630 d’un

1822 5635 1984 5676 bureau
2008 5638 2059 5678 de
2080 5639 2214 5688 tabac,
2258 5640 2497 5691 épouserait
2529 5641 2731 5692 employé
2762 5654 2816 5682 ou
2853 5643 2957 5693 petit

1822 5691 1991 5730 rentier.

1875 5759 1964 5800 431.
1991 5783 2035 5790 —
2056 5762 2216 5811 Veuve,
2240 5763 2288 5804 47
2311 5776 2400 5813 ans,
2423 5764 2522 5804 bien
2543 5763 2700 5814 élevée,
2724 5766 2835 5807 belle
2855 5778 2954 5818 per¬

1819 5824 1966 5863 sonne,
1992 5814 2156 5858 fortune
2181 5818 2348 5867 100,000
2372 5819 2442 5867 fr.,
2466 5818 2708 5870 épouserait
2735 5819 2952 5860 Monsieur

1822 5878 1872 5907 en
1891 5875 2062 5918 rapport
2082 5870 2200 5920 d’âge
2222 5876 2262 5911 et
2282 5872 2333 5911 de
2355 5872 2540 5912 fortune.

1871 5931 1962 5973 435.
1987 5955 2032 5960 —
2056 5932 2326 5986 Demoiselle,
2368 5935 2416 5975 26
2451 5947 2542 5984 ans,
2579 5935 2676 5976 bien
2699 5938 2859 5990 élevée,
2884 5939 2952 5980 fa¬

1816 5984 1938 6026 mille
1978 5987 2059 6026 très
2099 5988 2345 6039 honorable,
2386 5988 2456 6029 dot
2494 5990 2641 6036 65,000
2664 5991 2735 6042 fr.,
2770 5994 2953 6043 grandes

1815 6039 2063 6090 espérances
2079 6043 2199 6092 après
2219 6055 2284 6084 ses
2304 6049 2487 6095 parents,
2510 6044 2751 6095 épouserait
2767 6048 2947 6098 notaire,

1815 6094 1964 6140 avoué,
2006 6095 2208 6147 employé
2246 6096 2303 6137 du
2343 6107 2680 6147 gouvernement
2722 6111 2822 6141 avec
2845 6101 2951 6140 bons

1814 6151 2176 6198 appointements.

3129 620 3206 663 435
3227 622 3308 663 bis.
3332 646 3383 653 —
3424 624 3694 675 Demoiselle,
3725 627 3775 667 20
3796 639 3886 673 ans,
3920 628 4009 668 fille
4033 630 4212 684 unique,

3076 674 3176 715 bien
3217 676 3378 727 élevée,
3415 678 3534 730 jolie,
3579 679 3650 719 dot
3704 679 3872 726 100,000
3912 683 3984 732 fr,,
4036 685 4216 734 grandes

3076 731 3336 779 espérances,
3395 732 3634 782 épouserait
3683 734 3898 774 Monsieur
3946 750 3995 776 en
4048 746 4219 791 rapport

3075 780 3211 832 d’âge,
3232 783 3508 826 d’éducation
3531 792 3571 827 et
3601 786 3652 827 de
3674 787 3846 828 fortune
3868 800 3920 828 ou
3945 791 4146 841 employé
4167 794 4219 834 de

3078 835 3212 876 l’Etat.

3128 920 3220 961 436.
3246 944 3296 951 —
3319 922 3590 974 Demoiselle,
3606 924 3656 964 22
3672 939 3764 976 ans,
3788 927 3907 978 jolie,
3932 928 4030 968 bien
4055 928 4214 978 élevée,

3075 974 3147 1014 dot
3169 976 3289 1023 5,000
3310 975 3364 1018 fr.
3405 978 3456 1016 de
3493 984 3646 1027 rentes,
3669 980 3910 1031 épouserait
3931 982 4144 1024 Monsieur
4162 995 4213 1023 en

3075 1036 3243 1080 rapport
3264 1030 3383 1083 d’âge
3408 1036 3447 1070 et
3470 1031 3519 1071 de
3542 1032 3730 1075 fortune.

3128 1123 3219 1166 441.
3240 1150 3287 1155 —
3303 1127 3571 1178 Demoiselle,
3588 1130 3636 1170 34
3652 1142 3744 1180 ans,
3762 1130 3931 1175 fortune
3946 1135 4120 1183 900,000
4138 1136 4209 1183 fr.,

3075 1179 3315 1230 épouserait
3338 1180 3550 1221 Monsieur
3578 1195 3630 1223 en
3655 1192 3822 1236 rapport
3846 1186 3981 1238 d’âge,
4004 1196 4136 1240 ayant
4159 1190 4209 1228 de

3075 1232 3098 1270 2
3120 1234 3143 1270 à
3166 1231 3338 1282 300,000
3359 1235 3395 1272 fr
3419 1266 3428 1282 ,
3467 1235 3691 1277 donnerait
3715 1240 3752 1278 la
3775 1239 4018 1290 préférence
4040 1244 4063 1282 à
4087 1244 4207 1283 Mon¬

3075 1284 3191 1324 sieur
3207 1291 3339 1336 ayant
3364 1300 3418 1327 un
3443 1290 3537 1328 titre
3562 1290 3819 1334 nobilliaire.

3127 1365 3219 1407 442.
3250 1392 3291 1398 —
3323 1370 3478 1420 Veuve,
3519 1383 3616 1412 sans
3654 1375 3836 1423 enfants,
3879 1377 3928 1418 40
3968 1390 4058 1427 ans,
4098 1380 4210 1420 belle

3075 1431 3295 1471 personne,
3327 1423 3496 1464 fortune
3526 1426 3674 1475 50,000
3707 1428 3774 1479 fr.,
3816 1432 4058 1482 épouserait
4087 1434 4208 1472 Mon¬

3074 1473 3190 1514 sieur
3210 1484 3262 1514 en
3284 1483 3449 1526 rapport
3471 1479 3588 1530 d’âge
3611 1486 3651 1519 et
3674 1480 3847 1523 d’avoir.

3127 1564 3218 1604 443.
3242 1588 3292 1592 —
3332 1564 3599 1618 Demoiselle,
3634 1571 3682 1610 22
3718 1585 3808 1620 ans,
3836 1575 3947 1615 belle
3982 1590 4204 1628 personne,

3074 1618 3144 1658 dot
3163 1618 3338 1670 200,000
3359 1619 3428 1670 fr.,
3451 1620 3690 1671 épouserait
3711 1627 3874 1668 notaire
3895 1642 3947 1670 ou
3972 1635 4123 1673 avoué.

3126 1707 3216 1749 444.
3251 1734 3285 1738 -
3312 1711 3580 1762 Demoiselle,
3606 1711 3651 1752 21
3673 1723 3763 1763 ans,
3791 1715 3861 1755 dot
3903 1720 4047 1767 12,000
4068 1722 4118 1763 fr.
4155 1723 4206 1763 de

3074 1766 3226 1811 rentes,
3258 1764 3497 1814 épouserait
3520 1766 3731 1807 Monsieur
3754 1780 3803 1808 en
3827 1780 3998 1823 rapport
4026 1776 4144 1828 d’âge
4167 1783 4207 1818 et

3072 1814 3124 1854 de
3147 1813 3331 1858 fortune.

3124 1899 3216 1942 459.
3239 1926 3288 1932 —
3311 1903 3580 1956 Demoiselle,
3602 1907 3653 1948 26
3674 1920 3763 1960 ans,
3783 1910 3903 1962 jolie,
3922 1912 4019 1952 bien
4042 1914 4202 1966 élevée,

3072 1954 3219 2001 20.000
3240 1955 3291 1996 fr.
3334 1957 3384 1998 de
3424 1958 3495 1998 dot
3524 1965 3564 2000 et
3596 1964 3858 2015 espérances,
3883 1966 4122 2018 épouserait,
4144 1982 4204 2011 un

3072 2016 3363 2061 commerçant
3384 2011 3483 2051 bien
3504 2014 3651 2054 établi.

3123 2103 3199 2143 464
3218 2103 3353 2144 bis.—
3372 2105 3528 2158 Veuve,
3550 2110 3651 2160 âgée
3673 2109 3723 2151 de
3744 2111 3794 2152 47
3815 2124 3906 2165 ans,
3924 2116 4023 2156 bien
4043 2120 4202 2170 élevée,

3075 2158 3294 2208 possédant
3338 2159 3504 2211 120,000
3547 2164 3598 2204 fr.
3638 2177 3691 2204 en
3731 2167 3918 2219 valeurs,
3960 2172 4203 2222 épouserait

3075 2212 3286 2253 Monsieur
3323 2226 3376 2255 ou
3418 2217 3576 2257 rentier
3615 2225 3744 2271 ayant
3767 2220 3886 2271 3,000
3909 2223 3960 2264 fr.
3987 2223 4037 2263 de
4060 2231 4202 2266 rentes

3071 2276 3124 2304 au
3147 2267 3288 2307 moins
3307 2272 3347 2307 et
3368 2280 3419 2308 en
3443 2276 3612 2324 rapport
3633 2274 3767 2324 d’âge.

3123 2360 3215 2400 465.
3243 2384 3286 2390 —
3312 2362 3467 2413 Veuve,
3500 2370 3602 2416 âgée
3642 2367 3692 2406 de
3732 2370 3782 2407 38
3820 2383 3911 2421 ans,
3952 2374 4064 2415 belle
4108 2390 4202 2427 per¬

3070 2423 3216 2463 sonne,
3238 2414 3335 2452 bien
3377 2416 3536 2466 élevée,
3564 2420 3736 2462 fortune
3758 2424 3948 2474 présente
3975 2428 4124 2479 30,000
4146 2431 4196 2472 fr.

3070 2472 3110 2506 et
3130 2468 3391 2517 espérances,
3415 2471 3655 2519 épouserait
3690 2476 3901 2517 Monsieur
3938 2492 3990 2519 en
4030 2490 4199 2535 rapport

3071 2520 3203 2571 d’âge,
3227 2527 3356 2574 ayant
3376 2522 3508 2574 avoir,
3532 2527 3735 2578 employé
3756 2542 3809 2570 ou
3832 2532 4003 2575 rentier.

3122 2618 3213 2658 468.
3250 2640 3295 2646 —
3339 2619 3608 2671 Demoiselle,
3631 2622 3680 2660 23
3702 2634 3791 2672 ans,
3829 2627 3925 2668 bien
3947 2630 4106 2684 élevée,
4147 2635 4198 2675 de

3071 2671 3214 2711 bonne
3224 2671 3406 2720 famille,
3419 2672 3588 2715 fortune
3606 2679 3870 2726 personnelle
3890 2682 4034 2732 22,000
4056 2687 4128 2736 fr.,
4147 2691 4198 2730 de

3070 2736 3134 2764 ses
3170 2731 3338 2776 parents
3379 2726 3550 2775 100,000
3589 2730 3658 2779 fr.,
3698 2732 3939 2783 épouserait
3987 2738 4202 2782 Monsieur

3071 2778 3168 2818 bien
3190 2778 3326 2828 élevé,
3366 2786 3497 2832 ayant
3519 2782 3658 2823 bonne
3682 2786 3863 2835 position
3900 2802 3953 2830 ou
3977 2792 4198 2847 employé,

3070 2843 3119 2871 en
3147 2839 3319 2883 rapport
3339 2832 3472 2884 d’âge.

3122 2919 3213 2962 469.
3240 2946 3283 2950 —
3330 2921 3597 2974 Demoiselle,
3620 2926 3671 2966 28
3691 2939 3782 2980 ans,
3807 2931 3890 2971 très
3915 2934 4014 2974 bien
4036 2935 4196 2990 élevée,

3068 2974 3238 3015 fortune
3277 2975 3425 3024 90.000
3474 2977 3542 3028 fr.,
3587 2981 3831 3031 épouserait
3885 2997 4196 3042 commercant,

3066 3035 3198 3080 ayant
3223 3030 3330 3070 belle
3352 3031 3558 3071 situation
3590 3046 3644 3073 ou
3684 3038 3886 3090 employé
3907 3042 4119 3095 dejl’Etat,
4144 3058 4198 3084 en

3066 3088 3237 3134 rapport
3259 3084 3394 3136 d’âge.

3116 3171 3208 3212 475.
3239 3196 3279 3200 —
3319 3174 3590 3228 Demoiselle,
3622 3179 3670 3218 27
3711 3192 3800 3231 ans,
3839 3184 4080 3240 orpheline,
4120 3187 4191 3228 dot

3063 3226 3210 3276 70.000
3246 3227 3315 3278 fr.,
3359 3230 3458 3270 bien
3500 3231 3659 3282 élevée,
3700 3235 3941 3286 épouserait
3978 3239 4192 3280 Monsieur

3062 3287 3192 3332 ayant
3215 3282 3396 3332 position
3419 3290 3460 3324 et
3480 3297 3532 3325 en
3555 3295 3723 3339 rapport
3744 3290 3863 3340 d’âge
3884 3298 3924 3331 et
3946 3292 4124 3334 d’avoir.

3112 3370 3203 3411 479.
3230 3394 3276 3400 —
3301 3372 3458 3422 Veuve,
3499 3378 3599 3423 âgée
3638 3376 3687 3414 de
3727 3378 3776 3415 46
3813 3388 3902 3425 ans,
3938 3383 4070 3430 ayant
4108 3392 4191 3422 une

3060 3422 3294 3470 profession
3318 3427 3398 3463 très
3420 3424 3626 3466 lucrative
3648 3434 3688 3466 et
3712 3428 3819 3468 belle
3840 3429 4052 3483 clientèle,
4087 3435 4187 3474 éco¬

3060 3474 3225 3516 nomies
3263 3474 3404 3525 14,000
3432 3476 3502 3528 fr.,
3543 3479 3651 3522 beau
3692 3482 3906 3536 mobilier,
3946 3488 4187 3538 épouserait

3057 3531 3259 3583 employé
3278 3543 3333 3571 ou
3356 3532 3528 3574 rentier.

3108 3619 3200 3660 482.
3223 3644 3272 3650 —
3311 3620 3470 3671 Veuve,
3492 3635 3591 3664 sans
3611 3624 3794 3676 enfants,
3819 3630 3918 3676 âgée
3940 3628 3991 3668 de
4014 3630 4062 3668 47
4094 3642 4185 3682 ans,

3056 3671 3227 3713 fortune
3260 3675 3407 3723 80,000
3439 3676 3491 3715 fr.
3527 3688 3580 3716 en
3618 3678 3896 3732 immeubles,
3940 3683 4184 3734 épouserait

3055 3726 3267 3768 Monsieur
3287 3740 3339 3768 en
3362 3736 3527 3782 rapport
3548 3731 3667 3784 d’âge
3689 3740 3728 3774 et
3748 3735 3923 3779 d’avoir.

3106 3826 3197 3867 495.
3218 3850 3266 3856 —
3288 3828 3558 3879 Demoiselle,
3588 3831 3631 3870 19
3668 3842 3758 3882 ans,
3791 3832 3891 3873 bien
3931 3834 4091 3884 élevée,
4116 3835 4187 3875 dot

3053 3879 3200 3928 80.000
3219 3880 3287 3928 fr.,
3311 3883 3559 3932 espérances
3579 3884 3631 3923 de
3648 3896 3714 3924 ses
3730 3892 3899 3936 parents
3919 3888 4095 3936 300,000
4113 3890 4182 3938 fr.,

3054 3934 3292 3980 épouserait
3326 3935 3526 3987 employé
3547 3937 3596 3976 de
3622 3936 3739 3976 l’Etat
3760 3944 3892 3988 ayant
3915 3939 4024 3979 belle
4046 3941 4184 3980 situa¬

3055 3984 3156 4034 tion,
3176 3998 3231 4026 ou
3269 3987 3482 4028 Monsieur
3500 3995 3631 4042 ayant
3659 3990 3827 4041 150,000
3848 3991 3918 4043 fr.,
3939 4004 3990 4032 en
4014 3999 4182 4044 rapport

3052 4038 3186 4090 d’âge.

3104 4134 3195 4176 496.
3211 4158 3262 4164 —
3282 4134 3551 4184 Demoiselle,
3591 4135 3640 4176 25
3680 4147 3770 4187 ans,
3812 4136 4054 4188 orpheline,
4087 4138 4186 4179 bien

3051 4188 3211 4239 élevée,
3256 4190 3326 4228 dot
3370 4190 3543 4234 200,000
3595 4191 3666 4240 fr.,
3716 4192 3955 4242 épouserait
4000 4192 4182 4243 notaire,

3050 4243 3200 4292 avoué,
3226 4248 3374 4283 avocat
3408 4243 3626 4294 distingué
3662 4258 3716 4284 ou
3758 4246 3974 4297 employé,
4003 4247 4104 4286 chef
4131 4247 4183 4286 de

3050 4295 3208 4336 service
3230 4295 3358 4338 d’une
3379 4298 3722 4339 administration
3743 4298 3795 4338 de
3819 4299 3955 4340 l’Etat.

3102 4386 3192 4427 497.
3220 4412 3262 4418 —
3300 4390 3569 4439 Demoiselle,
3599 4391 3699 4442 âgée
3719 4392 3770 4431 de
3789 4390 3839 4431 28
3859 4405 3950 4444 ans,
3971 4395 4115 4446 pieuse
4137 4402 4178 4436 et

3047 4440 3298 4492 charitable,
3330 4450 3460 4496 ayant
3506 4444 3619 4495 1,100
3628 4479 3635 4495 J
3643 4446 3719 4486 000
3723 4443 3737 4462 ,
3743 4446 3794 4488 fr.
3815 4446 3866 4487 de
3888 4447 3974 4500 dot,
3998 4451 4182 4502 épouse¬

3048 4494 3128 4531 rait
3161 4494 3388 4547 Monsieur,
3410 4498 3591 4547 sérieux,
3614 4499 3681 4540 bel
3710 4499 3902 4552 homme,
3928 4503 4175 4554 honorable,

3048 4546 3147 4587 bien
3167 4547 3299 4600 élevé,
3323 4558 3452 4604 ayant
3491 4563 3547 4593 au
3574 4554 3715 4596 moins
3737 4555 3912 4604 300,000
3936 4558 3988 4598 fr.
4012 4558 4063 4599 de
4084 4559 4176 4599 for¬

3048 4606 3164 4643 tune.

3096 4684 3188 4727 498.
3206 4710 3258 4716 —
3276 4687 3546 4739 Demoiselle,
3576 4691 3619 4731 21
3666 4704 3755 4743 ans,
3797 4694 3908 4735 belle
3949 4710 4172 4747 personne,

3045 4738 3143 4779 bien
3164 4740 3322 4790 élevée,
3344 4741 3413 4780 dot
3435 4743 3583 4791 80,000
3607 4746 3675 4792 fr.,
3699 4747 3939 4795 épouserait
3962 4750 4175 4791 Monsieur

3043 4804 3094 4832 en
3118 4799 3284 4844 rapport
3306 4794 3423 4846 d’âge
3446 4802 3485 4835 et
3506 4795 3683 4836 d’avoir.

3096 4875 3186 4916 499.
3208 4899 3258 4904 —
3300 4876 3566 4930 Demoiselle,
3606 4880 3651 4920 21
3678 4893 3768 4932 ans,
3792 4883 3891 4925 bien
3912 4887 4075 4938 élevée,
4100 4889 4172 4928 dot

3048 4928 3215 4976 100.000
3255 4930 3304 4970 fr.
3336 4937 3377 4971 et
3413 4931 3593 4983 grandes
3630 4937 3892 4989 espérances,
3932 4940 4175 4991 épouserait

3042 4982 3253 5023 Monsieur
3272 4984 3455 5037 élégant,
3476 4998 3527 5027 en
3550 4996 3721 5040 rapport
3742 4991 3860 5043 d’âge
3883 4999 3922 5035 et
3942 4995 4116 5035 d’avoir.

3092 5072 3168 5111 505
3208 5095 3258 5102 —
3279 5074 3547 5127 Demoiselle,
3590 5079 3639 5118 23
3679 5091 3768 5131 ans,
3811 5080 3920 5122 belle
3963 5094 4168 5132 personne

3041 5131 3138 5172 bien
3159 5132 3316 5179 élevée,
3339 5134 3411 5175 dot
3428 5136 3937 5191 200,000fr.,épouserait
3954 5143 4167 5185 Monsieur

3038 5196 3088 5223 en
3112 5192 3278 5237 rapport
3299 5187 3418 5239 d’âge
3439 5195 3479 5228 et
3496 5191 3670 5234 d’avoir.

3091 5270 3180 5311 506.
3208 5292 3251 5299 —
3294 5271 3563 5323 Demoiselle,
3592 5275 3643 5314 22
3682 5288 3771 5326 ans,
3815 5279 3886 5319 dot
3926 5282 4162 5331 2,000,000,

3035 5323 3277 5372 épouserait
3298 5326 3510 5366 Monsieur
3523 5339 3575 5368 en
3595 5338 3766 5382 rapport
3787 5332 3906 5384 d’âge
3928 5342 3968 5375 et
3990 5335 4163 5385 d’avoir,

3034 5388 3090 5415 ou
3112 5375 3218 5416 haut
3238 5378 3566 5424 fonctionnaire.

3087 5459 3178 5500 507.
3218 5483 3266 5490 —
3310 5462 3579 5514 Demoiselle,
3627 5470 3731 5520 âgée
3769 5470 3820 5508 de
3860 5469 3908 5508 23
3959 5480 4051 5520 ans,
4092 5472 4164 5514 dot

3036 5512 3206 5563 150.000
3227 5514 3296 5566 fr.,
3338 5519 3586 5568 espérances
3623 5520 3953 5572 considérables,
3978 5524 4160 5576 épouse¬

3032 5567 3112 5604 rait
3151 5566 3463 5612 fonctionnaire
3502 5584 3556 5613 ou
3596 5575 3846 5626 dignitaire,
3899 5588 3950 5615 en
3991 5586 4162 5632 rapport

3031 5618 3164 5671 d’âge.

3083 5698 3172 5739 512.
3194 5723 3236 5730 —
3259 5700 3527 5754 Demoiselle,
3562 5704 3611 5746 27
3635 5715 3724 5755 ans,
3765 5704 3836 5744 dot
3880 5707 4051 5760 100,000
4087 5712 4160 5762 fr.,

3030 5751 3267 5803 épouserait
3290 5755 3503 5796 Monsieur
3523 5769 3574 5797 en
3596 5763 3764 5808 rapport
3802 5759 3852 5800 de
3893 5764 4063 5806 fortune
4103 5778 4159 5807 ou

3028 5806 3230 5860 employé
3250 5808 3300 5848 de
3323 5807 3460 5850 l’Etat.

3079 5885 3170 5924 514.
3189 5908 3239 5915 —
3260 5887 3404 5937 Dame,
3439 5888 3579 5938 noble,
3606 5888 3700 5930 bien
3726 5898 3967 5943 conservée,
3992 5898 4040 5935 50
4063 5907 4158 5946 ans,

3027 5949 3178 5987 veuve,
3219 5947 3350 5990 ayant
3387 5942 3507 5990 2,000
3547 5942 3598 5983 fr.
3636 5943 3687 5985 de
3727 5954 3879 5996 rentes,
3912 5950 4156 5999 épouserait

3028 5991 3240 6031 Monsieur
3278 5991 3379 6032 bien
3416 5995 3549 6047 élevé,
3574 6003 3705 6051 ayant
3743 6002 3794 6042 de
3834 6003 3883 6040 50
3924 6003 3947 6040 à
3982 6003 4031 6043 70
4061 6016 4152 6054 ans,

3023 6046 3167 6083 même
3203 6056 3303 6086 avec
3342 6047 3571 6092 infirmités
3610 6058 3650 6092 et
3692 6054 3912 6105 possédant
3950 6055 4000 6097 de
4043 6058 4092 6100 40
4135 6062 4156 6099 à

3024 6098 3171 6146 60.000
3192 6098 3244 6140 fr.
3280 6099 3330 6140 de
3368 6102 3536 6146 fortune
3575 6119 3630 6146 ou
3675 6108 3803 6157 partie
3839 6119 3891 6148 en
3927 6112 4083 6164 capital
4116 6120 4156 6154 et

3026 6151 3156 6203 partie
3178 6166 3228 6194 en
3252 6156 3427 6206 pension
3448 6159 3499 6199 de
3523 6160 3708 6200 retraite.
