4712 7064
3976 153 3979 154 -
3988 152 3990 154 ■
4002 138 4105 168 WWW

2194 466 2276 512 LE
2315 464 2468 512 LIEN
2502 463 2591 508 DU
2626 458 2923 506 MARIAGE

834 652 926 691 486.
948 674 994 679 —
1024 650 1147 698 Veuf,
1170 650 1246 697 âgé
1267 647 1318 686 de
1336 646 1386 685 58
1406 656 1495 691 ans,
1532 648 1662 695 ayant
1707 642 1822 691 1,800
1856 640 1907 680 fr.

781 708 833 747 de
854 704 1019 744 retraite
1056 710 1095 743 et
1135 702 1282 750 40,000
1312 698 1365 739 fr.
1389 699 1438 738 de
1460 697 1648 747 fortune,
1670 694 1911 747 épouserait

780 771 930 807 veuve,
954 768 1051 798 sans
1071 755 1255 803 enfants,
1279 764 1380 792 avec
1402 751 1536 791 avoir.

834 845 927 885 488.
943 867 981 873 —
995 841 1265 890 Célibataire,
1288 839 1571 887 mécanicien,
1595 838 1644 878 84
1662 848 1753 887 ans,
1777 846 1912 886 gagne

780 900 803 939 8
824 899 875 936 fr.
902 909 974 948 par
994 895 1107 946 jour,
1149 894 1270 942 4,000
1294 894 1343 932 fr.
1374 891 1676 939 d'économies,
1715 900 1912 940 espéran¬

780 963 850 991 ces
870 951 920 990 de
940 961 1005 990 ses
1024 955 1192 999 parents
1212 947 1358 997 25,000
1380 946 1450 995 fr.,
1474 944 1712 994 épouserait
1743 940 1912 983 demoi¬

780 1003 884 1044 selle
903 1014 952 1042 en
976 1007 1144 1052 rapport
1164 1000 1296 1051 d’âge,
1319 1007 1449 1052 ayant
1476 998 1619 1048 12,000
1643 998 1694 1037 fr.

833 1086 925 1126 494.
943 1107 994 1113 —
1014 1082 1278 1134 Célibataire,
1315 1083 1365 1124 27
1387 1094 1477 1131 ans,
1502 1082 1703 1134 employé
1726 1078 1910 1118 d’admi¬

782 1139 1019 1187 nistration,
1046 1138 1151 1177 beau
1171 1148 1338 1190 garçon,
1363 1138 1546 1187 élégant,
1567 1135 1912 1186 appointements

780 1191 902 1240 2,500
923 1191 994 1239 fr.,
1015 1180 1519 1240 épouserait*demoiselle
1540 1194 1671 1240 ayant
1694 1185 1840 1234 60,000
1856 1183 1907 1224 fr.

835 1274 926 1315 504,
950 1297 978 1303 -
1015 1273 1279 1322 Célibataire,
1295 1274 1371 1324 âgé
1394 1272 1443 1311 de
1464 1271 1514 1310 30
1536 1283 1627 1319 ans,
1650 1276 1780 1321 ayant
1797 1266 1911 1319 posi¬

781 1327 871 1368 tion
896 1332 935 1367 et
956 1327 1120 1367 maison
1153 1325 1454 1366 commerciale
1492 1325 1635 1364 valant
1668 1323 1815 1370 60,000
1838 1319 1910 1359 fr..

782 1382 1020 1432 épouserait
1059 1379 1322 1430 demoiselle,
1347 1379 1396 1418 de
1436 1382 1559 1428 goûts
1595 1376 1818 1424 modestes,
1859 1372 1912 1411 de

780 1434 1023 1486 préférence
1044 1434 1284 1484 orpheline,
1308 1438 1440 1483 ayant
1462 1431 1607 1480 50,000
1628 1430 1678 1470 fr.

835 1519 926 1559 505.
946 1540 995 1548 —
1016 1518 1183 1558 Officier
1211 1514 1465 1556 ministériel
1495 1519 1627 1566 ayant
1668 1522 1752 1551 une
1787 1507 1914 1550 étude

780 1572 840 1612 lui
886 1578 1126 1622 rapportant
1160 1567 1486 1610 annuellement
1506 1567 1654 1615 40,000
1679 1567 1747 1611 fr.,
1772 1564 1910 1612 épou¬

780 1627 906 1667 serait
926 1623 1176 1665 demoiselle
1197 1632 1328 1674 ayant
1347 1622 1419 1662 dot
1439 1621 1490 1661 de
1511 1619 1687 1667 500,000
1708 1616 1763 1656 fr.

836 1708 927 1748 508.
947 1731 998 1737 —
1019 1706 1283 1755 Célibataire,
1304 1705 1354 1745 29
1375 1716 1466 1753 ans,
1502 1703 1744 1752 protestant,
1784 1702 1914 1747 ayant

784 1772 868 1802 une
891 1760 1116 1811 industrie,
1147 1759 1318 1800 fortune
1339 1770 1391 1797 en
1418 1756 1647 1808 propriétés
1666 1752 1815 1801 20,000
1839 1750 1911 1796 fr.,

782 1815 1022 1867 épouserait
1046 1813 1295 1854 demoiselle
1316 1813 1367 1851 de
1388 1812 1531 1851 même
1552 1807 1748 1856 religion,
1784 1810 1915 1855 ayant

782 1868 835 1908 de
859 1870 904 1908 10
925 1870 950 1908 à
974 1867 1119 1916 12,000
1140 1867 1195 1907 fr.

838 1950 928 1991 509.
947 1974 998 1980 —
1019 1950 1234 1999 Horloger,
1256 1948 1307 1987 28
1328 1959 1418 1992 ans,
1442 1944 1589 1995 établi,
1615 1944 1722 1984 beau
1743 1950 1914 1991 garçon,

783 2004 1026 2056 épouserait
1045 2002 1295 2044 demoiselle
1316 2006 1447 2052 ayant
1475 1999 1619 2047 10,000
1639 1998 1695 2036 fr.
1718 1994 1769 2032 de
1790 1994 1877 2032 dot.

838 2088 927 2127 515.
947 2110 996 2117 —
1016 2086 1284 2134 Célibataire,
1307 2085 1356 2125 35
1378 2095 1468 2132 ans,
1492 2083 1624 2132 ayant
1646 2089 1727 2119 une
1751 2075 1916 2114 maison

787 2142 985 2182 meublée
1034 2147 1072 2180 et
1106 2139 1347 2192 liquoriste,
1390 2134 1628 2186 épouserait
1667 2127 1920 2171 demoiselle

786 2195 1007 2246 possédant
1030 2195 1079 2234 de
1100 2194 1122 2234 3
1148 2199 1170 2232 à
1192 2191 1314 2239 4,000
1339 2190 1391 2230 fr.

840 2283 931 2324 516.
956 2306 1000 2311 —
1023 2279 1291 2329 Célibataire,
1323 2278 1372 2318 35
1392 2287 1482 2326 ans,
1506 2274 1715 2327 pâtissier,
1740 2275 1921 2322 épouse-

786 2338 911 2376 serait
950 2334 1199 2376 demoiselle
1239 2346 1293 2372 ou
1336 2342 1484 2379 veuve,
1527 2330 1698 2381 jusqu’à
1738 2326 1788 2364 40
1827 2335 1918 2374 ans,

788 2396 920 2442 ayant
941 2390 992 2429 de
1014 2390 1064 2429 30
1085 2390 1108 2427 à
1130 2387 1279 2436 60,000
1299 2386 1351 2425 fr.

841 2478 930 2517 520.
991 2499 1040 2507 —
1097 2475 1364 2523 Célibataire,
1404 2473 1454 2512 22
1494 2483 1570 2511 ans
1591 2503 1601 2520 ,
1650 2470 1821 2511 fortune
1868 2479 1919 2506 en

788 2531 1019 2583 propriétés
1056 2530 1231 2574 200,000
1252 2527 1322 2577 fr.,
1364 2527 1499 2567 désire
1536 2527 1717 2576 épouser
1755 2519 1921 2562 demoi¬

788 2584 891 2625 selle
908 2590 1039 2635 ayant
1067 2583 1238 2631 100,000
1263 2582 1315 2622 fr.

843 2667 934 2707 525.
958 2688 1007 2694 —
1039 2663 1303 2714 Célibataire,
1342 2664 1387 2703 34
1406 2674 1496 2710 ans,
1531 2659 1719 2706 caissier,
1736 2657 1856 2707 3,000
1872 2655 1920 2704 f.,

788 2719 1170 2770 d’appointements
1193 2751 1202 2768 ,
1248 2715 1491 2768 épouserait
1530 2712 1779 2754 demoiselle
1819 2720 1921 2750 avec

793 2774 940 2822 50.000
961 2771 1017 2811 fr.

846 2855 934 2895 526.
987 2876 1035 2882 —
1083 2852 1357 2901 Célibataire,
1407 2863 1560 2903 garçon
1607 2851 1659 2889 de
1710 2847 1920 2897 magasin,

794 2908 842 2948 33
864 2920 955 2956 ans,
980 2907 1054 2946 150
1076 2907 1126 2947 fr.
1168 2917 1243 2957 par
1283 2906 1407 2955 mois,
1448 2903 1688 2954 épouserait
1726 2901 1923 2941 ouvrière

792 2972 888 3010 sage
910 2966 1040 3012 ayant
1056 2971 1130 3000 son
1152 2959 1370 2999 mobilier.

848 3050 938 3090 530,
995 3070 1046 3076 —
1097 3046 1328 3096 Ingénieur
1365 3044 1635 3084 mécanicien
1660 3075 1669 3091 ,
1721 3043 1770 3082 35
1819 3052 1926 3088 ans,

792 3109 922 3155 ayant
960 3100 1070 3140 belle
1110 3099 1314 3139 situation
1339 3129 1348 3145 ,
1406 3098 1623 3148 plusieurs
1671 3096 1838 3135 brevets
1875 3095 1926 3134 de

793 3159 964 3206 rapport
1000 3160 1040 3194 et
1077 3151 1267 3192 d’avenir
1307 3151 1600 3191 considérable
1626 3180 1635 3198 ,
1685 3148 1930 3200 épouserait

795 3207 1043 3249 demoiselle
1059 3218 1161 3247 avec
1183 3204 1302 3246 avoir
1320 3204 1370 3244 de
1392 3205 1539 3254 50,000
1561 3203 1614 3242 fr,

851 3287 942 3326 535.
967 3306 1014 3313 —
1061 3283 1172 3323 Veuf
1195 3314 1203 3328 ,
1242 3282 1294 3320 52
1330 3292 1404 3320 ans
1428 3311 1439 3328 ,
1478 3279 1620 3327 12,000
1642 3278 1715 3324 fr.,
1751 3275 1928 3327 pension

798 3340 874 3380 600
910 3340 987 3384 fr.,
1038 3347 1172 3387 gagne
1216 3334 1238 3372 5
1283 3334 1336 3372 fr.
1390 3344 1462 3381 par
1507 3331 1604 3380 jour
1628 3360 1638 3378 ,
1690 3328 1931 3379 épouserait

800 3403 936 3432 veuve
956 3400 1055 3431 sans
1073 3387 1242 3428 enfants
1258 3396 1360 3426 avec
1379 3383 1512 3424 avoir.

855 3474 946 3512 536.
986 3494 1032 3500 —
1081 3468 1241 3509 Ancien
1274 3466 1500 3516 capitaine,
1534 3466 1582 3503 53
1622 3476 1711 3511 ans,
1755 3462 1932 3511 pension

802 3527 879 3567 550
899 3526 969 3573 fr.,
1010 3533 1144 3572 gagne
1179 3519 1256 3559 700
1278 3519 1350 3568 fr.,
1391 3515 1630 3568 épouserait
1667 3514 1796 3564 petite
1835 3523 1935 3552 ren¬

800 3580 904 3619 tière
930 3588 1026 3617 sans
1044 3574 1227 3615 enfants.

854 3662 930 3700 537
978 3682 1028 3688 —
1075 3655 1323 3698 Célibataire
1361 3651 1494 3695 établi
1516 3683 1524 3698 ,
1570 3651 1620 3691 35
1660 3661 1736 3691 ans
1762 3680 1768 3695 ,
1821 3650 1932 3688 beau

799 3712 992 3763 magasin
1018 3744 1026 3760 ,
1062 3712 1231 3752 fortune
1268 3711 1314 3748 20
1336 3709 1414 3747 000
1450 3707 1486 3744 fr
1510 3738 1518 3753 ,
1570 3703 1811 3754 épouserait
1862 3702 1936 3742 de¬

800 3766 996 3808 moiselle
1016 3776 1068 3804 en
1091 3768 1260 3815 rapport
1279 3763 1399 3811 d'âge
1419 3768 1459 3799 et
1482 3758 1661 3798 d’avoir.

856 3851 947 3891 538.
971 3871 1020 3878 —
1058 3846 1324 3895 Célibataire,
1363 3843 1414 3883 26
1436 3854 1526 3890 ans,
1568 3842 1861 3892 commerçant
1882 3848 1934 3877 en

802 3916 899 3955 gros
922 3935 931 3951 ,
987 3904 1227 3952 épouserait
1264 3895 1513 3938 demoiselle
1553 3894 1755 3934 instruite
1801 3895 1939 3941 ayant

806 3956 949 4007 12.000
973 3955 1026 3995 fr.

858 4038 948 4076 543.
972 4059 1023 4064 —
1050 4031 1316 4079 Célibataire,
1358 4031 1435 4079 âgé
1473 4028 1526 4067 de
1562 4027 1610 4067 33
1634 4036 1726 4072 ans,
1766 4024 1940 4063 fortune

806 4091 952 4139 70.000
983 4088 1052 4136 fr.,
1086 4097 1220 4137 gagne
1266 4084 1408 4131 10,000
1439 4082 1490 4120 fr.
1535 4091 1610 4131 par
1650 4090 1719 4126 an,
1759 4078 1940 4127 épouse¬

806 4143 886 4183 rait
906 4139 1154 4183 demoiselle
1174 4144 1308 4190 ayant
1327 4135 1478 4184 80,000
1504 4134 1554 4175 fr.

864 4331 995 4375 Nous
1039 4328 1256 4371 donnons
1306 4324 1570 4368 ci-dessous
1615 4321 1839 4363 l’adresse
1884 4319 1942 4363 de

807 4398 920 4439 MM.
962 4394 1030 4436 les
1065 4392 1272 4434 notaires
1304 4389 1362 4431 de
1396 4388 1442 4430 la
1471 4386 1577 4430 ville
1603 4386 1660 4426 de
1690 4383 1940 4436 Marseille,

808 4461 887 4518 qui
919 4469 1092 4516 pourra
1120 4459 1218 4499 être
1250 4452 1360 4496 utile
1391 4463 1507 4507 pour
1536 4450 1602 4492 les
1639 4449 1851 4491 contrats
1886 4447 1943 4488 de

808 4526 1024 4578 mariage
1046 4538 1056 4564 :

863 4619 960 4660 MM.
998 4614 1202 4663 Sabatier,
1226 4624 1300 4654 rue
1322 4610 1506 4660 Paradis,
1538 4608 1596 4647 17.

998 4669 1220 4723 Raynaud,
1243 4679 1319 4706 rue
1341 4663 1523 4704 Paradis.
1547 4661 1614 4702 24.

996 4724 1173 4772 Gaudet,
1198 4732 1272 4761 rue
1298 4719 1478 4764 Paradis,
1502 4716 1567 4756 46.

997 4778 1195 4830 Gasquet,
1216 4787 1293 4815 rue
1310 4771 1496 4816 Paradis,
1519 4770 1585 4809 57.

996 4831 1195 4879 Ferrand,
1220 4840 1294 4868 rue
1318 4824 1500 4868 Paradis,
1526 4823 1590 4863 59.

996 4884 1150 4932 Brezet,
1174 4895 1247 4922 rue
1272 4878 1454 4928 Paradis,
1480 4876 1545 4916 68.

995 4940 1046 4978 de
1071 4938 1207 4987 Laget,
1231 4947 1306 4975 rue
1328 4928 1652 4975 Saint-Ferréol,
1676 4930 1716 4969 7.

995 4989 1266 5040 Delanglade,
1290 4998 1366 5028 rue
1381 4982 1710 5032 Saint-Ferréol,
1738 4980 1800 5022 29.

993 5047 1136 5095 Benet,
1159 5055 1235 5083 rue
1256 5039 1577 5086 Saint-Ferréol,
1601 5038 1667 5078 30.

994 5095 1238 5150 Provençal,
1262 5107 1336 5135 rue
1358 5091 1684 5140 Saint-Ferréol,
1710 5090 1778 5130 50.

992 5151 1215 5201 Bouteille,
1238 5162 1314 5190 rue
1333 5144 1655 5195 Saint-Ferréol,
1683 5143 1748 5184 52.

992 5206 1230 5256 Estrangin,
1255 5216 1328 5244 rue
1348 5200 1674 5248 Saint-Ferréol,
1699 5197 1767 5239 54.

995 5259 1195 5306 Jourdan,
1216 5270 1290 5296 rue
1311 5254 1635 5299 Saint-Ferréol,
1659 5252 1724 5294 59.

997 5310 1154 5360 Sayou,
1176 5320 1252 5347 rue
1271 5307 1598 5354 Saint-Ferréol,
1622 5306 1687 5344 78.

998 5362 1156 5407 Perrin,
1180 5374 1254 5400 rue
1276 5360 1536 5410 Montgrand,
1563 5359 1630 5399 38.

996 5414 1330 5462 Taxil-Fortoul,
1355 5426 1429 5452 rue
1453 5414 1712 5464 Montgrand,
1737 5411 1803 5452 48.

998 5468 1142 5514 Alliés,
1167 5478 1242 5507 rue
1262 5466 1519 5516 Montgrand,
1543 5467 1607 5506 62.

995 5523 1130 5566 Azaïs,
1156 5531 1228 5559 rue
1250 5520 1299 5559 de
1323 5520 1361 5558 la
1381 5520 1520 5567 Darse,
1543 5520 1580 5559 5.

1000 5572 1194 5623 Laugier,
1218 5583 1292 5611 rue
1314 5574 1363 5612 de
1387 5572 1426 5611 la
1448 5571 1588 5620 Darse,
1612 5571 1678 5612 29.

1002 5624 1224 5676 Raynaud,
1248 5638 1322 5664 rue
1342 5624 1542 5671 Noailles,
1567 5627 1606 5665 7.

885 5680 976 5719 MM.
1005 5678 1226 5725 Dessnard,
1250 5688 1324 5716 rue
1343 5678 1543 5723 Noailles,
1573 5678 1631 5717 18.

1004 5731 1194 5780 Laugier,
1219 5742 1291 5768 rue
1311 5730 1582 5777 Cannebière,
1606 5731 1644 5770 5.

1000 5783 1229 5830 Decormis,
1253 5795 1326 5820 rue
1347 5782 1548 5834 Grignan,
1572 5783 1639 5823 56.

1000 5835 1123 5882 Lat.il,
1150 5846 1223 5875 rue
1244 5834 1402 5879 Sainte,
1431 5835 1462 5875 1.

999 5888 1193 5935 Giraudi,
1216 5899 1340 5928 cours
1358 5887 1643 5936 Saint-Louis,
1668 5888 1706 5931 3.

998 5946 1143 5990 Blanc,
1163 5953 1239 5980 rue
1258 5942 1310 5979 de
1334 5938 1507 5988 l’Arbre,
1529 5943 1568 5982 9.

1002 5995 1223 6039 Roubaud,
1249 6004 1323 6032 rue
1344 5992 1394 6031 de
1418 5991 1456 6031 la
1479 5992 1763 6046 République,
1790 5994 1853 6035 15.

1000 6052 1148 6100 Gavot,
1172 6058 1248 6087 rue
1269 6047 1324 6086 du
1347 6046 1535 6095 Bausset,
1558 6047 1596 6088 4.

2089 643 2241 713 LE
2311 631 3011 709 PRINTEMPS

2143 804 2220 845 Les
2242 803 2376 843 beaux
2398 800 2515 852 jours
2536 810 2578 838 se
2599 796 2843 843 succèdent,

2147 859 2200 898 Le
2224 855 2379 895 monde
2400 867 2452 894 en
2474 858 2534 891 est
2555 850 2715 891 témoin
2735 863 2744 898 ;

2151 912 2176 950 A.
2199 908 2367 958 l’espoir
2388 907 2450 946 les
2470 915 2608 944 cœurs
2628 902 2780 942 cèdent
2804 915 2814 942 :

2146 964 2199 1003 La
2223 963 2460 1011 printemps
2480 958 2585 996 n’est
2607 968 2679 1006 pas
2703 954 2805 994 loin.

2144 1020 2206 1055 An
2231 1015 2335 1062 bois,
2359 1013 2398 1052 le
2420 1010 2552 1051 merle
2574 1010 2727 1048 chante

2147 1070 2196 1108 Sa
2219 1066 2394 1106 roulade
2418 1063 2647 1104 touchante
2673 1074 2682 1100 :

2146 1120 2264 1161 Voici
2291 1119 2424 1159 venir,
2450 1116 2556 1155 voici
2584 1115 2701 1154 venir

2147 1175 2223 1214 Les
2242 1172 2386 1221 fleurs,
2411 1171 2436 1210 F
2442 1179 2595 1209 amour
2618 1174 2656 1207 et
2678 1166 2716 1206 le
2739 1163 2900 1215 plaisir.

2144 1262 2247 1314 Déjà
2271 1262 2330 1300 les
2351 1259 2608 1310 primevères

2146 1314 2376 1355 Emaillent
2397 1312 2459 1352 les
2479 1320 2648 1359 gazons,

2147 1371 2223 1408 Les
2243 1378 2440 1406 mamans
2459 1385 2510 1392 —
2533 1362 2675 1402 moins
2696 1360 2879 1407 sévères,

2146 1422 2255 1462 Vont
2275 1420 2426 1459 ouvrir
2446 1417 2508 1456 les
2530 1416 2718 1455 maisons
2739 1426 2748 1462 ;

2147 1476 2238 1514 Aux
2258 1474 2422 1524 Pâques
2442 1471 2516 1520 qui
2538 1480 2581 1508 se
2602 1467 2752 1516 fêtent,

2148 1530 2223 1567 Les
2243 1526 2395 1576 jeunes
2415 1534 2518 1574 gens
2539 1523 2728 1572 répètent
2755 1532 2763 1559 :

2147 1580 2264 1620 Voici
2291 1578 2423 1626 venir,
2450 1575 2560 1615 voici
2584 1574 2704 1613 venir

2149 1636 2226 1674 Les
2246 1632 2388 1679 fleurs,
2416 1631 2595 1668 l’amour
2615 1631 2655 1666 et
2679 1627 2716 1666 le
2740 1624 2907 1675 plaisir.

2148 1722 2205 1760 De
2228 1720 2331 1768 loin,
2351 1730 2425 1758 sur
2446 1715 2608 1755 l’herbe
2631 1714 2796 1763 tendre,

2152 1787 2206 1824 Le
2228 1782 2407 1834 paisible
2430 1779 2603 1830 grillon,

2151 1840 2214 1878 Au
2236 1835 2355 1876 soleil
2382 1836 2458 1874 fait
2478 1833 2679 1873 entendre

2151 1892 2231 1932 Son
2254 1891 2368 1940 léger
2388 1887 2586 1928 carillon.

2152 1944 2338 1985 Roulant
2356 1955 2430 1983 son
2454 1942 2562 1980 onde
2586 1951 2706 1990 pure,

2153 2000 2208 2039 Le
2231 1998 2334 2036 frais
2352 1995 2544 2034 ruisseau
2567 2002 2795 2031 murmure
2815 2003 2826 2030 :

2158 2050 2274 2091 Voici
2296 2048 2430 2096 venir,
2452 2044 2562 2084 voici
2586 2044 2706 2083 venir

2155 2106 2232 2144 Les
2250 2103 2395 2150 fleurs,
2418 2100 2600 2139 l’amour
2620 2100 2662 2137 et
2681 2096 2719 2136 le
2739 2093 2901 2147 plaisir.

2155 2195 2218 2234 Au
2242 2192 2419 2242 bosquet
2440 2188 2644 2234 solitaire,

2154 2247 2308 2287 Courez
2327 2244 2480 2297 jeunes
2499 2246 2684 2290 amants,

2156 2307 2187 2340 A
2212 2300 2388 2340 l’ombre
2410 2298 2464 2336 du
2488 2295 2675 2347 mystère

2158 2356 2337 2404 Répéter
2359 2362 2431 2390 vos
2451 2354 2674 2390 serments.

2155 2410 2262 2447 Sous
2284 2407 2342 2444 les
2363 2404 2518 2451 arbres,
2541 2402 2583 2440 la
2604 2399 2716 2440 brise

2158 2462 2270 2500 Vous
2290 2459 2438 2499 souffle
2459 2468 2559 2496 avec
2579 2452 2739 2504 reprise
2762 2466 2770 2492 :

2156 2514 2275 2554 Voici
2297 2513 2431 2559 venir,
2456 2510 2565 2550 voici
2587 2507 2708 2547 venir

2156 2568 2233 2608 Les
2252 2566 2394 2614 fleurs,
2415 2563 2602 2604 l’amour
2620 2567 2659 2600 et
2685 2560 2722 2600 le
2746 2558 2907 2611 plaisir.

2878 2647 2926 2687 N.
2951 2646 2998 2686 V.

2050 2838 2239 2892 L’Office
2271 2834 2509 2876 Moiidonet
2528 2835 2590 2871 est
2618 2832 2774 2868 ouvert
2794 2831 2891 2866 tous
2919 2827 2979 2864 les
2999 2824 3136 2876 jours

1999 2907 2052 2946 de
2070 2908 2099 2944 2
2119 2904 2276 2943 heures
2297 2905 2323 2940 à
2346 2902 2372 2940 8
2394 2898 2550 2939 heures
2570 2897 2632 2936 du
2662 2896 2754 2935 soir
2780 2896 2820 2932 et
2858 2893 2919 2932 les
2955 2890 3137 2929 diman¬

1999 2970 2095 3010 ches
2116 2972 2155 3007 et
2175 2968 2284 3020 fêtes
2305 2966 2358 3004 de
2382 2966 2406 3003 9
2428 2962 2583 3003 heures
2603 2963 2628 3000 à
2651 2958 2782 2999 midi.

2061 3148 2475 3213 THEATRES
2530 3144 2623 3205 ET
2680 3139 3079 3204 CONCERTS

2058 3304 2519 3346 Grand-Théâtre.
2559 3321 2610 3328 —
2655 3296 2827 3348 Reprise
2868 3294 2919 3334 de
2962 3292 3136 3343 Lakmé,

2006 3359 2164 3399 Ruuwo
2188 3363 2227 3396 et
2251 3356 2442 3402 Juliette,
2484 3351 2580 3402 puis
2623 3351 2751 3388 Faust
2791 3349 3044 3399 interprétés
3069 3359 3140 3396 par

2008 3412 2103 3450 Mlle
2127 3411 2232 3447 Marc
2238 3420 2266 3458 y
2296 3418 2396 3445 avec
2435 3415 2491 3443 un
2530 3404 2663 3442 talent
2702 3402 2778 3451 qui
2819 3403 2885 3438 n’a
2927 3411 2999 3447 pas
3038 3411 3136 3435 ren¬

2007 3464 2150 3502 contré
2191 3462 2240 3498 de
2279 3457 2483 3506 critiques
2522 3454 2679 3495 étaient
2711 3451 2816 3489 d’un
2851 3451 2935 3488 bon
2974 3459 3136 3496 augure

2011 3523 2117 3564 pour
2158 3512 2195 3550 la
2234 3507 2412 3548 réussite
2450 3507 2501 3545 de
2547 3509 2666 3543 notre
2704 3502 2937 3542 chanteuse
2979 3499 3134 3548 légère.

2010 3567 2062 3606 Le
2083 3566 2230 3604 succès
2250 3563 2299 3600 de
2323 3559 2418 3599 Mlle
2442 3560 2579 3608 Marcy
2620 3556 2686 3595 n'a
2728 3566 2799 3607 pas
2838 3555 2903 3595 été
2946 3564 3002 3594 un
3048 3555 3136 3594 ins¬

2010 3626 2096 3659 tant
2142 3620 2355 3664 douteux,
2406 3612 2503 3652 c’est
2558 3611 2883 3660 spontanément
2935 3615 2976 3647 et
3026 3608 3135 3647 cha¬

2012 3672 2327 3712 leureusement
2372 3679 2456 3718 que
2507 3666 2675 3706 chacun
2716 3663 2767 3703 de
2807 3674 2872 3702 ses
2910 3671 3136 3699 morceaux

2010 3734 2080 3766 ont
2099 3726 2166 3766 été
2186 3721 2424 3775 applaudis.

2062 3778 2264 3819 Brillante
2303 3774 2459 3825 reprise
2490 3771 2542 3810 de
2578 3764 2812 3814 Callirhoé,
2847 3764 2886 3804 le
2926 3763 3138 3804 ravissant

2010 3834 2140 3873 ballet
2179 3830 2282 3871 écrit
2322 3840 2395 3878 par
2436 3824 2531 3863 Mlle
2568 3818 2855 3869 Chaminade;
2894 3817 2931 3858 le
2975 3818 3138 3869 princi¬

2013 3887 2079 3935 pal
2102 3884 2187 3924 rôle
2227 3887 2288 3921 est
2326 3879 2463 3919 confié
2483 3878 2506 3913 à
2524 3880 2639 3911 notre
2680 3872 2890 3922 première
2926 3872 3135 3911 danseuse

2015 3939 2121 3976 Mme
2158 3932 2327 3983 Riganti
2350 3961 2358 3979 ,
2398 3930 2430 3967 il
2468 3932 2530 3967 est
2567 3924 2743 3963 difficile
2783 3926 2835 3963 de
2877 3930 3046 3960 trouver
3079 3934 3137 3961 un

2012 3991 2123 4039 sujet
2163 3988 2260 4038 plus
2306 3982 2458 4034 parfait
2504 3983 2639 4030 quant
2684 3990 2739 4016 au
2786 3976 2860 4026 jeu
2906 3976 3139 4024 chorégra¬

2015 4043 2191 4092 phique.

2067 4095 2143 4133 Les
2165 4087 2483 4142 indispositions
2504 4084 2690 4135 répétées
2726 4082 2778 4122 de
2814 4082 2863 4124 M.
2891 4080 3060 4122 Alvarez
3099 4088 3138 4123 et

2014 4148 2066 4188 de
2092 4147 2143 4187 M.
2167 4144 2388 4187 Chevalier
2412 4146 2485 4182 ont
2522 4138 2710 4191 quelque
2748 4148 2830 4188 peu
2871 4136 3138 4188 interrompu

2016 4202 2163 4242 l’ordre
2192 4202 2248 4240 du
2284 4206 2552 4250 programme
2583 4192 2691 4243 pour
2731 4191 2859 4231 F'aust
2898 4192 2972 4243 qui
3012 4204 3035 4230 a
3075 4192 3139 4232 été

2015 4255 2228 4300 remplacé
2288 4263 2359 4300 par
2418 4246 2477 4288 les
2534 4246 2768 4298 Surprises
2827 4244 2872 4284 de
2928 4245 2958 4283 F
2967 4248 3139 4290 Amour,

2015 4304 2371 4358 opéra-comique
2436 4312 2632 4340 nouveau
2700 4300 2751 4338 de
2818 4299 2868 4336 M.
2924 4296 3140 4342 Monselet,

2016 4359 2216 4408 musique
2238 4357 2288 4394 de
2311 4353 2443 4392 Boise.

2073 4452 2332 4490 Variétés.
2356 4446 2406 4483 —
2443 4446 2528 4483 Les
2567 4443 2708 4482 Noces
2748 4440 2843 4479 d'un
2883 4439 3143 4480 Réserviste

2017 4507 2067 4546 de
2110 4504 2195 4544 MM.
2219 4502 2369 4542 Chivot
2410 4504 2449 4538 et
2484 4497 2543 4536 Du
2552 4508 2601 4535 ru
2642 4495 2719 4546 qui
2739 4505 2763 4532 a
2784 4495 2848 4534 été
2882 4493 3006 4543 jouée
3040 4506 3144 4543 pour

2020 4559 2056 4598 la
2082 4558 2284 4607 première
2316 4553 2397 4592 fois
2428 4551 2547 4603 jeudi
2587 4550 2769 4598 dernier,
2811 4554 2871 4587 est
2901 4559 2983 4586 une
3006 4546 3055 4585 de
3076 4558 3144 4587 ces

2020 4611 2157 4663 pièces
2187 4608 2315 4662 qu’on
2355 4608 2503 4647 écoule
2542 4614 2640 4643 avec
2681 4600 2811 4652 grand
2851 4599 2995 4652 plaisir
3034 4600 3143 4640 mais

2016 4666 2146 4718 qu’on
2186 4674 2236 4703 ne
2274 4660 2456 4700 cherche
2488 4670 2558 4707 pas
2577 4660 2600 4696 à
2621 4657 2820 4708 analyser
2838 4668 2847 4704 ;
2877 4660 2984 4695 cette
3009 4655 3142 4706 pièce,

2020 4716 2198 4769 remplie
2234 4715 2284 4752 de
2316 4711 2580 4764 quiproquos
2618 4718 2656 4747 et
2695 4711 2744 4749 de
2780 4708 3146 4748 calembredaines

2016 4772 2118 4812 d’un
2139 4768 2341 4819 comique
2361 4766 2535 4811 achevé,
2557 4764 2614 4802 où
2632 4768 2725 4802 tous
2743 4774 2818 4802 nos
2834 4762 2992 4811 joyeux
3010 4772 3146 4799 comi¬

2017 4838 2123 4879 ques
2160 4831 2234 4864 ont
2270 4821 2362 4872 plus
2395 4830 2448 4858 ou
2491 4815 2631 4855 moins
2670 4815 2795 4855 défilé
2814 4816 2919 4854 dans
2939 4814 3000 4855 les
3024 4824 3147 4863 rangs

2017 4882 2088 4920 des
2115 4876 2355 4919 réservistes
2388 4878 2427 4912 et
2459 4872 2532 4910 ont
2561 4868 2782 4908 contribué
2804 4870 2827 4907 à
2846 4879 2896 4907 en
2920 4867 3025 4906 faire
3062 4878 3146 4906 une

2019 4936 2135 4984 pièce
2183 4932 2310 4971 d’une
2357 4926 2471 4977 gaîté
2513 4920 2615 4962 folle
2644 4934 2668 4960 a
2701 4932 2756 4960 en
2796 4932 2852 4959 un
2891 4920 3025 4960 début
3067 4921 3147 4960 très

2022 4987 2226 5026 heureux.

2070 5040 2200 5079 Grâce
2239 5037 2263 5075 à
2301 5039 2408 5075 cette
2445 5027 2646 5072 nouvelle
2680 5027 2803 5080 pièce
2849 5025 2951 5065 d’un
2999 5026 3148 5066 succès

2016 5094 2212 5139 délirant,
2251 5088 2312 5127 les
2352 5087 2539 5127 Variétés
2559 5084 2696 5124 feront
2718 5080 2822 5122 salle
2843 5079 3011 5120 comble
3038 5091 3146 5130 pen¬

2018 5148 2120 5187 dant
2141 5144 2238 5198 plus
2258 5142 2308 5182 de
2334 5140 2382 5180 30
2404 5136 2772 5188 représentations.

2072 5202 2126 5242 La
2163 5195 2363 5240 nouvelle
2411 5190 2619 5232 direction
2658 5192 2730 5230 des
2755 5189 2942 5230 Variétés
2978 5194 3147 5239 compte

2017 5258 2239 5304 beaucoup
2286 5248 2359 5290 sur
2408 5248 2497 5286 Mis
2542 5242 2715 5295 Helyett
2751 5243 2829 5292 qui
2871 5253 2962 5280 sera
3006 5244 3147 5291 repré¬

2016 5310 2158 5350 sentée
2201 5308 2306 5346 dans
2355 5304 2394 5343 la
2443 5299 2651 5352 première
2697 5294 2929 5348 quinzaine
2977 5293 3147 5343 d’avril,

2018 5364 2135 5414 pièce
2157 5362 2207 5400 de
2231 5367 2348 5399 notre
2368 5356 2623 5406 concitoyen
2644 5351 2835 5391 Audran.

2071 5466 2354 5511 Gymnase.
2379 5478 2428 5486 —
2451 5456 2622 5507 Reprise
2662 5454 2716 5494 du
2759 5451 2998 5503 désopilant
3035 5460 3148 5490 vau-

2017 5516 2156 5558 devile
2186 5515 2307 5554 T/ois
2351 5510 2548 5549 Femmes
2583 5520 2695 5561 pour
2736 5519 2788 5546 un
2832 5506 2954 5546 Mari,
2991 5503 3022 5544 A
3046 5503 3147 5544 l’oc¬

2018 5571 2162 5611 casion
2201 5568 2274 5607 des
2311 5566 2415 5605 fêtes
2454 5563 2504 5602 de
2541 5563 2703 5615 Pâques
2740 5559 2900 5610 reprise
2938 5558 2990 5598 de
3033 5558 3147 5596 Mar¬

2020 5636 2118 5663 ceau
2160 5635 2211 5660 ou
2254 5620 2314 5659 les
2351 5615 2542 5657 Enfants
2583 5616 2631 5655 de
2679 5614 2715 5651 la
2760 5611 3026 5662 République
3046 5625 3059 5659 ;
3112 5611 3147 5651 le

2018 5676 2042 5715 2
2077 5674 2183 5715 avril
2210 5704 2218 5722 ,
2261 5671 2465 5722 première
2506 5668 2556 5708 de
2596 5664 2847 5707 Ferdinand
2877 5663 2915 5702 le
2959 5664 3144 5710 Noceur,

2018 5726 2263 5770 vaudeville
2300 5726 2351 5764 de
2374 5724 2424 5763 M.
2447 5722 2554 5763 Léon
2593 5718 2811 5763 Gaudillot
2855 5715 3038 5756 l’auteur
3075 5719 3147 5755 des

2019 5782 2218 5822 Femmes
2259 5779 2478 5818 collantes.
2511 5778 2639 5826 Après
2679 5773 2750 5812 150
2789 5768 3144 5821 représentations

2018 5849 2072 5876 au
2096 5835 2259 5874 théâtre
2299 5831 2464 5884 Déjazet
2495 5836 2603 5870 cette
2624 5827 2742 5878 pièce
2779 5824 2847 5863 n’a
2883 5835 2956 5874 pas
2995 5834 3146 5863 encore

2018 5887 2156 5942 quitté
2180 5884 2376 5926 l’affiche.

2071 5970 2584 6011 Palais-de-Cristal.
2628 5986 2680 5992 —
2736 5962 2948 6002 Immense
2996 5964 3144 6003 succès

2019 6024 2200 6070 Varnrni,
2239 6022 2278 6060 la
2318 6023 2472 6071 grande
2510 6019 2635 6060 étoile
2674 6015 2912 6068 parisienne
2930 6030 2939 6064 ;
2963 6016 3144 6062 Gilbert,

2018 6082 2091 6120 des
2129 6076 2460 6116 Ambassadeurs
2482 6087 2492 6124 ;
2531 6070 2767 6119 Saint-Dié,
2809 6070 3010 6111 duettiste
3026 6067 3036 6119 ;
3074 6067 3147 6106 En

2020 6134 2198 6180 Chasse,
2218 6130 2480 6180 pantomime
2499 6139 2572 6178 par
2591 6126 2634 6167 la
2655 6131 2802 6176 troupe
2826 6123 3035 6164 Renands.

3259 630 3597 715 Maisons
3661 632 4275 740 Recommandées

3214 863 3427 997 LE
3534 861 4315 997 CHINOIS

3343 1027 3651 1076 CHAPEAUX
3687 1026 3758 1074 EN
3792 1027 3932 1075 TOUS
3967 1027 4180 1077 GENRES

3219 1107 3495 1148 COIFFURES
3533 1106 3667 1147 POUR
3709 1103 3988 1147 MESSIEURS
4030 1107 4097 1147 ET
4137 1104 4304 1145 DAMES

3500 1187 3774 1224 FRAICHEURS,
3807 1186 3884 1214 RON
3915 1186 4026 1215 GOUT

3287 1249 3436 1288 Haute
3457 1248 3719 1288 Nouveauté
3742 1247 3795 1287 de
3815 1247 3975 1299 forme,
3999 1236 4238 1298 Élégance,

3622 1312 3898 1366 Originalité

3491 1383 3710 1424 Spécialité
3732 1384 3783 1416 de
3808 1384 3847 1416 la
3871 1383 4031 1416 Maison

3196 1441 3380 1487 Coiffures
3402 1443 3527 1488 riches
3548 1442 3771 1488 d’intérieur
3790 1446 3829 1488 et
3850 1444 3895 1488 de
3916 1443 4060 1489 Bureau
4094 1454 4230 1500 (Dernières
4242 1455 4334 1501 Modes)

3606 1514 3706 1552 Prix
3735 1514 3930 1555 Modérés

3271 1578 3393 1627 26,
3436 1578 3598 1619 Rue
3647 1579 4117 1628 Cannebière,
4154 1578 4258 1620 26

3200 1743 3441 1857 ARE
3496 1742 3577 1858 DE
3628 1739 3893 1857 CRASSE
3940 1742 4029 1855 ET
4084 1742 4173 1854 DE
4208 1744 4333 1856 TIR

3318 1898 3618 1959 Réparations,
3660 1886 3911 1960 (Échanges,
3939 1896 4210 1959 Nettoyages

3207 1994 3748 2058 BERNARD
3802 2011 3914 2046 rue
3940 1994 4222 2059 Paradis,
4261 1994 4336 2046 32

3408 2170 3526 2226 A
3567 2168 4138 2225 Vend.re

3209 2271 3449 2375 UNE
3533 2269 3873 2374 JOLIE
3961 2268 4337 2377 VILLA

3462 2403 3527 2445 Au
3560 2406 4075 2447 VALLON-DE-L’ORIOL

3206 2494 3268 2534 Au
3291 2491 3671 2532 rez-de-chaussée
3701 2506 3710 2531 :
3742 2492 3922 2541 cuisine,
3965 2491 4100 2542 salon,
4143 2495 4248 2533 salle
4289 2495 4340 2536 de

3260 2547 3396 2595 bains,
3430 2546 3555 2598 petite
3587 2544 3791 2586 chambre
3811 2546 3862 2586 de
3883 2547 4096 2596 débarras,
4121 2545 4232 2586 belle
4255 2551 4339 2586 ter¬

3260 2614 3372 2641 rasse
3394 2608 3435 2640 et
3455 2599 3604 2640 lavoir.

3207 2667 3268 2706 Au
3293 2666 3478 2715 premier
3502 2679 3508 2704 :
3535 2665 3635 2705 trois
3654 2663 3834 2715 grandes
3854 2662 4082 2703 chambres
4107 2671 4147 2704 et
4170 2665 4342 2706 cabinet

3261 2720 3283 2756 à
3322 2720 3428 2765 côté,
3460 2718 3701 2768 poulailler,
3747 2716 3951 2770 lapinière
3987 2722 4026 2756 et
4068 2716 4257 2767 latrines,
4290 2731 4343 2759 en

3262 2772 3351 2811 face
3391 2771 3491 2810 trois
3530 2771 3665 2810 beaux
3707 2772 3828 2821 petits
3864 2770 4027 2823 jardins
4075 2770 4344 2818 complantés

3263 2825 3448 2864 d’arbres
3468 2823 3656 2863 fruitiers
3677 2831 3716 2863 et
3739 2824 3911 2873 treilles,
3936 2825 4067 2876 prises
4087 2824 4343 2872 d’arrosage.

3443 2914 3624 2952 Prix
3662 2921 3672 2954 :
3719 2912 3988 2960 1-4,000
4022 2915 4045 2952 f
4050 2928 4110 2955 r*.

3450 3069 3534 3115 A
3582 3066 4100 3113 VENDRE

3219 3156 3769 3230 PETITE
3871 3154 4339 3229 VILLA

3530 3258 3593 3298 Au
3625 3255 4026 3299 Vallon-de-l’Oriol

3442 3333 3644 3372 Prix
3676 3343 3687 3370 :
3723 3330 3984 3378 7,000
4024 3328 4122 3365 fr*.

3407 3478 3494 3548 A
3553 3475 4138 3548 VENDRE

3212 3579 3516 3638 UJne
3574 3588 4344 3644 ca.mpa.gaie

3465 3681 3511 3744 A
3565 3679 4101 3745 SAINT-MARCEL

3315 3768 3611 3811 Ancienne
3661 3768 3911 3823 fabrique
3962 3771 4031 3812 de
4084 3770 4247 3812 tuiles

3519 3856 3624 3894 JOLI
3658 3855 3808 3895 POINT
3838 3855 3902 3893 DE
3934 3856 4031 3895 VUE

3216 3933 3416 3972 Très
3466 3934 3622 3971 loon
3671 3943 3880 3983 pour
3935 3931 4007 3970 la
4062 3932 4350 3971 cirasse

3311 4015 3719 4063 CONTENANCE
3752 4024 3762 4053 :
3796 4014 3967 4060 2-500
3999 4006 4246 4059 MÈTRES

3215 4098 3319 4152 Près
3343 4099 3379 4152 le
3403 4099 3589 4152 château
3613 4097 3663 4152 de
3688 4098 3743 4159 M,
3772 4097 3810 4151 le
3840 4096 4028 4167 marquis
4069 4095 4119 4150 de
4152 4094 4346 4149 Coriolis

3531 4275 3588 4337 A
3635 4274 4026 4338 VENDRE

3217 4383 3440 4431 «Jolie
3466 4382 3698 4428 Veiller
3727 4382 3776 4428 à.
3806 4382 3888 4428 la.
3918 4381 4352 4430 Corniche

3271 4482 3422 4523 Portail
3445 4488 3484 4522 et
3506 4483 3629 4532 grille
3660 4495 3710 4522 en
3745 4482 3808 4523 fer
3839 4483 3969 4536 forgé,
4004 4484 4197 4526 donnant
4232 4487 4355 4527 accès

3218 4549 3271 4576 au
3292 4536 3434 4587 jardin
3455 4537 3598 4587 planté
3611 4535 3662 4575 de
3679 4548 3772 4586 gros
3788 4539 3928 4578 arbres
3949 4539 4139 4579 formant
4160 4551 4350 4588 avenue,

3218 4603 3268 4631 au
3295 4591 3446 4630 milieu
3466 4588 3525 4642 jet
3545 4590 3667 4631 d’eau
3685 4623 3694 4639 ,
3720 4594 3743 4630 à
3763 4591 3911 4640 droite,
3938 4604 3995 4631 un
4018 4592 4126 4631 beau
4170 4591 4354 4639 pigeon¬

3218 4646 3312 4685 nier
3331 4651 3371 4684 et
3392 4644 3427 4683 Ii
3436 4647 3474 4696 pi
3483 4644 3597 4686 nièce
3615 4659 3626 4695 ;
3648 4645 3755 4684 dans
3778 4658 3860 4685 une
3890 4658 3995 4685 cour
4015 4643 4349 4695 indépendante,

3219 4700 3350 4748 grand
3391 4698 3616 4747 poulailler
3656 4704 3695 4736 et
3732 4699 3935 4748 greniers.
3971 4695 4217 4735 Habitation
4254 4708 4262 4735 :
4295 4707 4352 4734 au

3219 4750 3588 4791 rez-de-chaussée
3629 4760 3712 4788 une
3751 4749 3907 4798 grande
3947 4747 4131 4796 cuisine,
4156 4759 4238 4787 une
4270 4746 4352 4790 dé¬

3222 4815 3360 4854 pense,
3387 4813 3470 4841 une
3490 4806 3664 4848 cavette,
3687 4811 3770 4841 une
3794 4802 3920 4851 petite
3940 4802 4058 4851 pièce
4079 4813 4186 4852 pour
4206 4802 4343 4854 bains,

3223 4867 3279 4895 un
3299 4854 3507 4895 vestibule
3528 4854 3782 4894 conduisant
3815 4866 3869 4892 au
3903 4854 4019 4895 salon
4060 4867 4160 4898 avec
4182 4856 4351 4898 chemi-

3219 4907 3377 4948 minée.
3418 4908 3479 4947 Au
3519 4908 3716 4958 premier,
3739 4906 3851 4948 deux
3879 4911 4060 4960 grandes
4092 4911 4232 4962 pièces
4256 4920 4351 4959 per¬

3220 4963 3315 5001 cées
3334 4962 3383 5001 de
3406 4962 3502 5015 cinq
3527 4963 3718 5011 fenêtres,
3750 4975 3832 5004 une
3868 4964 4072 5004 chambre
4107 4964 4159 5003 de
4194 4963 4351 5008 bonne,

3223 5014 3260 5055 le
3285 5019 3376 5055 tout
3408 5028 3459 5055 en
3493 5016 3645 5068 parfait
3682 5020 3780 5059 état.
3823 5016 4013 5066 Terrain,
4055 5015 4236 5055 environ
4275 5011 4354 5052 220

3222 5070 3390 5118 mètres,
3431 5070 3586 5118 grande
3634 5071 3876 5122 vérandha,
3926 5071 4085 5111 citerne
4131 5073 4170 5106 et
4218 5066 4354 5116 prises

3222 5123 3453 5172 d’arrosage
3470 5123 3526 5164 du
3550 5123 3687 5165 canal.
3708 5148 3758 5155 —
3780 5126 3875 5163 Prix
3898 5124 3906 5162 :
3934 5119 4111 5171 15,000
4136 5118 4188 5159 fr.

3415 5315 3531 5371 A
3595 5314 3715 5368 V
3724 5312 4165 5371 endLre

3626 5424 3692 5466 AU
3728 5426 3946 5469 R0UBI0N

3226 5523 3479 5617 UNE
3546 5521 3911 5618 JOLIE
3982 5517 4347 5613 VILLA

3274 5660 3503 5711 Composée
3523 5662 3575 5702 de
3598 5660 3699 5700 trois
3722 5656 3865 5706 pièces
3885 5663 3939 5691 au
3978 5652 4356 5695 rez-de-chaussée

3223 5731 3262 5767 et
3298 5728 3396 5768 trois
3435 5728 3575 5779 pièces
3602 5735 3655 5762 au
3688 5716 3884 5768 premier,
3920 5715 4023 5756 d’un
4065 5718 4171 5761 beau
4212 5719 4356 5772 jardin

3222 5806 3322 5835 avec
3343 5795 3503 5835 bassin.

3419 5874 3617 5918 Prix
3656 5883 3666 5911 :
3719 5870 4039 5915 15.000
4083 5876 4166 5914 fr*.

3864 6008 3911 6043 Le
3932 6007 4069 6048 gérant
4090 6013 4100 6034 :
4123 6002 4270 6036 Bonal.

3222 6106 3334 6147 Impr.
3352 6103 3510 6147 spéciale
3535 6103 3583 6138 du
3600 6104 3693 6139 Lien
3723 6107 3776 6138 du
3792 6101 3978 6139 Mariage,
3993 6098 4024 6131 11
4034 6107 4042 6138 ,
4058 6107 4124 6132 rue
4138 6099 4182 6134 de
4198 6100 4235 6136 la
4248 6101 4354 6135 Paix.
