4728 7228
1995 586 2075 631 LE
2114 584 2266 630 LIEN
2299 581 2384 629 LU
2426 576 2722 627 MARIAGE

639 772 787 812 558.—
807 768 1073 818 Célibataire,
1093 767 1142 807 32
1164 768 1397 818 ans,ayant
1420 760 1651 814 profession
1670 759 1720 797 li¬

587 825 727 865 bérale
751 826 831 864 très
850 823 1074 871 lucrative,
1097 821 1268 860 fortune
1290 817 1438 858 50.000
1453 815 1524 864 fr.,
1547 816 1722 865 épouse¬

587 879 666 918 rait
684 876 934 918 demoiselle
955 880 1086 927 ayant
1107 874 1179 914 dot
1203 872 1372 912 100.000
1395 872 1447 910 fr.

641 950 731 988 568.
755 971 804 976 —
827 948 993 995 Prince,
1014 944 1106 986 seul
1129 943 1386 984 descendant
1404 941 1532 981 d’une
1555 936 1722 978 famille

587 1008 719 1054 ayant
747 1001 990 1051 longtemps
1027 999 1155 1048 régné
1192 1009 1268 1036 sur
1311 1007 1391 1035 une
1430 995 1503 1034 des
1543 990 1723 1042 grandes

588 1055 836 1106 puissances
866 1054 916 1093 de
948 1054 1155 1101 l'Europe,
1194 1051 1295 1090 allié
1327 1062 1410 1088 aux
1443 1047 1622 1098 grandes
1658 1046 1722 1082 fa¬

589 1108 732 1148 milles
779 1107 1008 1155 princières
1066 1104 1311 1155 d’Espagne,
1354 1100 1642 1150 d’Angleterre
1683 1103 1723 1135 et

589 1162 822 1208 d’ailleurs,
846 1161 922 1212 âgé
943 1160 992 1199 de
1016 1159 1063 1198 30
1086 1170 1176 1207 ans,
1199 1155 1438 1208 épouserait
1475 1152 1594 1192 riche
1626 1150 1723 1200 plé¬

590 1216 788 1255 béienne.

643 1287 735 1326 580.
760 1307 807 1314 —
838 1284 1030 1325 Boucher
1067 1282 1215 1330 établi,
1256 1281 1305 1320 39
1347 1292 1440 1327 ans,
1479 1274 1722 1328 épouseraiL

591 1338 839 1379 demoiselle
857 1351 910 1378 ou
935 1350 1070 1378 veuve
1094 1335 1317 1386 possédant
1338 1332 1458 1380 8,000
1480 1331 1531 1370 fr.

644 1411 735 1451 581.
762 1433 810 1439 —
840 1410 1047 1456 Boucher,
1090 1406 1328 1447 richement
1357 1402 1503 1450 établi,
1546 1402 1594 1440 27
1632 1411 1722 1447 ans,

591 1463 660 1503 fils
680 1463 859 1514 unique,
883 1467 1051 1513 parents
1081 1460 1235 1508 riches,
1276 1456 1518 1508 épouserait
1550 1454 1719 1495 demoi¬

591 1517 694 1556 selle
716 1516 813 1556 bien
836 1515 995 1563 élevée,
1023 1512 1243 1564 possédant
1267 1511 1407 1560 10,000
1429 1510 1478 1548 fr.

647 1591 738 1631 587.
771 1612 822 1618 —
860 1587 986 1636 Veuf,
1028 1588 1076 1627 37
1122 1596 1212 1636 ans,
1255 1583 1426 1624 fortune
1469 1581 1612 1630 18,000
1652 1579 1724 1628 fr.,

591 1648 724 1695 ayant
743 1652 983 1683 commerce
1003 1642 1214 1691 prospère,
1238 1643 1408 1687 rapport
1445 1635 1496 1674 de
1527 1634 1648 1674 6.000
1669 1631 1724 1671 fr.

592 1709 670 1749 par
688 1708 758 1745 an,
780 1695 1020 1747 épouserait
1040 1704 1174 1734 veuve
1195 1691 1295 1732 bien
1311 1690 1471 1739 élevée,
1487 1699 1588 1728 avec
1607 1684 1726 1726 avoir

595 1758 646 1790 de
667 1751 814 1799 20,000
835 1750 991 1788 francs.

649 1827 740 1868 591.
764 1850 814 1854 —
834 1823 1101 1871 Célibataire,
1123 1823 1173 1862 28
1195 1832 1286 1873 ans,
1308 1819 1481 1860 fortune
1500 1816 1649 1868 20,000
1672 1816 1724 1856 fr.

595 1886 726 1932 ayant
743 1890 983 1919 commerce
1006 1879 1108 1916 d’un
1130 1880 1296 1927 rapport
1318 1872 1479 1914 annuel
1512 1872 1563 1911 de
1606 1871 1728 1919 4,000

597 1934 666 1983 fr.,
691 1932 788 1984 plus
822 1943 904 1972 une
943 1936 1063 1971 autre
1103 1930 1270 1968 maison
1309 1938 1363 1967 en
1399 1924 1632 1977 Amérique
1666 1923 1727 1962 lui

597 1991 842 2038 rapportant
867 1986 982 2034 1,500
1007 1986 1074 2032 fr.,
1097 1980 1338 2034 épouserait
1355 1978 1607 2019 demoiselle
1627 1988 1728 2016 avec

598 2040 668 2079 dot
691 2040 742 2079 de
767 2039 915 2086 20,000
938 2038 1094 2078 francs.

651 2111 742 2151 596.
767 2134 815 2139 —
835 2109 1102 2158 Célibataire,
1126 2107 1175 2150 54
1196 2118 1286 2154 ans,
1311 2104 1482 2144 fortune
1506 2102 1652 2152 60,000
1675 2100 1727 2140 fr.

595 2164 838 2215 épouserait
883 2161 1136 2203 demoiselle
1184 2172 1239 2199 ou
1288 2170 1454 2206 veuve,
1507 2155 1731 2206 possédant

600 2218 748 2267 30.000
770 2215 927 2257 francs.

655 2288 746 2330 599.
768 2311 819 2318 —
840 2286 1006 2326 Officier
1026 2299 1079 2326 en
1108 2285 1294 2331 activité,
1334 2284 1383 2323 36
1423 2294 1513 2329 ans,
1559 2283 1728 2321 fortune

604 2339 868 2393 personnelle
907 2339 1053 2387 30,000
1094 2338 1166 2389 fr.,
1205 2336 1447 2389 épouserait
1481 2332 1731 2375 demoiselle

603 2402 734 2446 ayant
751 2395 822 2434 dot
840 2395 891 2434 de
912 2394 1060 2442 80,000
1084 2392 1134 2431 fr.

657 2466 747 2507 601.
775 2463 1117 2511 —.Célibataire,
1138 2463 1187 2502 38
1207 2472 1296 2510 ans,
1335 2466 1466 2511 ayant
1506 2458 1735 2510 profession

606 2520 707 2559 d’un
733 2524 904 2570 rapport
924 2516 1085 2556 annuel
1124 2516 1175 2555 de
1215 2515 1335 2565 5,000
1376 2514 1447 2562 fr.,
1483 2512 1655 2551 fortune
1688 2512 1739 2550 de

606 2571 752 2620 35.000
774 2573 842 2620 fr,,
866 2570 1106 2622 épouserait
1124 2567 1374 2607 demoiselle
1395 2578 1498 2606 avec
1514 2564 1660 2614 40,000
1684 2564 1736 2604 fr.

660 2643 751 2684 606.
783 2666 836 2671 —
882 2641 1149 2687 Célibataire,
1190 2640 1239 2679 25
1289 2650 1380 2686 ans,
1422 2637 1640 2688 disposant
1688 2636 1739 2676 de

607 2697 755 2746 25.000
776 2696 846 2743 fr.,
868 2703 907 2734 et
928 2696 1178 2744 espérances
1199 2693 1346 2741 30,000
1362 2692 1433 2740 fr.,
1455 2690 1591 2730 désire
1608 2691 1738 2739 épou¬

608 2762 674 2791 ser
694 2748 942 2790 demoiselle
962 2754 1092 2799 ayant
1126 2746 1234 2786 belle
1274 2744 1482 2786 situation
1518 2755 1739 2783 commer¬

610 2803 718 2843 ciale
749 2815 757 2848 ;
799 2803 830 2841 il
866 2800 1121 2853 apporterait
1158 2799 1218 2839 les
1255 2799 1402 2847 25,000
1443 2798 1494 2836 fr.
1543 2799 1647 2836 dans
1699 2798 1738 2836 la

612 2856 776 2896 maison
799 2856 850 2895 de
872 2865 1127 2895 commerce.

663 2928 752 2969 608.
772 2951 822 2956 —
843 2926 1108 2974 Célibataire,
1126 2925 1176 2964 25
1192 2935 1282 2972 ans,
1300 2922 1503 2973 employé
1526 2922 1576 2960 de
1600 2922 1739 2969 l’Etat,

608 2980 847 3031 épouserait
889 2978 1136 3019 demoiselle
1176 2990 1230 3016 ou
1283 2988 1422 3015 veuve
1470 2986 1519 3014 en
1575 2982 1742 3024 rapport

610 3034 743 3084 d'âge,
766 3039 898 3086 ayant
927 3032 1067 3072 15.000
1090 3031 1143 3071 fr.

663 3111 754 3151 611.
787 3132 826 3138 —
848 3108 1112 3158 Célibataire,
1154 3108 1202 3147 30
1242 3119 1334 3155 ans,
1375 3116 1531 3158 garçon
1567 3106 1591 3144 d
1614 3104 1742 3154 hôtel,

609 3171 741 3215 ayant
760 3162 880 3203 avoir
899 3162 1019 3202 6.000
1042 3163 1110 3210 fr.,
1133 3160 1376 3211 épouserait
1414 3157 1663 3199 demoiselle
1687 3172 1740 3198 ou

610 3228 747 3256 veuve
770 3217 991 3267 possédant
1012 3215 1132 3256 4.000
1153 3215 1223 3264 fr.,
1247 3226 1356 3265 pour
1377 3218 1546 3252 monter
1568 3212 1743 3262 pension

615 3270 876 3320 bourgeoise.

666 3336 756 3375 612.
780 3358 830 3362 —
870 3334 992 3380 Veuf,
1015 3334 1207 3382 docteur,
1231 3331 1454 3384 possédant
1480 3331 1650 3371 100.000
1672 3331 1743 3378 fr.,

611 3391 687 3438 âgé
708 3388 759 3428 de
780 3388 830 3427 55
851 3398 940 3436 ans,
964 3386 1204 3438 épouserait
1227 3398 1359 3426 veuve
1382 3384 1432 3424 de
1451 3384 1500 3423 30
1520 3386 1543 3423 à
1575 3385 1624 3424 50
1650 3396 1743 3433 ans,

614 3443 711 3482 bien
734 3439 891 3490 élevée,
915 3446 1047 3491 ayant
1067 3439 1254 3492 quelque
1276 3438 1409 3478 avoir.

665 3526 756 3564 618.
806 3546 849 3556 —
899 3523 1030 3572 Veuf,
1081 3534 1177 3563 sans
1224 3522 1386 3571 enfant,
1439 3522 1742 3570 représentant,

612 3582 797 3628 gagnant
818 3578 939 3617 8.000
974 3576 1026 3616 fr.
1065 3588 1136 3627 par
1156 3587 1226 3623 an,
1250 3574 1386 3614 désire
1407 3575 1587 3624 épouser
1610 3584 1744 3612 veuve

612 3643 665 3670 ou
688 3630 936 3670 demoiselle
958 3642 1007 3668 en
1032 3634 1199 3680 rapport
1222 3628 1340 3678 d’âge
1363 3639 1415 3666 ou
1450 3627 1672 3667 au-dessus
1694 3627 1744 3666 de

612 3683 663 3724 40
683 3695 775 3734 ans,
799 3682 1021 3735 possédant
1041 3682 1189 3723 20.000
1209 3682 1266 3722 fr.

667 3755 742 3792 622
779 3775 831 3782 —
850 3747 1118 3799 Célibataire,
1140 3752 1191 3791 26
1212 3762 1303 3798 ans,
1328 3751 1498 3790 fortune
1520 3750 1667 3790 40.000
1691 3750 1742 3790 fr.

613 3804 889 3855 immeubles,
911 3805 1152 3856 épouserait
1173 3803 1423 3844 demoiselle
1446 3810 1578 3854 ayant
1599 3803 1744 3843 bonne

614 3861 818 3900 situation
839 3858 1140 3899 commerciale
1162 3871 1215 3898 ou
1238 3858 1408 3898 fortune
1428 3858 1479 3896 de
1500 3858 1648 3896 80.000
1690 3856 1743 3896 fr.

667 3938 758 3976 622.
782 3959 833 3964 —
863 3935 1128 3984 Célibataire,
1164 3936 1214 3975 26
1247 3946 1338 3982 ans,
1371 3935 1663 3986 représentant
1694 3934 1746 3974 de

612 4002 869 4039 commerce,
910 3990 1079 4030 fortune
1119 3989 1266 4029 40.000
1307 3988 1358 4028 fr.
1401 3999 1453 4028 en
1494 3987 1744 4038 propriétés,

614 4050 796 4094 gagnant
836 4043 956 4083 4.000
987 4043 1056 4091 fr.,
1098 4042 1235 4082 désire
1276 4042 1456 4091 épouser
1494 4040 1744 4080 demoiselle

614 4098 827 4148 disposant
848 4098 899 4136 de
924 4096 934 4135 1
944 4096 1091 4137 Ou.000
1114 4095 1164 4136 fr.

668 4175 759 4214 625.
785 4198 830 4202 —
872 4174 980 4213 Veuf
1018 4185 1115 4213 sans
1151 4172 1335 4220 enfants,
1374 4172 1451 4220 âgé
1485 4171 1536 4210 de
1570 4172 1619 4211 50
1654 4183 1744 4218 ans,

615 4238 747 4278 gagne
787 4227 931 4267 10.000
952 4227 1002 4266 Ir.
1041 4239 1112 4278 par
1144 4238 1199 4265 an
1231 4236 1399 4265 comme
1440 4226 1745 4275 réprésentant,

616 4280 712 4330 plus
732 4282 902 4320 fortune
927 4279 1204 4331 personnelle,
1234 4279 1368 4319 désire
1390 4280 1570 4329 épouser
1592 4290 1743 4327 veuve,

615 4336 758 4375 même
782 4334 875 4384 plus
895 4335 1012 4384 âgée,
1040 4332 1259 4383 possédant
1281 4332 1457 4371 200.000
1480 4331 1532 4371 fr.

668 4431 759 4470 627.
783 4451 826 4459 —
868 4428 1135 4477 Célibataire,
1174 4426 1371 4476 horloger
1398 4426 1543 4475 établi,
1574 4427 1623 4466 30
1655 4438 1746 4475 ans,

614 4483 782 4523 fortune
830 4482 971 4522 15.000
1013 4482 1088 4527 fr.,
1127 4479 1367 4532 épouserait
1408 4478 1658 4519 demoiselle
1695 4490 1746 4519 en

616 4541 784 4588 rapport
806 4536 926 4587 d’âge
945 4547 1046 4575 avec
1069 4536 1238 4575 fortune
1258 4532 1547 4586 équivalente.

670 4614 760 4654 628.
775 4635 824 4642 —
844 4612 1110 4658 Célibataire,
1135 4612 1183 4651 25
1202 4623 1291 4660 ans,
1319 4611 1484 4650 fortune
1514 4611 1655 4650 10.000
1679 4611 1747 4660 fr.,

616 4666 899 4718 mécanicien,
922 4678 1058 4716 gagne
1079 4666 1200 4707 2.500
1224 4666 1275 4705 fr.
1301 4678 1374 4715 par
1402 4676 1471 4710 an,
1504 4664 1746 4715 épouserait

616 4720 865 4760 demoiselle
904 4731 956 4759 en
1000 4726 1163 4770 rapport
1202 4720 1321 4767 d’âge
1360 4723 1492 4769 ayant
1536 4731 1589 4756 un
1631 4729 1748 4756 com¬

616 4785 757 4814 merce
779 4786 831 4812 ou
855 4771 988 4814 avoir.

669 4844 759 4885 630.
776 4867 827 4872 —
848 4844 1117 4893 Célibataire,
1135 4843 1185 4883 28
1201 4855 1291 4891 ans,
1308 4854 1406 4891 sage
1424 4847 1463 4882 et
1484 4840 1745 4890 travailleur,

615 4904 914 4948 restaurateur,
936 4898 1177 4948 épouserait
1199 4895 1450 4936 demoiselle
1492 4899 1677 4946 pouvant
1711 4895 1748 4934 le

615 4951 831 4999 seconder,
855 4956 986 5003 ayant
1006 4951 1056 4991 de
1080 4950 1124 4990 10
1147 4952 1166 4990 à
1198 4950 1339 4990 12.000
1359 4948 1411 4988 fr.

667 5024 758 5063 636.
780 5044 826 5052 —
850 5022 1116 5071 Célibataire,
1140 5022 1295 5068 28ans,
1315 5020 1483 5060 fortune
1504 5019 1672 5060 100.000
1695 5019 1745 5060 fr.

615 5078 798 5128 espèces,
815 5077 1055 5127 épouserait
1070 5074 1320 5115 demoiselle
1336 5079 1468 5126 ayant
1487 5073 1595 5113 belle
1611 5072 1750 5112 situa¬

616 5131 704 5170 tion
723 5128 1039 5171 commerciale.

666 5202 757 5242 638.
781 5223 831 5229 —
854 5199 975 5247 Veuf,
999 5200 1048 5240 56
1070 5211 1162 5246 ans,
1194 5199 1383 5247 ouvrier,
1419 5210 1516 5239 sans
1559 5198 1747 5248 enfants,

616 5257 838 5304 possédant
859 5255 1006 5294 20.000
1030 5255 1082 5294 fr.
1116 5266 1170 5292 en
1200 5253 1471 5302 obligations,
1507 5253 1748 5302 épouserait

616 5320 750 5348 veuve
771 5319 823 5347 en
848 5311 1015 5359 rapport
1038 5308 1172 5356 d’âge,
1190 5318 1287 5346 sans
1308 5306 1491 5354 enfants,
1526 5304 1747 5355 possédant

612 5363 691 5402 700
712 5363 763 5402 fr.
786 5362 838 5402 de
854 5372 1062 5411 revenus;
1088 5360 1118 5400 il
1142 5360 1268 5400 ferait
1288 5359 1491 5399 donation
1522 5359 1572 5399 de
1616 5359 1746 5398 l'usu¬

616 5416 720 5454 fruit
742 5427 816 5467 par
836 5419 1016 5455 contrat.

668 5488 759 5528 639.
783 5510 836 5516 —
855 5486 1123 5535 Célibataire,
1147 5486 1195 5526 39
1219 5496 1308 5531 ans,
1334 5483 1546 5534 médecin,
1571 5485 1750 5536 épouse¬

615 5542 695 5579 rait
715 5540 965 5580 demoiselle
987 5539 1209 5591 possédant
1229 5539 1376 5579 80.000
1399 5539 1452 5576 fr.

670 5611 760 5652 640.
799 5635 822 5640 -
854 5611 1120 5659 Célibataire,
1147 5610 1349 5662 employé
1363 5609 1414 5650 de
1432 5607 1567 5660 l’Etat,
1588 5608 1632 5648 31
1656 5621 1747 5660 ans,

614 5667 956 5716 appointements
983 5664 1211 5712 18,000fr.,
1231 5662 1474 5714 épouserait
1496 5663 1749 5703 demoiselle

611 5723 745 5770 ayant
758 5719 830 5757 dot
853 5719 903 5757 de
923 5718 1071 5757 20.000
1093 5717 1147 5755 fr.

666 5790 758 5830 641.
791 5812 819 5818 -
859 5788 984 5836 Veuf,
1026 5788 1047 5827 3
1088 5786 1271 5835 enfants,
1314 5787 1361 5826 4?
1387 5799 1478 5835 ans,
1527 5786 1750 5838 possédant

615 5843 734 5891 6.000
755 5842 806 5882 fr.
831 5842 882 5882 de
904 5854 1099 5890 revenus,
1123 5840 1367 5891 épouserait
1406 5839 1654 5879 demoiselle
1692 5852 1746 5879 ou

616 5908 749 5936 veuve
770 5896 995 5947 possédant
1012 5895 1063 5935 25
1085 5895 1163 5936 000
1184 5895 1236 5934 fr.
1262 5894 1313 5934 de
1334 5895 1420 5935 dot.

668 5980 760 6019 645.
767 6002 814 6007 —
843 5978 964 6027 Veuf,
990 5979 1037 6018 34
1060 5990 1151 6026 ans,
1168 5978 1279 6018 deux
1299 5978 1482 6027 enfants,
1508 5988 1750 6017 commerce

614 6033 665 6072 de
686 6033 778 6072 vins
799 6034 879 6072 très
902 6031 1130 6083 productif,
1155 6031 1395 6082 épouserait
1419 6042 1627 6083 personne
1649 6042 1750 6071 avec

616 6086 719 6138 petit
739 6086 856 6126 avoir
877 6092 916 6124 et
943 6091 1128 6135 pouvant
1154 6084 1188 6123 le
1209 6086 1426 6125 seconder.

668 6163 759 6203 646.
787 6186 832 6191 —
866 6162 1134 6208 Célibataire,
1155 6162 1204 6200 28
1234 6172 1325 6210 ans,
1348 6168 1476 6212 ayant
1510 6171 1750 6202 commerce

617 6218 700 6258 très
719 6216 908 6265 lucratif,
945 6215 1187 6266 épouserait
1218 6213 1469 6256 demoiselle
1507 6226 1610 6255 avec
1647 6216 1752 6264 petit

614 6270 747 6320 avoir,
772 6275 957 6319 pouvant
980 6270 1101 6319 gérer
1124 6267 1332 6316 magasin.

1847 759 1938 800 647.
1964 782 1996 787 -
2026 756 2291 804 Célibataire,
2316 754 2515 804 vicomte,
2535 751 2581 790 21
2606 759 2695 796 ans,
2719 746 2820 786 allié
2842 756 2924 783 aux

1795 814 1984 852 familles
2003 811 2065 852 les
2086 810 2183 863 plus
2204 807 2366 858 nobles,
2398 803 2635 857 épouserait
2677 798 2925 840 demoiselle

1795 872 1924 919 ayant
1946 866 2134 910 fortune.

1850 932 1939 972 648.
1948 955 1996 960 —
2017 928 2282 977 Célibataire,
2301 934 2454 973 comte,
2471 924 2520 963 24
2538 935 2627 971 ans,
2648 920 2711 960 bel
2735 920 2923 966 homme,

1795 987 1847 1027 de
1872 987 1908 1024 la
1931 984 2158 1025 meilleure
2178 983 2386 1028 noblesse,
2408 976 2648 1029 épouserait
2677 971 2926 1012 demoiselle

1796 1046 1926 1075 avant
1947 1039 2131 1074 fortune.

1850 1106 1939 1146 656.
1963 1127 2013 1134 —
2049 1102 2315 1147 Célibataire,
2360 1097 2498 1142 noble,
2539 1095 2587 1135 60
2628 1106 2717 1141 ans,
2759 1092 2928 1130 fortune

1798 1158 1970 1209 800,000
1994 1158 2064 1204 fr.,
2088 1154 2327 1206 épouserait
2366 1152 2490 1191 dame
2522 1150 2573 1188 de
2597 1147 2646 1188 40
2685 1148 2708 1186 à
2747 1145 2796 1184 45
2836 1154 2952 1190 ans,,

1796 1219 1926 1266 ayant
1950 1210 2120 1260 300,000
2144 1211 2195 1250 fr.

1851 1276 1944 1316 657.
1994 1296 2026 1302 -
2083 1270 2334 1312 Célibataire
2367 1263 2704 1320 (pharmacien),
2747 1261 2788 1300 41
2837 1271 2927 1308 ans,

1799 1330 2037 1380 épouserait
2057 1323 2306 1367 demoiselle
2344 1335 2396 1362 ou
2424 1333 2555 1361 veuve
2594 1323 2724 1370 ayant
2763 1316 2813 1354 de
2835 1314 2883 1354 60
2906 1326 2928 1352 a

1806 1383 1971 1432 100.000
1994 1382 2043 1419 fr.

1853 1448 1943 1488 659.
1966 1471 2015 1475 —
2035 1444 2299 1490 Célibataire,
2323 1442 2371 1481 30
2394 1450 2482 1487 ans,
2506 1437 2604 1478 chef
2625 1435 2652 1475 d
2668 1431 2927 1480 institution,

1800 1500 2041 1551 épouserait
2107 1495 2354 1538 demoiselle
2417 1491 2638 1538 instruite,
2708 1486 2932 1539 possédant

1800 1556 1947 1606 30.000
1971 1554 2022 1594 fr.

1860 1714 1992 1756 Nous
2038 1710 2255 1754 donnons
2304 1704 2568 1748 ci-dessous
2613 1699 2836 1742 l’adresse
2878 1695 2934 1739 de

1803 1775 1913 1815 MM.
1956 1771 2023 1814 les
2059 1769 2267 1813 notaires
2299 1764 2355 1807 de
2392 1763 2435 1806 la
2466 1760 2570 1804 ville
2596 1759 2652 1802 de
2683 1755 2928 1810 Marseille,

1804 1834 1883 1888 qui
1915 1843 2088 1888 pourra
2117 1830 2215 1871 être
2247 1823 2356 1870 utile
2388 1834 2503 1880 pour
2531 1819 2596 1864 les
2629 1817 2843 1862 contrats
2875 1814 2931 1856 de

1804 1893 2018 1944 mariage
2041 1904 2050 1931 :

1861 1975 1955 2012 MM.
1993 1969 2199 2019 Sabatier,
2219 1979 2296 2008 rue
2315 1966 2501 2015 Paradis,
2531 1964 2588 2002 17.

1995 2035 2214 2088 Raynaud,
2237 2046 2311 2072 vue
2333 2030 2519 2076 Paradis,
2542 2030 2606 2068 24.

1994 2102 2170 2151 Caudet,
2195 2112 2269 2140 rue
2292 2098 2474 2144 Paradis,
2498 2096 2562 2135 46.

1995 2170 2193 2220 Gasquet,
2214 2177 2289 2206 rue
2306 2162 2492 2211 Paradis,
2515 2163 2580 2202 57.

1995 2232 2195 2283 Ferrand,
2219 2243 2292 2272 rue
2315 2228 2499 2276 Paradis,
2523 2228 2587 2268 59.

1995 2303 2150 2350 Brezet,
2174 2311 2246 2338 rue
2270 2295 2455 2345 Paradis,
2479 2295 2542 2334 68.

1998 2367 2048 2407 de
2072 2367 2210 2416 Laget,
2232 2375 2307 2403 rue
2328 2358 2651 2408 Saint-Ferréol,
2675 2360 2712 2399 7.

1999 2431 2270 2481 Delanglade,
2292 2440 2368 2467 rue
2386 2424 2712 2471 Saint-Ferréol,
2736 2424 2803 2463 29.

1999 2499 2142 2547 Benet,
2165 2509 2242 2536 rue
2262 2491 2586 2540 Saint-Ferréol,
2609 2491 2673 2531 30.

1999 2562 2244 2614 Provençal,
2267 2572 2342 2599 rue
2363 2555 2690 2604 Saint-Ferréol,
2714 2556 2782 2596 50.

2000 2628 2222 2679 Bouteille,
2246 2639 2319 2668 rue
2340 2623 2660 2674 Saint-Ferréol,
2690 2623 2753 2662 52.

2002 2695 2238 2745 Eslrangin,
2263 2706 2336 2732 rue
2356 2690 2680 2737 Saint-Ferréol,
2705 2689 2769 2728 54.

2003 2767 2203 2816 Jourdan,
2224 2778 2299 2806 rue
2319 2761 2642 2811 Saint-Ferréol,
2666 2760 2728 2802 59.

2001 2836 2158 2885 Sayou,
2179 2844 2259 2872 rue
2277 2828 2603 2878 Saint-Ferréol,
2627 2828 2690 2867 78.

2004 2899 2163 2947 Perrin,
2186 2911 2260 2938 rue
2284 2898 2373 2936 Mon
2383 2895 2544 2946 [grand,
2571 2894 2636 2935 38.

2002 2962 2336 3011 Taxil-Forloul,
2362 2975 2435 3002 rue
2460 2963 2564 3001 Mont
2572 2962 2720 3012 grand,
2745 2960 2808 2999 48.

2005 3032 2147 3078 Alliés,
2174 3040 2249 3069 me
2268 3029 2371 3068 Mont
2382 3028 2527 3078 grand,
2551 3028 2614 3067 62.

2004 3099 2138 3143 Azaïs,
2164 3108 2237 3134 rue
2259 3094 2308 3134 de
2332 3094 2370 3132 la
2391 3095 2531 3142 Darse,
2554 3094 2590 3131 5.

2005 3162 2200 3214 Laugier,
2223 3173 2299 3201 rue
2319 3162 2371 3200 de
2391 3160 2432 3199 la
2452 3160 2592 3208 Darse,
2614 3159 2680 3199 29.

2010 3230 2231 3280 Raynaud,
2255 3239 2328 3267 rue
2348 3225 2550 3271 Noailles,
2574 3228 2611 3266 7.

2006 3296 2103 3336 Dess
2111 3295 2226 3343 nard,
2251 3305 2326 3334 rue
2344 3291 2545 3339 Noailles,
2576 3291 2634 3332 18.

2011 3361 2200 3411 Laugier,
2224 3371 2298 3400 rue
2319 3358 2590 3406 Cannebière,
2614 3358 2652 3398 5.

2007 3430 2134 3468 Décor
2141 3426 2234 3476 mis,
2259 3438 2332 3466 rue
2354 3426 2555 3476 Grignan,
2579 3424 2643 3464 56.

2007 3493 2131 3541 Latil,
2155 3505 2228 3532 rue
2249 3491 2407 3540 Sainte,
2436 3492 2468 3531 1.

2007 3556 2200 3606 Giraudi,
2224 3568 2348 3596 cours
2364 3556 2652 3604 Saint-Louis,
2679 3556 2715 3596 3.

2007 3624 2147 3672 Blanc,
2169 3635 2244 3662 rue
2266 3622 2316 3661 de
2339 3620 2514 3671 l’Arbre,
2538 3622 2575 3660 9.

2009 3688 2230 3736 Roubaud,
2256 3699 2332 3728 rue
2350 3688 2401 3727 de
2422 3687 2463 3727 la
2485 3686 2771 3738 République,
2798 3686 2860 3724 15.

2007 3755 2154 3803 Gavoî,
2179 3766 2254 3792 rue
2275 3754 2330 3792 du
2355 3754 2542 3802 Bausset,
2566 3752 2603 3792 4.

1871 3922 2061 3975 L’Office
2091 3920 2330 3960 Monclonet
2348 3923 2410 3958 est
2436 3924 2588 3959 ouvert
2612 3922 2709 3958 tous
2736 3920 2797 3958 les
2816 3919 2955 3970 jours

1820 3991 1874 4030 de
1891 3992 1920 4030 2
1941 3989 2098 4028 heures
2119 3990 2144 4027 à
2167 3987 2194 4026 8
2215 3984 2371 4027 heures
2390 3987 2451 4026 du
2482 3987 2574 4026 soir
2599 3987 2639 4024 et
2677 3986 2738 4024 les
2774 3983 2954 4024 diman¬

1819 4055 1918 4094 ches
1938 4058 1977 4094 et
1996 4054 2106 4106 fêtes
2127 4052 2180 4091 de
2203 4054 2227 4091 9
2248 4050 2404 4091 hernies
2424 4055 2448 4091 à
2471 4051 2603 4090 midi.

1880 4219 2290 4292 THÉÂTRES
2348 4229 2440 4289 ET
2498 4227 2894 4290 CONCERTS

1876 4391 2286 4433 Grand-Théâtre.
2326 4414 2377 4419 —
2420 4390 2556 4438 Enfin,
2595 4401 2702 4429 nous
2732 4389 2846 4429 voilà
2878 4390 2955 4431 dé¬

1823 4447 2034 4486 barrassés
2066 4446 2118 4484 de
2159 4443 2315 4494 l’opéra
2351 4443 2594 4483 somnolent
2626 4442 2875 4496 Lohengrin
2881 4475 2890 4492 ,
2914 4449 2954 4482 et

1825 4511 1930 4552 pour
1950 4498 2158 4550 toujours,
2182 4496 2456 4547 espérons-le.

1877 4555 1990 4593 Deux
2014 4555 2191 4603 reprises
2212 4550 2220 4591 :
2250 4549 2391 4599 Faust,
2419 4552 2524 4590 dans
2546 4551 2686 4603 lequel
2719 4551 2768 4590 M.
2792 4549 2955 4602 Queyla

1822 4607 1916 4647 s’est
1938 4607 2104 4646 montré
2123 4604 2266 4644 artiste
2288 4603 2611 4644 consciencieux
2634 4611 2672 4642 et
2694 4604 2744 4643 de
2764 4603 2894 4643 talent
2915 4608 2955 4641 et

1826 4658 2174 4699 Guillaume-Tell
2202 4659 2307 4698 dans
2341 4656 2480 4709 lequel
2506 4658 2554 4696 M.
2575 4657 2815 4697 Chevallier
2836 4663 2954 4696 notre

1822 4714 1907 4752 fort
1928 4713 2047 4752 ténor
2071 4724 2092 4751 a
2114 4712 2270 4751 chanté
2290 4722 2391 4751 avec
2416 4722 2470 4748 un
2493 4711 2584 4750 brio
2604 4709 2857 4751 admirable.

1875 4765 2228 4807 Prochainement
2268 4776 2276 4803 :
2322 4763 2358 4803 le
2400 4762 2535 4814 Rêve,
2578 4775 2678 4804 avec
2718 4762 2860 4815 lequel
2899 4775 2954 4802 on

1823 4822 1964 4871 espère
1984 4819 2084 4859 finir
2104 4818 2143 4858 la
2163 4819 2303 4859 saison
2327 4816 2549 4858 théâtrale.

1878 4911 2136 4962 Gymnase.
2160 4931 2210 4936 —
2252 4907 2304 4947 Le
2340 4907 2456 4959 Pays
2492 4906 2540 4947 de
2575 4906 2668 4947 l'Or
2690 4919 2738 4946 va
2758 4906 2875 4947 avoir
2899 4919 2954 4947 un

1826 4962 1954 5012 grand
1995 4963 2142 5003 succès
2191 4973 2296 5012 pour
2346 4960 2382 5000 le
2432 4965 2586 5000 restant
2624 4960 2674 5000 de
2718 4962 2758 5000 la
2798 4960 2951 5000 saison.

1824 5015 1982 5056 Jamais
2005 5028 2055 5055 on
2082 5016 2227 5055 n’aura
2253 5027 2302 5053 vu
2331 5026 2386 5052 un
2410 5015 2538 5064 pareil
2563 5014 2660 5054 luxe
2695 5014 2747 5054 de
2775 5013 2880 5053 mise
2902 5026 2954 5052 en

1823 5071 1962 5119 scène,
1986 5070 2035 5108 de
2056 5070 2202 5111 décors
2222 5074 2261 5108 et
2282 5067 2331 5107 de
2352 5074 2579 5108 costumes.
2619 5067 2730 5107 Cette
2766 5067 2880 5118 pièce
2904 5079 2956 5107 ne

1823 5130 1991 5174 compte
2019 5135 2087 5172 pas
2110 5124 2248 5162 moins
2283 5122 2332 5160 de
2370 5122 2600 5173 cinquante
2639 5120 2818 5170 artistes,
2860 5132 2956 5159 sans

1822 5182 2011 5227 compter
2036 5176 2092 5215 les
2114 5176 2336 5225 figurants,
2363 5174 2421 5214 les
2443 5174 2694 5214 marcheurs
2714 5179 2754 5212 et
2779 5174 2814 5212 le
2835 5184 2957 5224 corps

1823 5232 1874 5271 de
1895 5230 2026 5270 ballet
2047 5231 2097 5270 de
2120 5230 2239 5279 vingt
2260 5228 2490 5270 danseuses
2511 5227 2614 5268 d'un
2644 5227 2740 5267 luxe
2763 5227 2956 5268 éblouis¬

1823 5292 1932 5324 sant.

1877 5374 2316 5424 Variétés.—Après
2335 5372 2376 5412 la
2390 5372 2655 5413 déconfiture
2674 5371 2724 5411 de
2749 5372 2796 5411 M.
2822 5371 2957 5422 Puget

1824 5430 1884 5468 les
1922 5428 2103 5472 artistes,
2144 5439 2243 5467 sous
2279 5426 2316 5465 la
2355 5426 2560 5465 direction
2590 5427 2639 5464 de
2663 5426 2711 5464 M.
2736 5425 2952 5474 Grégoire,

1823 5488 1896 5523 ont
1918 5482 2056 5523 résolu
2082 5482 2132 5520 de
2152 5483 2356 5520 terminer
2392 5480 2430 5519 la
2463 5479 2618 5520 saison.
2662 5479 2716 5518 La
2754 5476 2955 5519 nouvelle

1822 5535 2030 5576 direction
2052 5548 2076 5574 a
2096 5534 2235 5574 donné
2258 5534 2317 5573 les
2339 5532 2692 5583 représentations
2713 5532 2770 5571 du
2798 5532 2952 5580 Bossu,

1823 5590 1874 5630 de
1896 5588 2000 5629 Paul
2023 5587 2159 5636 Féval,
2184 5592 2223 5627 et
2244 5587 2283 5627 la
2306 5587 2460 5638 reprise
2494 5586 2520 5625 d
2524 5584 2633 5627 'Une
2671 5586 2808 5625 Cause
2831 5584 2955 5624 Célè¬

1823 5644 1918 5694 bre,
1944 5643 1982 5682 le
2003 5643 2109 5682 beau
2136 5642 2284 5681 drame
2306 5641 2355 5680 de
2382 5640 2593 5691 Dennery.

1878 5731 2414 5774 Palais-de-Cristal.—
2435 5729 2511 5768 Les
2530 5726 2732 5778 Anciloti,
2755 5728 2816 5768 les
2840 5727 2957 5767 célè¬

1824 5787 1918 5826 bres
1967 5784 2307 5837 vélocipédistes,
2358 5792 2430 5823 ont
2480 5783 2555 5822 fait
2607 5782 2720 5822 leurs
2772 5782 2924 5822 adieux
2947 5813 2954 5820 .

1824 5840 1874 5880 M.
1900 5838 2130 5878 Alexandre
2151 5850 2174 5875 a
2195 5838 2270 5877 fait
2311 5850 2355 5877 sa
2395 5838 2560 5876 rentrée
2591 5847 2692 5876 avec
2732 5847 2789 5875 un
2812 5838 2955 5885 réper¬

1825 5894 1926 5932 toire
1970 5892 2252 5932 entièrement
2293 5902 2505 5930 nouveau.
2555 5890 2711 5929 Succès
2749 5888 2956 5928 croissant

1823 5958 1932 5998 pour
1964 5943 2176 5986 Gabrielle
2212 5944 2372 5984 Chalon
2406 5951 2446 5984 et
2486 5943 2686 5992 Fougère,
2724 5943 2956 5982 chanteuse

1822 5999 2126 6040 fin-de-siède.
2159 5998 2236 6038 Les
2255 5999 2420 6039 artistes
2439 5997 2538 6036 hors
2564 5995 2654 6047 pair
2672 5995 2724 6035 de
2750 5996 2787 6035 la
2811 6000 2956 6045 troupe

1823 6054 2037 6104 mimique
2075 6057 2147 6092 ont
2183 6051 2322 6091 donné
2364 6051 2403 6090 la
2442 6051 2635 6102 primeur
2653 6048 2704 6088 de
2727 6048 2768 6088 la
2803 6055 2956 6100 panto-
2992 6057 2998 6095 ;

1827 6108 1960 6146 mime
1999 6106 2270 6156 dramatique
2308 6104 2370 6144 les
2400 6103 2661 6143 Volontaires
2711 6102 2759 6140 de
2806 6102 2864 6141 93
2903 6115 2955 6142 au

1826 6160 1976 6199 milieu
1999 6159 2071 6199 des
2091 6157 2504 6210 applaudissements
2526 6156 2576 6196 de
2600 6156 2639 6196 la
2660 6156 2794 6196 foule.

1877 6214 1909 6252 A
1957 6212 2120 6252 bientôt
2167 6212 2228 6252 les
2278 6211 2632 6263 représentations
2680 6210 2738 6248 du
2786 6208 2956 6249 célèbre

1823 6263 2062 6314 Kam-Hill,
2087 6266 2124 6306 le
2146 6265 2275 6315 grand
2295 6264 2506 6305 chanteur
2527 6262 2726 6315 parisien.

3051 744 3404 825 Maisons
3467 734 4075 820 Recommandées

3052 816 3154 852 ''s_ô*o

3021 968 3110 1096 L
3141 963 3234 1095 E
3341 960 3778 1094 CIIIN
3813 950 4118 1083 OIS

3151 1127 3461 1176 CHAPEAUX
3494 1126 3566 1172 EN
3598 1123 3740 1172 TOUS
3774 1118 3988 1171 GENRES

3030 1208 3306 1251 COIFFURES
3344 1207 3476 1247 POUR
3519 1203 3792 1243 MESSIEURS
3835 1200 3900 1239 ET
3941 1196 4106 1237 DAMES

3311 1287 3585 1323 FRAICHEURS,
3617 1286 3693 1313 BON
3723 1282 3831 1312 GOUT

3099 1352 3246 1391 Haute
3268 1349 3528 1389 Nouveauté
3550 1346 3603 1384 de
3622 1346 3782 1397 forme,
3808 1331 4028 1392 Élégance
4035 1368 4044 1387 ,
4076 1340 4147 1396 Atzh

3436 1409 3712 1463 Originalité

3301 1483 3520 1526 Spécialité
3542 1482 3593 1514 de
3617 1480 3657 1513 la
3680 1479 3840 1511 Maison

3007 1548 3191 1594 Coiffures
3214 1547 3339 1591 riches
3360 1542 3583 1588 d’intérieur
3602 1543 3642 1586 et
3662 1539 3707 1584 de
3728 1539 3874 1583 Bureau
3904 1547 4040 1595 (Dernières
4052 1546 4140 1592 Modes)

3416 1616 3515 1653 Prix
3544 1612 3740 1651 Modérés

3083 1686 3204 1732 26,
3247 1684 3408 1724 Fine
3456 1677 3926 1722 Cannebière,
3964 1674 4066 1713 26

3010 1819 3251 1936 ARMES
3302 1818 3383 1934 DE
3438 1816 3699 1933 CHASSE
3746 1815 3835 1928 ET
3894 1814 3979 1927 DE
4014 1814 4143 1926 TIR

3129 1974 3432 2036 Réparations,
3473 1999 3485 2029 c
3484 1959 3724 2032 Échanges,
3751 1969 4022 2031 Nettoyages

3020 2074 3394 2138 BERNA
3410 2069 3685 2135 RD->u
3691 2083 3722 2119 e
3760 2066 4042 2131 Paradis,
4071 2067 4147 2118 32

3068 2237 3410 2334 Entreprise
3456 2234 3524 2310 de
3564 2231 4094 2332 Déménagements

3205 2352 3316 2391 Pour
3346 2363 3395 2390 la
3424 2352 3587 2390 France
3618 2361 3668 2390 et
3698 2350 3960 2388 l’Etranger

3154 2439 3394 2482 PRIX
3471 2423 4011 2480 MODÉRÉS

3087 2527 3230 2552 cadres

3142 2579 3176 2604 et

3068 2632 3259 2661 WAGONS

3060 2680 3260 2720 capitonnés

3031 2748 3114 2780 pour
3139 2738 3288 2771 Meut)'.63

3083 2804 3243 2846 précieux

3560 2522 3628 2548 LES

3336 2563 3622 2642 Mapses
3660 2559 3842 2625 Favorites

3390 2646 3573 2771 ANRÈS
3612 2665 3655 2770 &
3694 2663 3729 2769 C
3734 2659 3765 2699 ie

3360 2800 3447 2831 Maison
3474 2800 3650 2842 complètement
3674 2810 3702 2830 en
3727 2800 3811 2831 dehors

3475 2849 3503 2878 île
3523 2851 3572 2879 tout
3587 2848 3704 2888 Monopole

3882 2512 4141 2554 GARDE-MEUBLES

3890 2584 4131 2610 ASSURANCES

3951 2634 4070 2664 contre

3923 2684 4103 2717 l’Incendie

3999 2739 4030 2766 et

3128 2926 3234 2972 Bourse
3252 2924 3450 2971 Immobilière.
3464 2950 3522 2956 —
3539 2926 3623 2971 Vente
3644 2926 3671 2970 et
3688 2924 3812 2971 location
3834 2923 4034 2971 d'immeubles

3021 3007 3253 3051 MARSEILLE—
3266 3006 3353 3051 Rue
3369 3007 3580 3056 Pavillon,
3598 3007 3636 3057 4,
3651 3017 3703 3048 au
3715 3006 3907 3059 Magasin
3915 3031 3967 3035 —
3979 3006 4152 3047 MARSEILLE

3218 3172 3439 3211 Vient
3494 3171 3586 3209 de
3643 3171 3960 3222 paraître

3359 3257 3583 3308 (EDITION
3611 3258 3674 3296 DE
3700 3257 3818 3308 1891)

3027 3343 3708 3488 DICTIONNAIREdrs
3735 3343 4156 3490 communes

3073 3529 3131 3568 DE
3153 3530 3210 3567 LA
3233 3528 3431 3580 FRANCE,
3451 3528 3510 3567 DE
3532 3530 3591 3567 LA
3608 3528 3768 3579 CORSE,
3788 3528 3847 3567 DE
3862 3519 4110 3566 L’ALGÉRIE

3215 3594 3273 3632 DE
3291 3594 3351 3634 LA
3374 3595 3563 3635 TUNISIE
3580 3595 3611 3634 &
3632 3594 3717 3633 DES
3739 3592 3967 3632 COLONIES

3031 3664 3099 3703 Un
3119 3662 3211 3703 fort
3242 3662 3400 3702 volume
3430 3664 3480 3702 de
3503 3662 3595 3700 800
3619 3674 3748 3714 pages
3753 3675 3763 3711 ,
3797 3658 4044 3712 imprimées
4082 3671 4160 3698 sur

3260 3716 3290 3755 2
3312 3716 3527 3764 colonnes,
3554 3715 3715 3754 reliure
3736 3714 3923 3766 anglaise

3135 3798 3706 3833 l*rix.
3764 3795 3792 3828 S
3808 3807 3827 3827 »
3859 3795 4044 3827 IVancs

3079 3884 3143 3923 Cet
3168 3895 3367 3933 ouvrage,
3394 3882 3536 3931 rédigé
3555 3894 3628 3923 sur
3650 3894 3706 3921 un
3738 3881 3833 3931 plan
3874 3879 4158 3919 entièrement

3030 3948 3239 3987 nouveau,
3279 3936 3466 3976 contient
3499 3941 3594 3975 tous
3636 3935 3694 3974 les
3728 3935 3982 3974 documents
4020 3932 4158 3982 régle¬

3028 3997 3218 4031 mentant
3243 3991 3277 4030 le
3298 3990 3458 4030 service
3480 3990 3552 4028 des
3587 3993 3735 4040 postes,
3771 3988 3843 4027 des
3875 3986 4154 4036 télégraphes,

3027 4047 3099 4084 des
3120 4044 3366 4094 téléphones
3387 4050 3427 4083 et
3449 4043 3520 4082 des
3540 4043 3738 4082 chemins
3759 4042 3808 4080 de
3827 4040 3902 4079 fer.

3082 4099 3115 4138 Il
3136 4098 3312 4150 indique
3343 4096 3403 4136 les
3424 4107 3547 4137 noms
3579 4096 3628 4136 de
3652 4099 3788 4135 toutes
3814 4093 3872 4132 les
3895 4103 4151 4142 communes,

3027 4151 3136 4191 ainsi
3157 4164 3240 4203 que
3262 4163 3367 4191 ceux
3387 4151 3460 4190 des
3480 4151 3669 4190 bureaux
3699 4150 3748 4188 de
3774 4152 3886 4200 poste
3908 4152 3947 4187 et
3974 4145 4024 4186 de
4048 4146 4154 4187 télé¬

3027 4205 3185 4256 graphe
3206 4206 3282 4256 qui
3307 4204 3364 4243 les
3381 4204 3639 4252 desservent,
3676 4203 3736 4242 les
3754 4203 3966 4241 distances
3998 4200 4155 4248 légales

3027 4264 3067 4298 et
3103 4261 3138 4299 le
3168 4258 3319 4299 chiffre
3356 4257 3406 4298 de
3444 4256 3483 4297 la
3522 4255 3786 4308 population.
3828 4254 3887 4294 On
3910 4266 3938 4305 y
3972 4265 3995 4292 a
4016 4253 4158 4303 ajouté

3030 4318 3163 4352 toutes
3188 4312 3250 4350 les
3270 4323 3397 4362 gares
3426 4318 3622 4351 ouvertes
3653 4322 3706 4347 au
3739 4307 3898 4348 service
3930 4306 4003 4347 des
4036 4307 4156 4347 colis

3027 4375 3247 4418 postaux,
3287 4376 3388 4404 avec
3423 4363 3615 4403 mention
3655 4362 3822 4414 lorsque
3861 4372 3932 4400 ces
3969 4360 4159 4400 derniers

3027 4426 3119 4459 sont
3139 4418 3343 4458 livrables
3359 4430 3410 4456 en
3431 4429 3531 4468 gare
3551 4430 3604 4456 ou
3626 4418 3648 4455 à
3667 4415 3888 4455 domicile.

3080 4474 3138 4511 On
3160 4486 3190 4523 y
3214 4479 3406 4511 trouvera
3427 4470 3542 4511 aussi
3578 4476 3670 4508 tous
3703 4467 3762 4507 les
3794 4466 4160 4516 renseignements

3027 4526 3283 4567 nécessaires
3295 4536 3369 4567 sur
3386 4526 3420 4564 le
3437 4524 3623 4567 service
3637 4523 3721 4564 des
3738 4524 4155 4569 recouvrements,

3027 4583 3107 4619 soit
3136 4592 3186 4618 en
3210 4580 3378 4626 France,
3401 4579 3482 4618 soit
3503 4578 3608 4618 dans
3631 4576 3688 4615 les
3711 4587 3816 4626 pays
3836 4576 4052 4623 étrangers

3079 4633 3148 4673 Cet
3168 4643 3351 4682 ouvrage
3372 4639 3431 4671 est
3459 4628 3776 4680 indispensable
3810 4640 3863 4666 au
3899 4636 4157 4673 commerce,

3027 4688 3051 4725 à
3074 4686 3311 4724 l’industrie
3331 4691 3372 4724 et
3391 4696 3474 4723 aux
3494 4680 3878 4723 administrations.

3215 4775 3416 4816 PRIME
3448 4774 3488 4815 A
3522 4773 3642 4814 NOS
3671 4762 3970 4812 ABONNÉS

3081 4852 3160 4892 Par
3190 4852 3301 4891 suite
3333 4851 3434 4891 d’un
3469 4853 3766 4899 arrangement
3798 4858 3898 4887 avec
3942 4843 4154 4895 l’éditeur,

3030 4917 3136 4947 nous
3156 4915 3342 4946 sommes
3360 4907 3383 4943 à
3410 4905 3547 4945 même
3582 4903 3631 4943 de
3654 4900 3823 4942 fournir
3843 4904 3907 4939 cet
3927 4908 4112 4946 ouvrage
4135 4899 4159 4936 à

3032 4972 3104 4999 nos
3150 4959 3338 5000 abonnés
3384 4970 3435 4998 en
3478 4958 3534 4996 les
3570 4955 3727 4996 faisant
3763 4951 3992 4994 bénéficier
4031 4952 4159 4991 d’une

3030 5012 3182 5052 remise
3202 5010 3538 5062 exceptionnelle
3559 5011 3608 5050 de
3631 5010 3692 5050 20
3715 5019 3759 5059 p.
3789 5007 3896 5047 100.

3083 5067 3196 5107 Nous
3216 5066 3416 5114 adresser,
3439 5065 3544 5104 dans
3563 5075 3610 5103 ce
3631 5074 3715 5111 cas,
3755 5071 3810 5100 un
3847 5058 4159 5110 mandat-poste

3028 5120 3079 5160 de
3102 5122 3162 5161 20
3186 5120 3243 5159 fr.
3268 5131 3320 5159 au
3347 5130 3444 5158 nom
3470 5118 3519 5156 de
3542 5118 3708 5158 Bonal.

3031 5215 3063 5235 sa

3038 5299 3127 5397 Le
3174 5295 3404 5396 Guide
3466 5294 3766 5393 autour
3814 5290 3956 5388 des
4016 5287 4156 5389 Iles

3082 5490 3132 5530 Ce
3155 5488 3254 5539 petit
3275 5486 3426 5532 Guide,
3450 5485 3551 5524 dont
3575 5484 3611 5524 le
3634 5484 3777 5525 besoin
3800 5494 3843 5523 se
3868 5480 4008 5523 faisait
4039 5482 4160 5523 vive-

3032 5546 3147 5583 raedt
3166 5548 3300 5582 sentir
3318 5552 3427 5592 pour
3463 5538 3524 5578 les
3561 5539 3796 5578 nombreux
3832 5537 4047 5586 étrangers
4083 5548 4160 5587 qui

3028 5596 3215 5638 désirent
3230 5594 3376 5635 visiter
3397 5592 3456 5632 les
3476 5591 3663 5632 diverses
3680 5588 3906 5634 curiosités
3923 5589 3973 5628 de
3995 5588 4032 5628 la
4058 5589 4160 5631 ville

3030 5651 3080 5690 de
3110 5648 3318 5691 Marseille
3354 5651 3392 5686 et
3422 5647 3472 5686 de
3508 5658 3572 5685 ses
3604 5646 3819 5691 environs,
3852 5656 3876 5682 a
3910 5644 4067 5683 obtenu
4104 5655 4159 5683 un

3032 5704 3084 5743 tel
3107 5704 3269 5747 succès,
3291 5712 3375 5752 que
3407 5711 3483 5740 son
3511 5705 3665 5738 auteur
3686 5711 3738 5738 va
3759 5698 3797 5737 le
3818 5697 4056 5746 compléter
4083 5708 4161 5748 par

3034 5768 3115 5797 une
3136 5755 3252 5795 foule
3282 5752 3583 5794 d'indications
3612 5757 3652 5792 et
3687 5750 4052 5800 renseignements
4083 5750 4161 5802 qui

3032 5814 3307 5862 permettront
3328 5810 3350 5846 à
3376 5808 3463 5847 MM.
3491 5807 3548 5846 les
3571 5816 3806 5857 voyageurs
3839 5804 3890 5842 de
3927 5816 3970 5844 se
4007 5803 4159 5854 guider

3029 5875 3126 5903 sans
3145 5862 3183 5902 le
3207 5874 3414 5902 concours
3434 5859 3538 5901 d’un
3560 5863 3771 5899 cicerone.

3290 5952 3534 6003 Dépôt
3562 5950 3854 6001 cfénéral
3891 5963 3902 5988 :

3030 6031 3175 6097 Kiosque
3196 6031 3239 6086 ïl
3261 6031 3278 6084 à
3302 6030 3335 6084 la
3358 6027 3563 6084 Cannebière
3596 6025 3652 6095 (en
3670 6027 3747 6082 face
3763 6027 3793 6082 le
3818 6026 3892 6082 café
3914 6026 3958 6082 du
3984 6025 4161 6093 Méridien)

3674 6174 3723 6207 Le
3744 6172 3881 6216 gérant
3902 6182 3912 6204 :
3936 6172 4082 6205 Bonal.

3030 6266 3143 6309 Irapr.
3159 6265 3319 6307 spéciale
3343 6264 3392 6298 du
3409 6264 3504 6298 Lien
3532 6264 3586 6297 du
3604 6264 3788 6306 Mariage,
3804 6265 3835 6296 Il
3844 6274 3922 6303 pue
3932 6263 3978 6296 de
3994 6263 4028 6296 la
4043 6263 4150 6296 Paix.

4556 4544 4604 4630 i§

4566 4619 4593 4693 (
