4728 7228
2068 602 2148 648 LE
2187 603 2342 652 LIEN
2378 603 2463 652 DU
2504 603 2805 654 MARIAGE

715 771 806 812 601.
832 794 880 801 —
907 771 1175 821 Célibataire,
1196 772 1245 811 38
1264 783 1355 822 ans,
1392 779 1524 823 ayant
1563 772 1795 823 profession

661 826 763 864 d’un
787 831 959 877 rapport
979 824 1140 864 annuel
1179 827 1229 864 de
1270 827 1391 874 5,000
1430 825 1502 875 fr.,
1539 826 1708 865 fortune
1742 827 1793 864 de

662 878 807 928 35.000
827 878 898 929 fr.,
920 879 1159 930 épouserait
1178 878 1428 919 demoiselle
1451 891 1552 919 avec
1568 879 1715 929 40,000
1740 880 1790 919 fr.

714 950 803 990 606.
838 974 891 979 —
935 950 1202 998 Célibataire,
1243 951 1295 990 25
1342 962 1431 999 ans,
1474 951 1694 1002 disposant
1741 952 1792 991 de

659 1003 807 1053 25.000
830 1003 898 1052 fr.,
922 1011 960 1043 et
982 1006 1231 1055 espérances
1252 1003 1399 1053 30,000
1415 1004 1487 1054 fr.,
1508 1004 1644 1044 désire
1662 1007 1791 1055 épou¬

660 1068 726 1096 ser
746 1057 994 1097 demoiselle
1015 1064 1144 1108 ayant
1179 1057 1287 1097 belle
1328 1058 1533 1098 situation
1572 1071 1791 1098 commer¬

659 1110 768 1150 ciale
798 1123 807 1155 ;
848 1111 880 1149 il
916 1112 1172 1162 apporterait
1208 1110 1269 1150 les
1306 1111 1455 1160 25,000
1496 1111 1546 1150 fr.
1595 1114 1702 1151 dans
1753 1112 1791 1151 la

660 1164 824 1203 maison
847 1164 898 1204 de
920 1175 1175 1204 commerce.

711 1235 801 1276 608.
821 1258 870 1264 —
890 1235 1156 1284 Célibataire,
1174 1236 1226 1275 25
1241 1247 1331 1285 ans,
1349 1236 1552 1288 employé
1574 1238 1626 1276 de
1649 1236 1787 1284 l’Etat,

656 1289 896 1339 épouserait
936 1289 1184 1329 demoiselle
1224 1302 1276 1328 ou
1331 1302 1468 1329 veuve
1518 1302 1567 1329 en
1622 1298 1788 1342 rapport

656 1342 789 1392 d'âge,
812 1348 944 1395 ayant
968 1343 1112 1383 15.000
1136 1344 1187 1382 fr.

710 1420 799 1459 611.
832 1442 873 1448 —
892 1419 1158 1471 Célibataire,
1200 1420 1247 1460 30
1288 1432 1379 1470 ans,
1419 1432 1574 1474 garçon
1610 1422 1786 1472 d’hôtel,

655 1479 786 1524 ayant
807 1472 924 1512 avoir
946 1474 1064 1514 6.000
1088 1474 1155 1523 fr.,
1180 1474 1422 1523 épouserait
1460 1475 1708 1516 demoiselle
1732 1490 1783 1515 ou

654 1536 793 1566 veuve
814 1527 1037 1578 possédant
1056 1526 1178 1568 4.000
1197 1527 1268 1577 fr.,
1291 1540 1400 1579 pour
1421 1534 1590 1569 monter
1610 1529 1785 1579 pension

656 1579 919 1630 bourgeoise.

708 1644 799 1686 612.
822 1667 871 1674 —
912 1644 1034 1694 Veuf,
1058 1646 1248 1695 docteur,
1272 1646 1494 1699 possédant
1520 1647 1690 1688 100.000
1714 1648 1783 1696 fr.,

654 1700 729 1748 âgé
750 1698 800 1738 de
822 1699 872 1739 55
894 1711 982 1748 ans,
1007 1700 1248 1751 épouserait
1269 1713 1402 1740 veuve
1424 1702 1474 1742 de
1494 1701 1543 1742 30
1562 1703 1587 1741 à
1616 1703 1667 1742 50
1691 1714 1783 1752 ans,

656 1751 752 1792 bien
775 1751 931 1800 élevée,
956 1759 1087 1804 ayant
1107 1754 1295 1805 quelque
1316 1754 1451 1795 avoir.

705 1836 795 1875 618.
846 1859 896 1874 —.
938 1836 1070 1886 Veuf,
1121 1849 1219 1878 sans
1264 1838 1426 1888 enfant,
1479 1840 1780 1888 représentant,

651 1894 836 1939 gagnant
858 1891 978 1930 8.000
1014 1890 1064 1930 fr.
1104 1902 1176 1942 par
1196 1902 1264 1939 an,
1288 1891 1424 1932 désire
1447 1893 1626 1943 épouser
1648 1904 1782 1932 veuve

652 1954 705 1981 ou
728 1943 976 1983 demoiselle
999 1956 1051 1983 en
1071 1950 1240 1996 rapport
1263 1944 1380 1995 d’âge
1403 1957 1456 1985 ou
1489 1947 1711 1987 au-dessus
1732 1947 1783 1986 de

651 1994 703 2036 40
723 2006 812 2045 ans,
839 1997 1059 2047 possédant
1080 1998 1228 2039 20.000
1248 1998 1303 2039 fr.

704 2066 776 2105 622
816 2087 867 2095 —
887 2066 1154 2118 Célibataire,
1178 2069 1228 2108 26
1250 2080 1340 2118 ans,
1366 2069 1535 2111 fortune
1558 2069 1703 2111 40.000
1727 2071 1779 2111 fr.

647 2118 926 2170 immeubles,
949 2122 1190 2172 épouserait
1210 2122 1464 2164 demoiselle
1485 2130 1617 2175 ayant
1638 2124 1781 2164 bonne

648 2172 853 2212 situation
875 2175 1176 2215 commerciale
1198 2188 1252 2215 ou
1275 2176 1446 2217 fortune
1466 2178 1516 2216 de
1538 2178 1686 2218 80.000
1726 2178 1778 2219 fr.

704 2251 795 2291 622.
818 2273 870 2280 —
900 2251 1167 2303 Célibataire,
1202 2254 1252 2294 26
1287 2266 1376 2302 ans,
1411 2256 1699 2306 représentant
1730 2256 1781 2296 de

647 2315 904 2355 commerce,
946 2306 1115 2346 fortune
1155 2307 1303 2347 40.000
1344 2307 1395 2348 fr.
1438 2320 1490 2348 en
1529 2308 1778 2360 propriétés,

647 2363 832 2408 gagnant
871 2359 991 2399 4.000
1023 2359 1092 2407 fr.,
1134 2359 1271 2400 désire
1312 2362 1492 2412 épouser
1531 2362 1779 2403 demoiselle

647 2410 863 2462 disposant
883 2412 934 2451 de
958 2413 1126 2455 100.000
1147 2414 1198 2455 fr.

702 2488 792 2530 625.
819 2513 863 2519 —
904 2488 1014 2531 Veuf
1052 2502 1150 2532 sans
1187 2491 1370 2542 enfants,
1410 2494 1486 2543 âgé
1519 2492 1570 2533 de
1603 2495 1652 2534 50
1686 2504 1776 2540 ans,

646 2552 781 2592 gagne
820 2543 964 2583 10.000
987 2544 1036 2583 fr.
1073 2556 1147 2595 par
1179 2556 1232 2584 an
1265 2557 1433 2586 comme
1474 2548 1776 2596 représentant,

648 2594 743 2643 plus
764 2595 934 2636 fortune
959 2598 1238 2649 personnelle,
1266 2599 1401 2639 désire
1422 2600 1602 2650 épouser
1622 2612 1774 2650 veuve,

648 2651 791 2690 même
815 2650 908 2701 plus
928 2652 1044 2702 âgée,
1071 2651 1293 2702 possédant
1314 2653 1490 2694 200.000
1511 2654 1563 2695 fr.

699 2746 790 2786 627.
814 2767 856 2776 —
899 2746 1166 2797 Célibataire,
1205 2747 1400 2798 horloger
1428 2748 1574 2799 établi,
1603 2750 1652 2790 30
1683 2761 1774 2800 ans,

645 2798 813 2839 fortune
863 2800 1003 2840 15.000
1043 2800 1119 2846 fr.,
1158 2802 1398 2852 épouserait
1439 2802 1686 2843 demoiselle
1723 2815 1775 2844 en

646 2856 814 2903 rapport
835 2852 955 2903 d’âge
975 2865 1076 2894 avec
1097 2854 1267 2895 fortune
1287 2855 1575 2907 équivalente.

699 2930 789 2971 628.
804 2953 854 2959 —
874 2931 1139 2980 Célibataire,
1164 2932 1212 2971 25
1230 2944 1320 2983 ans,
1346 2934 1513 2974 fortune
1542 2935 1682 2975 10.000
1706 2935 1772 2986 fr.,

644 2983 927 3035 mécanicien,
950 2996 1087 3035 gagne
1107 2985 1228 3027 2.500
1253 2985 1303 3027 fr.
1327 2998 1402 3038 par
1430 2999 1499 3036 an,
1532 2989 1772 3039 épouserait

643 3035 891 3078 demoiselle
932 3050 983 3078 en
1026 3046 1191 3091 rapport
1230 3039 1348 3091 d’âge
1388 3047 1519 3094 ayant
1562 3055 1615 3081 un
1658 3054 1774 3082 com¬

642 3102 782 3130 merce
804 3102 857 3131 ou
882 3091 1015 3132 avoir.

694 3174 784 3215 630.
802 3195 852 3203 —
874 3174 1143 3227 Célibataire,
1161 3176 1211 3216 28
1227 3188 1316 3226 ans,
1335 3188 1431 3227 sage
1450 3183 1490 3218 et
1510 3177 1770 3228 travailleur,

639 3232 939 3279 restaurateur,
962 3230 1203 3280 épouserait
1226 3230 1476 3271 demoiselle
1519 3238 1702 3282 pouvant
1736 3232 1772 3272 le

638 3280 856 3331 seconder,
879 3287 1012 3334 ayant
1031 3282 1083 3323 de
1106 3283 1150 3323 10
1172 3284 1192 3323 à
1221 3283 1364 3324 12.000
1384 3283 1436 3324 fr.

692 3366 782 3405 636.
804 3387 851 3395 —
874 3364 1140 3417 Célibataire,
1166 3367 1214 3407 28
1229 3379 1318 3416 ans,
1338 3367 1506 3408 fortune
1527 3368 1695 3410 100.000
1718 3370 1767 3410 fr.

639 3419 821 3470 espèces,
838 3420 1078 3470 épouserait
1093 3420 1343 3460 demoiselle
1359 3427 1491 3472 ayant
1507 3422 1616 3463 belle
1632 3423 1771 3463 situa¬

639 3472 726 3512 tion
746 3472 1061 3514 commerciale.

690 3543 780 3583 638.
806 3566 855 3572 —
876 3543 999 3591 Veuf,
1024 3544 1072 3584 56
1095 3556 1186 3591 ans,
1216 3546 1404 3594 ouvrier,
1442 3559 1539 3586 sans
1583 3547 1766 3597 enfants,

637 3599 860 3646 possédant
880 3598 1029 3638 20.000
1051 3596 1103 3636 fr.
1138 3610 1191 3638 en
1221 3598 1492 3650 obligations,
1527 3601 1769 3652 épouserait

637 3662 770 3691 veuve
792 3662 843 3690 en
867 3655 1035 3702 rapport
1058 3651 1194 3702 d’âge,
1211 3664 1308 3693 sans
1330 3652 1511 3703 enfants,
1546 3654 1767 3704 possédant

634 3703 710 3744 700
732 3703 783 3744 fr.
807 3703 856 3744 de
874 3715 1056 3744 revenus
1074 3718 1082 3754 ;
1108 3705 1138 3744 il
1162 3705 1287 3746 ferait
1309 3707 1512 3747 donation
1542 3707 1592 3748 de
1634 3707 1766 3748 l'usu¬

633 3756 739 3796 fruit
759 3770 834 3808 par
854 3763 1032 3798 contrat.

686 3829 776 3871 639.
800 3851 854 3859 —
874 3828 1140 3881 Célibataire,
1164 3830 1214 3871 39
1236 3842 1326 3880 ans,
1350 3832 1563 3884 médecin,
1586 3835 1765 3884 épouse¬

631 3882 712 3922 rait
731 3883 982 3924 demoiselle
1004 3884 1228 3935 possédant
1246 3884 1392 3927 80.000
1415 3887 1467 3924 fr.

684 3966 776 4006 640.
810 3987 838 3995 -
871 3966 1138 4016 Célibataire,
1164 3968 1366 4020 employé
1380 3967 1431 4008 de
1448 3968 1583 4020 l’Etat,
1603 3970 1648 4009 31
1668 3982 1760 4023 ans,

628 4020 974 4071 appointements
1013 4022 1128 4070 18,00
1157 4022 1227 4070 fr.,
1248 4023 1492 4072 épouserait
1511 4023 1761 4066 demoiselle

627 4078 759 4124 ayant
774 4073 843 4112 dot
867 4074 916 4112 de
938 4074 1085 4114 20.000
1106 4073 1159 4115 fr.

681 4144 772 4184 641.
799 4167 836 4173 —
874 4144 999 4193 Veuf,
1040 4144 1062 4183 3
1103 4146 1286 4197 enfants,
1327 4147 1375 4186 42
1402 4159 1491 4198 ans,
1535 4150 1759 4199 possédant

627 4196 747 4245 6.000
768 4198 819 4236 fr.
845 4198 895 4237 de
917 4210 1114 4247 revenus,
1138 4200 1379 4250 épouserait
1415 4202 1664 4242 demoiselle
1702 4215 1754 4243 ou

627 4262 760 4291 veuve
780 4251 1006 4302 possédant
1024 4252 1174 4294 25.000
1195 4252 1248 4291 fr.
1272 4254 1323 4294 de
1344 4254 1430 4295 dot.

677 4322 767 4362 645.
774 4344 822 4351 —
850 4323 971 4372 Veuf,
998 4324 1047 4363 34
1069 4335 1158 4374 ans,
1175 4324 1287 4364 deux
1306 4326 1488 4376 enfants,
1515 4339 1757 4368 commerce

622 4374 672 4414 de
692 4375 786 4416 vins
806 4378 887 4416 très
907 4377 1139 4428 productif,
1162 4379 1404 4430 épouserait
1424 4392 1632 4432 personne
1655 4394 1756 4423 avec

620 4429 726 4479 petit
746 4431 863 4470 avoir
884 4435 923 4470 et
948 4439 1135 4482 pouvant
1159 4432 1195 4471 le
1216 4434 1433 4475 seconder.

674 4506 764 4547 646.
791 4530 838 4536 —
871 4507 1139 4559 Célibataire,
1160 4510 1210 4548 28
1239 4519 1329 4562 ans,
1352 4518 1483 4563 ayant
1515 4523 1754 4555 commerce

619 4560 704 4601 très
723 4560 912 4611 lucratif,
948 4563 1188 4612 épouserait
1222 4564 1472 4606 demoiselle
1512 4578 1612 4607 avec
1649 4569 1752 4618 petit

616 4614 750 4664 avoir,
775 4620 963 4665 pouvant
984 4616 1105 4667 gérer
1126 4618 1335 4667 magasin.

671 4685 762 4726 647.
788 4709 825 4715 —
851 4686 1116 4735 Célibataire,
1143 4690 1340 4742 vicomte,
1363 4690 1408 4728 21
1432 4703 1522 4739 ans,
1546 4691 1648 4731 allié
1670 4704 1751 4731 aux

616 4738 806 4778 familles
827 4739 887 4780 les
907 4739 1006 4791 plus
1028 4741 1188 4792 nobles,
1222 4743 1460 4793 épouserait
1501 4744 1750 4784 demoiselle

613 4797 744 4844 ayant
764 4792 952 4835 fortune.

667 4870 756 4910 648.
764 4892 814 4898 —
835 4870 1100 4921 Célibataire,
1119 4879 1272 4923 comte,
1291 4874 1340 4912 24
1356 4886 1447 4925 ans,
1467 4875 1532 4915 bel
1556 4876 1744 4927 homme,

610 4922 660 4962 de
684 4923 723 4962 la
744 4923 972 4965 meilleure
992 4926 1202 4975 noblesse,
1225 4927 1464 4979 épouserait
1494 4930 1742 4971 demoiselle
1779 4926 1787 4971 i

611 4982 742 5026 ayant
762 4976 948 5018 fortune.

662 5054 751 5094 656.
775 5076 826 5084 —
862 5055 1130 5107 Célibataire,
1173 5056 1314 5105 noble,
1354 5058 1404 5098 60
1443 5071 1533 5108 ans,
1575 5053 1745 5100 fortune
1779 5053 1783 5072 1

608 5107 780 5157 800.000
804 5107 875 5156 fr.,
899 5110 1138 5159 épouserait
1179 5111 1302 5151 dame
1336 5112 1387 5151 de
1411 5113 1460 5152 40
1499 5115 1523 5152 â
1562 5114 1611 5152 45
1651 5126 1740 5164 ans,
1776 5108 1783 5148 !

607 5167 736 5212 ayant
759 5160 931 5212 300,000
955 5163 1006 5204 fr.

658 5243 750 5286 657.
797 5267 835 5275 —
888 5245 1139 5288 Célibataire
1175 5248 1515 5302 (pharmacien),
1558 5252 1602 5290 41
1647 5263 1738 5303 ans,

565 5307 572 5316 '
604 5298 843 5347 épouserait
863 5298 1113 5340 demoiselle
1152 5314 1204 5341 ou
1231 5314 1364 5343 veuve
1403 5310 1534 5355 ayant
1574 5304 1624 5344 de
1647 5306 1694 5346 60
1716 5308 1740 5346 â

607 5351 777 5402 100.000
798 5351 850 5391 fr.

655 5428 746 5467 659.
767 5451 818 5457 —
838 5428 1102 5478 Célibataire,
1127 5431 1176 5471 30
1199 5443 1287 5480 ans,
1311 5431 1411 5471 chef
1431 5432 1735 5487 d’institution,

601 5480 844 5530 épouserait
908 5482 1158 5525 demoiselle
1220 5486 1442 5536 instruite,
1513 5489 1739 5538 possédant

600 5534 747 5584 30.000
770 5536 822 5575 fr.

654 5611 744 5652 665.
768 5635 816 5640 —
840 5614 1091 5655 Célibataire
1113 5615 1160 5656 34
1184 5628 1274 5667 ans,
1299 5618 1438 5668 noble,
1472 5619 1642 5660 fortune
1682 5634 1732 5663 en

600 5666 831 5716 propriétés
858 5667 1027 5708 100.000
1048 5668 1098 5707 fr.
1124 5671 1362 5720 épouserait
1392 5671 1641 5714 demoiselle
1680 5687 1732 5715 en

560 5723 566 5731 '
598 5724 764 5770 rapport
784 5719 944 5760 d’avoir
964 5728 1003 5762 et
1025 5722 1156 5773 d’âge.

648 5803 739 5842 672.
765 5826 814 5831 —
836 5803 1087 5846 Célibataire
1110 5806 1158 5844 32
1191 5819 1280 5856 ans,
1324 5815 1455 5859 ayant
1496 5811 1727 5859 profession

592 5854 771 5896 libérale
823 5856 888 5896 lui
938 5863 1178 5910 rapportant
1228 5860 1347 5900 7.000
1386 5862 1434 5901 fr.
1487 5863 1730 5914 épouserait

592 5908 842 5951 demoiselle
864 5919 995 5963 ayant
1017 5912 1088 5953 dot
1110 5911 1260 5955 40.000
1279 5914 1333 5955 fr.

646 5992 736 6032 673.
762 6015 808 6022 —
831 5992 1098 6046 Célibataire,
1134 5997 1182 6036 29
1212 6009 1288 6038 ans
1323 6006 1454 6050 ayant
1495 6002 1727 6051 profession

590 6044 770 6087 libérale
821 6046 881 6087 lui
932 6054 1176 6100 rapportant
1229 6051 1350 6092 6.000
1391 6051 1442 6094 fr.
1484 6055 1726 6104 épouserait

587 6099 837 6140 demoiselle
859 6108 990 6152 ayant
1011 6103 1082 6142 dot
1104 6103 1250 6144 30.000
1267 6104 1318 6144 fr.

639 6182 730 6224 674.
757 6206 803 6211 —
820 6183 927 6224 Veuf
947 6196 1044 6226 sans
1064 6187 1227 6238 enfant,
1251 6190 1327 6238 âgé
1349 6189 1399 6229 de
1422 6191 1470 6231 50
1507 6203 1596 6242 ans,
1639 6194 1724 6234 for¬

586 6240 687 6276 tune
710 6248 759 6276 en
782 6236 1058 6290 immeubles,
1083 6239 1230 6282 30.000
1252 6241 1322 6291 fr.,
1355 6243 1595 6292 épouserait
1626 6259 1719 6298 per¬

583 6300 715 6330 sonne
736 6302 787 6330 en
811 6299 981 6344 rapport
1002 6294 1135 6344 d’âge,
1159 6296 1386 6346 possédant
1414 6298 1534 6338 8.000
1557 6299 1610 6339 fr.

1923 775 2012 817 682.
2039 799 2084 806 —
2115 777 2380 827 Célibataire,
2424 779 2474 820 58
2512 792 2602 830 ans,
2646 779 2761 820 1.500
2784 779 2837 820 fr.
2862 779 2912 820 de
2934 792 3000 820 re¬

1870 830 1988 868 traite
2011 835 2050 871 et
2086 843 2167 872 une
2207 831 2309 883 jolie
2348 832 2466 883 villa,
2488 834 2728 884 épouserait
2750 834 2999 874 demoiselle

1867 896 1918 923 ou
1947 895 2079 924 veuve
2103 897 2156 924 en
2179 892 2347 938 rapport
2368 887 2500 938 d’âge,
2526 899 2624 928 avec
2646 887 2834 939 quelque
2856 888 2991 927 avoir.

1919 968 2010 1008 683.
2034 991 2083 996 —
2123 968 2247 1018 Veuf,
2291 970 2439 1019 établi,
2478 983 2575 1011 sans
2614 971 2776 1020 enfant,
2815 972 2865 1011 23
2905 983 2995 1018 ans,

1866 1022 2104 1072 épouserait
2126 1023 2374 1066 demoiselle
2395 1031 2524 1077 ayant
2552 1026 2692 1065 10.000
2715 1025 2765 1066 fr.

1918 1106 2008 1147 684.
2035 1128 2079 1135 —
2119 1106 2386 1156 Célibataire,
2409 1108 2460 1146 28
2489 1120 2578 1154 ans,
2614 1108 2897 1158 mécanicien,
2922 1108 2998 1147 300

1863 1159 1914 1199 fr.
1942 1171 2014 1208 par
2054 1161 2176 1210 mois,
2219 1162 2459 1212 épouserait
2492 1162 2740 1202 demoiselle
2771 1169 2903 1214 ayant
2927 1163 2998 1201 dot

1864 1213 1913 1252 de
1935 1213 2082 1262 30,000
2105 1214 2156 1255 fr.

1916 1295 2007 1337 685.
2031 1295 2368 1345 —Célibataire,
2392 1298 2442 1338 28
2481 1310 2571 1347 ans,
2607 1298 2798 1348 cafetier,
2826 1298 2995 1339 fortune

1864 1350 2010 1398 70.000
2052 1351 2122 1399 fr.,
2162 1352 2400 1401 épouserait
2439 1351 2687 1392 demoiselle
2721 1351 2839 1402 jolie,
2862 1358 2992 1404 ayant

1868 1403 2009 1451 10.000
2028 1404 2079 1444 fr.

1916 1480 2006 1521 686.
2032 1506 2079 1511 —
2100 1482 2398 1523 Commissaire
2420 1483 2470 1524 de
2492 1483 2672 1534 marine,
2711 1483 2787 1524 250
2824 1483 2875 1523 fr.
2920 1496 2992 1535 par

1862 1534 1985 1585 mois,
2008 1535 2179 1576 retraite
2212 1538 2334 1586 3,000
2371 1536 2441 1587 fr.,
2482 1536 2722 1588 épouserait
2742 1536 2991 1578 demoiselle

1860 1600 1912 1628 ou
1934 1600 2070 1630 veuve
2090 1602 2190 1631 avec
2208 1591 2311 1642 petit
2332 1591 2468 1632 avoir.

1913 1672 2004 1713 688.
2031 1696 2076 1702 —
2117 1673 2363 1723 Industriel,
2401 1674 2451 1715 25
2490 1686 2580 1723 ans,
2606 1675 2776 1715 fortune
2799 1675 2991 1726 présente

1858 1726 2032 1767 200.000
2054 1727 2123 1778 fr,,
2147 1728 2293 1768 avenir
2312 1728 2487 1768 200.000
2511 1728 2582 1778 fr.,
2623 1729 2734 1768 deux
2769 1728 2991 1780 fabriques

1862 1782 2091 1831 prospères,
2115 1782 2354 1834 épouserait
2376 1782 2623 1823 demoiselle
2662 1788 2793 1835 ayant
2819 1782 2990 1823 100.000

1858 1834 1910 1874 fr.
1931 1834 1983 1874 de
1998 1834 2068 1874 dot
2092 1840 2133 1874 et
2154 1838 2416 1887 espérances.

1910 1922 2002 1962 688.
2031 1947 2071 1952 —
2098 1924 2364 1975 Célibataire,
2390 1923 2435 1963 31
2460 1936 2550 1974 ans,
2576 1923 2830 1975 littérateur,
2855 1936 2990 1976 gagne

1862 1976 2004 2017 10.000
2024 1978 2092 2026 fr.,
2115 1978 2355 2029 épouserait
2377 1978 2626 2019 demoiselle
2655 1984 2787 2030 ayant
2815 1979 2990 2020 400.000

1856 2028 2012 2071 francs.

1910 2108 2000 2147 688.
2027 2131 2074 2138 —
2096 2110 2340 2159 Négociant,
2366 2110 2412 2150 39
2442 2122 2533 2159 ans,
2555 2114 2687 2162 ayant
2704 2109 2838 2159 grand
2868 2121 2988 2151 com¬

1856 2172 1998 2200 merce
2019 2164 2227 2212 prospère,
2248 2163 2416 2203 fortune
2438 2163 2611 2204 200.000
2634 2163 2706 2210 fr.,
2746 2163 2986 2214 épouserait

1855 2214 2104 2255 demoiselle
2128 2222 2260 2268 ayant
2279 2216 2453 2258 200.000
2478 2216 2530 2258 fr.

1908 2291 1998 2331 691.
2025 2315 2066 2320 —
2091 2294 2286 2342 Docteur,
2320 2294 2370 2334 40
2405 2306 2498 2343 ans,
2519 2295 2691 2335 fortune
2712 2294 2890 2335 400.000
2910 2295 2982 2343 fr.,

1854 2346 2094 2396 épouserait
2112 2347 2360 2387 demoiselle
2402 2359 2454 2387 ou
2498 2360 2635 2388 veuve
2672 2359 2780 2388 sans,
2798 2348 2983 2399 enfants,

1854 2406 1983 2450 ayant
2004 2400 2179 2441 300.000
2201 2400 2252 2441 fr.

1910 2558 2042 2600 Nous
2086 2556 2304 2601 donnons
2353 2558 2619 2602 ci-dessous
2663 2557 2888 2602 l’adresse
2926 2558 2984 2600 de

1851 2616 1962 2659 MM.
2006 2616 2072 2660 les
2108 2618 2315 2661 notaires
2348 2618 2404 2660 de
2442 2616 2486 2660 la
2515 2615 2620 2662 ville
2647 2617 2703 2660 de
2734 2616 2979 2674 Marseille,

1852 2676 1930 2732 qui
1963 2687 2135 2731 pourra
2166 2679 2262 2720 être
2295 2676 2404 2721 utile
2436 2689 2552 2733 pour
2580 2675 2646 2721 les
2679 2679 2892 2721 contrats
2926 2678 2982 2720 de

1850 2736 2063 2792 mariage
2086 2751 2094 2778 :

1904 2831 1999 2870 MM.
2036 2832 2240 2882 Sabatier,
2264 2844 2339 2872 rue
2360 2832 2544 2883 Paradis,
2574 2833 2633 2872 17.

2037 2898 2256 2950 Raynaud,
2280 2910 2355 2939 rue
2377 2898 2562 2946 Paradis,
2584 2898 2650 2938 24.

2035 2964 2211 3014 Gaudet,
2236 2975 2311 3004 rue
2334 2965 2515 3012 Paradis,
2539 2965 2604 3006 46.

2034 3030 2231 3082 Gasquet,
2254 3043 2329 3071 rue
2347 3031 2531 3079 Paradis,
2556 3032 2620 3072 57.

2032 3096 2232 3146 Ferrand,
2256 3108 2331 3136 rue
2352 3096 2537 3144 Paradis,
2563 3098 2626 3138 59.

2032 3163 2185 3212 Brezet,
2210 3175 2283 3202 rue
2309 3162 2491 3212 Paradis,
2515 3163 2579 3203 68.

2031 3228 2080 3267 de
2106 3228 2242 3279 Laget,
2266 3240 2340 3268 rue
2363 3227 2686 3278 Saint-Ferréo),
2710 3231 2748 3271 7.

2032 3292 2303 3345 Delanglade,
2325 3306 2403 3334 rue
2419 3294 2747 3344 Saint-Ferréol,
2774 3296 2838 3336 29.

2031 3360 2172 3411 Benet,
2196 3372 2271 3400 rue
2294 3361 2615 3410 Saint-Ferréol,
2640 3362 2704 3402 30.

2030 3426 2275 3480 Provençal,
2298 3439 2372 3467 rue
2394 3427 2720 3476 Saint-Ferréol,
2746 3428 2814 3470 50.

2028 3494 2250 3543 Bouteille,
2274 3506 2348 3535 rue
2368 3493 2691 3544 Saint-Ferréol,
2719 3495 2784 3534 52.

2028 3559 2264 3610 Eslrangin,
2288 3571 2364 3601 rue
2384 3559 2709 3608 Saint-Ferréol,
2734 3559 2799 3600 54.

2028 3630 2228 3680 Jourdan,
2250 3642 2324 3671 rue
2346 3630 2668 3680 Saint-Ferréol,
2692 3630 2755 3672 50.

2026 3696 2182 3747 Sayou,
2206 3708 2282 3736 rue
2303 3696 2628 3748 Saint-Ferréol,
2654 3697 2716 3736 78.

2027 3760 2186 3813 Perrin,
2210 3774 2283 3802 rue
2306 3763 2568 3812 Montgrand,
2594 3763 2660 3803 38.

2023 3826 2359 3879 Taxil-Fortoul,
2383 3841 2458 3869 rue
2482 3830 2744 3880 Montgrand,
2768 3828 2831 3870 48.

2023 3892 2166 3941 Alliés,
2193 3904 2269 3932 rue
2286 3894 2547 3944 Montgrand,
2571 3895 2634 3935 62.

2022 3959 2156 4008 Azaïs,
2182 3971 2256 3998 rue
2278 3958 2327 3999 de
2351 3959 2390 3999 la
2410 3959 2551 4010 Darse,
2574 3959 2610 4002 5.

2022 4027 2216 4075 Laugier,
2241 4039 2316 4067 rue
2337 4028 2388 4067 de
2408 4027 2451 4067 la
2470 4028 2609 4079 Darse,
2633 4028 2698 4069 29.

2024 4093 2247 4146 Raynaud,
2272 4106 2344 4135 rue
2365 4094 2566 4142 Noailles,
2591 4098 2630 4136 7.

2021 4160 2242 4209 Dessuard,
2267 4172 2342 4200 rue
2361 4161 2563 4209 Noailles,
2592 4163 2651 4202 18.

2023 4225 2214 4275 Laugier,
2238 4238 2312 4267 rue
2331 4226 2606 4276 Cannebière,
2630 4228 2667 4267 5.

2020 4291 2247 4340 Decormis,
2272 4304 2346 4332 rue
2368 4292 2570 4344 Grignan,
2595 4295 2658 4334 56.

2019 4356 2139 4406 Latil,
2166 4368 2239 4398 rue
2260 4357 2418 4408 Sainte,
2444 4362 2479 4400 1.

2016 4423 2211 4472 Giraudi,
2234 4435 2358 4464 cours
2375 4426 2663 4475 Saint-Louis,
2690 4427 2725 4469 3.

2015 4487 2156 4539 Blanc,
2178 4500 2252 4528 rue
2274 4489 2324 4530 de
2348 4488 2523 4542 l’Arbre,
2546 4491 2584 4532 9.

2015 4554 2238 4604 Roubaud,
2264 4567 2338 4596 rue
2359 4557 2410 4596 de
2431 4555 2471 4597 la
2492 4558 2780 4611 République,
2807 4561 2868 4601 15.

2011 4620 2159 4671 Gavot,
2183 4633 2259 4661 rue
2281 4621 2336 4660 du
2360 4623 2547 4674 Bausset,
2571 4623 2609 4664 4.

1872 4823 1927 4860 U
1931 4822 2063 4876 Office
2094 4823 2332 4864 Mondonet
2351 4828 2412 4866 est
2440 4833 2595 4868 ouvert
2615 4831 2712 4868 tous
2739 4831 2800 4870 les
2819 4831 2958 4883 jours

1820 4887 1874 4927 de
1892 4890 1921 4927 2
1941 4888 2099 4928 heures
2119 4892 2144 4930 à
2168 4892 2194 4930 8
2215 4888 2371 4931 heures
2390 4892 2452 4932 du
2482 4895 2575 4934 soir
2600 4898 2640 4935 et
2678 4896 2740 4935 les
2775 4896 2956 4937 diman¬

1819 4953 1916 4993 ches
1936 4958 1976 4994 et
1995 4955 2104 5008 fêtes
2126 4955 2178 4996 de
2202 4958 2226 4996 9
2248 4955 2403 4998 heures
2423 4962 2448 4999 à
2471 4959 2602 5001 midi.

1876 5138 2284 5212 THÉÂTRES
2346 5153 2436 5216 ET
2494 5154 2890 5221 CONCERTS

1868 5324 2339 5369 Palais-de-Cristal.
2364 5350 2413 5356 —
2454 5331 2508 5368 La
2545 5332 2650 5371 salle
2683 5333 2756 5373 des
2790 5334 2944 5384 Allées,

1812 5388 1914 5428 dont
1935 5389 2082 5442 l’éloge
2104 5391 2208 5432 n’est
2230 5394 2330 5444 plus
2348 5396 2371 5435 à
2395 5395 2515 5446 faire,
2541 5408 2615 5447 par
2635 5410 2699 5438 ses
2720 5399 2947 5440 étonnants

1812 5455 2056 5507 spectacles,
2087 5459 2203 5499 aussi
2236 5460 2374 5502 variés
2412 5472 2496 5514 que
2530 5463 2827 5514 merveilleux,
2871 5465 2944 5506 de¬

1811 5532 1958 5562 meure
1981 5521 2018 5562 le
2039 5524 2223 5574 premier
2244 5531 2283 5565 et
2315 5538 2412 5567 sans
2450 5527 2556 5567 rival
2591 5530 2663 5570 des
2704 5532 2943 5571 cafés-con¬

1808 5592 1939 5636 certs;
1964 5587 1992 5627 il
2018 5595 2078 5629 est
2099 5590 2350 5642 impossible
2367 5593 2418 5634 de
2435 5594 2583 5635 réunir
2603 5596 2675 5636 des
2696 5597 2943 5638 attractions

1808 5651 1906 5702 plus
1946 5654 2107 5695 variées
2127 5661 2168 5695 et
2188 5656 2286 5707 plus
2311 5659 2650 5700 merveilleuses.

1859 5719 1915 5758 La
1936 5718 2144 5760 direction
2167 5734 2190 5762 a
2212 5722 2276 5762 été
2292 5735 2402 5764 assez
2426 5723 2636 5767 heureuse
2655 5739 2760 5778 pour
2780 5730 2940 5770 arrêter

1804 5794 1859 5823 au
1882 5795 2055 5835 passage
2075 5786 2172 5827 Miss
2194 5788 2277 5828 Pau
2285 5787 2338 5839 la,
2364 5790 2403 5828 la
2423 5790 2676 5843 dompteuse
2715 5794 2767 5834 de
2786 5806 2935 5835 croco¬

1803 5847 1911 5889 diles
1931 5850 1987 5890 du
2011 5851 2214 5892 Nouveau
2239 5854 2392 5907 Cirque
2412 5855 2462 5896 de
2484 5857 2615 5908 Paris,
2639 5859 2715 5911 qui
2755 5871 2797 5900 se
2832 5862 2934 5901 rend

1801 5915 1824 5954 à
1848 5915 2022 5966 Madrid,
2042 5930 2096 5958 ou
2120 5918 2317 5971 l’appelle
2342 5935 2396 5960 un
2431 5921 2612 5964 brillant
2631 5933 2931 5976 engagement.

1799 5982 1850 6020 Ce
1872 5983 2052 6023 numéro
2074 5986 2403 6027 extraordinaire
2427 5999 2476 6028 ne
2500 5988 2687 6030 donnera
2716 6003 2802 6044 que
2836 5993 2935 6034 trois

1800 6047 2168 6098 représentations.

1852 6112 1936 6152 Une
1961 6119 2106 6164 troupe
2127 6115 2178 6156 de
2202 6119 2465 6167 pantomime
2499 6132 2596 6162 sans
2637 6123 2826 6174 pareille,
2859 6123 2932 6166 des

1796 6177 2026 6219 chanteurs
2040 6180 2090 6220 de
2110 6182 2251 6232 choix,
2271 6184 2371 6224 c'est
2391 6185 2487 6236 plus
2508 6187 2613 6238 qu’il
2635 6200 2687 6228 en
2711 6189 2803 6230 faut
2823 6203 2931 6240 pour

1794 6255 1968 6284 amener
1988 6244 2029 6285 la
2046 6246 2160 6288 foule
2186 6248 2258 6290 des
2279 6256 2552 6304 spectateurs,
2580 6254 2741 6304 malgré
2766 6255 2802 6296 la
2823 6262 2928 6297 tem¬

1796 6310 1991 6361 pérature
2012 6312 2156 6355 élevée
2176 6328 2260 6368 que
2282 6327 2391 6359 nous
2411 6319 2630 6362 subissons

3127 788 3482 884 (Maisons
3541 795 4154 883 Recommandées

3094 1015 3303 1148 LE
3410 1017 4191 1157 CHINOIS

3219 1180 3528 1231 CHAPEAUX
3564 1185 3632 1234 EN
3667 1186 3808 1235 TOUS
3843 1188 4056 1239 GENRES

3097 1259 3374 1302 COIFFURES
3414 1262 3542 1303 POUR
3585 1263 3863 1307 MESSIEURS
3906 1268 3971 1308 ET
4011 1270 4177 1312 DAMES

3378 1346 3650 1387 FRAICHEURS,
3682 1351 3759 1376 RON
3790 1351 3898 1378 GOUT

3160 1402 3308 1442 Haute
3330 1404 3590 1446 Nouveauté
3611 1407 3666 1447 de
3683 1409 3843 1460 forme,
3867 1400 4090 1464 Élégance
4096 1444 4106 1463 ,

3498 1471 3773 1524 Originalité

3361 1542 3580 1582 Spécialité
3602 1543 3653 1577 de
3676 1544 3717 1578 la
3740 1546 3900 1579 Maison

3031 1628 3035 1651 i
3067 1600 3222 1646 oiffures
3247 1601 3371 1647 riches
3394 1600 3619 1648 d’intérieur
3638 1607 3678 1648 et
3698 1606 3743 1650 de
3767 1607 3912 1653 Bureau
3955 1620 4095 1668 (Dernières
4107 1623 4198 1671 Modes)

3476 1675 3575 1714 Prix
3604 1675 3799 1717 Modérés

3140 1739 3260 1787 26,
3303 1742 3464 1781 Rue
3514 1743 3982 1796 Cannebière,
4020 1750 4122 1791 26

3065 1875 3305 1992 ARMES
3369 1877 3449 1993 DE
3505 1882 3765 2000 CHASSE
3813 1884 3901 2000 ET
3937 1885 4025 2001 DE
4069 1890 4193 2006 TIR

3179 2030 3482 2092 Réparations,
3523 2023 3774 2099 (Échanges,
3802 2040 4071 2104 Nettoyages

3068 2127 3608 2199 BERNARD
3660 2152 3772 2188 Pue
3811 2139 4092 2207 Paradis,
4122 2145 4197 2196 32

3113 2292 3455 2394 Entreprise
3503 2299 3571 2373 de
3613 2300 4143 2404 Déménagements

3248 2409 3360 2450 Pour
3390 2423 3440 2450 la
3470 2414 3632 2455 France
3664 2430 3715 2456 et
3743 2419 4007 2460 l’Etranger

3198 2496 3439 2542 PRIX
3515 2495 4056 2556 MODÉRÉS

3126 2583 3271 2610 cadres

3182 2636 3216 2664 et

3108 2692 3299 2718 WAGONS

3098 2737 3297 2778 capitonnés

3068 2799 3151 2836 pour
3176 2798 3326 2831 Meubles

3601 2588 3669 2614 LES

3377 2624 3663 2705 DDnrênapses
3699 2624 3883 2697 favorites

3430 2711 3611 2838 ANRÈS
3650 2732 3693 2836 &
3732 2732 3767 2839 C
3772 2729 3803 2769 ie

3922 2586 4183 2630 GARDE-MEUBLES

3930 2660 4171 2688 ASSURANCES

3990 2711 4108 2742 contre

3959 2760 4139 2796 l’Incendie

4035 2817 4065 2844 et

3118 2861 3280 2902 précieux
3395 2862 3484 2895 Maison
3508 2864 3684 2906 complètement
3709 2878 3736 2899 en
3761 2863 3847 2903 dehors
3914 2863 3998 2904 CASSE
4028 2863 4175 2906 GARANTIE

3139 2927 3260 2935 -
3510 2912 3538 2943 de
3557 2916 3607 2946 tout
3623 2915 3739 2956 Monopole
3994 2939 4116 2948 --

3161 2983 3267 3031 Bourse
3286 2984 3484 3035 Immobilière.
3499 3014 3555 3019 —
3572 2990 3656 3038 Vente
3677 2994 3704 3038 et
3722 2992 3847 3040 location
3867 2995 4067 3045 d’immeubles

3054 3065 3286 3110 MARSEILLE—
3300 3067 3386 3111 Rue
3402 3069 3614 3123 Pavillon,
3632 3074 3668 3126 4,
3684 3086 3736 3116 au
3750 3074 3939 3130 Magasin
3950 3103 4002 3108 —
4015 3080 4188 3122 MARSEILLE

3247 3231 3467 3272 Vient,
3524 3238 3615 3276 de
3672 3243 3991 3290 ;par*aîtr*e

3387 3322 3611 3373 (EDITION
3638 3327 3702 3366 DE
3726 3328 3848 3379 1891)

3094 3588 3154 3627 DE
3173 3590 3232 3628 LA
3254 3591 3452 3645 FRANCE,
3472 3595 3532 3634 DE
3554 3596 3614 3636 LA
3630 3598 3790 3651 CORSE,
3809 3600 3869 3639 DE
3883 3595 4132 3643 L’ALGÉRIE

3235 3656 3292 3694 DE
3312 3657 3371 3696 LA
3394 3659 3584 3699 TUNISIE
3600 3662 3631 3702 &
3652 3664 3738 3703 DES
3760 3665 3988 3706 COLONIES

3051 3723 3118 3762 Un
3139 3723 3229 3764 fort
3259 3726 3419 3767 volume
3449 3730 3499 3769 de
3523 3730 3614 3770 800
3638 3744 3782 3786 pages,
3815 3736 4064 3787 imprimées
4098 3750 4178 3778 sur

3278 3779 3307 3816 2
3329 3782 3530 3822 colonnes
3536 3797 3544 3831 ,
3571 3784 3734 3824 reliure
3754 3787 3942 3839 anglaise

3152 3859 3278 3894 Prix

3783 3868 3844 3902 95
3876 3869 4063 3904 f’raiM**

3094 3944 3163 3983 Cet
3184 3958 3383 3998 ouvrage,
3408 3949 3551 3999 rédigé
3571 3962 3642 3991 sur
3664 3964 3722 3992 un
3752 3954 3848 4004 plan
3888 3956 4173 4000 entièrement

3044 4010 3254 4048 nouveau,
3294 4001 3482 4041 contient
3515 4008 3608 4043 tous
3650 4005 3708 4044 les
3744 4007 3996 4050 documents
4036 4012 4173 4062 régle¬

3041 4058 3231 4092 mentant
3255 4052 3290 4092 le
3311 4054 3471 4096 service
3494 4056 3566 4096 des
3599 4063 3748 4110 postes,
3784 4062 3856 4100 des
3888 4063 4167 4115 télégraphes,

3040 4104 3112 4144 des
3132 4105 3379 4156 téléphones
3400 4114 3440 4148 et
3462 4110 3532 4151 des
3554 4111 3751 4154 chemins
3771 4114 3822 4155 de
3840 4115 3916 4156 fer.

3094 4158 3127 4196 Il
3149 4158 3326 4211 indique
3355 4162 3416 4202 les
3437 4175 3560 4204 noms
3591 4166 3643 4206 de
3665 4172 3803 4207 toutes
3824 4168 3887 4208 les
3909 4182 4167 4223 communes,

3038 4211 3148 4251 ainsi
3168 4225 3251 4263 que
3272 4225 3379 4255 ceux
3399 4216 3471 4257 des
3491 4218 3682 4260 bureaux
3711 4221 3762 4260 de
3786 4228 3899 4273 poste
3921 4229 3960 4263 et
3987 4224 4038 4264 de
4063 4227 4170 4267 télé¬

3038 4264 3196 4316 graphe
3218 4266 3294 4318 qui
3318 4267 3376 4308 les
3392 4270 3650 4322 desservent,
3688 4274 3749 4314 les
3767 4275 3979 4316 distances
4012 4276 4170 4328 légales

3037 4324 3078 4357 et
3112 4320 3148 4357 le
3178 4319 3330 4361 chiffre
3366 4322 3416 4362 de
3454 4323 3493 4364 la
3531 4326 3797 4377 population.
3838 4328 3898 4368 On
3920 4343 3950 4382 y
3982 4342 4005 4370 a
4026 4332 4168 4384 ajouté

3039 4376 3172 4411 toutes
3196 4372 3260 4412 les
3279 4386 3407 4424 gares
3435 4385 3631 4420 ouvertes
3663 4392 3716 4420 au
3748 4383 3907 4424 service
3939 4383 4012 4428 des
4046 4388 4166 4428 colis

3036 4434 3256 4478 postaux,
3298 4440 3397 4468 avec
3434 4432 3624 4472 mention
3664 4434 3831 4487 lorsque
3871 4449 3940 4477 ces
3978 4439 4167 4479 derniers

3035 4485 3128 4519 sont
3147 4479 3352 4522 livrables
3367 4495 3418 4522 en
3440 4495 3539 4535 gare
3560 4498 3612 4526 ou
3634 4487 3659 4526 à
3675 4487 3895 4528 domicile.

3087 4533 3146 4572 Ou
3168 4547 3198 4587 y
3221 4539 3415 4576 trouvera
3435 4539 3550 4578 aussi
3586 4545 3676 4580 tous
3710 4540 3770 4583 les
3800 4543 4166 4595 renseignements

3034 4588 3289 4630 nécessaires
3303 4601 3376 4630 sur
3392 4591 3427 4631 le
3444 4594 3629 4635 service
3644 4596 3728 4636 des
3746 4606 4162 4650 recouvrements,

3031 4642 3112 4680 soit
3142 4652 3191 4681 en
3215 4642 3383 4694 France,
3406 4644 3488 4684 soit
3508 4646 3614 4687 dans
3636 4647 3695 4687 les
3718 4661 3822 4702 pays
3841 4651 4058 4701 étrangers

3084 4695 3154 4734 Cet
3175 4707 3356 4747 ouvrage
3378 4705 3436 4738 est
3464 4699 3782 4752 indispensable
3815 4715 3867 4742 au
3904 4716 4159 4756 commerce,

3032 4748 3051 4785 h
3079 4746 3315 4790 l’industrie
3335 4756 3375 4790 et
3395 4763 3478 4791 aux
3497 4753 3883 4796 administrations.

3218 4839 3418 4882 PRIME
3451 4843 3491 4883 A
3524 4843 3643 4884 NOS
3674 4839 3972 4888 ABONNÉS

3082 4914 3159 4954 Par
3190 4918 3302 4957 suite
3333 4918 3435 4958 d’un
3470 4928 3768 4971 arrangement
3799 4936 3899 4964 avec
3944 4924 4155 4977 l’éditeur,

3028 4980 3135 5008 nous
3155 4981 3340 5011 sommes
3359 4973 3382 5011 à
3408 4974 3547 5014 même
3580 4975 3630 5015 de
3652 4975 3822 5015 fournir
3842 4982 3906 5016 cet
3927 4990 4112 5029 ouvrage
4134 4983 4158 5021 à

3028 5032 3102 5062 nos
3148 5023 3335 5064 abonnés
3383 5036 3432 5064 en
3474 5026 3532 5067 les
3569 5027 3725 5067 faisant
3762 5030 3990 5071 bénéficier
4030 5033 4157 5074 d’une

3026 5075 3178 5116 remise
3199 5078 3534 5128 exceptionnelle
3556 5082 3606 5123 de
3628 5083 3690 5124 20
3712 5094 3756 5134 p.
3786 5086 3894 5125 100.

3076 5130 3192 5170 Nous
3211 5131 3411 5182 adresser,
3435 5133 3539 5174 dans
3559 5146 3604 5175 ce
3627 5148 3711 5186 cas,
3748 5148 3806 5176 un
3842 5139 4155 5192 mandat-poste

3023 5182 3074 5223 de
3096 5183 3156 5223 20
3180 5183 3238 5224 fr.
3263 5196 3316 5224 au
3340 5198 3439 5226 nom
3462 5188 3513 5228 de
3535 5190 3703 5231 Bonal.

3212 5355 3298 5431 La
3352 5356 3584 5433 Maison
3634 5360 3700 5436 de
3756 5361 3952 5440 Modes

3043 5555 3212 5672 M
3224 5556 3352 5605 ME
3423 5557 4132 5686 VIDAL

3254 5723 3322 5764 IR.
3327 5738 3415 5764 ne
3472 5727 3736 5775 Vacon,
3799 5727 3904 5769 30

3068 5804 3139 5847 Se
3161 5811 3566 5851 recommande
3598 5823 3699 5864 par
3737 5821 3828 5854 ces
3864 5815 4083 5859 articles

3128 5878 3439 5910 nouveaux
3482 5870 3548 5911 de
3590 5870 3703 5911 bon
3758 5875 3894 5926 goût
3940 5878 3993 5916 et
4047 5878 4081 5918 à

3127 5926 3224 5968 des
3259 5928 3386 5982 prix
3422 5930 3533 5971 très
3571 5931 3847 5974 modérés.

3147 6060 3308 6104 Maison
3334 6064 3379 6104 de
3399 6063 3618 6107 Confiance
3639 6064 3794 6110 fondée
3814 6079 3865 6111 en
3888 6068 4000 6112 1868

3647 6206 3695 6238 Le
3715 6205 3852 6247 gérant
3874 6217 3884 6238 :
3907 6207 4053 6242 Bonal.

3053 6286 3163 6327 Impr.
3182 6287 3340 6330 spéciale
3366 6291 3415 6323 du
3432 6291 3526 6324 Lien
3556 6294 3608 6327 du
3626 6295 3811 6337 Mariage,
3835 6296 3871 6328 L.
3895 6297 4075 6342 Sauvion,

3384 6334 3435 6374 11,
3455 6344 3520 6368 rue
3532 6335 3578 6367 do
3593 6336 3628 6369 la
3642 6336 3744 6370 Paix.
