4712 7064
765 636 854 676 520.
916 656 964 662 —
1022 628 1291 679 Célibataire,
1332 627 1382 666 22
1423 635 1526 672 ans,
1576 622 1746 663 fortune
1791 631 1842 659 en

710 688 943 742 propriétés
979 686 1155 732 200,000
1175 683 1247 731 fr.,
1287 680 1423 720 désire
1461 679 1641 729 épouser
1679 673 1842 715 demoi¬

711 743 814 784 selle
832 746 963 793 ayant
992 739 1160 786 100,000
1186 736 1238 775 fr.

762 826 851 866 526.
907 847 951 851 —
1002 818 1279 867 Célibataire,
1328 827 1480 869 garçon
1531 815 1583 854 de
1632 810 1841 862 magasin,

710 880 758 919 33
780 890 871 925 ans,
898 876 971 915 150
994 874 1044 914 fr.
1088 884 1163 924 par
1204 872 1327 920 mois,
1368 868 1611 920 épouserait
1650 863 1845 906 ouvrière

708 943 806 982 sage
828 934 959 982 ayant
975 938 1049 967 son
1074 925 1290 965 mobilier.

766 1008 855 1047 530.
916 1028 964 1034 —
1019 1002 1251 1052 Ingénieur
1287 998 1555 1041 mécanicien
1582 1029 1590 1044 ,
1642 996 1691 1035 35
1740 1006 1844 1036 ans,

710 1068 835 1113 ayant
879 1058 990 1098 belle
1030 1055 1267 1098 situation,
1327 1054 1544 1105 plusieurs
1593 1050 1758 1090 brevets
1796 1047 1846 1084 de

710 1118 880 1166 rapport
918 1117 958 1150 et
995 1110 1184 1149 d’avenir
1226 1104 1520 1148 considérable
1546 1136 1555 1152 ,
1605 1102 1847 1153 épouserait

708 1164 958 1208 demoiselle
976 1175 1076 1203 avec
1099 1162 1217 1203 avoir
1238 1162 1288 1200 de
1311 1160 1458 1207 50,000
1480 1158 1532 1196 fr.

765 1251 857 1290 535.
883 1272 928 1278 —
979 1247 1087 1288 Veuf
1112 1279 1119 1292 .
1161 1246 1210 1284 52
1247 1255 1322 1284 ans
1348 1275 1358 1291 ,
1399 1241 1539 1291 12,000
1562 1240 1634 1287 fr.,
1670 1235 1847 1290 pension

712 1304 788 1345 600
823 1304 900 1350 fr.,
951 1313 1086 1353 gagne
1130 1301 1152 1339 5
1197 1298 1251 1338 fr.
1306 1308 1377 1347 par
1423 1295 1521 1347 jour
1546 1326 1556 1344 ,
1607 1290 1848 1343 épouserait

716 1370 851 1398 veuve
872 1368 968 1396 sans
988 1354 1158 1396 enfants
1175 1363 1276 1391 avec
1296 1350 1428 1391 avoir.

766 1442 856 1480 536.
899 1462 944 1467 —
994 1436 1155 1476 Ancien
1187 1432 1416 1486 capitaine,
1450 1431 1498 1472 53
1538 1441 1628 1479 ans,
1672 1426 1848 1479 pension

712 1495 788 1536 550
810 1495 879 1542 fr.,
922 1502 1055 1542 gagne
1092 1490 1168 1529 700
1191 1488 1263 1536 fr.,
1306 1484 1544 1538 épouserait
1583 1482 1712 1535 petite
1752 1491 1851 1520 ren¬

710 1548 812 1589 tière
839 1558 935 1587 sans
955 1544 1138 1584 enfants.

766 1631 856 1671 537.
891 1651 940 1658 —
988 1624 1239 1667 Célibataire
1279 1622 1411 1664 établi
1435 1654 1443 1668 ,
1490 1620 1539 1659 35
1576 1630 1652 1659 ans
1676 1650 1685 1666 ,
1739 1616 1848 1656 beau

711 1682 906 1734 magasin
930 1714 938 1730 ,
974 1680 1146 1720 fortune
1180 1678 1330 1722 20,000
1363 1675 1434 1723 fr.,
1487 1671 1728 1723 épouserait
1776 1670 1851 1710 de¬

714 1735 908 1779 moiselle
931 1747 982 1774 en
1005 1736 1175 1783 rapport
1195 1731 1314 1781 d'âge
1335 1736 1376 1768 et
1398 1726 1575 1767 d’avoir.

767 1827 856 1866 538.
883 1847 932 1852 —
970 1819 1239 1870 Célibataire,
1279 1818 1330 1859 26
1354 1828 1444 1867 ans,
1486 1818 1778 1866 commerçant
1798 1823 1847 1851 en

715 1892 812 1930 gros
835 1911 843 1927 ,
901 1876 1140 1928 épouserait
1179 1870 1430 1914 demoiselle
1471 1867 1672 1910 instruite
1719 1870 1854 1917 ayant

721 1931 864 1984 12.000
888 1930 939 1970 fr.

773 2027 919 2067 549.—
940 2023 1208 2068 Célibataire,
1236 2020 1287 2060 26
1307 2031 1398 2068 ans,
1421 2018 1592 2057 fortune
1613 2013 1763 2054 25.000
1784 2011 1855 2055 fr.,

718 2082 966 2132 espérances
1000 2076 1155 2118 60.000
1179 2074 1250 2120 fr.,
1290 2075 1594 2122 commerçant,
1618 2064 1859 2114 épouserait

718 2131 967 2174 demoiselle
999 2131 1316 2179 commerçante
1339 2130 1471 2175 ayant
1504 2119 1647 2160 15.000
1670 2118 1719 2156 fr.

774 2220 864 2262 552.
898 2243 938 2248 —
971 2218 1131 2258 Ancien
1152 2212 1382 2264 capitaine,
1408 2208 1530 2249 4.200
1552 2207 1604 2246 fr.
1630 2206 1680 2244 de
1703 2210 1856 2252 rentes,

720 2276 770 2315 56
807 2284 899 2320 ans,
940 2267 1182 2323 épouserait
1223 2275 1356 2306 veuve
1399 2273 1496 2303 sans
1534 2260 1715 2308 enfants,
1757 2267 1859 2296 avec

721 2328 839 2368 avoir
859 2332 899 2367 et
920 2326 1020 2366 bien
1043 2322 1204 2363 élevée.

777 2409 868 2456 553)
894 2436 942 2443 —
983 2411 1107 2459 Veuf,
1132 2410 1182 2450 65
1203 2420 1292 2456 ans,
1316 2403 1582 2455 agriculteur
1602 2401 1652 2440 de
1678 2398 1860 2452 premier

723 2471 860 2517 ordre,
882 2468 1055 2506 fortune
1077 2463 1228 2503 60.000
1249 2462 1320 2508 fr.,
1343 2455 1586 2508 épouserait
1604 2467 1739 2494 veuve
1759 2454 1860 2504 âgée

724 2524 775 2563 de
799 2522 895 2572 plus
916 2520 966 2558 de
988 2519 1036 2558 50
1059 2528 1149 2565 ans,
1174 2519 1305 2564 ayant
1327 2511 1447 2551 2.000
1475 2509 1525 2550 fr,
1558 2508 1607 2548 de
1631 2512 1782 2554 rentes,
1806 2519 1858 2546 ou

726 2587 860 2616 veuve
899 2576 1031 2624 ayant
1067 2570 1118 2608 de
1151 2566 1332 2619 grandes
1363 2563 1607 2615 propriétés,
1631 2563 1774 2602 même
1808 2571 1859 2599 en

726 2630 919 2680 Afrique.

779 2723 928 2762 558.—
948 2716 1214 2763 Célibataire,
1235 2714 1285 2754 32
1307 2716 1539 2763 ans,ayant
1564 2710 1794 2762 profession
1812 2710 1861 2748 li¬

725 2775 868 2816 bérale
891 2775 972 2812 très
991 2771 1215 2816 lucrative,
1238 2768 1411 2806 fortune
1432 2766 1579 2805 50.000
1594 2764 1665 2814 fr.,
1687 2767 1863 2816 épouse¬

727 2828 807 2868 rait
824 2823 1075 2867 demoiselle
1096 2827 1227 2874 ayant
1250 2820 1320 2860 dot
1346 2819 1514 2860 100.000
1536 2819 1587 2858 fr.

781 2910 872 2951 562.
899 2931 946 2938 —
986 2904 1252 2955 Célibataire,
1275 2903 1327 2944 40
1347 2915 1437 2954 ans,
1460 2908 1592 2954 ayant
1627 2902 1860 2952 profession

730 2962 908 3004 libérale
932 2962 1012 3002 très
1032 2958 1256 3006 lucrative,
1275 2958 1515 3009 épouserait
1536 2955 1786 2996 demoiselle
1810 2967 1862 2996 en

728 3020 900 3068 rapport
922 3015 1055 3065 d’âge,
1079 3018 1207 3064 ayant
1234 3012 1307 3052 100
1330 3012 1404 3051 000
1426 3011 1477 3052 fr.

784 3112 874 3152 568.
899 3134 950 3139 —
971 3109 1134 3157 Prince,
1156 3107 1247 3148 seul
1272 3108 1528 3148 descendant
1547 3107 1674 3148 d’une
1696 3106 1863 3147 famille

730 3171 862 3218 ayant
891 3164 1131 3214 longtemps
1168 3163 1296 3211 régné
1334 3174 1410 3202 sur
1451 3174 1532 3202 une
1571 3163 1644 3202 des
1683 3159 1864 3211 grandes

730 3219 978 3271 puissances
1008 3215 1059 3256 de
1089 3216 1296 3267 l’Europe,
1334 3215 1436 3257 allié
1467 3227 1552 3256 aux
1585 3215 1763 3266 grandes
1797 3214 1863 3252 fa¬

731 3272 875 3312 milles
920 3271 1150 3320 princières
1207 3270 1451 3322 d’Espagne,
1495 3269 1784 3319 d’Angleterre
1824 3271 1866 3306 et

728 3324 960 3374 d’ailleurs,
986 3326 1062 3376 âgé
1083 3324 1131 3364 de
1155 3324 1202 3364 30
1225 3335 1315 3375 ans,
1339 3323 1578 3374 épouserait
1614 3321 1734 3360 riche
1766 3319 1864 3370 plé¬

730 3379 929 3421 béienne.

783 3470 873 3509 580.
898 3491 946 3498 —
976 3468 1168 3508 Boucher
1206 3467 1353 3514 établi,
1395 3467 1444 3506 39
1487 3476 1578 3513 ans,
1619 3460 1863 3513 épouserait

729 3521 978 3563 demoiselle
994 3534 1050 3562 ou
1072 3532 1208 3560 veuve
1229 3519 1456 3570 possédant
1475 3518 1596 3566 8,000
1618 3515 1671 3554 fr.

783 3612 873 3652 581.
899 3635 947 3640 —
976 3610 1183 3658 Boucher,
1226 3608 1466 3649 richement
1494 3604 1640 3653 établi,
1683 3604 1732 3643 27
1771 3612 1861 3651 ans,

729 3664 798 3706 fils
818 3664 996 3716 unique,
1019 3670 1188 3715 parents
1217 3663 1371 3710 riches,
1413 3659 1656 3713 épouserait
1687 3656 1861 3699 demoi¬

728 3719 830 3758 selle
852 3719 950 3759 bien
971 3719 1130 3767 élevée,
1156 3716 1378 3768 possédant
1400 3715 1542 3764 10,000
1564 3715 1612 3752 fr,

783 3808 873 3849 587.
905 3831 956 3836 —
994 3806 1119 3856 Veuf,
1162 3806 1211 3846 37
1255 3815 1347 3855 ans,
1388 3804 1561 3844 fortune
1604 3802 1748 3847 18,000
1789 3799 1828 3839 fr
1851 3831 1861 3849 ,

730 3867 859 3912 ayant
879 3872 1118 3902 commerce
1138 3860 1348 3911 prospère,
1375 3862 1542 3907 rapport
1582 3856 1632 3895 de
1664 3855 1784 3894 6.000
1806 3852 1860 3892 fr.

730 3927 806 3966 par
824 3927 893 3962 an,
915 3914 1155 3967 épouserait
1175 3924 1307 3952 veuve
1331 3910 1430 3950 bien
1446 3908 1607 3959 élevée,
1624 3919 1725 3947 avec
1745 3906 1864 3946 avoir

730 3974 781 4007 de
801 3969 948 4017 20,000
969 3969 1126 4008 francs.

783 4051 872 4092 586.
898 4074 947 4080 —
975 4048 1142 4091 Officier
1171 4047 1223 4086 de
1252 4044 1442 4091 l’armée,
1482 4043 1558 4091 âgé
1595 4041 1647 4080 de
1687 4040 1735 4079 30
1771 4048 1863 4083 ans,

727 4103 968 4154 épouserait
987 4099 1240 4143 demoiselle
1270 4110 1322 4139 en
1356 4099 1526 4148 rapport
1560 4094 1696 4143 d’âge,
1731 4095 1866 4142 ayant

734 4156 906 4207 150.000
928 4158 1086 4197 francs.

783 4240 873 4280 594.
897 4263 947 4270 —
967 4238 1236 4286 Célibataire,
1259 4237 1308 4276 28
1330 4247 1422 4287 ans,
1446 4235 1618 4273 fortune
1638 4230 1786 4280 20,000
1808 4230 1859 4268 fr.

730 4300 860 4343 ayant
878 4303 1118 4334 commerce
1140 4291 1243 4331 d’un
1265 4295 1432 4342 rapport
1454 4285 1615 4328 annuel
1650 4284 1702 4324 de
1742 4283 1865 4333 4,000

731 4345 800 4395 fr.,
823 4346 920 4396 plus
954 4359 1038 4386 une
1076 4351 1196 4386 autre
1238 4343 1404 4383 maison
1443 4353 1498 4382 en
1535 4338 1768 4390 Amérique
1802 4335 1865 4375 lui

730 4405 973 4450 rapportant
999 4399 1115 4448 1,500
1139 4399 1207 4446 fr.,
1230 4395 1472 4447 épouserait
1490 4391 1743 4433 demoiselle
1763 4400 1867 4427 avec

732 4451 803 4491 dot
823 4452 874 4493 de
898 4453 1047 4502 20,000
1070 4451 1228 4491 francs.

784 4540 873 4581 596.
899 4564 947 4571 —
967 4539 1235 4587 Célibataire,
1258 4537 1310 4580 54
1330 4548 1421 4586 ans,
1446 4535 1617 4575 fortune
1641 4530 1788 4582 60,000
1810 4530 1862 4568 fr.

732 4593 971 4643 épouserait
1019 4592 1271 4635 demoiselle
1320 4604 1375 4632 ou
1425 4600 1592 4639 veuve,
1646 4584 1869 4638 possédant

735 4646 880 4694 30.000
903 4648 1057 4689 francs.

790 4722 882 4763 599.
904 4747 955 4754 —
975 4725 1142 4766 Officier
1162 4737 1215 4766 en
1244 4723 1432 4771 activité,
1471 4722 1522 4762 36
1561 4731 1651 4767 ans,
1696 4719 1868 4760 fortune

739 4776 1003 4824 personnelle
1043 4779 1188 4822 30,000
1230 4779 1268 4816 fr
1291 4811 1300 4828 ,
1342 4775 1583 4827 épouserait
1618 4771 1867 4814 demoiselle

732 4835 863 4878 ayant
881 4828 952 4867 dot
970 4830 1020 4869 de
1043 4830 1190 4879 80,000
1213 4831 1263 4870 fr.

788 4918 876 4956 60!.
905 4939 952 4944 —
979 4917 1244 4968 Célibataire,
1266 4921 1314 4960 38
1335 4931 1424 4968 ans,
1463 4924 1595 4968 ayant
1634 4914 1864 4966 profession

735 4969 835 5008 dhin
862 4974 1032 5020 rapport
1054 4971 1213 5010 annuel
1252 4974 1302 5012 de
1343 4973 1463 5023 5,000
1503 4970 1575 5020 fr.,
1611 4969 1783 5008 fortune
1816 4967 1867 5006 de

737 5022 883 5071 35.000
903 5023 974 5073 fr.,
995 5024 1235 5073 épouserait
1254 5025 1503 5067 demoiselle
1524 5035 1627 5066 avec
1642 5020 1791 5073 40,000
1813 5020 1865 5060 fr.

790 5111 878 5150 606.
915 5134 966 5139 —
1014 5110 1279 5162 Célibataire,
1320 5114 1370 5152 25
1419 5126 1508 5162 ans,
1551 5114 1770 5163 disposant
1817 5111 1867 5150 de

734 5163 884 5212 25.000
904 5163 975 5214 fr.,
1001 5171 1040 5204 et
1062 5167 1310 5216 espérances
1330 5166 1477 5216 30,000
1491 5167 1564 5216 fr.,
1585 5166 1723 5207 désire
1738 5167 1868 5215 épou¬

736 5228 804 5256 ser
824 5218 1072 5257 demoiselle
1094 5226 1223 5270 ayant
1258 5219 1366 5259 belle
1406 5220 1612 5260 situation
1650 5231 1868 5259 commer¬

739 5270 848 5310 ciale
882 5282 890 5314 ;
933 5270 963 5308 il
1000 5272 1255 5320 apporterait
1291 5272 1351 5312 les
1388 5274 1535 5324 25,000
1576 5274 1627 5313 fr.
1676 5275 1781 5314 dans
1830 5271 1868 5311 la

740 5323 907 5362 maison
928 5323 980 5362 de
1003 5334 1255 5363 commerce.

795 5487 926 5528 Nous
972 5484 1191 5528 donnons
1240 5486 1504 5530 ci-dessous
1548 5486 1772 5530 l’adresse
1811 5487 1868 5530 de

734 5546 846 5588 MM.
890 5543 958 5586 les
995 5543 1202 5585 notaires
1235 5544 1291 5587 de
1326 5543 1371 5587 la
1402 5544 1506 5588 ville
1532 5547 1588 5590 de
1619 5545 1864 5602 Marseille,

733 5606 812 5660 qui
846 5614 1021 5659 pourra
1050 5604 1150 5646 être
1182 5602 1291 5644 utile
1322 5616 1439 5658 pour
1466 5603 1532 5647 les
1566 5608 1779 5649 contrats
1811 5606 1868 5648 de

732 5664 950 5717 mariage
972 5676 980 5703 :

785 5764 883 5804 MM.
920 5760 1127 5807 Sabatier,
1151 5771 1227 5799 rue
1247 5760 1431 5810 Paradis,
1461 5762 1520 5800 17.

922 5814 1144 5868 Raynaud,
1168 5824 1243 5852 rue
1267 5812 1450 5858 Paradis,
1472 5814 1538 5854 24.

918 5869 1098 5918 Gaudet,
1123 5878 1198 5906 rue
1220 5866 1403 5912 Paradis,
1427 5866 1494 5905 46.

920 5926 1120 5976 Gasquet,
1142 5931 1219 5959 rue
1236 5918 1422 5966 Paradis,
1447 5919 1510 5958 57.

918 5975 1119 6026 Ferraud,
1144 5984 1219 6014 rue
1242 5971 1426 6016 Paradis,
1451 5970 1515 6010 59.

916 6034 1072 6080 Brezet,
1096 6039 1170 6068 rue
1195 6023 1380 6075 Paradis,
1405 6026 1469 6064 68.

916 6087 967 6125 de
991 6086 1130 6135 Laget,
1154 6092 1230 6120 rue
1253 6076 1576 6123 Saint-Ferréol,
1602 6079 1639 6118 7.

919 6136 1194 6189 Delanglade,
1218 6144 1295 6174 rue
1312 6130 1639 6180 Saint-Ferréol,
1663 6132 1730 6172 29.

2123 444 2203 491 LE
2243 443 2394 490 LIEN
2428 440 2512 488 DE
2555 438 2851 486 MARIAGE

2104 618 2184 656 Ben
2191 620 2246 666 et,
2270 627 2346 654 rue
2367 609 2690 659 Saint-Ferréol,
2714 610 2778 648 30.

2103 667 2349 722 Provençal,
2372 679 2448 706 rue
2468 661 2797 712 S'aint-Ftrréol,
2822 660 2890 700 50.

2104 723 2326 771 Bouteille,
2352 734 2426 760 rue
2446 716 2768 767 Saint-Ferréol,
2798 715 2861 755 52.

2103 776 2342 826 Eslrangin,
2366 786 2442 814 rue
2462 770 2787 816 Saint-Ferréol,
2812 768 2878 807 54.

2106 831 2307 877 Jourdan,
2329 840 2404 867 rue
2425 823 2749 866 Saint-Ferréol,
2772 821 2836 862 59.

2106 886 2262 935 Sayou,
2287 894 2362 921 rue
2383 876 2710 923 Saint-Ferréol,
2735 875 2798 914 78.

2107 936 2267 981 Perrin,
2291 946 2366 975 rue
2389 935 2495 972 Mont
2505 931 2651 979 grand,
2678 928 2743 968 38.

2106 986 2444 1034 Taxil-Forloul,
2470 995 2544 1024 rue
2567 979 2829 1032 Monigrand,
2854 979 2916 1019 48.

2107 1043 2251 1088 Alliés,
2277 1051 2354 1080 rue
2372 1036 2634 1088 Monigrand,
2658 1036 2720 1075 62.

2107 1099 2241 1140 Azaïs,
2267 1106 2342 1132 rue
2363 1092 2414 1131 de
2438 1091 2471 1130 la
2499 1090 2638 1135 Darse,
2661 1088 2696 1126 5.

2107 1149 2303 1199 Laugier,
2328 1159 2402 1184 rue
2423 1147 2475 1184 de
2496 1143 2538 1182 la
2558 1143 2698 1187 Darse,
2719 1139 2786 1178 29.

2111 1200 2334 1255 Raynaud,
2359 1211 2432 1238 rue
2455 1195 2655 1238 Noailies,
2680 1195 2716 1232 7.

2110 1255 2332 1301 Dessuard,
2356 1263 2431 1291 rue
2451 1248 2652 1292 Noailies,
2683 1247 2742 1286 18.

2114 1307 2304 1358 Laugier,
2330 1318 2403 1344 rue
2423 1302 2696 1346 Cannebière,
2722 1300 2759 1339 5.

2110 1359 2340 1410 Decormis,
2364 1370 2439 1398 rue
2460 1355 2662 1404 Grignan,
2687 1352 2752 1392 56.

2110 1413 2235 1463 Latil,
2258 1426 2334 1453 rue
2354 1411 2514 1456 Sainte,
2539 1408 2576 1450 1.

2111 1467 2304 1516 Giraudi,
2328 1476 2454 1507 cours
2471 1459 2760 1508 Saint-Louis,
2785 1458 2822 1500 3.

2111 1523 2252 1570 Blanc,
2274 1533 2350 1560 rue
2371 1519 2422 1558 de
2444 1515 2620 1564 l’Arbre,
2644 1514 2682 1555 9.

2111 1575 2335 1622 Roubaud,
2359 1583 2436 1611 rue
2455 1571 2508 1610 de
2527 1567 2570 1607 la
2589 1567 2879 1618 République,
2905 1563 2968 1603 15.

2111 1630 2259 1678 Gavot,
2284 1638 2359 1667 rue
2380 1626 2436 1664 du
2460 1625 2648 1672 Bausset,
2672 1619 2711 1660 4.

2032 1805 2186 1876 LE
2254 1793 2954 1872 PRINTEMPS

2095 1996 2167 2036 Ces
2188 1995 2322 2035 beaux
2344 1993 2462 2044 jours
2483 2003 2524 2031 se
2550 1988 2792 2033 succèdent,

2091 2050 2145 2088 Le
2168 2048 2324 2087 monde
2346 2058 2396 2085 en
2418 2050 2479 2083 est
2500 2042 2659 2082 témoin
2679 2053 2687 2088 ;

2096 2103 2123 2139 A
2144 2099 2312 2148 l’espoir
2332 2098 2394 2137 les
2414 2107 2551 2136 cœurs
2572 2094 2723 2135 cèdent
2747 2107 2755 2133 :

2094 2155 2146 2192 Lo
2169 2152 2405 2203 printemps
2426 2150 2530 2190 n’est
2552 2160 2623 2200 pas
2645 2147 2748 2188 loin.

2094 2208 2153 2245 Au
2179 2206 2283 2256 bois,
2306 2204 2345 2246 le
2367 2204 2498 2244 merle
2519 2204 2672 2243 chante

2094 2260 2139 2299 Sa
2164 2259 2339 2300 roulade
2363 2259 2591 2299 touchante
2616 2270 2624 2297 :

2093 2314 2212 2355 Voici
2235 2314 2371 2359 venir,
2394 2312 2504 2352 voici
2528 2311 2646 2351 venir

2095 2370 2171 2408 Les
2190 2368 2334 2417 fleurs,
2358 2366 2542 2406 l’amour
2563 2370 2603 2404 et
2623 2363 2662 2403 le
2686 2359 2847 2412 plaisir.

2094 2452 2195 2503 Déjà
2216 2451 2277 2491 les
2295 2450 2553 2502 primevères

2094 2506 2323 2546 Emaillent
2343 2503 2406 2544 les
2424 2514 2592 2555 gazons,

2096 2562 2169 2601 Les
2190 2571 2384 2600 mamans
2403 2582 2454 2587 —
2478 2558 2616 2597 moins
2636 2555 2819 2601 sévères,

2094 2615 2202 2655 Vont
2222 2615 2372 2654 ouvrir
2390 2612 2452 2652 les
2472 2611 2660 2651 maisons
2682 2620 2691 2658 ;

2094 2668 2183 2708 Aux
2204 2668 2367 2720 Pâques
2388 2667 2464 2718 qui
2486 2675 2527 2704 se
2548 2664 2696 2710 fêtent,

2094 2723 2170 2763 Les
2191 2723 2342 2774 jeunes
2362 2731 2464 2770 gens
2486 2719 2675 2767 répètent
2699 2727 2707 2754 :

2095 2776 2214 2816 Voici
2238 2775 2370 2823 venir,
2396 2771 2507 2811 voici
2530 2770 2650 2810 venir

2096 2831 2171 2871 Les
2191 2830 2335 2878 fleurs,
2364 2827 2544 2866 l’amour
2564 2828 2604 2863 et
2627 2822 2664 2861 le
2687 2817 2851 2871 plaisir.

2095 2914 2152 2954 De
2175 2913 2277 2960 loin,
2298 2923 2371 2951 sur
2393 2910 2555 2948 l’herhe
2578 2903 2740 2951 tendre,

2098 2968 2150 3007 Le
2172 2964 2352 3018 paisible
2374 2962 2546 3012 grillon,

2096 3022 2158 3062 Au
2182 3018 2302 3060 soleil
2327 3019 2403 3057 fait
2424 3015 2626 3055 entendre

2094 3075 2175 3115 Son
2198 3072 2315 3123 léger
2334 3069 2532 3111 carillon.

2098 3128 2283 3167 Roulant
2303 3135 2375 3165 son
2400 3123 2508 3162 onde
2531 3132 2651 3171 pure,

2098 3182 2151 3219 Le
2174 3180 2278 3219 frais
2295 3177 2490 3218 ruisseau
2513 3182 2739 3213 murmure
2764 3183 2772 3210 :

2100 3232 2218 3274 Voici
2238 3231 2374 3279 venir,
2394 3227 2505 3268 voici
2530 3226 2648 3267 venir

2099 3287 2175 3327 Les
2194 3286 2336 3334 fleurs,
2363 3284 2543 3323 l’amour
2564 3284 2604 3322 et
2624 3280 2662 3320 le
2683 3276 2843 3331 plaisir.

2096 3372 2161 3411 Au
2183 3371 2362 3420 bosquet
2380 3367 2585 3412 solitaire,

2096 3426 2251 3464 Gourez
2271 3423 2423 3472 jeunes
2443 3426 2624 3467 amants,

2099 3483 2130 3515 A
2155 3476 2331 3515 l’ombre
2354 3474 2408 3511 du
2431 3472 2618 3523 mystère

2101 3529 2279 3579 Répéter
2301 3536 2372 3566 vos
2392 3528 2615 3564 serments.

2099 3583 2204 3622 Sous
2227 3580 2286 3619 les
2304 3579 2460 3627 arbres,
2484 3577 2524 3616 la
2546 3576 2658 3616 brise

2100 3636 2212 3676 Vous
2233 3635 2380 3675 souffle
2402 3644 2502 3672 avec
2522 3630 2682 3683 reprise
2704 3643 2711 3670 :

2100 3689 2218 3731 Voici
2239 3691 2374 3736 venir,
2398 3686 2508 3727 voici
2529 3686 2651 3724 venir

2098 3744 2175 3784 Les
2194 3743 2335 3792 fleurs,
2359 3740 2543 3780 l’amour
2563 3743 2602 3778 et
2626 3737 2663 3776 le
2684 3734 2847 3787 plaisir.

2819 3808 2867 3848 N.
2891 3808 2939 3848 V.

1991 3992 2181 4043 L’Office
2212 3987 2451 4027 Mondonet
2470 3984 2532 4021 est
2559 3984 2713 4019 ouvert
2735 3983 2832 4016 tous
2859 3978 2920 4015 les
2938 3975 3077 4025 jours

1940 4047 1994 4086 de
2012 4048 2040 4085 2
2062 4045 2219 4083 heures
2239 4043 2264 4080 à
2288 4042 2314 4079 8
2336 4036 2492 4079 heures
2511 4034 2574 4074 du
2603 4034 2695 4073 soir
2722 4034 2760 4070 et
2800 4030 2860 4069 les
2896 4028 3076 4067 diman¬

1939 4100 2039 4139 ches
2057 4101 2098 4139 et
2115 4098 2227 4150 fêtes
2246 4095 2300 4135 de
2323 4095 2348 4134 9
2369 4091 2526 4134 heures
2545 4092 2571 4128 à
2593 4085 2724 4127 midi.

2001 4271 2413 4346 THÉÂTRES
2471 4274 2561 4337 ET
2620 4267 3017 4334 CONCERTS

1995 4451 2235 4492 Variétés.
2263 4470 2307 4476 —
2346 4447 2393 4486 M.
2419 4444 2498 4485 Th.
2524 4444 2652 4492 Puget
2672 4454 2723 4480 va
2745 4439 2963 4491 exploiter,
3004 4450 3078 4478 sur

1943 4506 1983 4544 la
2002 4506 2126 4545 scène
2147 4504 2219 4543 des
2255 4500 2455 4548 Variétés,
2496 4496 2828 4546 complètement
2868 4491 3076 4532 transfor¬

1942 4559 2038 4599 mée
2058 4565 2096 4599 et
2119 4556 2347 4596 machinée
2369 4564 2476 4610 pour
2503 4563 2550 4592 ce
2586 4561 2712 4600 genre
2733 4548 2784 4588 de
2807 4547 3075 4598 représenta¬

1944 4614 2068 4661 tions,
2119 4611 2351 4661 l’opérette,
2410 4607 2468 4647 les
2503 4604 2658 4657 grands
2707 4600 2974 4643 vaudevilles
3018 4600 3072 4641 du

1942 4663 2235 4716 Palais-Royal
2260 4668 2302 4702 et
2324 4667 2459 4701 toutes
2487 4659 2548 4699 les
2582 4659 2722 4710 pièces
2741 4659 2764 4696 à
2793 4656 2925 4708 grand
2958 4667 3076 4706 spec¬

1943 4722 2051 4763 tacle
2069 4734 2077 4771 ;
2101 4720 2124 4759 à
2148 4722 2214 4759 cet
2235 4716 2347 4764 effet,
2368 4715 2400 4753 if
2422 4726 2446 4752 a
2466 4714 2626 4762 engagé
2652 4723 2733 4752 une
2748 4718 2895 4760 troupe
2915 4708 3072 4749 d’élite.

1942 4778 2001 4818 On
2024 4776 2111 4816 voit
2144 4783 2228 4826 que
2269 4770 2319 4810 M.
2363 4768 2495 4816 Puget
2538 4767 2603 4804 n’a
2639 4765 2730 4804 rien
2771 4763 2939 4814 négligé
2970 4775 3076 4813 pour

1940 4831 2058 4872 offrir
2078 4842 2130 4870 au
2156 4824 2303 4879 public
2328 4818 2584 4864 marseillais
2611 4830 2693 4858 une
2730 4817 2932 4857 véritable
2967 4816 3074 4855 série

1943 4883 2232 4926 d’attractions
2251 4878 2512 4930 artistiques.

1998 4939 2272 4976 L’ouverture
2310 4944 2414 4974 aura
2451 4930 2539 4970 lieu
2561 4926 2600 4966 le
2630 4926 2672 4965 12
2692 4924 2944 4975 septembre,
2972 4935 3076 4972 pour

1944 4991 2006 5031 les
2024 4988 2383 5039 représentations
2403 4986 2455 5026 de
2479 4983 2512 5024 M
2516 4990 2547 5002 me
2567 4979 2707 5020 Judic.

1997 5083 2256 5133 Gymnase.
2275 5100 2325 5106 —
2347 5078 2404 5115 La
2424 5076 2579 5126 grande
2600 5074 2786 5126 opérette
2804 5070 2883 5111 fait
2906 5082 2950 5110 sa
2971 5080 3067 5108 ren¬

1943 5138 2029 5178 trée
2050 5136 2156 5175 dans
2176 5144 2223 5173 ce
2247 5131 2425 5175 théâtre,
2447 5140 2546 5168 avec
2570 5128 2630 5168 les
2650 5127 2803 5179 grands
2826 5123 3074 5176 répertoires

1943 5191 2015 5231 des
2051 5188 2242 5231 maisons
2280 5183 2503 5226 Choudens
2539 5187 2579 5220 et
2618 5182 2819 5229 Brandns,
2856 5180 2934 5231 qui
2982 5184 3075 5219 sont

1942 5245 2134 5284 devenus
2155 5243 2194 5281 la
2217 5239 2428 5291 propriété
2448 5234 2663 5275 exclusive
2684 5235 2735 5272 de
2771 5235 2806 5271 la
2843 5234 3070 5272 Direction.

1994 5299 2047 5339 M.
2071 5297 2219 5336 Simon
2238 5295 2423 5335 Jalabert
2443 5304 2468 5331 a
2487 5289 2626 5330 formé
2656 5298 2765 5338 pour
2787 5286 2847 5324 les
2870 5286 3074 5334 interpré¬

1944 5356 2004 5391 ter
2044 5362 2126 5390 une
2169 5355 2315 5399 troupe
2356 5347 2406 5386 de
2446 5342 2631 5397 premier
2669 5339 2805 5379 ordre.
2838 5337 2888 5376 Ce
2915 5336 3075 5375 théâtre

1942 5404 2031 5444 fera
2054 5415 2098 5444 sa
2118 5404 2394 5443 réouverture
2417 5410 2511 5439 vers
2532 5396 2570 5436 le
2591 5396 2640 5436 23
2663 5391 2918 5447 septembre.

3190 607 3530 689 Maisons
3594 605 4206 695 Recommandées

3149 864 3361 997 LE
3469 859 4250 998 CHINOIS

3278 1028 3586 1079 CHAPEAUX
3622 1027 3694 1075 EN
3727 1027 3868 1075 TOUS
3903 1030 4115 1079 GENRES

3156 1110 3433 1151 COIFFURES
3471 1110 3603 1150 POUR
3646 1106 3923 1148 MESSIEURS
3966 1109 4031 1149 ET
4070 1108 4236 1150 DAMES

3439 1192 3711 1229 FRAICHEURS,
3744 1191 3822 1219 RON
3852 1188 3960 1218 GOUT

3223 1250 3371 1290 Haute
3394 1251 3654 1291 Nouveauté
3677 1251 3730 1291 de
3749 1252 3895 1304 forme
3901 1248 3911 1299 ,
3935 1248 4172 1302 Elégance,

3563 1315 3840 1368 Originalité

3428 1387 3647 1427 Spécialité
3670 1387 3720 1420 de
3746 1387 3786 1419 la
3810 1388 3968 1422 Maison

3131 1444 3318 1491 Coiffures
3340 1445 3464 1490 riches
3487 1446 3710 1492 d'intérieur
3730 1450 3770 1492 et
3791 1448 3836 1492 de
3859 1447 4003 1494 Bureau
4034 1460 4168 1507 (Dernières
4180 1460 4270 1506 Mod»}

3546 1517 3645 1556 Prix
3674 1518 3870 1559 Modérés

3210 1584 3331 1632 26,
3374 1584 3536 1624 Rue
3584 1583 4055 1636 Cannebière,
4092 1588 4195 1629 26

3135 1744 3379 1860 ARMES
3427 1747 3511 1859 DE
3567 1741 3827 1862 CHASSE
3875 1744 3963 1856 ET
4019 1743 4107 1859 DE
4147 1750 4271 1862 TIR

3253 1900 3555 1962 §épaiations,
3598 1927 3607 1959 (
3606 1888 3848 1963 Échanges,
3875 1901 4147 1963 Nettoyages

3143 1998 3683 2061 BERNARD
3736 2015 3848 2050 rue
3878 2000 4160 2063 Paradis,
4197 2000 4272 2052 32

3190 2184 3533 2285 Entreprise
3578 2185 3647 2261 de
3690 2184 4221 2287 Déménagements

3326 2300 3439 2339 Pour
3467 2312 3518 2339 la
3547 2300 3710 2340 France
3740 2314 3792 2339 et
3820 2302 4083 2343 l’Etranger

3276 2385 3518 2427 PRIX
3594 2375 4134 2435 MODÉRÉS

3207 2470 3352 2496 Cadres

3263 2520 3299 2548 et

3190 2575 3381 2603 WAGON8

3182 2622 3382 2663 capitonnés

3152 2690 3236 2722 pour
3260 2681 3411 2714 Meubles

3204 2747 3365 2787 précieux

3681 2470 3751 2495 DES

3459 2504 3743 2585 Déméoapses
3783 2504 3963 2575 Favorites

3512 2609 3697 2718 AIES
3732 2609 3777 2717 h
3816 2608 3889 2721 C“

3484 2744 3570 2775 Maison
3596 2747 3771 2787 complètement
3797 2759 3824 2780 en
3850 2749 3933 2780 dehors

3597 2794 3626 2824 de
3644 2795 3694 2827 to.it
3712 2795 3827 2836 Monopole

4003 2466 4263 2511 GARDE-MEUBLES

4012 2539 4252 2567 ASSURANCES

4074 2590 4192 2620 contre

4044 2640 4225 2675 l’Incendie

4123 2695 4152 2721 et

3251 2867 3355 2915 Bourse
3375 2868 3574 2915 Immobilière.
3587 2895 3644 2900 —
3664 2872 3747 2918 Vente
3769 2874 3795 2919 el
3814 2874 3937 2920 location
3959 2876 4158 2924 d’immeubles

3143 2950 3315 2992 MARSEILLE
3324 2951 3375 2993 —
3390 2950 3476 2994 Rue
3492 2951 3703 3003 Pavillon,
3722 2954 3759 3004 4,
3775 2966 3826 2996 au
3840 2954 4030 3007 Magasin
4039 2982 4091 2987 —
4106 2960 4279 3002 MARSEILLE

3340 3141 3560 3180 Vient
3618 3143 3708 3183 de
3766 3143 4083 3195 joar*aît,r*e

3481 3230 3707 3282 (EDITION
3734 3232 3797 3272 DE
3821 3234 3942 3284 1891)

3195 3495 3254 3537 DE
3273 3496 3334 3538 LA
3355 3496 3555 3552 FRANCE,
3575 3498 3635 3539 DE
3656 3499 3716 3540 LA
3734 3498 3895 3552 CORSE,
3913 3499 3973 3540 DE
3988 3494 4238 3542 L’ALGÉRIE

3336 3566 3395 3606 DE
3414 3567 3475 3606 LA
3498 3566 3688 3606 TUNISIE
3706 3567 3735 3606 &
3756 3568 3843 3605 DES
3866 3568 4094 3606 COLONIES

3153 3635 3220 3675 Un
3242 3634 3331 3672 fort
3364 3633 3523 3672 volume
3558 3634 3607 3671 de
3632 3631 3723 3671 800
3747 3643 3892 3684 pages,
3927 3631 4174 3684 imprimées
4207 3643 4286 3671 sur

3382 3686 3412 3724 2
3434 3687 3650 3736 colonnes,
3676 3684 3839 3727 reliure
3860 3686 4048 3739 anglaise

3255 3768 3830 3807 Prix.
3888 3771 3951 3804 T»
3983 3770 4170 3806 francs

3199 3855 3264 3893 Cet
3290 3866 3488 3902 ouvrage,
3515 3854 3657 3900 rédigé
3677 3866 3748 3892 sur
3771 3867 3828 3892 un
3858 3854 3955 3902 plan
3995 3855 4282 3895 entièrement

3150 3917 3360 3951 nouveau,
3400 3904 3588 3942 contient
3622 3910 3715 3942 tous
3758 3904 3815 3943 les
3851 3906 4104 3943 documents
4142 3906 4280 3954 régle¬

3149 3962 3340 3995 mentant
3364 3956 3400 3995 le
3420 3956 3581 3995 service
3602 3956 3676 3995 des
3710 3962 3858 4006 postes,
3894 3958 3967 3995 des
3995 3956 4276 4008 télégraphes,

3150 4010 3222 4048 des
3243 4008 3487 4058 téléphones
3510 4015 3548 4049 et
3571 4009 3642 4049 des
3662 4009 3859 4051 chemins
3880 4010 3930 4051 de
3948 4011 4023 4052 fer.

3203 4063 3235 4102 Il
3259 4062 3434 4116 indique
3464 4063 3526 4104 les
3546 4075 3670 4104 noms
3702 4064 3751 4104 de
3775 4070 3912 4105 toutes
3935 4066 3996 4105 les
4019 4076 4276 4118 communes,

3148 4117 3258 4157 ainsi
3279 4131 3363 4169 que
3384 4129 3491 4159 ceux
3510 4119 3583 4158 des
3602 4118 3792 4159 bureaux
3822 4118 3872 4158 de
3899 4125 4011 4170 poste
4033 4126 4072 4159 et
4098 4120 4151 4160 de
4173 4120 4280 4162 télé¬

3148 4171 3307 4223 graphe
3327 4171 3402 4223 qui
3428 4171 3486 4210 les
3503 4172 3760 4220 desservent,
3799 4172 3859 4212 les
3878 4172 4088 4212 distances
4123 4174 4280 4223 légales

3148 4231 3188 4263 et
3223 4226 3258 4264 le
3290 4224 3439 4263 chiffre
3476 4224 3527 4263 de
3566 4224 3603 4263 la
3642 4224 3907 4274 population.
3950 4226 4007 4264 On
4030 4239 4060 4274 y
4093 4239 4116 4264 a
4138 4227 4280 4276 ajouté

3152 4283 3284 4316 toutes
3309 4276 3372 4314 les
3391 4288 3519 4326 gares
3548 4283 3743 4315 ouvertes
3775 4288 3827 4314 au
3860 4276 4019 4315 service
4052 4276 4126 4318 des
4159 4280 4280 4319 colis

3150 4337 3368 4382 postaux,
3410 4342 3510 4369 avec
3545 4328 3738 4370 mention
3778 4328 3943 4379 lorsque
3983 4339 4054 4368 ces
4092 4328 4282 4370 derniers

3148 4389 3241 4423 sont
3260 4381 3464 4422 livrables
3481 4395 3530 4422 en
3553 4394 3651 4431 gare
3674 4394 3725 4421 ou
3747 4383 3770 4419 à
3789 4382 4009 4422 domicile.

3202 4436 3260 4475 On
3283 4448 3311 4487 y
3335 4442 3529 4476 trouvera
3548 4435 3663 4475 aussi
3699 4441 3791 4475 tous
3824 4435 3884 4476 les
3915 4435 4282 4488 renseignements

3149 4490 3404 4530 nécessaires
3418 4499 3491 4529 sur
3508 4490 3543 4530 le
3560 4490 3744 4531 service
3760 4491 3844 4532 des
3862 4498 4280 4543 recouvrements,

3147 4546 3229 4584 soit
3257 4555 3307 4583 en
3331 4543 3499 4592 France,
3522 4542 3604 4583 soit
3623 4542 3730 4584 dans
3752 4543 3811 4584 les
3834 4556 3938 4596 pays
3957 4547 4175 4595 étrangers

3202 4599 3271 4639 Cet
3291 4608 3474 4649 ouvrage
3495 4603 3552 4639 est
3582 4597 3899 4649 indispensable
3934 4611 3986 4638 au
4023 4610 4279 4646 commerce,

3148 4655 3169 4692 à
3193 4652 3431 4694 l’industrie
3452 4659 3492 4692 et
3512 4664 3595 4692 aux
3615 4652 3996 4692 administrations.

3337 4743 3539 4783 PRIME
3571 4743 3611 4781 A
3645 4742 3764 4780 NOS
3795 4732 4094 4780 ABONNÉS

3202 4820 3278 4859 Par
3310 4819 3422 4859 suite
3454 4816 3555 4856 d’un
3591 4820 3887 4864 arrangement
3920 4827 4020 4855 avec
4064 4815 4277 4868 l'éditeur,

3148 4884 3256 4914 nous
3276 4883 3462 4911 sommes
3480 4872 3503 4910 à
3530 4871 3668 4911 même
3702 4870 3752 4910 de
3774 4868 3943 4911 fournir
3964 4876 4028 4912 cet
4048 4883 4236 4922 ouvrage
4260 4874 4284 4912 à

3150 4939 3224 4964 nos
3270 4926 3458 4965 abonnés
3504 4936 3554 4964 en
3596 4924 3655 4965 les
3692 4923 3848 4966 faisant
3883 4926 4114 4967 bénéficier
4152 4927 4282 4963 d’une

3148 4978 3302 5019 remise
3323 4978 3659 5030 exceptionnelle
3679 4979 3730 5022 de
3752 4982 3814 5022 20
3836 4991 3880 5033 p.
3910 4982 4019 5022 100.

3200 5032 3316 5075 Nous
3335 5034 3536 5083 adresser,
3559 5034 3664 5074 dans
3683 5045 3730 5074 ce
3751 5047 3835 5085 cas,
3874 5047 3930 5074 un
3966 5032 4280 5079 mandat-poste

3147 5087 3198 5127 de
3220 5088 3280 5129 20
3304 5087 3362 5130 fr.
3387 5099 3439 5128 au
3463 5098 3563 5127 nom
3587 5087 3636 5127 de
3658 5089 3826 5129 Bonal.

3345 5268 3432 5335 A
3491 5261 4076 5335 VENDRE

3150 5367 3458 5424 Une
3512 5371 4284 5436 campagne

1996 5488 2478 5534 Palais-de-Cristal.
2520 5510 2556 5515 —
2612 5488 2663 5526 La
2700 5486 2976 5526 réouverture
3015 5480 3070 5519 du

1940 5547 2110 5586 Palazzo
2130 5557 2236 5584 aura
2262 5544 2347 5584 lieu
2376 5542 2411 5580 le
2447 5540 2470 5579 2
2511 5538 2764 5590 septembre,
2807 5543 2847 5577 et
2882 5536 2919 5575 la
2960 5542 3074 5576 vaste

1941 5600 2047 5639 salle
2068 5604 2130 5639 est
2147 5600 2171 5638 à
2192 5598 2355 5638 l’heure
2378 5592 2562 5635 actuelle
2587 5596 2702 5632 toute
2733 5590 2963 5631 reluisante
2986 5590 3075 5628 d’or

1942 5659 1980 5693 et
2000 5652 2051 5692 de
2079 5651 2266 5692 fraîches
2303 5650 2503 5691 couleurs
2527 5678 2535 5692 ,
2580 5645 2764 5696 pendant
2796 5654 2843 5683 ce
2883 5641 2994 5680 mois
3023 5643 3074 5680 de

1940 5717 2160 5754 vacances,
2178 5704 2214 5745 le
2231 5706 2410 5757 pinceau
2435 5700 2486 5739 de
2500 5711 2575 5739 nos
2592 5696 2815 5738 meilleurs
2835 5694 3002 5735 artistes
3022 5706 3072 5732 en

1940 5772 1964 5798 a
1998 5758 2330 5808 complètement
2361 5761 2400 5796 et
2441 5753 2787 5803 artistiquement
2822 5748 3073 5788 transformé

1940 5812 2126 5864 l’aspect.
2170 5812 2200 5850 A
2220 5822 2295 5851 son
2316 5812 2546 5851 ouverture
2568 5806 2622 5843 du
2647 5803 2670 5842 2
2691 5802 2947 5854 septembre,
2984 5807 3074 5840 tout

1939 5864 2147 5904 Marseille
2171 5877 2212 5904 se
2236 5866 2388 5904 rendra
2429 5872 2483 5902 au
2518 5857 2670 5905 Palais,
2693 5868 2763 5895 car
2787 5855 2875 5894 MM.
2902 5855 3072 5896 Desmo-

1942 5918 2024 5958 lins
2042 5924 2081 5958 et
2103 5919 2277 5968 Pompeï
2306 5923 2379 5957 ont
2412 5913 2594 5958 recruté,
2622 5922 2726 5960 pour
2747 5912 2854 5948 celte
2876 5911 3073 5950 réouver¬

1940 5974 2050 6020 ture,
2074 5983 2158 6011 une
2179 5976 2326 6022 troupe
2347 5970 2404 6011 où
2442 5968 2675 6018 figureront
2707 5962 2764 6002 les
2784 5961 2992 6004 éléments
3014 5963 3074 6004 les

1940 6024 2037 6072 plus
2058 6026 2211 6073 variés,
2235 6030 2275 6063 et
2295 6024 2346 6063 de
2366 6018 2593 6063 véritables
2610 6016 2871 6056 attractions.

3401 5470 3447 5531 A
3501 5467 4037 5532 SAINT-MARCEL

3252 5562 3547 5605 Ancienne
3598 5563 3847 5619 fabrique
3900 5560 3967 5600 de
4021 5556 4181 5600 tuiles

3456 5651 3560 5692 JOLI
3595 5651 3746 5693 POINT
3776 5648 3840 5687 DE
3872 5644 3970 5684 VUE

3152 5731 3353 5772 Très
3401 5734 3450 5772 k>
3461 5747 3500 5772 o
3511 5746 3559 5772 n
3607 5738 3815 5782 pour
3869 5723 3942 5763 la
3995 5727 4286 5769 chasse

3244 5812 3652 5864 CONTENANCE
3687 5820 3695 5846 :
3734 5807 3901 5854 2-500
3934 5802 4179 5859 MÈTRES

3148 5899 3252 5954 Près
3276 5900 3315 5952 le
3339 5899 3526 5951 château
3549 5891 3600 5944 de
3626 5890 3680 5943 M.
3710 5890 3748 5943 le
3778 5894 3966 5962 marquis
4006 5894 4058 5947 de
4093 5890 4285 5945 Coriolis

3790 6031 3838 6063 Le
3859 6030 3996 6071 gérant
4018 6035 4029 6056 :
4052 6024 4198 6056 Bonal.

3146 6131 3258 6175 lmpr.
3278 6130 3435 6174 spéciale
3462 6131 3510 6166 du
3528 6131 3622 6166 Lien
3651 6133 3704 6167 du
3722 6132 3907 6170 Mariage,
3926 6127 3975 6167 11,
3991 6134 4055 6158 rue
4070 6126 4114 6159 de
4131 6127 4164 6162 la
4180 6127 4283 6161 Paix.
