4712 7064
2223 458 2303 503 LE
2342 456 2492 504 LIEN
2528 456 2616 502 DU
2656 452 2954 503 MARIAGE

887 815 943 857 Le
981 815 1087 854 Lien
1126 812 1176 851 du
1212 810 1399 863 Mariage
1436 820 1479 848 se
1518 806 1627 847 vend
1663 818 1718 844 au
1760 803 1851 854 prix
1899 800 1950 842 de

818 872 866 912 10
888 869 1095 911 centimes
1127 867 1232 905 dans
1265 870 1358 903 tous
1388 863 1448 903 les
1484 862 1686 912 kiosques
1705 859 1756 898 de
1781 858 1819 895 la
1840 854 1951 895 Ville

815 931 855 967 et
875 927 898 964 à
920 926 960 963 la
982 920 1211 969 Direction,
1235 919 1272 968 6,
1294 918 1322 956 B
1323 917 1336 938 d
1358 918 1410 958 de
1431 917 1471 955 la
1494 912 1769 964 Magdeleine.

837 1025 842 1051 :
868 1008 983 1048 Dans
1022 1004 1082 1044 les
1123 1002 1349 1055 prochains
1383 1000 1603 1046 numéros,
1627 1008 1736 1036 nous
1760 996 1952 1035 réserve¬

818 1074 916 1102 rons
938 1071 998 1100 un
1019 1058 1118 1098 tiers
1139 1056 1187 1096 de
1211 1063 1314 1107 page
1344 1066 1451 1106 pour
1482 1052 1543 1092 les
1575 1046 1954 1091 annonces-récla¬

819 1127 925 1164 mes,
948 1112 1058 1152 mais
1078 1123 1187 1153 nous
1207 1111 1527 1159 n’accepterons
1552 1110 1594 1146 et
1622 1102 1950 1144 recommande¬

821 1180 919 1208 rons
938 1178 1022 1219 que
1042 1165 1171 1206 celles
1202 1164 1279 1216 qui
1308 1165 1560 1203 émaneront
1586 1158 1660 1198 des
1694 1158 1883 1196 maisons
1903 1155 1955 1194 de

820 1222 1056 1263 conliance.

879 1338 1015 1376 Notre
1039 1335 1170 1388 Office
1190 1346 1216 1372 a
1228 1331 1332 1385 prie
1343 1344 1465 1383 pour
1486 1328 1634 1368 devise
1655 1340 1668 1364 :
1694 1327 1736 1366 la
1758 1322 1954 1363 Probité.

823 1391 915 1432 Nos
935 1390 1091 1430 clients
1112 1388 1307 1440 peuvent
1344 1388 1434 1424 être
1461 1382 1708 1435 persuadés
1748 1379 1958 1417 d’avance

822 1459 903 1499 que
920 1456 1031 1484 nous
1050 1456 1103 1482 ne
1122 1452 1310 1481 sommes
1321 1452 1408 1491 pas
1429 1438 1505 1477 des
1525 1436 1756 1475 brasseurs
1775 1428 1959 1483 d’affai¬

823 1512 907 1543 res,
929 1512 988 1539 au
1010 1496 1160 1550 risque
1182 1495 1235 1534 de
1255 1494 1376 1547 faire
1398 1492 1474 1531 des
1492 1488 1787 1529 malheureux
1808 1498 1822 1531 ;
1862 1488 1960 1522 tous

822 1566 899 1591 nos
940 1551 1090 1604 efforts
1134 1547 1341 1587 tendront
1391 1544 1598 1596 toujours
1642 1544 1667 1579 à
1716 1538 1836 1592 faire
1884 1536 1960 1575 des

822 1607 1023 1646 heureux
1027 1619 1036 1654 ,
1061 1606 1199 1642 même
1231 1615 1291 1640 au
1329 1598 1568 1638 détriment
1589 1595 1643 1633 de
1671 1606 1747 1631 nos
1771 1602 1962 1643 propres

823 1661 1018 1699 intérêts.
1068 1658 1226 1696 Toutes
1264 1667 1342 1693 nos
1378 1651 1559 1705 affaires
1596 1648 1743 1686 seront
1782 1644 1962 1684 traitées

822 1727 926 1753 avec
948 1712 1115 1763 laplus
1130 1708 1303 1759 grande
1319 1706 1575 1744 délicatesse
1590 1704 1630 1739 et
1647 1702 1687 1739 le
1693 1700 1800 1752 plus
1812 1698 1959 1751 grand,

825 1766 1252 1806 désintéressement.

870 1986 1012 2051 Avis
1050 1986 1084 2048 à
1124 1999 1222 2047 nos
1268 1981 1466 2045 clients
1506 1979 1566 2041 de
1610 1975 1926 2040 l’extérieur

886 2159 943 2197 La
982 2154 1194 2196 Direction
1234 2152 1386 2194 envoie
1422 2151 1583 2199 franco,
1607 2159 1706 2188 sous
1735 2147 1968 2199 enveloppe

834 2211 1050 2259 cachetée,
1085 2220 1183 2250 sans
1219 2218 1363 2247 aucun
1402 2205 1523 2254 signe
1562 2202 1788 2251 extérieur,
1824 2213 1903 2242 cou
1910 2207 1969 2239 Ire

835 2266 884 2306 60
907 2276 943 2305 c.
979 2275 1032 2303 en
1069 2262 1402 2311 timbres-poste,
1442 2270 1495 2297 un
1540 2267 1809 2308 programme
1848 2254 1970 2294 indi¬

834 2324 970 2371 quant
994 2318 1051 2356 les
1071 2315 1314 2356 conditions
1343 2312 1394 2352 de
1434 2311 1587 2351 l’Office
1610 2318 1648 2350 et
1670 2323 1728 2350 un
1750 2308 1970 2360 question¬

837 2372 955 2411 naire
975 2371 1079 2411 écrit
1109 2368 1269 2420 auquel
1307 2367 1486 2406 devront
1523 2366 1732 2416 répondre
1777 2362 1836 2400 les
1879 2372 1972 2412 per¬

835 2436 991 2465 sonnes
1010 2423 1087 2475 qui
1107 2422 1358 2463 s’adressent
1379 2423 1402 2460 à
1426 2431 1532 2459 nous
1554 2423 1594 2458 et
1615 2416 1694 2470 qui
1716 2415 1894 2456 veulent
1927 2426 1971 2455 se

839 2479 1014 2518 marier.

893 2532 971 2571 Les
993 2540 1220 2581 personnes
1239 2527 1316 2580 qui
1340 2539 1390 2566 ne
1411 2530 1506 2567 sont
1526 2536 1598 2576 pas
1627 2524 1855 2571 abonnées,
1878 2524 1973 2560 sont

840 2586 979 2638 priées
998 2584 1050 2624 de
1070 2583 1238 2635 joindre
1262 2585 1284 2621 à
1307 2580 1400 2620 leur
1423 2580 1544 2620 lettre
1567 2590 1624 2619 un
1667 2577 1974 2625 timbre-poste

842 2651 950 2690 pour
972 2638 1010 2676 la
1031 2642 1223 2687 réponse,
1246 2635 1330 2675 alin
1352 2634 1567 2675 d’obtenir
1604 2631 1666 2670 les
1708 2634 1851 2670 autres
1875 2638 1975 2666 ren¬

840 2692 1130 2743 seignements
1148 2688 1279 2742 qu’ils
1299 2696 1487 2740 peuvent
1506 2685 1686 2727 désirer.

898 2748 974 2786 Les
995 2755 1222 2795 personnes
1242 2744 1486 2792 étrangères
1520 2742 1544 2779 à
1585 2738 1626 2778 la
1664 2737 1765 2776 ville
1803 2736 1880 2787 qui
1923 2746 1976 2774 ne

847 2799 1097 2838 voudraient
1119 2809 1191 2848 pas
1211 2796 1317 2835 faire
1340 2807 1396 2835 un
1423 2804 1583 2844 voyage
1601 2793 1624 2831 à
1642 2789 1854 2831 Marseille
1872 2799 1977 2840 pour

845 2859 986 2892 entrer
1023 2863 1072 2891 en
1110 2850 1315 2890 relations
1348 2860 1450 2888 avec
1492 2847 1530 2886 la
1560 2855 1775 2896 pevsonne
1811 2840 1976 2883 choisie

844 2907 951 2947 dans
972 2905 1031 2944 les
1051 2904 1251 2944 colonnes
1272 2902 1327 2941 du
1348 2902 1455 2941 Lien
1476 2900 1528 2939 du
1546 2899 1734 2951 Mariage
1740 2929 1748 2944 ,
1767 2897 1979 2936 voudront

846 2962 945 3000 bien
985 2970 1094 2998 nous
1131 2958 1322 2997 adresser
1355 2955 1448 2995 leur
1483 2950 1796 3004 photographie
1815 2963 1823 2996 ;
1869 2959 1979 2988 nous

844 3014 939 3054 leur
960 3012 1240 3063 indiquerons
1260 3022 1336 3060 par
1356 3008 1462 3048 écrit
1486 3007 1523 3046 le
1546 3018 1704 3056 moyen
1720 3004 1905 3044 d’entrer
1927 3012 1979 3040 en

843 3067 1048 3107 relations
1066 3075 1167 3104 avec
1191 3064 1230 3102 la
1251 3073 1460 3114 personne
1480 3059 1646 3099 choisie
1663 3071 1716 3098 ou
1740 3068 1840 3097 avec
1862 3060 1979 3095 toute

843 3128 964 3160 autre
986 3130 1192 3169 personne
1212 3118 1264 3156 de
1287 3127 1363 3155 nos
1382 3115 1619 3155 nombreux
1641 3112 1845 3158 abonnés,
1878 3108 1980 3148 dont

844 3173 979 3226 grand
1001 3171 1179 3212 nombre
1201 3182 1255 3211 ne
1274 3169 1462 3220 figurent
1483 3180 1556 3219 pas
1576 3166 1683 3204 dans
1706 3166 1743 3204 le
1763 3162 1950 3214 journal.

915 3395 1190 3468 AUX
1263 3380 1918 3465 FAMILLES

902 3572 1020 3612 Nous
1040 3580 1093 3609 ne
1114 3568 1307 3608 donnons
1327 3575 1497 3606 aucune
1518 3565 1630 3603 suite
1650 3574 1733 3602 aux
1754 3558 1986 3599 demandes

847 3627 922 3666 des
944 3634 1172 3676 personnes
1192 3622 1426 3671 divorcées,
1450 3619 1486 3659 si
1511 3618 1546 3659 le
1567 3617 1791 3671 jugement
1813 3614 1882 3654 n’a
1913 3624 1986 3664 pas

848 3682 915 3721 été
936 3678 1147 3730 prononcé
1167 3678 1442 3718 absolument
1466 3686 1519 3714 en
1540 3672 1635 3714 leur
1651 3671 1820 3712 faveur.

902 3751 1020 3792 Nous
1056 3763 1110 3791 ne
1145 3761 1255 3790 nous
1291 3758 1508 3799 occupons
1538 3756 1623 3798 que
1653 3744 1727 3784 des
1756 3752 1986 3795 personnes

851 3803 1107 3846 Honorables
1127 3810 1166 3845 et
1188 3804 1218 3842 il
1242 3810 1303 3844 est
1329 3801 1484 3842 inutile
1510 3800 1560 3840 de
1582 3811 1624 3840 se
1646 3800 1862 3850 présenter
1883 3795 1984 3836 chez

850 3871 959 3899 nous
978 3871 1034 3899 ou
1055 3859 1106 3899 de
1131 3870 1239 3898 nous
1259 3857 1366 3896 faire
1387 3854 1560 3907 appeler
1581 3854 1604 3893 à
1627 3851 1829 3892 domicile
1859 3851 1895 3891 si
1930 3862 1983 3888 on

852 3926 903 3956 ne
923 3912 1076 3955 réalise
1100 3923 1171 3964 pas
1191 3916 1299 3951 cette
1320 3908 1555 3950 condition.

906 3986 982 4025 Les
1022 3992 1251 4034 personnes
1284 3980 1362 4032 qui
1396 3979 1648 4018 s'adressent
1679 3979 1702 4015 à
1739 3975 1779 4014 la
1819 3974 1986 4012 maison

850 4044 945 4079 sont
961 4037 1099 4090 priées
1113 4036 1164 4074 de
1178 4034 1346 4086 joindre
1364 4043 1420 4070 un
1438 4031 1591 4068 timbre
1609 4040 1718 4079 pour
1734 4028 1773 4065 la
1787 4028 1963 4076 réponse
1976 4036 1987 4072 ;

852 4098 967 4132 toute
991 4091 1110 4130 lettre
1134 4099 1219 4127 non
1239 4083 1476 4127 affranchie
1499 4088 1559 4122 est
1581 4080 1764 4121 refusée.

904 4163 964 4203 On
1004 4167 1064 4200 est
1103 4158 1196 4211 prié
1230 4158 1282 4198 de
1313 4155 1483 4208 joindre
1515 4156 1664 4192 autant
1694 4161 1778 4203 que
1807 4147 1990 4200 possible

855 4228 938 4257 une
959 4212 1270 4267 photographie
1292 4218 1331 4251 et
1347 4211 1400 4250 de
1420 4209 1584 4249 donner
1603 4206 1815 4258 quelques
1835 4202 1991 4244 détails

851 4281 927 4308 sur
967 4271 1004 4319 !,a
1038 4267 1242 4313 situation
1278 4265 1328 4304 de
1364 4264 1536 4304 fortune
1568 4262 1619 4301 de
1655 4260 1694 4299 la
1731 4269 1938 4311 personne
1967 4259 1990 4295 à

855 4323 1023 4363 marier.

908 4402 1018 4440 Pour
1039 4409 1147 4438 nous
1167 4396 1302 4436 éviter
1323 4395 1397 4434 des
1426 4391 1696 4439 recherches,
1723 4391 1783 4428 les
1814 4399 1991 4439 person¬

855 4466 930 4494 nes
967 4455 1043 4507 qui
1079 4451 1219 4490 feront
1255 4459 1310 4487 un
1347 4446 1472 4486 choix
1494 4447 1599 4484 dans
1623 4443 1682 4482 les
1711 4442 1914 4481 colonnes
1934 4440 1992 4478 du

858 4508 965 4547 Lien
995 4506 1048 4544 du
1079 4503 1283 4555 Mariage,
1309 4502 1426 4540 n’ont
1446 4499 1548 4550 qu’à
1579 4507 1688 4535 nous
1720 4493 1916 4544 rappeler
1955 4491 1994 4531 le

859 4561 1039 4606 numéro
1059 4558 1135 4611 qui
1160 4555 1335 4607 précède
1359 4555 1397 4594 la
1420 4549 1698 4605 proposition.

911 4627 1023 4666 Tous
1063 4624 1122 4664 les
1163 4621 1527 4672 renseignements
1567 4616 1730 4658 donnés
1771 4627 1844 4667 par
1888 4623 1995 4653 nous

859 4686 952 4718 sont
973 4680 1167 4729 gratuits.

915 4755 968 4795 La
1004 4756 1365 4807 correspondance
1406 4758 1465 4794 est
1503 4751 1694 4792 adressée
1727 4760 1827 4789 sous
1867 4759 1995 4788 enve¬

862 4804 984 4858 loppe
1002 4810 1232 4859 ordinaire,
1254 4820 1353 4849 sans
1387 4818 1559 4846 aucune
1591 4804 1846 4853 inscription
1879 4803 1994 4842 exté¬

860 4860 1000 4901 rieure
1022 4867 1140 4902 autre
1160 4875 1244 4914 que
1268 4862 1466 4902 l’adresse
1488 4859 1539 4898 de
1560 4859 1599 4898 la
1625 4868 1846 4908 personne.

916 4932 991 4971 Les
1023 4932 1212 4972 abonnés
1240 4932 1355 4972 seuls
1386 4935 1460 4971 ont
1490 4930 1601 4968 droit
1622 4930 1646 4966 à
1676 4939 1759 4967 une
1790 4927 1994 4966 insertion

862 4984 914 5024 de
943 4985 1040 5035 cinq
1074 4984 1223 5035 lignes,
1246 4986 1376 5038 qu’ils
1410 4983 1651 5034 rédigeront
1671 4983 1695 5020 à
1720 4980 1815 5021 leur
1844 4990 1999 5019 conve¬

864 5050 1016 5079 nance.

919 5110 995 5150 Les
1015 5110 1344 5160 photographies
1363 5118 1403 5150 et
1425 5115 1568 5150 autres
1602 5108 1743 5159 pièces
1771 5106 1956 5146 confiées
1977 5104 2000 5143 à

864 5161 906 5200 la
929 5163 1083 5202 Maison
1106 5169 1200 5203 sont
1222 5163 1404 5203 rendues
1439 5175 1521 5203 aux
1555 5163 1783 5203 intéressés
1811 5161 1931 5211 après
1960 5158 1999 5198 la

864 5215 1125 5256 célébration
1146 5218 1202 5255 du
1227 5217 1431 5267 mariage.

918 5292 996 5332 Les
1019 5304 1243 5342 personnes
1263 5294 1339 5345 qui
1360 5299 1454 5334 sont
1475 5294 1704 5334 satisfaites
1723 5293 1775 5333 de
1803 5304 1878 5332 nos
1904 5303 1999 5330 ser¬

868 5344 980 5384 vices
1003 5346 1210 5384 voudront
1231 5347 1330 5385 bien
1346 5348 1680 5398 communiquer
1702 5352 1816 5385 notre
1832 5346 2000 5384 adresse

867 5399 891 5436 h
911 5398 1027 5438 leurs
1046 5399 1169 5447 amis,
1194 5404 1450 5448 promettant
1471 5399 1521 5438 de
1543 5398 1720 5450 remplir
1750 5398 1789 5438 le
1826 5396 2002 5437 mandat

867 5452 975 5503 qu’il
1025 5463 1132 5491 nous
1179 5451 1436 5503 donneront,
1488 5464 1543 5492 au
1592 5453 1738 5492 mieux
1786 5451 1836 5491 de
1888 5452 2003 5490 leurs

871 5504 1062 5544 intérêts.

925 5581 1092 5622 Ouvert
1130 5582 1227 5619 tous
1263 5579 1323 5620 les
1345 5583 1479 5634 jours
1510 5583 1564 5622 de
1595 5583 1626 5622 2
1650 5584 1677 5622 à
1699 5583 1726 5622 8
1747 5580 1907 5621 heures
1939 5580 2003 5620 du

867 5635 976 5684 soir,
999 5638 1039 5674 et
1062 5635 1123 5674 les
1143 5634 1399 5674 dimanches
1410 5634 1599 5688 jusqu’à
1620 5636 1738 5675 midi

909 5808 1349 5889 FORMALITÉS
1395 5818 1567 5885 POUR
1617 5819 1965 5887 MARIAGES

923 6002 1000 6042 Les
1049 5995 1337 6051 publications
1375 5994 1426 6034 de
1467 5995 1655 6044 mariage
1703 5995 1874 6036 doivent
1921 5997 2006 6036 être

871 6056 995 6096 faites
1015 6055 1040 6094 à
1062 6055 1103 6094 la
1123 6050 1270 6093 Mairie
1287 6048 1399 6088 deux
1429 6046 1683 6088 dimanches
1703 6051 1754 6089 de
1775 6051 1884 6091 suite
1908 6055 1948 6090 et
1967 6050 2007 6088 le

870 6110 1059 6158 mariage
1100 6118 1151 6147 ne
1194 6109 1294 6155 peut
1334 6100 1455 6140 avoir
1490 6100 1575 6139 lieu
1619 6114 1702 6154 que
1742 6114 1842 6143 onze
1890 6102 2008 6155 jours

870 6164 1014 6203 francs
1033 6163 1155 6212 après
1178 6159 1216 6199 la
1240 6156 1449 6208 première
1470 6154 1735 6203 publication
1756 6187 1759 6191 .

2075 632 2115 671 Si
2142 631 2178 671 le
2200 630 2406 671 domicile
2427 630 2534 675 n’e.st
2556 640 2627 679 pas
2662 627 2793 667 établi
2830 636 2904 678 par
2943 623 3006 664 six
3046 623 3155 662 mois

2021 686 2073 726 de
2095 686 2329 732 résidence,
2347 686 2408 724 les
2427 682 2717 735 publications
2733 682 2912 721 devront
2926 680 3013 719 être
3031 676 3158 715 faites

2023 742 2046 780 à
2087 740 2126 779 la
2165 737 2467 790 municipalité
2506 735 2562 774 du
2604 735 2774 776 dernier
2806 731 3010 775 domicile
3035 736 3074 770 et
3104 740 3155 769 en

2023 800 2143 833 outre
2182 805 2234 832 au
2275 791 2479 832 domicile
2511 790 2562 828 de
2596 801 2702 828 ceux
2729 799 2827 829 sous
2859 786 2902 827 la
2934 786 3156 838 puissance

2023 847 2222 899 desquels
2240 858 2284 886 se
2322 848 2520 886 trouvent
2558 842 2617 882 les
2647 842 2803 892 parties
2831 844 3155 881 contractantes.

2078 936 2222 978 Pièces
2242 936 2263 975 à
2286 934 2487 986 produire
2508 932 2531 970 à
2550 930 2590 970 la
2612 928 2756 971 Mairie
2775 943 2783 969 :

2083 1027 2117 1066 1°
2149 1026 2285 1064 L’acte
2306 1023 2356 1063 de
2375 1022 2595 1062 naissance
2611 1020 2684 1059 des
2700 1019 2809 1058 deux
2826 1017 2967 1057 futurs
2980 1018 3160 1056 dûment

2028 1079 2227 1130 légalisés
2251 1090 2259 1124 ;

2079 1146 2119 1184 2°
2139 1144 2195 1183 Le
2215 1145 2535 1183 consentement
2557 1138 2720 1179 notarié
2738 1136 2812 1176 des
2827 1136 2946 1186 pères
2966 1140 3006 1174 et
3026 1136 3164 1175 mères

2027 1199 2105 1251 qui
2147 1210 2196 1236 ne
2238 1202 2422 1247 peuvent
2463 1195 2499 1234 le
2532 1194 2696 1233 donner
2733 1191 3024 1231 verbalement
3060 1191 3083 1227 à
3124 1188 3164 1227 la

2030 1251 2175 1293 Mairie
2196 1262 2250 1290 au
2272 1255 2464 1290 moment
2485 1247 2535 1288 de
2558 1247 2678 1287 l’acte
2700 1246 2757 1284 du
2780 1243 2970 1292 mariage
2993 1254 3002 1291 ;

2084 1318 2121 1357 3°
2151 1316 2194 1356 Si
2215 1315 2254 1355 le
2275 1318 2372 1366 père
2394 1319 2434 1354 et
2456 1314 2495 1354 la
2519 1315 2632 1353 mère
2654 1316 2748 1353 sont
2776 1310 2972 1357 décédés,
2996 1319 3048 1346 ou
3074 1304 3164 1344 l’un

2031 1371 2170 1418 d’eux,
2194 1369 2224 1409 il
2246 1370 2336 1409 faut
2358 1368 2526 1409 fournir
2546 1367 2639 1407 leur
2659 1372 2750 1406 acte
2767 1365 2818 1404 de
2839 1363 2963 1403 décès
2984 1362 3167 1400 dûment

2032 1424 2209 1474 légalisé
2233 1436 2242 1472 ;

2086 1490 2123 1530 4°
2155 1491 2263 1530 Dans
2283 1488 2320 1530 le
2340 1500 2411 1530 cas
2431 1488 2482 1528 de
2503 1487 2626 1527 décès
2646 1486 2719 1526 des
2751 1487 2847 1536 père
2878 1489 2916 1523 et
2946 1483 3076 1531 mère,
3099 1478 3166 1520 s'il

2034 1544 2163 1585 existe
2204 1555 2260 1583 un
2302 1543 2555 1595 grand-père
2587 1554 2639 1580 ou
2683 1552 2764 1580 une
2793 1538 3078 1589 grand’mère,
3111 1546 3166 1574 ou

2033 1599 2189 1639 arrière
2229 1597 2487 1647 grand-père
2521 1599 2560 1633 et
2589 1594 2747 1634 arrière
2766 1591 3050 1644 grand’mère,
3074 1588 3169 1628 leur

2035 1657 2356 1693 consentement
2378 1656 2438 1690 est
2458 1648 2710 1691 nécessaire.

2090 1706 2198 1746 Pour
2232 1716 2290 1744 un
2322 1704 2496 1743 mineur
2519 1715 2527 1742 :

2096 1778 2127 1816 1°
2165 1776 2198 1815 Il
2240 1775 2331 1814 faut
2372 1774 2411 1814 la
2447 1775 2646 1824 présence
2683 1786 2738 1812 ou
2775 1771 2812 1812 le
2848 1771 3172 1811 consentement

2040 1830 2202 1871 notarié
2227 1828 2283 1868 du
2304 1834 2450 1869 tuteur
2470 1842 2479 1879 ;

2090 1896 2128 1936 2°
2159 1896 2248 1936 Une
2283 1895 2566 1936 délibération
2607 1895 2663 1934 du
2709 1892 2874 1934 Conseil
2913 1892 2964 1931 de
3005 1888 3173 1930 famille

2042 1950 2231 2003 lorsqu'il
2263 1950 2386 2000 s’agit
2418 1950 2520 1988 d'un
2555 1947 2752 1998 orphelin
2774 1948 2824 1987 de
2848 1947 2946 1996 père
2967 1949 3007 1983 et
3027 1955 3112 1995 que
3136 1943 3171 1980 la

2039 2007 2154 2047 mère
2174 2018 2228 2044 ou
2252 2002 2426 2044 l’aïeule
2447 2007 2540 2042 sont
2563 2001 2739 2040 tutrices
2763 2012 2771 2047 ;

2091 2059 2204 2098 Dans
2225 2070 2370 2096 aucun
2390 2067 2476 2103 cas,
2501 2065 2560 2095 un
2582 2054 2755 2092 mineur
2776 2062 2828 2089 ne
2850 2054 2952 2098 peut
2980 2052 3174 2086 contrac¬

2042 2119 2102 2154 ter
2123 2111 2312 2159 mariage
2334 2120 2431 2148 sans
2456 2108 2492 2147 le
2512 2107 2832 2146 consentement
2854 2103 2904 2140 de
2924 2110 2990 2140 ses
3011 2103 3179 2150 parents

2042 2179 2093 2207 ou
2119 2170 2300 2204 tuteurs.

2095 2230 2135 2268 5°
2165 2229 2242 2268 Les
2264 2225 2386 2267 veufs
2405 2225 2579 2266 doivent
2602 2223 2800 2273 produire
2822 2219 2944 2259 l’acte
2974 2218 3025 2257 de
3055 2216 3179 2257 décès

2044 2282 2220 2334 légalisé
2242 2282 2291 2322 de
2315 2281 2407 2321 leur
2427 2278 2619 2329 conjoint
2640 2275 2798 2316 décédé
2823 2285 2832 2323 ;

2098 2351 2134 2390 6°
2166 2350 2228 2388 Un
2265 2346 2471 2387 certificat
2510 2343 2561 2382 de
2601 2342 2624 2380 6
2665 2339 2774 2378 mois
2813 2338 2863 2375 de
2902 2335 3120 2376 résidence
3158 2335 3182 2371 à

2047 2401 2270 2448 Marseille,
2292 2398 2456 2439 délivré
2479 2407 2551 2447 par
2571 2395 2608 2435 le
2631 2390 2926 2432 commissaire
2952 2387 3003 2427 de
3030 2386 3179 2436 police,

2044 2468 2154 2510 pour
2175 2456 2235 2494 les
2256 2462 2484 2503 personnes
2504 2449 2580 2501 qui
2602 2448 2675 2499 n’y
2696 2451 2788 2486 sont
2811 2454 2883 2494 pas
2904 2443 3003 2483 nées
3026 2452 3034 2491 ;

2099 2522 2137 2559 7°
2157 2520 2217 2559 On
2238 2518 2327 2556 doit
2346 2515 2532 2567 justifier
2550 2515 2600 2552 de
2621 2523 2667 2552 sa
2687 2509 2916 2551 libération
2938 2508 2996 2547 du
3018 2506 3183 2547 service

2048 2573 2271 2619 militaire,
2294 2570 2374 2611 soit
2395 2582 2468 2619 par
2488 2579 2564 2608 son
2584 2566 2734 2615 congé,
2758 2564 2839 2605 soit
2862 2575 2934 2615 par
2964 2574 3023 2603 un
3056 2559 3184 2602 certi¬

2048 2629 2147 2668 ficat
2167 2627 2218 2667 de
2239 2623 2467 2665 libération
2494 2635 2502 2672 ;

2102 2694 2140 2734 8°
2170 2694 2229 2732 En
2250 2696 2372 2731 outre
2392 2688 2467 2728 des
2488 2687 2628 2738 pièces
2647 2685 2856 2725 énoncées
2878 2683 3104 2731 ci-dessus,
3124 2680 3187 2722 les

2050 2758 2282 2799 personnes
2300 2743 2520 2782 divorcées
2539 2739 2720 2779 devront
2742 2736 2939 2788 produire
2962 2748 3019 2776 un
3038 2735 3186 2776 extrait

2050 2803 2103 2841 du
2127 2801 2352 2852 jugement
2372 2795 2582 2846 ainsique
2600 2794 2720 2832 l’acte
2736 2792 2794 2831 du
2815 2791 2985 2831 divorce
3003 2791 3186 2830 dûment

2051 2854 2283 2904 enregistré
2304 2856 2344 2891 et
2364 2847 2560 2890 transcrit
2580 2848 2599 2886 à
2627 2847 2667 2886 la
2690 2846 2833 2887 Mairie
2858 2858 2866 2896 ;

2104 2920 2142 2959 9°
2174 2919 2356 2968 Lorsque
2397 2915 2458 2954 les
2496 2917 2663 2965 parents
2708 2912 2896 2952 refusent
2944 2911 2996 2951 de
3026 2911 3187 2950 donner

2051 2973 2147 3013 leur
2170 2972 2491 3012 consentement
2510 2979 2564 3007 au
2587 2967 2776 3017 mariage
2811 2966 2940 3006 d’une
2983 2975 3187 3015 personne

2054 3027 2260 3075 majeure,
2284 3024 2314 3063 il
2348 3028 2448 3075 peut
2487 3022 2575 3061 être
2611 3022 2730 3072 passé
2759 3026 2879 3060 outre
2902 3032 2954 3060 an
2979 3019 3184 3068 mariage,

2052 3082 2175 3133 après
2193 3078 2287 3119 leur
2304 3076 2423 3116 avoir
2444 3075 2522 3115 fait
2543 3075 2615 3115 des
2637 3080 2748 3115 actes
2770 3075 2822 3114 de
2842 3079 3003 3124 respect
3024 3072 3187 3112 variant

2053 3135 2104 3174 de
2127 3147 2183 3174 un
2207 3135 2230 3171 à
2252 3132 2352 3171 trois
2384 3138 2424 3170 et
2459 3130 2580 3170 s'être
2606 3128 2824 3168 conformé
2855 3139 2939 3167 aux
2978 3126 3187 3178 prescrip¬

2057 3188 2167 3227 tions
2187 3186 2260 3226 des
2279 3191 2355 3225 art.
2384 3183 2455 3223 144
2478 3188 2518 3223 et
2544 3183 2614 3222 154
2635 3183 2688 3221 du
2714 3182 2816 3220 code
2836 3180 2939 3220 civil
2963 3193 2972 3228 ;

2114 3254 2172 3291 10°
2203 3251 2314 3290 Pour
2336 3250 2374 3288 la
2393 3247 2591 3299 question
2610 3247 2682 3287 des
2702 3246 2966 3287 cérémonies
2988 3244 3186 3295 religieu¬

2055 3318 2134 3355 ses,
2158 3304 2380 3345 s’adresser
2399 3303 2572 3343 suivant
2601 3301 2639 3343 le
2670 3302 2784 3340 culte
2806 3302 2828 3340 à
2853 3300 2891 3339 la
2914 3300 3111 3351 paroisse,
3132 3310 3186 3338 au

2055 3358 2303 3400 consistoire
2324 3363 2554 3410 protestant
2574 3368 2628 3396 ou
2651 3367 2704 3396 au
2728 3355 2842 3395 culte
2863 3353 3063 3395 Israélite.

2110 3437 2283 3476 L’Office
2299 3436 2543 3482 Mondonet,-
2557 3435 2595 3482 6,
2612 3435 2646 3471 B'
2650 3432 2655 3453 1
2667 3433 2719 3471 de
2735 3432 2774 3470 la
2791 3429 3067 3479 Magdeleine,
3090 3434 3191 3476 peut

2056 3502 2100 3529 se
2132 3491 2310 3536 charger
2344 3487 2394 3525 de
2428 3490 2564 3524 toutes
2600 3486 2656 3524 les
2687 3483 2926 3522 formalités
2963 3479 3114 3520 civiles
3151 3483 3191 3517 et

2059 3540 2307 3592 religieuses
2328 3539 2362 3580 si
2388 3539 2445 3579 les
2464 3538 2617 3579 clients
2639 3536 2700 3577 lui
2723 3535 2907 3578 confient
2928 3546 2974 3576 ce
2996 3532 3103 3575 soin.

2114 3595 2279 3636 L’office
2300 3594 2523 3635 Mondonet
2553 3604 2604 3634 ne
2636 3592 2795 3647 perçoit
2830 3591 2904 3632 des
2943 3590 3190 3630 honoraires

2056 3651 2252 3704 qu’après
2276 3650 2312 3691 la
2335 3649 2596 3692 célébration
2619 3648 2675 3689 du
2699 3647 2903 3698 mariage.

2166 3835 2718 3909 RENSEIGNEMENTS
2770 3824 3080 3900 GÉNÉRAUX

2060 3944 2407 3988 concernant
2444 3940 2522 3979 les
2554 3936 2789 3978 Veuves
2819 3934 3194 3987 pensionnées

2115 4098 2232 4140 Gland
2251 4095 2428 4138 nombre
2450 4092 2500 4135 de
2520 4094 2667 4132 dames
2687 4090 2896 4142 jouissant
2917 4088 3047 4129 d’une
3088 4099 3194 4139 pen¬

2062 4155 2154 4195 sion
2176 4155 2227 4195 de
2250 4151 2418 4192 retraite
2440 4161 2514 4200 par
2534 4147 2644 4188 suite
2666 4146 2723 4185 du
2746 4145 2868 4186 décès
2889 4144 2940 4184 de
2967 4143 3059 4183 leur
3088 4142 3195 4183 mari

2063 4215 2156 4251 sont
2195 4206 2449 4260 persuadées
2484 4200 2666 4255 qu’elles
2704 4199 2943 4251 perdraient
2976 4210 3047 4239 ces
3066 4197 3199 4239 droits

2064 4266 2087 4303 à
2106 4264 2147 4303 la
2169 4262 2336 4303 retraite
2367 4262 2414 4304 si.
2436 4257 2540 4296 elles
2571 4255 2879 4295 contractaient
2912 4264 2995 4291 une
3016 4252 3198 4291 seconde

2064 4316 2215 4358 union.
2255 4314 2360 4352 C’est
2395 4322 2478 4348 une
2510 4307 2715 4360 profonde
2742 4318 2887 4346 erreur
2907 4306 2942 4343 si
2964 4315 3033 4344 ces
3054 4306 3200 4342 dames

2065 4375 2159 4409 sont
2195 4366 2477 4417 pensionnées
2511 4362 2564 4399 de
2602 4360 2724 4398 l’Etat
2746 4372 2756 4407 ;
2787 4371 2859 4397 car
2895 4363 3003 4395 cette
3022 4355 3197 4406 pension

2067 4422 2171 4460 n’est
2210 4428 2284 4468 pas
2324 4426 2407 4455 une
2447 4414 2614 4459 faveur,
2655 4412 2756 4450 c’est
2794 4420 2850 4448 un
2884 4410 2995 4446 droit
3020 4406 3202 4458 qu’elles

2070 4475 2260 4513 tiennent
2279 4482 2331 4510 en
2355 4471 2472 4507 vertu
2495 4465 2624 4504 d’une
2655 4462 2730 4503 loi.
2774 4462 2827 4500 La
2857 4459 2913 4500 loi
2934 4460 2991 4499 du
3014 4458 3202 4508 mariage

2067 4529 2183 4568 étant
2220 4520 2583 4564 essentiellement
2612 4515 2787 4566 morale,
2814 4526 2864 4555 ne
2903 4519 3004 4564 peut
3043 4513 3203 4552 édicter

2068 4582 2142 4622 des
2179 4577 2543 4631 empêchements,
2567 4572 2640 4612 des
2666 4567 2874 4611 obstacles
2904 4580 2958 4607 au
2996 4566 3199 4618 mariage,

2067 4648 2137 4677 ces
2156 4632 2506 4683 empêchements
2540 4626 2723 4667 seraient
2762 4622 3004 4666 considérés
3034 4632 3202 4662 comme

2070 4691 2311 4730 immoraux
2334 4690 2372 4725 et
2395 4696 2470 4734 par
2489 4684 2753 4732 conséquent
2775 4677 3007 4718 contraires
3025 4678 3048 4715 à
3065 4675 3104 4715 la
3127 4675 3199 4714 loi.

2070 4747 2146 4786 Les
2187 4751 2343 4782 veuves
2383 4737 2700 4787 pensionnaires
2731 4734 2782 4772 de
2812 4732 2934 4772 l’Etat,
2955 4742 3006 4770 ne
3030 4729 3203 4782 perdent

2068 4802 2177 4840 donc
2215 4797 2311 4836 leur
2348 4791 2524 4844 pension
2562 4789 2606 4827 ni
2638 4799 2714 4839 par
2754 4798 2812 4826 un
2851 4784 3022 4834 second,
3061 4786 3105 4823 ni
3147 4794 3204 4822 un

2071 4854 2287 4895 troisième
2311 4844 2512 4896 mariage.

2124 4910 2200 4948 Les
2220 4914 2378 4946 veuves
2400 4898 2680 4954 pensionnées
2702 4908 2775 4947 par
2800 4894 2862 4934 les
2890 4894 3207 4944 départements

2071 4966 2259 5011 peuvent
2294 4955 2435 4998 seules
2473 4952 2567 4993 voir
2602 4950 2847 5002 supprimer
2883 4954 2991 4987 cette
3030 4945 3205 4997 pension

2072 5027 2146 5066 par
2168 5024 2226 5053 un
2246 5012 2399 5052 second
2439 5008 2628 5058 mariage
2666 5004 2772 5043 dans
2804 5000 2988 5044 certains
3019 5011 3090 5040 cas
3110 5005 3150 5039 et
3170 4998 3205 5039 si

2071 5074 2178 5108 cette
2212 5067 2386 5115 pension
2423 5078 2446 5102 a
2476 5064 2542 5103 été
2571 5059 2772 5102 accordée
2794 5060 2818 5098 à
2842 5056 2935 5098 titre
2955 5055 3006 5096 de
3036 5064 3207 5095 secours

2073 5119 2340 5171 temporaire.

2127 5172 2364 5220 D’ailleurs,
2392 5168 2427 5208 le
2448 5168 2544 5207 titre
2564 5168 2615 5207 de
2639 5167 2812 5219 pension
2836 5171 2951 5219 porte
2972 5176 3023 5206 en
3046 5176 3204 5215 marge,

2072 5242 2126 5271 en
2148 5235 2284 5270 toutes
2307 5227 2462 5272 lettres,
2490 5232 2559 5263 ces
2579 5223 2778 5262 réserves.

2079 5408 2456 5512 OFFRES
2539 5405 2652 5505 DE
2727 5397 3208 5504 MARIAGES

2251 5599 2672 5646 DEMOISELLES
2709 5598 2776 5640 ET
2808 5595 3041 5640 VEUVES

2131 5754 2221 5794 401.
2246 5778 2296 5784 —
2335 5750 2606 5798 Demoiselle,
2639 5748 2691 5790 30
2730 5759 2819 5789 ans.
2859 5743 3075 5792 instruite,
3115 5743 3212 5783 bien

2078 5806 2236 5854 élevée,
2274 5808 2360 5848 fille
2386 5807 2562 5858 unique,
2585 5804 2747 5843 femme
2767 5798 3032 5846 d’intérieur,
3075 5796 3214 5847 possé¬

2078 5862 2178 5902 dant
2199 5861 2319 5908 2,000
2340 5863 2411 5911 fr.,
2437 5872 2494 5900 un
2515 5858 2622 5898 beau
2646 5863 2883 5898 trousseau,
2915 5854 3163 5903 espérances
3190 5852 3212 5891 à

2080 5914 2200 5955 venir
2220 5914 2366 5966 30,000
2387 5916 2458 5963 fr.,
2481 5924 2524 5954 se
2547 5908 2735 5950 mettrait
2755 5911 2778 5948 à
2803 5908 2840 5947 la
2863 5907 2942 5946 tête
2964 5907 3066 5947 d’un
3087 5918 3207 5947 com¬

2079 5979 2234 6010 merce.

2131 6046 2224 6086 402.
2252 6068 2296 6074 —
2318 6042 2588 6094 Demoiselle,
2610 6042 2660 6080 47
2681 6050 2772 6089 ans,
2802 6039 2973 6080 fortune
2999 6040 3116 6090 1,500
3138 6039 3212 6087 fr.,

2079 6105 2210 6150 ayant
2232 6111 2288 6138 un
2307 6110 2546 6139 commerce
2579 6098 2630 6136 de
2667 6094 2883 6142 mercerie,
2910 6107 2967 6134 un
2990 6094 3095 6134 beau
3123 6104 3214 6131 mo¬

2081 6152 2223 6201 bilier,
2244 6152 2484 6202 épouserait
2506 6163 2566 6192 un
2590 6148 2763 6191 ouvrier
2783 6161 2836 6188 ou
2859 6148 3038 6188 artisan.

3284 622 3376 663 406.
3400 645 3451 652 —
3476 622 3636 671 Veuve,
3678 619 3728 659 42
3762 630 3851 668 ans,
3879 619 4048 660 fortune
4088 619 4210 667 9,000
4230 616 4282 658 fr.
4320 628 4373 657 en

3229 676 3411 726 actions,
3434 675 3675 727 épouserait
3697 674 3800 727 petit
3818 673 3979 714 rentier
3998 687 4052 715 ou
4075 675 4250 716 artisan.

3284 758 3376 798 407.
3400 782 3450 788 —
3474 760 3744 809 Demoiselle,
3763 760 3812 802 46
3828 771 3918 808 ans,
3942 759 4112 800 fortune
4136 762 4284 811 12,000
4304 762 4373 811 fr.,

3234 812 3451 862 tailleuse,
3475 815 3720 863 épouserait
3742 827 3800 854 un
3823 813 3980 855 marin.

3286 903 3376 942 412.
3400 924 3451 931 —
3486 902 3643 950 Veuve,
3683 903 3732 943 49
3774 916 3864 951 ans,
3903 903 4151 951 cuisinière,
4204 903 4375 943 fortune

3236 958 3355 1008 1,500
3371 956 3441 1005 fr.,
3455 955 3698 1007 épouserait
3714 968 3771 996 un
3788 958 3871 998 bon
3890 959 4065 999 ouvrier
4084 969 4138 998 ou
4154 958 4371 1011 employé.

3288 1042 3379 1083 413.
3406 1065 3454 1072 —
3486 1040 3756 1088 Demoiselle,
3798 1040 3848 1080 45
3888 1055 3979 1091 ans,
4032 1043 4223 1085 titulaire
4272 1044 4376 1085 d’un

3235 1096 3399 1136 bureau
3423 1096 3474 1136 de
3496 1096 3631 1144 tabac,
3675 1095 3916 1146 épouserait
3948 1099 4150 1146 employé
4181 1111 4234 1139 ou
4272 1099 4378 1144 petit

3239 1151 3410 1190 rentier.

3291 1232 3382 1272 415.
3408 1255 3456 1264 —
3479 1234 3748 1283 Demoiselle,
3792 1235 3842 1275 35
3882 1244 3971 1283 ans,
4016 1234 4125 1276 belle
4151 1250 4378 1289 personne,

3238 1285 3339 1324 bien
3361 1287 3519 1335 élevée,
3558 1288 3731 1329 fortune
3763 1289 3886 1338 1,200
3906 1288 3976 1336 fr.,
3999 1299 4135 1338 gagne
4155 1293 4207 1332 80
4231 1292 4280 1332 fr.
4305 1303 4381 1344 par

3243 1338 3366 1387 mois,
3386 1340 3523 1380 désire
3542 1343 3722 1392 épouser
3743 1343 3846 1393 petit
3867 1342 4083 1395 employé.

3294 1419 3386 1460 418.
3414 1443 3459 1451 —
3499 1423 3771 1471 Demoiselle,
3807 1426 3911 1474 âgée
3943 1426 3995 1466 de
4018 1426 4067 1466 50
4087 1436 4179 1472 ans,
4203 1425 4382 1468 institu¬

3243 1472 3346 1513 trice
3378 1473 3499 1522 libre,
3540 1483 3672 1528 ayant
3712 1490 3794 1516 une
3830 1479 4075 1520 institution
4115 1489 4216 1518 avec
4255 1491 4383 1521 sous-

3243 1530 3477 1572 maîtresse,
3520 1539 3654 1577 gagne
3690 1531 3811 1576 2,000
3848 1531 3899 1573 fr.
3943 1546 4014 1583 par
4054 1546 4123 1583 an,
4166 1532 4286 1582 6,000
4328 1534 4382 1574 fr.

3242 1583 3268 1621 d
3285 1579 3544 1630 économies,
3562 1581 3668 1620 beau
3687 1584 3903 1632 mobilier,
3921 1587 4164 1638 épouserait
4179 1586 4383 1639 employé

3243 1649 3299 1677 ou
3320 1635 3493 1676 rentier.

3299 1721 3389 1761 431.
3415 1743 3460 1751 —
3482 1721 3643 1767 Veuve,
3667 1720 3715 1760 47
3738 1731 3827 1767 ans,
3850 1719 3950 1760 bien
3971 1721 4131 1772 élevée,
4153 1725 4266 1766 belle
4284 1738 4382 1776 per¬

3246 1787 3393 1823 sonne,
3418 1775 3585 1815 fortune
3608 1775 3778 1826 100,000
3800 1775 3872 1824 fr.,
3895 1775 4138 1826 épouserait
4165 1778 4384 1821 Monsieur

3247 1840 3298 1870 en
3316 1834 3486 1880 rapport
3506 1828 3626 1879 d’âge
3647 1834 3688 1870 et
3707 1828 3758 1870 de
3780 1828 3967 1870 fortune.

3300 1915 3392 1956 435.
3416 1937 3462 1943 —
3486 1912 3758 1963 Demoiselle,
3798 1916 3848 1956 26
3883 1928 3974 1963 ans,
4011 1914 4108 1956 bien
4131 1914 4291 1964 élevée,
4317 1916 4384 1955 fa¬

3248 1968 3370 2007 mille
3409 1970 3491 2007 très
3531 1968 3779 2016 honorable,
3819 1970 3890 2009 dot
3927 1971 4076 2018 65,000
4098 1970 4170 2019 fr.,
4204 1970 4387 2020 grandes

3250 2022 3497 2070 espérances
3514 2023 3635 2068 après
3655 2034 3719 2060 ses
3739 2028 3923 2071 parents,
3946 2026 4187 2074 épouserait
4205 2023 4385 2073 notaire,

3251 2074 3401 2117 avoué,
3442 2073 3644 2122 employé
3682 2074 3740 2112 du
3780 2084 4119 2122 gouvernement
4159 2090 4259 2118 avec
4282 2079 4390 2118 bons

3251 2127 3611 2175 appointements.

3304 2207 3382 2250 435
3400 2209 3483 2251 bis.
3507 2234 3556 2239 —
3596 2211 3867 2263 Demoiselle,
3896 2212 3948 2253 20
3969 2223 4059 2257 ans,
4091 2212 4181 2252 fille
4205 2212 4387 2264 unique,

3254 2262 3352 2303 bien
3388 2263 3548 2312 élevée,
3587 2263 3704 2314 jolie,
3750 2266 3820 2306 dot
3874 2266 4043 2314 100,000
4082 2266 4155 2315 fr.,
4207 2268 4388 2318 grandes

3254 2319 3514 2366 espérances,
3566 2318 3805 2367 épouserait
3854 2319 4067 2361 Monsieur
4114 2335 4164 2362 en
4218 2328 4390 2373 rapport

3255 2367 3278 2405 d
3298 2372 3390 2416 âge,
3410 2368 3438 2407 d
3454 2370 3682 2410 éducation
3704 2375 3744 2411 et
3771 2370 3823 2410 de
3845 2372 4016 2412 fortune
4038 2387 4091 2412 ou
4115 2375 4316 2417 employé
4338 2375 4390 2415 de

3259 2401 3392 2460 l’État.
4267 2401 4283 2428 J

3310 2507 3401 2548 436.
3426 2530 3476 2535 —
3495 2504 3768 2551 Demoiselle,
3783 2506 3834 2544 22
3849 2519 3940 2555 ans,
3962 2508 4082 2560 jolie,
4106 2508 4203 2548 bien
4227 2511 4388 2560 élevée,

3258 2562 3328 2604 dot
3350 2563 3468 2610 5,000
3488 2562 3542 2604 fr.
3582 2560 3632 2602 de
3671 2563 3822 2607 rentes,
3846 2562 4084 2612 épouserait
4106 2563 4319 2604 Monsieur
4336 2577 4390 2604 en

3258 2625 3426 2670 rapport
3446 2618 3565 2670 d’âge
3590 2622 3629 2656 et
3650 2616 3700 2655 de
3723 2614 3908 2655 fortune.

3312 2703 3403 2744 441.
3423 2727 3471 2733 —
3487 2702 3756 2751 Demoiselle,
3772 2700 3820 2742 34
3836 2711 3927 2750 ans,
3946 2699 4114 2739 fortune
4129 2703 4304 2747 900,000
4323 2705 4392 2751 fr.,

3260 2758 3499 2809 épouserait
3523 2756 3735 2797 Monsieur
3763 2768 3815 2796 en
3840 2762 4007 2807 rapport
4031 2752 4167 2803 d’âge,
4191 2764 4322 2804 ayant
4343 2758 4395 2797 de

3261 2813 3284 2852 2
3305 2814 3328 2851 à
3350 2812 3523 2861 300,000
3542 2812 3580 2851 fr
3604 2843 3612 2860 ,
3650 2811 3876 2850 donnerait
3899 2811 3938 2849 la
3959 2808 4203 2862 préférence
4225 2808 4249 2845 à
4271 2808 4394 2847 Mon¬

3260 2867 3378 2907 sieur
3394 2872 3526 2918 ayant
3550 2878 3604 2907 un
3629 2866 3723 2905 tilre
3748 2864 4007 2906 nobilliaire.

3314 2950 3406 2991 442.
3436 2973 3479 2979 —
3510 2950 3666 2995 Veuve,
3706 2959 3803 2987 sans
3842 2946 4024 2992 enfants,
4067 2947 4115 2987 40
4155 2959 4247 2995 ans,
4287 2943 4399 2987 belle

3263 3015 3483 3056 personne,
3515 3004 3684 3043 fortune
3714 3000 3862 3050 50,000
3896 3000 3962 3048 fr.,
4006 3003 4247 3051 épouserait
4278 3002 4399 3040 Mon¬

3260 3059 3376 3099 sieur
3396 3070 3448 3098 en
3471 3062 3636 3107 rapport
3658 3056 3776 3104 d’âge
3799 3060 3839 3092 et
3862 3052 4038 3092 d’avoir.

3315 3136 3407 3175 443.
3431 3159 3482 3163 —
3519 3130 3790 3179 Demoiselle,
3822 3130 3872 3169 22
3907 3141 3999 3174 ans,
4027 3127 4139 3169 belle
4171 3139 4398 3181 personne,

3262 3190 3332 3230 dot
3352 3188 3526 3238 200,000
3547 3188 3616 3235 fr.,
3640 3184 3879 3236 épouserait
3900 3183 4063 3224 notaire
4084 3196 4139 3224 ou
4163 3187 4315 3225 avoué.

3315 3267 3407 3307 444.
3434 3290 3478 3294 —
3502 3263 3772 3312 Demoiselle,
3796 3263 3843 3303 21
3863 3274 3956 3312 ans,
3983 3263 4053 3303 dot
4095 3263 4240 3310 12,000
4261 3263 4313 3302 fr.
4348 3262 4400 3301 de

3264 3327 3415 3370 rentes,
3448 3319 3688 3371 épouserait
3710 3318 3924 3357 Monsieur
3944 3328 3996 3354 en
4019 3320 4191 3363 rapport
4219 3316 4339 3363 d’âge
4363 3322 4403 3352 et

3263 3375 3314 3414 de
3336 3375 3522 3412 fortune.

3316 3454 3408 3492 445.
3439 3475 3483 3482 —
3521 3450 3791 3499 Demoiselle,
3828 3450 3879 3489 24
3916 3460 4007 3499 ans,
4046 3449 4119 3490 dot
4151 3450 4299 3499 50,000
4327 3451 4400 3499 fr.,

3264 3506 3502 3559 épouserait
3543 3504 3758 3546 Monsieur
3788 3510 3919 3558 ayant
3956 3503 4138 3558 position
4171 3511 4210 3545 et
4235 3506 4402 3544 fortune

3263 3561 3554 3615 équivalente.

3318 3640 3408 3679 454.
3434 3660 3482 3666 —
3512 3634 3784 3682 Demoiselle,
3820 3634 3869 3672 36
3903 3643 3992 3680 ans,
4025 3631 4122 3671 bien
4146 3631 4306 3679 élevée,
4332 3630 4407 3670 dot

3264 3694 3386 3742 5.000
3410 3692 3478 3738 fr.,
3500 3688 3742 3742 épouserait
3762 3686 3980 3739 employé.

3318 3772 3410 3814 459.
3433 3796 3483 3803 —
3505 3768 3775 3818 Demoiselle,
3796 3768 3847 3810 26
3868 3779 3959 3815 ans,
3980 3766 4099 3819 jolie,
4119 3767 4216 3807 bien
4240 3766 4403 3814 élevée,

3266 3828 3414 3875 20.000
3435 3827 3486 3866 fr.
3528 3827 3579 3864 de
3620 3826 3691 3863 dot
3720 3829 3760 3863 et
3792 3825 4055 3872 espérances,
4079 3820 4322 3871 épouserait
4344 3831 4404 3859 un

3266 3883 3558 3927 commerçant
3579 3875 3679 3915 bien
3700 3875 3848 3914 établi.

3322 3958 3414 3998 462.
3439 3980 3488 3986 —
3508 3954 3779 3998 Demoiselle,
3804 3954 3854 3994 24
3875 3964 3967 4002 ans,
3992 3954 4164 3993 fortune
4187 3952 4307 3998 3,000
4330 3952 4403 4002 fr.,

3270 4012 3378 4052 beau
3418 4016 3651 4055 trousseau,
3682 4008 3829 4048 avenir
3849 4008 3899 4048 de
3920 4019 3986 4048 ses
4010 4014 4195 4059 parenis,
4218 4010 4403 4058 épouse¬

3273 4066 3351 4107 rait
3372 4078 3526 4119 garçon
3548 4066 3599 4107 de
3619 4064 3711 4106 café
3731 4076 3786 4105 ou
3809 4063 3914 4116 petit
3936 4063 4107 4103 rentier.

3323 4151 3400 4194 464
3417 4150 3483 4192 bis
3488 4175 3554 4192 .—
3572 4150 3730 4199 Veuve,
3750 4151 3851 4199 âgée
3873 4149 3923 4188 de
3944 4148 3994 4188 47
4015 4160 4106 4199 ans,
4126 4148 4223 4188 bien
4244 4146 4403 4194 élevée,

3276 4207 3496 4257 possédant
3537 4204 3707 4251 120,000
3749 4203 3800 4242 fr.
3839 4214 3891 4242 en
3933 4203 4121 4250 valeurs,
4163 4199 4408 4254 épouserait

3276 4258 3488 4296 Monsieur
3526 4269 3578 4294 ou
3620 4256 3780 4294 rentier
3819 4260 3950 4304 ayant
3972 4255 4094 4301 3,000
4116 4255 4168 4295 fr.
4192 4255 4244 4294 de
4267 4260 4410 4295 rentes

3274 4322 3327 4349 au
3351 4309 3493 4348 moins
3511 4314 3552 4347 et
3573 4319 3623 4347 en
3650 4311 3818 4357 rapport
3839 4307 3974 4352 d'âge.

3328 4391 3419 4431 465.
3448 4413 3491 4419 —
3516 4390 3674 4436 Veuve,
3707 4390 3809 4436 âgée
3851 4386 3901 4426 de
3942 4386 3991 4426 38
4029 4398 4120 4435 ans,
4162 4386 4274 4427 belle
4319 4399 4412 4438 per¬

3275 4455 3420 4493 sonne,
3443 4443 3541 4482 bien
3583 4441 3743 4487 elevée,
3771 4439 3943 4479 fortune
3964 4443 4156 4492 présente
4187 4442 4335 4495 30,000
4358 4442 4410 4484 fr.

3276 4502 3318 4536 et
3337 4497 3599 4546 espérances,
3622 4494 3864 4543 épouserait
3898 4496 4110 4537 Monsieur
4147 4509 4200 4537 en
4242 4503 4414 4550 rapport

3276 4549 3410 4600 d’âge,
3435 4553 3565 4600 ayant
3586 4547 3718 4598 avoir,
3742 4550 3946 4601 employé
3967 4563 4019 4590 ou
4043 4551 4215 4592 rentier.

3330 4622 3421 4663 468.
3458 4644 3506 4650 —
3546 4619 3816 4671 Demoiselle,
3839 4622 3887 4660 23
3911 4634 4000 4671 ans,
4038 4622 4135 4663 bien
4158 4622 4318 4667 élevée,
4360 4621 4412 4658 de

3279 4678 3417 4716 bonne
3431 4675 3615 4722 famille,
3627 4675 3798 4714 fortune
3816 4675 4082 4726 personnelle
4101 4675 4248 4723 22,000
4269 4672 4343 4718 fr.,
4362 4671 4413 4710 de

3279 4743 3343 4771 ses
3380 4736 3546 4782 parents
3586 4728 3758 4776 100,000
3798 4730 3867 4776 fr.,
3907 4727 4150 4778 épouserait
4198 4724 4412 4766 Monsieur

3282 4785 3378 4824 bien
3400 4783 3535 4831 élevé,
3576 4787 3707 4832 ayant
3730 4782 3868 4820 bonne
3892 4779 4074 4830 position
4112 4791 4164 4819 ou
4190 4779 4411 4835 employé,

3280 4851 3331 4878 en
3356 4842 3530 4889 rapport
3550 4835 3684 4886 d’âge.

3332 4927 3423 4968 469.
3450 4950 3496 4955 —
3539 4925 3810 4976 Demoiselle,
3834 4927 3883 4967 28
3904 4939 3996 4979 ans,
4022 4930 4106 4969 très
4130 4928 4227 4967 bien
4252 4927 4413 4971 élevée,

3281 4982 3451 5023 fortune
3490 4982 3638 5034 90,000
3686 4983 3756 5030 fr.,
3799 4982 4047 5036 épouserait
4100 4981 4414 5028 commerçant,

3280 5044 3412 5091 ayant
3436 5038 3544 5079 belle
3566 5037 3772 5079 situation
3806 5050 3860 5078 ou
3902 5038 4104 5088 employé
4124 5035 4175 5071 de
4199 5030 4336 5080 l’Etat,
4362 5040 4415 5070 en

3282 5099 3451 5146 rapport
3473 5093 3608 5143 d’âge.

3335 5178 3426 5220 475.
3456 5201 3499 5206 —
3540 5175 3811 5223 Demoiselle,
3843 5175 3891 5213 27
3934 5181 4024 5215 ans,
4064 5168 4306 5224 orpheline,
4348 5171 4420 5211 dot

3282 5234 3428 5283 70.000
3465 5232 3535 5282 fr.,
3579 5232 3676 5271 bien
3722 5229 3882 5271 élevée,
3924 5223 4166 5272 épouserait
4203 5224 4419 5264 Monsieur

3283 5292 3412 5336 ayant
3435 5286 3616 5334 position
3640 5288 3682 5320 et
3702 5292 3755 5319 en
3779 5282 3947 5328 rapport
3967 5276 4086 5331 d’âge
4108 5286 4148 5319 et
4169 5278 4347 5319 d’avoir.

3336 5372 3427 5413 479.
3452 5392 3499 5399 —
3523 5371 3682 5416 Veuve,
3723 5369 3824 5416 âgée
3862 5368 3911 5410 de
3951 5370 4000 5411 46
4038 5380 4126 5411 ans,
4162 5367 4295 5416 ayant
4332 5373 4418 5403 une

3284 5423 3522 5478 profession
3544 5424 3625 5463 très
3648 5420 3855 5464 lucrative
3876 5431 3918 5464 et
3940 5424 4051 5464 belle
4071 5415 4286 5466 clientèle,
4318 5418 4419 5458 éco¬

3286 5480 3452 5522 nomies
3492 5475 3632 5523 14,000
3662 5475 3730 5528 fr.,
3772 5478 3879 5519 beau
3920 5474 4136 5519 mobilier,
4176 5471 4419 5520 épouserait

3284 5532 3486 5583 employé
3507 5542 3562 5570 ou
3586 5531 3756 5572 rentier.

3339 5618 3430 5657 482.
3452 5640 3502 5646 —
3542 5618 3700 5666 Veuve,
3723 5630 3820 5659 sans
3841 5612 4026 5659 enfants,
4050 5611 4150 5659 âgée
4172 5611 4223 5654 de
4244 5614 4294 5652 47
4326 5623 4419 5659 ans,

3286 5671 3456 5712 fortune
3491 5672 3638 5723 80,000
3674 5674 3723 5712 fr.
3760 5682 3811 5708 en
3855 5662 4130 5712 immeubles,
4174 5665 4420 5718 épouserait

3287 5726 3501 5769 Monsieur
3519 5740 3572 5767 en
3594 5728 3762 5776 rapport
3782 5720 3902 5769 d’âge
3923 5722 3964 5757 et
3982 5717 4158 5763 d’avoir.

3340 5799 3414 5841 484
3437 5799 3519 5841 bis.
3547 5822 3592 5829 —
3620 5790 3891 5836 Demoiselle,
3923 5790 4084 5834 femme
4115 5794 4166 5834 de
4195 5792 4419 5836 chambre,

3288 5855 3335 5895 28
3356 5866 3448 5903 ans,
3470 5856 3600 5903 ayant
3622 5846 3742 5895 7,000
3760 5843 3812 5886 fr.
3849 5845 4151 5896 d’économies,
4175 5843 4420 5896 épouserait

3288 5910 3391 5960 petit
3411 5902 3612 5954 employé
3635 5912 3687 5939 on
3711 5898 3896 5952 ouvrier,
3931 5912 4087 5956 garçon
4108 5903 4160 5940 de
4182 5898 4292 5943 café,
4316 5907 4419 5938 avec

3287 5962 3423 6002 avoir.

3339 6030 3432 6068 485.
3459 6050 3503 6055 —
3527 6026 3685 6078 Veuve,
3725 6039 3824 6070 sans
3842 6029 4027 6072 enfants,
4062 6024 4164 6072 âgée
4182 6020 4233 6062 de
4256 6023 4307 6063 60
4327 6036 4419 6074 ans,

3288 6083 3459 6120 fortune
3495 6080 3615 6130 4,500
3650 6082 3720 6131 fr.,
3744 6082 3983 6134 épouserait
4019 6078 4120 6127 petit
4165 6078 4324 6119 rentier
4364 6091 4420 6117 ou

3291 6135 3503 6176 Monsieur
3522 6148 3574 6176 en
3595 6143 3764 6190 rapport
3784 6138 3920 6184 d’âge,
3943 6142 4046 6171 avec
4067 6131 4271 6182 position.
