4728 7228
2041 703 2123 749 LE
2161 703 2313 749 LIEN
2347 702 2435 751 DU
2473 700 2769 750 MARIAGE

984 876 1416 935 AVIS

707 1045 760 1084 Le
800 1045 906 1084 Lien
944 1044 994 1084 du
1031 1043 1216 1099 Mariage
1252 1055 1295 1083 se
1336 1042 1443 1082 vend
1480 1054 1534 1082 au
1578 1040 1667 1091 prix
1715 1040 1764 1080 de

636 1100 683 1140 10
704 1099 911 1139 centimes
943 1099 1047 1138 dans
1082 1103 1172 1138 tous
1203 1098 1263 1137 les
1299 1096 1499 1147 kiosques
1519 1096 1568 1134 de
1595 1095 1631 1134 la
1656 1094 1764 1134 Ville

631 1159 671 1193 et
692 1154 715 1193 à
738 1153 774 1192 la
798 1152 1026 1203 Direction,
1050 1152 1087 1202 6,
1110 1152 1143 1190 B'
1144 1151 1152 1172 1
1174 1152 1224 1191 de
1246 1150 1286 1189 la
1310 1148 1582 1200 Magdeleine.

683 1237 795 1276 Dans
836 1235 894 1275 les
934 1235 1160 1286 prochains
1196 1235 1413 1282 numéros,
1438 1244 1546 1271 nous
1572 1234 1760 1272 réserve¬

629 1302 727 1330 rons
750 1301 808 1328 un
828 1289 928 1328 tiers
948 1288 998 1328 de
1022 1300 1125 1339 page
1155 1299 1262 1339 pour
1291 1286 1353 1327 les
1384 1285 1762 1326 annonces-récla¬

631 1355 735 1393 mes,
760 1342 868 1382 mais
889 1355 998 1383 nous
1018 1343 1335 1391 n'accepterons
1362 1347 1402 1379 et
1431 1340 1758 1379 recommande¬

631 1408 727 1436 rons
747 1408 831 1447 que
851 1395 980 1436 celles
1011 1395 1087 1447 qui
1118 1399 1367 1435 émaneront
1395 1394 1468 1432 des
1501 1393 1689 1432 maisons
1709 1393 1759 1431 de

630 1451 863 1491 confiance.

683 1566 819 1607 Notre
843 1563 975 1619 Office
995 1578 1020 1604 a
1032 1564 1136 1617 pris
1147 1577 1269 1616 pour
1290 1562 1438 1602 devise
1459 1575 1471 1599 :
1496 1562 1539 1600 la
1560 1559 1755 1599 Probité.

626 1620 719 1660 Nos
739 1619 896 1658 clients
916 1622 1111 1671 peuvent
1147 1622 1238 1658 être
1262 1616 1510 1669 persuadés
1550 1615 1759 1653 d’avance

624 1687 706 1728 que
723 1686 834 1712 nous
854 1686 906 1712 ne
924 1684 1112 1712 sommes
1123 1684 1210 1723 pas
1231 1671 1306 1711 des
1327 1670 1555 1708 brasseurs
1576 1667 1758 1720 d’affai¬

624 1740 707 1771 res,
732 1741 790 1766 au
811 1726 962 1780 risque
984 1727 1036 1766 de
1056 1726 1178 1778 faire
1199 1725 1274 1764 des
1294 1723 1586 1763 malheureux
1606 1735 1620 1768 ;
1661 1724 1758 1759 tous

622 1794 699 1820 nos
742 1782 890 1834 efforts
934 1780 1140 1820 tendront
1190 1778 1396 1830 toujours
1440 1779 1466 1815 à
1513 1775 1634 1827 faire
1680 1775 1756 1814 des

623 1835 835 1884 heureux,
860 1836 996 1872 même
1031 1847 1090 1873 au
1127 1832 1365 1872 détriment
1386 1830 1439 1870 de
1466 1842 1542 1868 nos
1566 1840 1756 1881 propres

622 1889 816 1927 intérêts.
867 1887 1024 1926 Toutes
1062 1900 1138 1925 nos
1174 1884 1355 1939 affaires
1392 1886 1538 1923 seront
1576 1882 1756 1922 traitées

621 1954 724 1982 avec
746 1942 790 1980 la
802 1942 912 1994 plus
928 1940 1100 1992 grande
1115 1939 1371 1980 délicatesse
1386 1940 1425 1978 et
1442 1938 1481 1976 le
1488 1938 1595 1990 plus
1606 1935 1756 1988 grand

624 1995 1047 2036 désintéressement.

659 2218 803 2282 Avis
840 2217 875 2280 à
912 2234 1011 2280 nos
1055 2216 1254 2279 clients
1294 2214 1354 2276 de
1398 2211 1712 2275 l’extérieur

674 2390 730 2431 La
768 2388 981 2430 Direction
1019 2387 1171 2428 envoie
1207 2387 1368 2434 franco,
1392 2395 1491 2424 sous
1520 2382 1752 2434 enveloppe

621 2443 834 2494 cachetée,
870 2454 967 2483 sans
1003 2453 1146 2482 aucun
1187 2441 1306 2491 signe
1346 2438 1571 2486 extérieur,
1608 2442 1752 2476 contre

621 2499 671 2539 60
693 2509 728 2539 c.
766 2510 817 2538 en
854 2496 1187 2547 timbres-poste,
1225 2504 1280 2534 un
1323 2503 1593 2543 programme
1632 2489 1752 2528 indi¬

619 2556 754 2603 quant
779 2551 835 2590 les
855 2550 1097 2591 conditions
1127 2550 1177 2587 de
1217 2547 1371 2587 l’Office
1392 2552 1432 2585 et
1453 2558 1511 2584 un
1532 2544 1752 2595 question¬

620 2606 737 2644 naire
758 2604 862 2644 écrit
892 2602 1051 2655 auquel
1090 2602 1267 2640 devront
1307 2599 1512 2650 répondre
1558 2598 1616 2636 les
1660 2608 1752 2647 per¬

619 2670 772 2699 sonnes
792 2658 868 2710 qui
890 2658 1140 2698 s’adressent
1162 2657 1184 2695 à
1206 2666 1314 2694 nous
1336 2659 1375 2692 et
1396 2652 1475 2704 qui
1496 2651 1674 2691 veulent
1707 2662 1751 2691 se

619 2711 792 2751 marier.

672 2765 750 2805 Les
771 2775 998 2815 personnes
1018 2762 1095 2815 qui
1116 2774 1168 2802 ne
1188 2765 1283 2802 sont
1304 2771 1375 2811 pas
1404 2758 1632 2807 abonnées,
1656 2761 1750 2798 sont

618 2819 756 2871 priées
776 2819 827 2858 de
848 2818 1015 2868 joindre
1039 2820 1062 2855 à
1083 2815 1178 2855 leur
1200 2815 1322 2855 lettre
1344 2825 1402 2852 un
1445 2812 1750 2862 timbre-poste

619 2884 726 2924 pour
750 2871 787 2911 la
808 2874 1000 2922 réponse,
1023 2870 1107 2908 afin
1131 2866 1343 2908 d’obtenir
1381 2866 1442 2906 les
1482 2871 1624 2906 autres
1648 2875 1748 2903 ren¬

618 2927 907 2978 seignements
925 2924 1055 2976 qu’ils
1076 2930 1264 2975 peuvent
1285 2920 1459 2962 désirer.

671 2981 747 3019 Les
770 2990 995 3030 personnes
1016 2978 1260 3026 étrangères
1295 2975 1318 3012 à
1358 2973 1399 3012 la
1438 2972 1538 3011 ville
1577 2971 1654 3023 qui
1695 2983 1748 3010 ne

619 3032 871 3072 voudraient
891 3043 964 3082 pas
984 3031 1091 3070 faire
1113 3041 1171 3070 un
1195 3038 1356 3080 voyage
1374 3027 1398 3066 à
1415 3024 1628 3066 Marseille
1643 3036 1751 3075 pour

618 3093 758 3127 entrer
796 3098 844 3124 en
884 3084 1086 3124 relations
1120 3095 1221 3123 avec
1263 3082 1302 3120 la
1332 3091 1547 3131 pevsonne
1584 3077 1748 3118 choisie

616 3140 722 3179 dans
744 3138 802 3178 les
823 3138 1023 3178 colonnes
1043 3136 1099 3176 du
1119 3136 1227 3175 Lien
1248 3134 1299 3174 du
1316 3134 1504 3186 Mariage
1511 3164 1520 3180 ,
1538 3132 1750 3171 voudront

618 3194 716 3233 bien
756 3203 866 3232 nous
903 3192 1092 3231 adresser
1126 3190 1219 3230 leur
1255 3186 1567 3239 photographie
1584 3199 1593 3233 ;
1640 3196 1750 3224 nous

616 3246 710 3286 leur
731 3245 1010 3298 indiquerons
1030 3256 1106 3294 par
1127 3243 1231 3283 écrit
1255 3242 1292 3280 le
1314 3252 1474 3291 moyen
1488 3240 1674 3279 d'entrer
1695 3249 1747 3277 en
1760 3279 1762 3282 .

616 3299 819 3340 relations
838 3311 938 3338 avec
962 3298 1000 3336 la
1022 3308 1230 3348 personne
1251 3294 1415 3336 choisie
1432 3306 1486 3332 ou
1510 3304 1610 3332 avec
1631 3296 1748 3331 toute

614 3362 735 3392 autre
757 3364 960 3402 personne
983 3352 1032 3391 de
1055 3363 1131 3391 nos
1154 3350 1387 3389 nombreux
1410 3347 1612 3394 abonnés,
1647 3344 1748 3384 dont

614 3406 748 3457 grand
771 3406 947 3446 nombre
970 3415 1023 3444 ne
1042 3404 1228 3455 figurent
1250 3414 1323 3455 pas
1344 3400 1450 3440 dans
1474 3400 1510 3439 le
1530 3398 1716 3452 journal.

644 3523 1737 3540 ----*

681 3629 957 3701 AUX
1029 3622 1683 3699 FAMILLES

667 3807 784 3849 Nous
806 3818 856 3846 ne
878 3806 1071 3844 donnons
1091 3812 1260 3843 aucune
1280 3802 1391 3839 suite
1412 3811 1496 3838 aux
1516 3796 1747 3838 demandes

614 3863 687 3903 des
710 3870 938 3911 personnes
956 3858 1190 3906 divorcées,
1214 3856 1248 3896 si
1274 3854 1308 3894 le
1330 3852 1552 3905 jugement
1575 3852 1643 3891 n’a
1674 3862 1747 3902 pas

614 3916 680 3956 été
700 3914 912 3965 prononcé
932 3911 1204 3951 absolument
1230 3919 1282 3948 en
1303 3907 1398 3947 leur
1415 3906 1582 3946 faveur.

667 3986 784 4028 Nous
822 3998 874 4025 ne
910 3995 1019 4024 nous
1056 3991 1270 4033 occupons
1302 3991 1384 4032 que
1412 3978 1488 4018 des
1519 3987 1766 4030 personnes,

615 4038 871 4081 nonorables
891 4043 930 4078 et
953 4038 982 4075 il
1006 4043 1067 4076 est
1093 4035 1247 4074 inutile
1273 4034 1323 4071 de
1344 4044 1387 4072 se
1408 4034 1623 4083 présenter
1644 4029 1745 4069 chez

614 4105 723 4135 nous
743 4105 798 4132 ou
819 4092 870 4132 de
895 4102 1003 4131 nous
1022 4088 1130 4129 faire
1151 4085 1322 4139 appeler
1343 4087 1366 4126 à
1387 4083 1591 4126 domicile
1620 4083 1657 4123 si
1690 4094 1744 4122 on

615 4161 668 4188 ne
687 4146 840 4187 réalise
863 4156 935 4195 pas
955 4148 1063 4184 cette
1083 4142 1318 4183 condition.

669 4220 746 4259 Les
784 4226 1012 4267 personnes
1044 4214 1122 4266 qui
1156 4212 1407 4252 s’adressent
1438 4208 1536 4247 à*la
1578 4207 1744 4247 maison

612 4277 710 4314 sont
727 4271 863 4323 priées
876 4270 927 4308 de
942 4268 1107 4320 joindre
1127 4279 1182 4306 un
1199 4265 1352 4304 timbre
1369 4275 1479 4315 pour
1494 4262 1532 4301 la
1547 4263 1722 4312 réponse
1735 4274 1744 4308 ;

615 4331 731 4367 toute
755 4324 872 4363 lettre
896 4334 980 4362 non
1002 4320 1236 4360 affranchie
1258 4324 1319 4357 est
1340 4316 1522 4356 refusée.

670 4399 728 4439 On
768 4400 828 4435 est
866 4394 959 4445 prié
992 4392 1043 4431 de
1075 4391 1242 4442 joindre
1275 4393 1423 4428 autant
1452 4399 1535 4439 que
1564 4384 1747 4436 possible

616 4463 700 4492 une
722 4446 1031 4500 photographie
1054 4451 1092 4484 et
1110 4445 1160 4484 de
1182 4444 1343 4483 donner
1363 4442 1574 4492 quelques
1595 4438 1748 4479 détails

615 4516 690 4546 sur
731 4503 768 4542 la
800 4498 1006 4544 situation
1039 4498 1090 4538 de
1126 4497 1295 4537 fortune
1327 4495 1377 4534 de
1414 4494 1452 4534 la
1490 4503 1695 4544 personne
1726 4492 1748 4530 à

618 4556 786 4598 marier.

671 4636 780 4675 Pour
802 4643 910 4671 nous
929 4631 1062 4671 éviter
1083 4628 1156 4668 des
1185 4624 1454 4674 recherches,
1479 4624 1539 4663 les
1571 4635 1747 4674 person¬

617 4701 693 4729 nes
730 4687 806 4739 qui
840 4686 978 4724 feront
1015 4695 1070 4722 un
1106 4682 1230 4722 choix
1251 4680 1356 4720 dans
1380 4678 1438 4718 les
1468 4678 1670 4718 colonnes
1690 4676 1747 4715 du

619 4743 726 4783 Lien
758 4740 808 4778 du
839 4738 1028 4790 Mariage
1032 4768 1042 4784 ,
1067 4736 1183 4775 n’ont
1204 4734 1303 4786 qu’à
1336 4743 1443 4771 nous
1476 4731 1670 4782 rappeler
1711 4730 1748 4768 le

617 4795 799 4836 numéro
819 4792 894 4844 qui
919 4790 1093 4842 précède
1116 4788 1154 4828 la
1176 4786 1452 4840 proposition.

670 4862 782 4900 Tous
821 4858 880 4897 les
920 4855 1283 4905 renseignements
1323 4852 1484 4891 donnés
1526 4863 1599 4900 par
1642 4860 1750 4888 nous

615 4919 711 4956 sont
731 4912 924 4963 gratuits.

669 4992 725 5031 La
760 4987 1120 5039 correspondance
1160 4991 1220 5024 est
1258 4982 1448 5022 adressée
1482 4992 1580 5020 sous
1620 4992 1748 5019 enve¬

615 5043 739 5096 loppe
758 5042 988 5091 ordinaire,
1011 5052 1108 5080 sans
1144 5049 1314 5078 aucune
1346 5034 1600 5084 inscription
1634 5034 1747 5073 exté¬

614 5100 755 5140 rieure
776 5102 896 5137 autre
916 5107 1000 5147 que
1024 5094 1220 5134 l’adresse
1242 5091 1292 5131 de
1313 5091 1354 5130 la
1378 5099 1599 5140 personne.

667 5171 743 5209 Les
776 5167 966 5207 abonnés
995 5164 1110 5204 seuls
1140 5168 1214 5203 ont
1243 5161 1353 5201 droit
1374 5162 1398 5199 à
1428 5172 1511 5199 une
1543 5159 1746 5199 insertion

616 5224 667 5264 de
697 5223 794 5273 cinq
830 5220 978 5271 lignes,
1000 5216 1131 5271 qu’ils
1164 5216 1403 5266 rédigeront
1424 5215 1447 5254 à
1472 5212 1566 5254 leur
1596 5224 1750 5254 conve¬

615 5287 767 5317 nance.

670 5349 747 5388 Les
768 5343 1096 5398 photographies
1116 5350 1155 5383 et
1179 5347 1320 5382 autres
1355 5339 1494 5391 pièces
1522 5338 1707 5378 confiées
1728 5338 1751 5376 à

616 5404 658 5443 la
680 5402 836 5441 Maison
859 5404 954 5439 sont
975 5398 1158 5438 rendues
1191 5407 1272 5435 aux
1307 5394 1534 5434 intéressés
1563 5394 1683 5442 après
1710 5391 1748 5430 la

615 5454 876 5498 célébration
898 5454 955 5492 du
979 5450 1182 5500 mariage.

670 5535 747 5573 Les
770 5542 995 5582 personnes
1015 5530 1088 5580 qui
1111 5532 1204 5568 sont
1226 5525 1454 5567 satisfaites
1475 5524 1526 5564 de
1554 5536 1627 5564 nos
1655 5536 1749 5564 ser¬

616 5587 730 5627 vices
752 5584 960 5625 voudront
980 5583 1079 5622 bien
1096 5579 1431 5632 communiquer
1451 5584 1566 5618 notre
1582 5579 1750 5618 adresse

616 5643 640 5681 à
659 5640 776 5681 leurs
795 5638 919 5687 amis,
943 5640 1200 5688 promettant
1222 5635 1271 5674 de
1294 5632 1471 5684 remplir
1500 5632 1539 5671 le
1575 5631 1751 5671 mandat

615 5694 722 5746 qu’il
774 5703 881 5731 nous
927 5691 1186 5737 donneront,
1236 5699 1291 5727 au
1340 5687 1484 5726 mieux
1534 5686 1585 5725 de
1637 5686 1751 5724 leurs

617 5747 809 5789 intérêts.

671 5824 839 5864 Ouvert
875 5825 974 5860 tous
1011 5819 1071 5860 les
1093 5820 1227 5872 jours
1258 5817 1312 5856 de
1343 5819 1375 5856 2
1398 5819 1425 5856 à
1447 5818 1475 5856 8
1495 5815 1655 5856 heures
1687 5816 1749 5856 du

612 5879 722 5928 soir,
745 5880 785 5918 et
808 5878 869 5917 les
887 5872 1148 5915 dimanches
1156 5869 1348 5927 jusqu’à
1368 5870 1486 5910 midi

655 6051 1093 6132 FORMALITÉS
1141 6058 1315 6125 POUR
1363 6056 1711 6124 MARIAGES

670 6242 746 6282 Les
794 6239 1079 6292 publications
1119 6238 1170 6278 de
1210 6235 1400 6284 mariage
1447 6235 1619 6276 doivent
1665 6235 1751 6275 être

618 6296 741 6336 faites
762 6295 785 6334 à
808 6296 847 6334 la
870 6294 1012 6334 Mairie
1031 6292 1141 6334 deux
1172 6290 1427 6330 dimanches
1447 6290 1496 6328 de
1518 6290 1628 6328 suite
1652 6294 1691 6327 et
1712 6288 1751 6327 le

615 6348 804 6398 mariage
846 6360 897 6388 ne
937 6352 1038 6397 peut
1078 6345 1198 6386 avoir
1233 6345 1319 6384 lieu
1362 6355 1446 6395 que
1484 6355 1585 6383 onze
1633 6339 1751 6394 jours

616 6403 759 6443 francs
779 6403 899 6452 après
922 6400 960 6440 la
984 6402 1191 6451 première
1212 6397 1476 6449 publication
1494 6424 1499 6440 >

1893 872 1932 912 Si
1951 872 1995 916 .le
2016 874 2221 914 domicile
2243 874 2348 913 n’est
2371 885 2442 923 pas
2476 872 2607 912 établi
2644 884 2717 924 par
2756 872 2819 911 six
2859 871 2968 912 mois

1839 926 1890 966 de
1911 927 2144 975 résidence,
2163 930 2222 967 les
2244 927 2530 978 publications
2547 927 2724 966 devront
2739 928 2824 966 être
2845 926 2969 965 faites

1838 981 1860 1018 à
1901 979 1940 1019 la
1980 980 2279 1031 municipalité
2318 980 2375 1019 du
2416 980 2585 1019 dernier
2616 979 2819 1019 domicile
2844 987 2883 1019 et
2914 990 2964 1019 en

1838 1041 1958 1073 outre
1995 1046 2048 1074 au
2088 1034 2291 1074 domicile
2323 1035 2374 1073 de
2408 1046 2512 1073 ceux
2539 1044 2639 1074 sous
2672 1032 2712 1072 la
2744 1032 2967 1084 puissance

1836 1087 2034 1139 desquels
2052 1099 2095 1127 se
2136 1094 2330 1128 trouvent
2368 1087 2426 1126 les
2457 1087 2611 1136 parties
2640 1092 2962 1126 contractantes.

1888 1176 2031 1217 Pièces
2051 1179 2074 1216 à
2096 1176 2295 1228 produire
2316 1177 2340 1217 à
2358 1175 2398 1215 la
2422 1175 2563 1215 Mairie
2582 1188 2590 1215 :

1894 1266 1924 1303 1°
1956 1264 2091 1304 L’acte
2111 1266 2162 1304 de
2179 1264 2399 1305 naissance
2415 1264 2488 1303 des
2503 1264 2612 1303 deux
2630 1263 2771 1303 futurs
2784 1263 2964 1302 dûment

1835 1318 2032 1368 légalisés
2055 1332 2064 1366 ;

1885 1383 1924 1422 2°
1945 1384 1999 1423 Le
2020 1390 2338 1423 consentement
2360 1382 2520 1423 notarié
2538 1382 2612 1422 des
2628 1383 2746 1432 pères
2767 1387 2804 1420 et
2828 1382 2965 1420 mères

1832 1437 1908 1487 qui
1950 1451 2000 1477 ne
2042 1444 2223 1488 peuvent
2265 1437 2302 1477 le
2335 1438 2496 1476 donner
2534 1436 2823 1476 verbalement
2860 1437 2883 1474 à
2926 1434 2963 1472 la

1832 1490 1976 1530 Mairie
1998 1504 2052 1530 au
2075 1498 2266 1530 moment
2287 1491 2336 1530 de
2358 1491 2478 1529 l’acte
2500 1490 2557 1528 du
2580 1489 2768 1539 mariage
2791 1502 2800 1539 ;

1886 1556 1922 1595 3°
1952 1556 1994 1596 Si
2015 1556 2054 1596 le
2076 1559 2172 1607 père
2194 1561 2234 1596 et
2256 1562 2294 1595 la
2318 1557 2431 1596 mère
2452 1560 2546 1596 sont
2575 1555 2768 1605 décédés,
2792 1567 2846 1594 ou
2872 1553 2960 1592 l’un

1831 1609 1970 1658 d’eux,
1994 1610 2024 1648 il
2044 1611 2136 1650 faut
2155 1610 2324 1651 fournir
2343 1610 2436 1648 leur
2456 1615 2547 1648 acte
2563 1610 2614 1647 de
2635 1608 2759 1648 décès
2779 1608 2962 1647 dûment

1830 1662 2007 1712 légalisé
2031 1676 2039 1712 ;

1884 1722 1920 1762 4°
1952 1724 2060 1764 Dans
2080 1723 2118 1763 le
2138 1736 2208 1764 cas
2228 1723 2278 1763 de
2299 1724 2420 1763 décès
2442 1722 2514 1763 des
2544 1723 2642 1772 père
2672 1728 2711 1760 et
2740 1723 2870 1770 mère,
2894 1719 2959 1760 s’il

1829 1776 1958 1816 existe
2000 1790 2055 1815 un
2095 1778 2348 1828 graud-père
2380 1788 2432 1815 ou
2477 1788 2558 1815 une
2586 1775 2870 1824 grand’mère,
2903 1785 2958 1812 ou

1827 1830 1983 1870 arrière
2023 1831 2279 1882 grand-père
2314 1838 2351 1869 et
2382 1830 2538 1870 arrière
2558 1828 2840 1880 grand’mère,
2866 1827 2960 1867 leur

1828 1890 2149 1923 consentement
2170 1891 2228 1923 est
2250 1883 2500 1924 nécessaire.

1882 1935 1991 1976 Pour
2024 1948 2083 1976 un
2111 1938 2288 1977 mineur
2310 1951 2317 1978 :

1888 2008 1919 2046 1°
1957 2008 1990 2047 Il
2030 2010 2120 2048 faut
2162 2009 2200 2048 la
2237 2010 2435 2060 présence
2471 2022 2526 2048 ou
2563 2008 2600 2048 le
2636 2011 2960 2048 consentement

1828 2062 1990 2102 notarié
2015 2062 2073 2102 du
2093 2068 2238 2102 tuteur
2258 2076 2267 2112 ;

1880 2121 1918 2159 2°
1948 2122 2036 2162 Une
2072 2122 2352 2163 délibération
2395 2122 2450 2160 du
2496 2120 2659 2160 Conseil
2700 2120 2750 2160 de
2791 2119 2959 2160 famille

1828 2173 2019 2226 lorsqu’il
2051 2175 2171 2225 s’agit
2204 2176 2306 2215 d’un
2339 2174 2536 2224 orphelin
2559 2175 2608 2214 de
2632 2176 2730 2226 père
2751 2179 2791 2214 et
2811 2186 2896 2226 que
2920 2174 2956 2212 la

1827 2230 1942 2267 mère
1961 2240 2015 2268 ou
2040 2228 2211 2268 l’aïeule
2232 2235 2326 2270 sont
2348 2229 2523 2268 tutrices
2547 2242 2556 2278 ;

1878 2280 1990 2322 Dans
2011 2295 2154 2322 aucun
2176 2295 2259 2332 cas,
2284 2295 2343 2323 un
2365 2282 2538 2322 mineur
2559 2294 2610 2320 ne
2632 2287 2734 2331 peut
2763 2285 2958 2321 contrac¬

1827 2339 1887 2374 ter
1907 2336 2096 2387 mariage
2118 2347 2214 2375 sans
2238 2336 2274 2376 le
2295 2340 2614 2376 consentement
2635 2336 2685 2374 de
2705 2346 2770 2375 ses
2791 2339 2959 2384 parents

1826 2401 1877 2427 ou
1904 2395 2082 2430 tuteurs.

1878 2442 1916 2480 5°
1948 2443 2023 2483 Les
2046 2443 2166 2483 veufs
2186 2443 2357 2483 doivent
2380 2443 2577 2494 produire
2600 2442 2721 2482 Pacte
2752 2442 2803 2480 de
2834 2442 2958 2482 décès

1827 2494 2002 2546 légalisé
2022 2496 2072 2536 de
2094 2496 2187 2536 leur
2207 2498 2398 2548 conjoint
2419 2496 2576 2536 décédé
2601 2507 2611 2544 ;

1879 2556 1916 2594 6°
1948 2556 2007 2595 Un
2046 2558 2251 2596 certificat
2290 2558 2339 2596 de
2380 2555 2403 2594 6
2443 2555 2552 2594 mois
2590 2556 2640 2594 de
2679 2555 2897 2595 résidence
2934 2555 2958 2593 à

1827 2608 2048 2659 Marseille,
2072 2608 2232 2650 délivré
2255 2622 2327 2660 par
2348 2609 2384 2648 le
2407 2608 2700 2647 commissaire
2727 2608 2778 2647 de
2803 2608 2954 2658 police,

1824 2674 1932 2712 pour
1952 2662 2012 2703 les
2032 2675 2262 2714 personnes
2280 2664 2356 2715 qui
2379 2663 2451 2714 n'y
2473 2667 2566 2702 sont
2587 2672 2659 2711 pas
2680 2662 2779 2702 nées
2801 2672 2810 2710 ;

1876 2723 1914 2760 7°
1934 2722 1994 2762 On
2015 2723 2102 2762 doit
2122 2722 2306 2774 justifier
2326 2723 2375 2761 de
2396 2734 2442 2762 sa
2462 2720 2690 2762 libération
2712 2722 2770 2759 du
2792 2720 2955 2760 service

1824 2775 2046 2823 militaire,
2067 2776 2147 2816 soit
2170 2790 2242 2827 par
2262 2788 2338 2817 son
2358 2775 2507 2826 congé,
2530 2775 2611 2815 soit
2634 2786 2706 2826 par
2736 2786 2795 2814 un
2828 2773 2956 2814 certi¬

1823 2830 1922 2868 ficat
1942 2830 1992 2868 de
2012 2830 2242 2871 libération
2267 2843 2276 2880 ;

1875 2888 1913 2928 8°
1943 2890 2002 2928 En
2023 2895 2144 2930 outre
2166 2890 2238 2930 des
2260 2890 2399 2940 pièces
2419 2888 2627 2928 énoncées
2648 2887 2874 2936 ci-dessus,
2895 2885 2958 2926 les

1822 2954 2052 2992 personnes
2072 2943 2290 2983 divorcées
2310 2943 2490 2983 devront
2511 2942 2708 2991 produire
2731 2953 2788 2980 un
2807 2939 2955 2980 extrait

1821 2996 1875 3034 du
1899 2995 2122 3046 jugement
2142 2996 2351 3048 ainsique
2371 2995 2490 3034 Pacte
2506 2995 2563 3034 du
2585 2995 2754 3034 divorce
2772 2995 2955 3032 dûment

1823 3051 2054 3099 enregistré
2075 3056 2114 3090 et
2136 3051 2330 3091 transcrit
2350 3050 2371 3089 à
2395 3047 2438 3087 la
2459 3047 2604 3087 Mairie
2627 3060 2636 3098 ;

1875 3109 1912 3148 9°
1942 3110 2125 3160 Lorsque
2165 3108 2227 3149 les
2267 3113 2433 3160 parents
2479 3108 2667 3146 refusent
2714 3106 2766 3146 de
2795 3107 2957 3145 donner

1822 3160 1916 3202 leur
1940 3167 2259 3202 consentement
2279 3175 2332 3203 au
2355 3160 2544 3210 mariage
2581 3159 2708 3200 d’une
2752 3170 2955 3210 personne

1823 3215 2028 3266 majeure,
2052 3216 2082 3254 il
2116 3223 2215 3266 peut
2256 3218 2343 3256 être
2380 3215 2499 3265 passé
2528 3220 2647 3252 outre
2670 3226 2722 3252 au
2747 3212 2952 3261 mariage,

1820 3270 1943 3319 après
1960 3268 2054 3308 leur
2072 3270 2190 3308 avoir
2211 3270 2288 3308 fait
2310 3270 2383 3309 des
2404 3274 2516 3306 actes
2539 3268 2589 3306 de
2607 3272 2771 3318 respect
2791 3264 2955 3306 variant

1820 3322 1872 3362 de
1895 3335 1951 3362 un
1974 3324 1996 3362 à
2020 3322 2119 3362 trois
2151 3330 2190 3362 et
2226 3324 2346 3363 s'être
2372 3320 2590 3361 conformé
2623 3334 2704 3359 aux
2744 3319 2954 3371 prescrip¬

1822 3375 1932 3415 tions
1951 3375 2026 3416 des
2043 3382 2120 3416 art.
2150 3376 2220 3415 144
2243 3382 2282 3415 et
2308 3375 2378 3415 154
2400 3375 2455 3413 du
2480 3374 2582 3412 code
2603 3374 2703 3412 civil
2730 3386 2738 3421 ;

1878 3431 1938 3468 10°
1967 3430 2078 3469 Pour
2100 3430 2138 3468 la
2158 3429 2355 3480 question
2374 3427 2447 3467 des
2467 3427 2731 3467 cérémonies
2752 3424 2952 3476 religieu¬

1819 3494 1898 3533 ses,
1922 3483 2143 3523 s’adresser
2162 3483 2334 3523 suivant
2366 3482 2403 3522 le
2434 3480 2548 3520 culte
2570 3483 2593 3519 à
2617 3480 2655 3519 la
2678 3480 2875 3531 paroisse,
2897 3490 2951 3518 au

1819 3535 2065 3575 consistoire
2087 3541 2316 3587 protestant
2337 3548 2392 3576 ou
2414 3546 2468 3574 au
2491 3534 2606 3574 cuite
2626 3533 2827 3573 Israélite.

1873 3614 2045 3651 L’Office
2065 3615 2303 3659 Mondonet,
2320 3614 2359 3660 6,
2375 3611 2483 3649 B'‘de
2498 3611 2537 3649 la
2554 3611 2830 3656 Magdeleine,
2855 3615 2953 3655 peut

1820 3675 1862 3704 se
1895 3664 2072 3715 charger
2107 3664 2156 3703 de
2191 3669 2327 3703 toutes
2363 3662 2420 3702 les
2451 3659 2688 3700 formalités
2726 3659 2876 3699 civiles
2914 3664 2953 3699 et

1820 3717 2070 3768 religieuses
2090 3719 2123 3756 si
2150 3718 2207 3758 les
2226 3716 2379 3756 clients
2402 3715 2462 3755 lui
2484 3715 2670 3755 confient
2691 3726 2737 3754 ce
2759 3712 2864 3752 soin.

1876 3771 2040 3810 L’office
2063 3771 2284 3809 Mondonet
2316 3780 2367 3808 ne
2399 3767 2556 3819 perçoit
2594 3768 2667 3806 des
2707 3767 2952 3805 honoraires

1818 3824 2014 3876 qu’après
2037 3823 2074 3863 la
2096 3823 2356 3864 célébration
2380 3821 2435 3861 du
2460 3820 2663 3870 mariage.

1927 3966 2477 4035 RENSEIGNEMENTS
2529 3964 2841 4032 GENERAUX

1818 4072 2164 4114 concernant
2202 4070 2278 4111 les
2311 4068 2547 4111 Veuves
2578 4067 2951 4122 pensionnées

1871 4208 1988 4248 Gland
2008 4208 2184 4247 nombre
2206 4206 2256 4245 de
2276 4207 2423 4245 dames
2442 4204 2651 4254 jouissant
2672 4204 2802 4244 d’une
2845 4216 2950 4255 pen¬

1819 4263 1912 4302 sion
1934 4263 1984 4302 de
2007 4260 2175 4302 retraite
2199 4272 2270 4310 par
2290 4260 2400 4299 suite
2422 4259 2479 4298 du
2502 4258 2624 4298 décès
2644 4259 2696 4298 de
2722 4259 2815 4298 leur
2843 4258 2951 4299 mari

1819 4320 1912 4355 sont
1952 4315 2206 4367 persuadées
2243 4311 2420 4364 qu’elles
2462 4311 2699 4361 perdraient
2732 4323 2802 4351 ces
2822 4312 2954 4351 droits

1822 4370 1843 4408 à
1863 4369 1903 4408 la
1926 4368 2092 4408 retraite
2123 4370 2158 4407 si
2192 4364 2295 4407 elles
2327 4364 2635 4406 contractaient
2668 4375 2750 4404 une
2771 4365 2952 4405 seconde

1822 4423 1971 4462 union.
2011 4422 2116 4461 C’est
2151 4432 2232 4459 une
2266 4419 2470 4470 profonde
2498 4431 2642 4458 erreur
2662 4419 2697 4457 si
2719 4430 2788 4459 ces
2807 4420 2954 4459 dames

1820 4481 1914 4515 sont
1951 4475 2231 4527 pensionnées
2267 4474 2318 4511 de
2356 4471 2478 4511 l’Etat
2502 4484 2510 4520 ;
2542 4483 2612 4510 car
2649 4476 2755 4511 cette
2775 4472 2950 4523 pension

1821 4529 1926 4569 n’est
1964 4540 2038 4579 pas
2079 4539 2162 4567 une
2200 4526 2367 4575 faveur,
2408 4526 2510 4564 c’est
2547 4536 2603 4563 un
2638 4525 2748 4563 droit
2774 4525 2955 4576 qu’elles

1822 4584 2014 4622 tiennent
2034 4592 2084 4620 en
2110 4584 2225 4619 vertu
2248 4580 2376 4618 d’une
2410 4578 2482 4618 loi.
2527 4578 2579 4616 La
2610 4576 2664 4616 loi
2687 4578 2743 4616 du
2766 4578 2954 4628 mariage

1820 4637 1936 4676 étant
1974 4632 2335 4674 essentiellement
2363 4630 2538 4680 morale,
2564 4643 2614 4670 ne
2657 4638 2755 4680 peut
2795 4632 2954 4671 édicter

1821 4690 1895 4729 des
1932 4687 2296 4739 empêchements,
2319 4686 2392 4725 des
2418 4683 2624 4724 obstacles
2657 4696 2710 4723 au
2747 4684 2952 4736 mariage,

1822 4754 1891 4782 ces
1911 4740 2259 4791 empêchements
2292 4737 2475 4779 seraient
2514 4736 2756 4778 considérés
2786 4750 2954 4776 comme

1822 4796 2064 4836 immoraux
2086 4799 2126 4834 et
2148 4806 2222 4844 par
2242 4795 2503 4843 conséquent
2526 4791 2759 4831 contraires
2776 4792 2799 4830 à
2817 4790 2855 4830 la
2880 4791 2950 4831 loi.

1823 4850 1898 4889 Les
1939 4860 2095 4888 veuves
2133 4847 2451 4896 pensionnaires
2482 4846 2532 4883 de
2563 4844 2684 4884 l’Etat
2706 4858 2756 4884 ne
2779 4844 2954 4895 perdent

1822 4903 1929 4943 donc
1967 4902 2060 4942 leur
2100 4899 2275 4951 pension
2314 4900 2356 4938 ni
2387 4910 2463 4948 par
2504 4910 2562 4938 un
2602 4898 2771 4949 second,
2812 4900 2854 4938 ni
2896 4909 2954 4939 un

1824 4955 2039 4996 troisième
2062 4954 2263 5003 mariage.

1876 5010 1952 5048 Les
1974 5019 2130 5048 veuves
2150 5006 2430 5059 pensionnées
2450 5017 2524 5058 par
2548 5006 2610 5044 les
2639 5006 2955 5056 départements

1822 5067 2010 5114 peuvent
2046 5060 2186 5102 seules
2224 5060 2315 5100 voir
2352 5059 2595 5110 supprimer
2632 5066 2739 5099 cette
2779 5059 2954 5111 pension

1823 5129 1896 5167 par
1920 5128 1975 5154 un
1996 5118 2149 5155 second
2191 5115 2378 5163 mariage
2416 5114 2522 5152 dans
2554 5112 2736 5152 certains
2768 5125 2838 5152 cas
2858 5120 2898 5152 et
2919 5112 2954 5153 si

1822 5175 1928 5210 cette
1963 5170 2135 5219 pension
2172 5182 2196 5207 a
2226 5168 2292 5207 été
2321 5167 2522 5207 accordée
2543 5167 2566 5204 à
2591 5166 2683 5206 titre
2704 5166 2754 5206 de
2784 5177 2955 5206 secours

1823 5223 2090 5274 temporaire.

1876 5276 2113 5323 D’ailleurs,
2139 5275 2176 5314 le
2198 5274 2292 5313 titre
2313 5275 2364 5314 de
2387 5272 2562 5324 pension
2585 5279 2700 5324 porte
2722 5284 2772 5312 en
2795 5285 2952 5324 marge,

1823 5341 1876 5370 en
1899 5334 2035 5370 toutes
2057 5328 2211 5378 lettres,
2239 5339 2308 5367 ces
2327 5328 2527 5368 réserves.

1827 5502 2203 5602 OFFRES
2287 5501 2395 5602 DE
2475 5500 2951 5601 MARIAGES

1997 5691 2416 5736 DEMOISELLES
2454 5692 2520 5735 ET
2552 5691 2784 5735 VEUVES

1875 5831 1967 5871 413.
1994 5854 2039 5859 —
2071 5831 2340 5880 Demoiselle,
2381 5830 2431 5870 45
2471 5842 2562 5875 ans,
2615 5828 2804 5870 titulaire
2852 5827 2955 5867 d’un

1824 5885 1986 5925 bureau
2010 5884 2060 5924 de
2083 5884 2216 5934 tabac,
2260 5883 2499 5936 épouserait
2531 5882 2733 5935 employé
2762 5895 2816 5922 ou
2854 5881 2956 5932 petit

1824 5939 1995 5978 rentier.

1878 6009 1968 6050 431.
1994 6032 2038 6038 —
2059 6010 2220 6056 Veuve,
2244 6008 2292 6048 47
2315 6019 2403 6057 ans,
2427 6008 2526 6048 bien
2547 6007 2704 6056 élevée,
2727 6007 2838 6048 belle
2859 6018 2955 6056 per¬

1823 6075 1970 6111 sonne,
1996 6063 2162 6103 fortune
2186 6064 2354 6103 100.000
2376 6063 2447 6111 fr.,
2471 6062 2712 6114 épouserait
2739 6061 2956 6101 Monsieur

1823 6128 1875 6156 en
1894 6123 2065 6167 rapport
2085 6118 2204 6166 d’âge
2227 6122 2266 6156 et
2287 6116 2336 6156 de
2358 6115 2543 6155 fortune.

1876 6181 1967 6222 435.
1992 6204 2038 6211 —
2062 6180 2331 6230 Demoiselle,
2372 6181 2422 6221 20
2456 6191 2547 6228 ans,
2583 6180 2680 6220 bien
2704 6180 2862 6229 élevée,
2887 6179 2954 6218 fa¬

1823 6235 1944 6275 mille
1984 6237 2066 6276 très
2104 6235 2351 6284 honorable,
2392 6234 2463 6274 dot
2500 6235 2647 6282 05,000
2669 6234 2740 6282 fr.,
2775 6233 2956 6283 grandes

1823 6290 2070 6340 espérances
2087 6291 2207 6339 après
2227 6300 2292 6330 ses
2311 6294 2494 6340 parents,
2518 6288 2759 6339 épouserait
2774 6287 2952 6334 notaire,

1823 6344 1973 6391 avoué,
2014 6342 2215 6395 employé
2254 6342 2311 6383 du
2351 6348 2689 6393 gouvernement
2727 6352 2827 6380 avec
2850 6340 2955 6379 bons

1823 6399 2183 6448 appointements.

3094 872 3171 914 435
3190 872 3272 914 bis.
3295 896 3345 902 —
3388 873 3656 924 Demoiselle,
3687 875 3736 915 20
3758 888 3848 922 ans,
3880 875 3968 915 fille
3992 874 4172 926 unique,

3043 926 3141 967 bien
3179 927 3338 976 élevée,
3376 927 3492 978 jolie,
3539 928 3608 967 dot
3663 928 3831 975 100,000
3871 930 3942 978 fr.,
3995 929 4175 979 grandes

3040 984 3300 1030 espérances,
3355 982 3594 1031 épouserait
3642 983 3856 1022 Monsieur
3903 995 3952 1022 en
4005 990 4176 1033 rapport

3040 1032 3174 1083 d’âge,
3196 1034 3467 1075 d’éducation
3490 1040 3530 1074 et
3558 1035 3610 1075 de
3631 1036 3802 1076 fortune
3823 1048 3878 1076 ou
3900 1036 4101 1088 employé
4126 1036 4176 1075 de

3043 1087 3178 1127 l’Etat,

3092 1184 3183 1224 436.
3209 1207 3259 1214 —
3280 1184 3550 1234 Demoiselle,
3567 1185 3616 1224 22
3632 1198 3723 1232 ans,
3747 1184 3866 1236 jolie,
3890 1187 3990 1228 bien
4012 1186 4171 1236 élevée,

3039 1238 3110 1276 dot
3131 1239 3251 1286 5,000
3271 1238 3324 1279 fr.
3365 1239 3415 1278 de
3454 1244 3604 1287 rentes,
3627 1240 3867 1290 épouserait
3890 1241 4102 1282 Monsieur
4119 1253 4171 1282 en

3038 1299 3206 1342 rapport
3227 1292 3346 1344 d’âge
3370 1298 3410 1331 et
3431 1292 3481 1332 de
3503 1291 3689 1334 fortune.

3090 1386 3181 1426 441.
3202 1411 3249 1415 —
3265 1387 3533 1435 Demoiselle,
3549 1387 3599 1427 34
3615 1399 3705 1436 ans,
3723 1388 3891 1428 fortune
3906 1390 4082 1437 900,000
4099 1391 4171 1439 fr.,

3039 1442 3277 1491 épouserait
3302 1441 3513 1481 Monsieur
3540 1452 3592 1480 en
3617 1448 3784 1492 rapport
3808 1443 3943 1493 d’âge,
3967 1450 4098 1496 ayant
4120 1443 4171 1483 de

3038 1495 3059 1532 2
3082 1496 3104 1533 à
3127 1494 3300 1542 300,000
3320 1496 3356 1534 fr
3382 1528 3390 1544 ,
3428 1496 3652 1535 donnerait
3676 1495 3714 1534 la
3736 1496 3979 1546 préférence
4000 1500 4024 1537 à
4046 1498 4170 1538 Mon¬

3036 1547 3152 1587 sieur
3168 1555 3300 1600 ayant
3324 1560 3382 1591 un
3404 1550 3499 1588 titre
3522 1548 3781 1590 nobilliaire.

3088 1642 3179 1682 442.
3210 1666 3254 1672 —
3284 1643 3439 1690 Veuve,
3480 1655 3576 1682 sans
3615 1656 3664 1682 en
3672 1643 3796 1690 Umts,
3840 1646 3888 1685 40
3928 1658 4018 1695 ans,
4058 1646 4170 1686 belle

3036 1707 3256 1746 personne,
3288 1696 3458 1737 fortune
3487 1696 3634 1746 50,000
3670 1698 3734 1746 fr.,
3776 1699 4018 1750 épouserait
4047 1699 4170 1739 Mon¬

3035 1750 3150 1788 sieur
3170 1762 3222 1788 en
3246 1756 3410 1800 rapport
3431 1752 3550 1800 d’âge
3571 1757 3611 1790 et
3633 1751 3807 1791 d’avoir.

3088 1838 3179 1879 443.
3203 1863 3253 1867 —
3293 1839 3559 1888 Demoiselle,
3594 1841 3642 1880 22
3678 1854 3767 1887 ans,
3796 1843 3907 1882 belle
3942 1855 4165 1894 personne,

3034 1891 3103 1931 dot
3123 1892 3297 1935 200,000
3318 1894 3387 1942 fr.,
3411 1895 3647 1944 épouserait
3670 1895 3832 1935 notaire
3854 1908 3906 1935 ou
3931 1908 4082 1943 avouç.

3088 1994 3178 2034 444.
3214 2019 3244 2023 -
3273 1995 3540 2044 Demoiselle,
3566 1996 3611 2035 21
3633 2008 3723 2046 ans,
3751 1999 3820 2038 dot
3867 1999 4007 2044 12.000
4027 1999 4078 2039 fr.
4115 2000 4164 2039 de

3035 2054 3184 2096 rentes,
3218 2050 3456 2100 épouserait
3480 2050 3690 2090 Monsieur
3712 2063 3763 2090 en
3786 2058 3958 2103 rapport
3984 2055 4103 2105 d’âge
4124 2059 4166 2094 et

3034 2101 3084 2142 de
3107 2100 3291 2143 fortune.

3084 2184 3176 2226 459.
3200 2210 3248 2216 —
3271 2186 3539 2235 Demoiselle,
3562 2187 3612 2227 26
3634 2200 3722 2236 ans,
3743 2188 3862 2239 jolie,
3880 2190 3979 2230 bien
4002 2190 4162 2241 élevée,

3032 2239 3179 2286 20.000
3200 2240 3251 2280 fr.
3294 2242 3344 2280 de
3384 2242 3455 2280 dot
3484 2246 3524 2280 et
3556 2244 3818 2292 espérances,
3842 2243 4082 2295 épouserait
4103 2256 4163 2284 un

3032 2302 3322 2346 commerçant
3343 2294 3443 2335 bien
3464 2294 3611 2335 établi.

3084 2386 3175 2427 465.
3205 2411 3247 2416 —
3271 2388 3429 2439 Veuve,
3462 2391 3563 2439 âgée
3605 2388 3655 2428 de
3695 2390 3746 2428 38
3783 2403 3873 2440 ans,
3914 2391 4027 2432 belle
4070 2404 4164 2441 per¬

3030 2452 3175 2491 sonne,
3198 2442 3295 2480 bien
3338 2443 3496 2489 élevée,
3524 2443 3696 2483 fortune
3718 2446 3910 2495 présente
3938 2445 4086 2495 30,000
4108 2445 4159 2484 fr.

3032 2500 3072 2534 et
3092 2495 3353 2544 espérances,
3375 2497 3616 2547 épouserait
3651 2498 3864 2539 Monsieur
3901 2511 3953 2539 en
3994 2503 4164 2550 rapport

3032 2547 3164 2599 d’âge,
3188 2555 3318 2600 ayant
3338 2551 3470 2600 avoir,
3494 2551 3698 2602 employé
3719 2564 3771 2590 ou
3795 2552 3964 2592 rentier.

3083 2643 3175 2683 468.
3210 2667 3259 2671 —
3300 2645 3568 2695 Demoiselle,
3591 2646 3639 2685 23
3663 2658 3752 2696 ans,
3791 2646 3886 2686 bien
3910 2646 4067 2696 élevée,
4110 2647 4160 2687 de

3031 2698 3168 2738 bonne
3184 2696 3548 2747 famille,fortune
3567 2700 3831 2748 personnelle
3850 2702 3995 2751 22,000
4016 2700 4090 2749 fr.,
4108 2701 4159 2740 de

3030 2762 3095 2791 ses
3130 2758 3296 2802 parents
3336 2751 3508 2801 100,000
3547 2751 3616 2799 fr.,
3656 2754 3898 2803 épouserait
3946 2754 4160 2795 Monsieur

3034 2805 3130 2844 bien
3151 2804 3286 2855 élevé,
3327 2811 3458 2856 ayant
3480 2806 3618 2844 bonne
3643 2806 3823 2855 position
3860 2819 3912 2847 ou
3938 2804 4156 2859 employé,

3030 2870 3082 2898 en
3104 2864 3278 2910 rapport
3298 2858 3430 2910 d’âge.

3083 2959 3173 2999 469.
3201 2984 3243 2988 —
3290 2959 3558 3010 Demoiselle,
3582 2961 3632 2999 28
3652 2974 3744 3012 ans,
3770 2963 3852 3002 très
3876 2962 3975 3002 bien
3999 2962 4159 3014 élevée,

3031 3012 3199 3054 fortune
3239 3014 3387 3063 90,000
3436 3015 3506 3063 fr.,
3550 3014 3794 3066 épouserait
3848 3023 4160 3069 commerçant,

3031 3071 3162 3118 ayant
3187 3067 3294 3107 belle
3316 3068 3522 3108 situation
3555 3080 3610 3107 ou
3650 3068 3851 3122 employé
3872 3070 3923 3110 de
3947 3070 4084 3121 l’Etat,
4110 3082 4163 3110 en

3031 3127 3200 3171 rapport
3220 3122 3355 3171 d’âge.

3083 3208 3175 3250 475.
3204 3232 3248 3238 —
3287 3210 3569 3260 Demoiselle,’
3591 3211 3638 3250 27
3679 3223 3770 3259 ans,
3810 3212 4051 3264 orpheline,
4091 3212 4163 3253 dot

3030 3263 3176 3313 70.000
3212 3262 3282 3311 fr.,
3325 3264 3424 3303 bien
3467 3263 3627 3312 élevée,
3670 3266 3910 3315 épouserait
3947 3265 4163 3306 Monsieur

3028 3322 3159 3368 ayant
3180 3316 3364 3368 position
3387 3323 3427 3358 et
3448 3329 3500 3357 en
3523 3324 3691 3369 rapport
3711 3319 3831 3370 d’âge
3854 3324 3892 3359 et
3914 3319 4092 3360 d’avoir.

3080 3411 3170 3452 482.
3194 3436 3244 3442 —
3282 3412 3442 3460 Veuve,
3464 3423 3562 3453 sans
3582 3414 3766 3464 enfants,
3790 3416 3890 3464 âgée
3912 3414 3963 3455 de
3986 3415 4034 3455 47
4066 3427 4158 3464 ans,

3027 3466 3198 3506 fortune
3234 3467 3379 3516 80,000
3414 3467 3463 3507 fr.
3502 3479 3553 3506 en
3591 3467 3871 3517 immeubles,
3915 3469 4160 3520 épouserait

3027 3519 3241 3559 Monsieur
3262 3531 3314 3558 en
3335 3525 3502 3571 rapport
3522 3520 3641 3571 d’âge
3663 3527 3702 3560 et
3722 3522 3897 3562 d’avoir.

3079 3616 3171 3655 495.
3191 3639 3239 3644 —
3262 3615 3531 3663 Demoiselle,
3559 3615 3604 3655 19
3643 3628 3732 3664 ans,
3764 3616 3865 3655 bien
3905 3617 4067 3664 élevée,
4090 3618 4163 3656 dot

3026 3667 3174 3715 80.000
3192 3667 3262 3712 fr.,
3286 3668 3532 3716 espérances
3552 3668 3605 3704 de
3623 3678 3688 3704 ses
3704 3674 3874 3716 parents
3895 3670 4068 3716 300,000
4087 3670 4159 3716 fr.,

3026 3720 3266 3770 épouserait
3299 3719 3499 3772 employé
3520 3718 3570 3759 de
3595 3718 3713 3759 l’Etat
3734 3726 3866 3771 ayant
3888 3720 3998 3760 belle
4020 3719 4159 3763 situa¬

3027 3773 3130 3820 tion,
3150 3784 3204 3811 ou
3240 3773 3455 3813 Monsieur
3474 3778 3604 3823 ayant
3632 3774 3800 3822 150,000
3822 3774 3891 3823 fr.,
3912 3787 3964 3815 en
3987 3780 4158 3826 rapport

3027 3824 3162 3875 d’âge.

3078 3914 3168 3955 496.
3186 3938 3235 3943 —
3255 3913 3524 3963 Demoiselle,
3564 3915 3614 3955 25
3654 3927 3743 3965 ans,
3786 3912 4027 3966 orpheline,
4060 3915 4161 3955 bien

3026 3967 3184 4018 élevée,
3230 3970 3299 4008 dot
3343 3970 3518 4012 200,000
3568 3970 3639 4018 fr.,
3690 3970 3930 4020 épouserait
3975 3970 4159 4022 notaire,

3024 4023 3175 4071 avoué,
3200 4026 3348 4062 avocat
3383 4023 3599 4070 distingué
3636 4035 3690 4060 ou
3734 4024 3948 4074 employé,
3978 4025 4078 4064 chef
4107 4026 4159 4064 de

3024 4075 3183 4115 service
3204 4075 3332 4115 d’une
3354 4074 3695 4115 administration
3719 4074 3770 4115 de
3794 4075 3931 4116 l’Etat.

3078 4152 3169 4206 4§7.
3195 4188 3239 4194 —
3275 4165 3545 4211 Demoiselle,
3575 4167 3676 4216 âgée
3694 4166 3746 4203 de
3765 4164 3815 4204 28
3836 4177 3926 4214 ans,
3949 4166 4092 4215 pieuse
4115 4172 4156 4206 et

3026 4219 3276 4267 charitable,
3307 4227 3439 4271 ayant
3484 4219 3771 4267 1,100,000’fr.
3793 4219 3843 4259 de
3865 4219 3951 4270 dot,
3975 4220 4160 4272 épouse¬

3028 4273 3108 4311 rait
3140 4271 3367 4320 Monsieur,
3388 4272 3571 4319 sérieux,
3592 4273 3660 4311 bel
3691 4274 3882 4320 homme,
3907 4274 4156 4322 honorable,

3029 4326 3127 4364 bien
3147 4326 3280 4375 élevé,
3304 4332 3432 4377 ayant
3472 4338 3527 4364 au
3555 4326 3695 4364 moins
3718 4327 3892 4372 300,000
3916 4327 3968 4366 fr.
3992 4327 4043 4366 de
4064 4327 4159 4366 for¬

3031 4385 3147 4419 tune.

3079 4462 3171 4502 498.
3188 4484 3239 4490 —
3260 4460 3528 4507 Demoiselle,
3559 4462 3602 4499 21
3648 4474 3738 4510 ans,
3779 4463 3891 4502 belle
3931 4474 4156 4512 personne,

3028 4515 3126 4555 bien
3148 4514 3304 4564 élevée,
3327 4514 3396 4554 dot
3419 4514 3566 4563 80,000
3588 4514 3658 4562 fr.,
3682 4515 3921 4564 épouserait
3943 4514 4158 4557 Monsieur

3028 4580 3080 4607 en
3102 4574 3270 4619 rapport
3291 4568 3408 4619 d’âge
3431 4575 3471 4607 et
3491 4567 3667 4607 d’avoir.

3082 4651 3171 4690 499.
3193 4674 3243 4679 —
3283 4650 3551 4698 Demoiselle,
3591 4651 3638 4688 21
3663 4663 3754 4698 ans,
3778 4652 3876 4691 bien
3899 4652 4062 4699 élevée,
4086 4652 4159 4690 dot

3034 4704 3202 4751 100.000
3240 4704 3291 4744 fr.
3322 4711 3363 4743 et
3399 4703 3580 4754 grandes
3616 4704 3878 4752 espérances,
3919 4703 4162 4754 épouserait

3031 4757 3240 4796 Monsieur
3260 4758 3443 4808 élégant,
3464 4768 3515 4796 en
3538 4762 3709 4807 rapport
3730 4756 3848 4807 d’âge
3871 4762 3911 4796 et
3928 4757 4103 4799 d’avoir.

3082 4847 3156 4886 505
3196 4870 3247 4875 —
3268 4846 3535 4894 Demoiselle,
3579 4847 3627 4884 23
3667 4859 3756 4895 ans,
3799 4846 3910 4886 belle
3952 4858 4159 4896 personne

3030 4904 3127 4946 bien
3150 4905 3307 4952 élevée,
3330 4907 3400 4946 dot
3419 4906 3592 4951 200,000
3607 4904 3928 4958 fr.,épouserait
3946 4904 4162 4946 Monsieur

3028 4971 3080 4999 en
3103 4966 3270 5011 rapport
3291 4960 3408 5011 d'âge
3431 4966 3470 5000 et
3488 4959 3663 5001 d’avoir.

3083 5043 3172 5083 506.
3198 5064 3243 5071 —
3286 5041 3555 5092 Demoiselle,
3584 5042 3635 5082 22
3675 5054 3764 5088 ans,
3808 5042 3879 5082 dot
3920 5042 4156 5090 2,000,000,

3028 5096 3270 5147 épouserait
3291 5098 3504 5137 Monsieur
3518 5110 3569 5138 en
3589 5102 3760 5148 rapport
3782 5096 3899 5146 d’âge
3923 5102 3962 5136 et
3983 5096 4158 5147 d’avoir,

3029 5163 3084 5190 on
3107 5150 3214 5190 haut
3234 5150 3563 5190 fonctionnaire.

3082 5247 3173 5286 507.
3212 5270 3262 5276 —
3304 5246 3576 5291 Demoiselle,
3622 5247 3727 5296 âgée
3764 5246 3816 5284 de
3855 5246 3904 5284 23
3954 5258 4047 5292 ans,
4086 5247 4160 5284 dot

3032 5299 3202 5348 150.000
3223 5299 3292 5349 fr.,
3334 5300 3581 5350 espérances
3619 5296 3948 5349 considérables,
3972 5299 4155 5350 épouse¬

3029 5352 3110 5392 rait
3148 5352 3460 5394 fonctionnaire
3499 5365 3554 5391 ou
3592 5352 3844 5404 dignitaire,
3896 5366 3947 5392 en
3988 5359 4160 5403 rapport

3030 5405 3163 5458 d’âge.

3082 5484 3171 5524 512.
3191 5507 3235 5514 —
3258 5482 3526 5534 Demoiselle,
3560 5483 3610 5523 27
3632 5495 3723 5534 ans,
3763 5483 3834 5524 dot
3880 5482 4050 5532 100,000
4086 5483 4159 5534 fr.,

3030 5538 3267 5588 épouserait
3288 5538 3502 5578 Monsieur
3522 5550 3572 5576 en
3595 5544 3763 5588 rapport
3802 5539 3852 5576 de
3891 5538 4062 5579 fortune
4103 5552 4158 5579 ou

3028 5591 3230 5643 employé
3251 5592 3300 5631 de
3322 5591 3459 5631 l’Etal.

3082 5682 3171 5720 514.
3190 5704 3240 5711 —
3261 5682 3406 5730 Darne,
3442 5679 3582 5728 noble,
3607 5679 3702 5720 bien
3727 5683 3968 5727 conservée,
3994 5682 4043 5721 50
4064 5693 4142 5721 ans
4150 5712 4159 5737 r

3031 5746 3179 5783 veuve,
3221 5743 3352 5787 ayant
3390 5735 3512 5783 2,000
3550 5733 3600 5772 fr.
3639 5734 3689 5772 de
3730 5740 3880 5776 rentes,
3915 5735 4160 5784 épouserait

3031 5787 3243 5828 Monsieur
3281 5787 3382 5828 bien
3420 5788 3554 5834 élevé,
3578 5791 3710 5838 ayant
3747 5788 3798 5827 de
3839 5788 3887 5828 50
3928 5789 3951 5827 à
3986 5789 4035 5828 70
4066 5800 4159 5836 ans,

3031 5843 3172 5880 même
3208 5854 3308 5882 avec
3347 5839 3577 5882 infirmités
3615 5846 3655 5880 et
3696 5840 3916 5888 possédant
3955 5843 4005 5882 de
4047 5842 4096 5882 40
4138 5845 4160 5881 à

3031 5894 3176 5943 60.000
3198 5895 3250 5935 fr.
3285 5895 3335 5935 de
3372 5895 3542 5934 fortune
3580 5906 3635 5932 on
3679 5895 3808 5943 partie
3843 5907 3896 5935 en
3930 5896 4085 5947 capital
4118 5900 4158 5935 et

3034 5948 3163 5998 partie
3184 5962 3235 5988 en
3259 5949 3434 5999 pension
3458 5947 3508 5987 de
3532 5946 3716 5987 retraite.

3086 6036 3174 6076 517.
3211 6059 3260 6066 —
3302 6034 3556 6078 Demoiselle
3595 6040 3726 6087 ayant
3764 6035 3838 6076 des
3879 6036 3995 6076 titres
4035 6037 4163 6078 nobi-

3032 6088 3168 6139 lières,
3203 6091 3304 6142 âgée
3346 6091 3395 6130 de
3434 6090 3483 6130 20
3526 6100 3616 6138 ans,
3666 6090 3904 6142 orpheline,
3946 6090 4162 6139 1,000,000

3030 6143 3081 6182 de
3114 6143 3199 6190 dot,
3240 6143 3482 6194 épouserait
3534 6143 3740 6194 marquis,
3787 6143 3870 6183 duc
3923 6157 3976 6184 ou
4019 6150 4160 6184 comte

3030 6208 3079 6235 en
3106 6202 3274 6248 rapport
3295 6196 3428 6246 d’âge,
3453 6207 3552 6235 avec
3574 6195 3704 6236 avoir.

3082 6286 3172 6324 518.
3201 6308 3243 6314 —
3279 6283 3546 6334 Demoiselle,
3568 6286 3614 6324 21
3657 6298 3746 6336 ans,
3789 6286 3861 6324 dot
3899 6286 4046 6336 20,000
4086 6286 4160 6334 fr.,

3028 6340 3275 6390 espérances
3330 6339 3475 6388 60,000
3534 6339 3606 6387 fr.,
3656 6339 3897 6391 épouserait,
3954 6339 4158 6393 employé

3030 6391 3435 6435 d'administration.
