4712 7064
2235 428 2316 475 LE
2354 427 2507 474 LIEN
2540 425 2627 472 DU
2667 423 2964 471 MARIAGE

875 619 1024 660 438.—
1037 615 1305 664 Célibataire,
1328 609 1613 658 mécanicien,
1638 606 1686 646 34
1704 616 1794 656 ans,
1819 614 1952 655 gagne

822 675 847 715 8
865 675 918 715 fr.
944 685 1015 726 par
1034 672 1148 723 jour,
1189 670 1311 718 4,000
1333 667 1386 706 fr.
1415 660 1719 710 d’économies,
1755 667 1954 710 espéran¬

822 740 890 769 ces
910 728 959 767 de
980 738 1044 767 ses
1064 727 1234 776 parents
1253 720 1400 770 25,000
1422 718 1493 767 fr.,
1516 713 1755 766 épouserait
1784 710 1954 752 demoi¬

821 780 924 822 selle
943 792 994 820 en
1016 782 1186 829 rapport
1205 775 1340 824 d’âge,
1362 778 1492 825 ayant
1518 770 1661 820 12,000
1683 768 1735 807 fr.

872 864 1034 904 494.—
1054 859 1322 907 Célibataire,
1358 858 1408 896 27
1430 867 1520 905 ans,
1544 851 1748 903 employé
1769 847 1952 888 d’admi¬

820 916 1060 964 nistration,
1084 914 1195 954 beau
1214 923 1382 964 garçon,
1406 910 1590 960 élégant,
1610 903 1955 956 appointements

819 971 943 1021 2,500
963 971 1036 1017 fr.,
1056 955 1563 1018 épouserait'demoiselle
1584 963 1715 1011 ayant
1737 955 1884 1004 60,000
1898 954 1951 994 fr.

873 1053 967 1094 504.
987 1075 1029 1081 —
1054 1050 1320 1098 Célibataire,
1334 1047 1412 1099 âgé
1434 1046 1485 1084 de
1507 1043 1556 1083 30
1579 1054 1671 1091 ans,
1692 1047 1823 1093 ayant
1839 1037 1953 1088 posi¬

823 1108 912 1148 tion
936 1111 977 1147 et
998 1104 1163 1144 maison
1193 1098 1496 1144 commerciale
1534 1098 1678 1136 valant
1711 1093 1859 1142 60,000
1880 1091 1951 1130 fr..

821 1159 1062 1212 épouserait
1099 1154 1364 1204 demoiselle,
1387 1154 1438 1192 de
1477 1154 1600 1202 goûts
1635 1148 1861 1195 modestes,
1902 1144 1954 1184 de

820 1214 1064 1264 préférence
1086 1210 1327 1263 orpheline,
1351 1210 1483 1258 ayant
1504 1203 1651 1254 50,000
1671 1202 1722 1242 fr.

873 1297 964 1338 505.
983 1318 1033 1326 —
1053 1294 1222 1336 Officier
1250 1288 1507 1331 ministériel
1535 1292 1667 1339 ayant
1708 1295 1791 1324 une
1826 1280 1954 1324 étude

822 1351 882 1391 lui
924 1354 1167 1400 rapportant
1200 1343 1527 1386 annuellement
1546 1340 1694 1390 40,000
1719 1339 1787 1385 fr.,
1811 1338 1951 1386 épou¬

819 1406 946 1446 serait
965 1400 1215 1444 demoiselle
1236 1406 1368 1451 ayant
1386 1397 1459 1436 dot
1478 1396 1529 1435 de
1550 1391 1726 1442 500,000
1747 1391 1804 1430 fr.

871 1487 963 1528 508.
983 1509 1033 1516 —
1053 1482 1320 1531 Célibataire,
1339 1480 1389 1520 29
1411 1490 1502 1528 ans,
1536 1477 1783 1528 protestant,
1822 1472 1956 1519 ayant

819 1553 904 1583 une
924 1538 1151 1586 industrie,
1183 1536 1354 1576 fortune
1375 1545 1427 1574 en
1452 1530 1686 1584 propriétés
1706 1523 1856 1574 20,000
1879 1522 1952 1569 fr.,

818 1594 1059 1647 épouserait
1082 1588 1331 1631 demoiselle
1352 1588 1404 1627 de
1425 1587 1569 1625 même
1590 1580 1789 1628 religion,
1824 1580 1957 1627 ayant

820 1650 871 1689 de
895 1648 942 1688 10
963 1648 987 1687 à
1012 1645 1156 1695 12,000
1179 1644 1232 1683 fr.

874 1731 963 1771 515.
982 1751 1032 1759 —
1052 1726 1322 1772 Célibataire,
1344 1723 1394 1762 35
1415 1731 1506 1768 ans,
1530 1719 1663 1768 ayant
1684 1724 1766 1754 une
1788 1711 1954 1751 maison

821 1783 1021 1824 meublée
1069 1786 1109 1821 et
1143 1778 1383 1830 liquoriste,
1427 1768 1668 1823 épouserait
1707 1763 1956 1807 demoiselle

823 1838 1046 1889 possédant
1067 1836 1118 1874 de
1139 1834 1160 1872 3
1187 1836 1210 1871 à
1231 1828 1354 1878 4,000
1377 1828 1430 1866 fr.

874 1926 963 1965 520.
1024 1944 1074 1952 —
1130 1916 1402 1966 Célibataire,
1443 1914 1494 1952 22
1535 1923 1640 1960 ans,
1687 1908 1860 1949 fortune
1905 1915 1958 1944 en

819 1978 1051 2030 propriétés
1088 1972 1263 2022 200,000
1286 1971 1358 2019 fr.,
1400 1967 1536 2007 désire
1574 1967 1755 2016 épouser
1794 1956 1958 2000 demoi¬

819 2031 922 2072 selle
940 2035 1071 2082 ayant
1098 2026 1268 2076 100,000
1295 2024 1350 2063 fr.

874 2115 967 2154 525.
991 2134 1040 2140 —
1070 2107 1339 2155 Célibataire,
1377 2104 1424 2144 34
1442 2114 1534 2150 ans,
1568 2098 1757 2146 caissier,
1774 2096 1894 2147 3,000
1907 2096 1956 2145 f.,

819 2167 1237 2219 d’appointements,
1284 2155 1528 2210 épouserait
1567 2151 1816 2194 demoiselle
1855 2161 1956 2191 avec

823 2220 972 2271 50,000
994 2218 1051 2258 fr.

876 2303 967 2344 526.
1019 2323 1067 2329 —
1117 2295 1392 2346 Célibataire,
1442 2306 1597 2348 garçon
1644 2294 1696 2332 de
1746 2288 1955 2339 magasin,

823 2358 872 2398 33
895 2367 986 2404 ans,
1012 2354 1087 2394 150
1108 2352 1159 2392 fr.
1199 2363 1276 2403 par
1315 2350 1440 2399 mois,
1482 2347 1726 2400 épouserait
1763 2343 1958 2384 ouvrière

823 2421 921 2460 sage
941 2412 1073 2460 ayant
1088 2417 1164 2447 son
1186 2404 1402 2445 mobilier.

878 2487 968 2527 530.
1027 2507 1076 2512 —
1130 2482 1362 2532 Ingénieur
1399 2478 1667 2520 mécanicien
1691 2510 1700 2526 ,
1752 2478 1800 2516 35
1850 2486 1955 2521 ans,

823 2546 954 2592 ayant
990 2538 1102 2579 belle
1140 2535 1346 2576 situation
1371 2566 1379 2582 ,
1435 2532 1652 2584 plusieurs
1700 2532 1868 2571 brevets
1905 2527 1957 2565 de

823 2598 994 2645 rapport
1030 2596 1071 2631 et
1107 2588 1296 2629 d’avenir
1338 2587 1631 2628 considérable
1655 2616 1664 2635 ,
1715 2579 1959 2635 épouserait

823 2644 1072 2687 demoiselle
1090 2655 1191 2683 avec
1212 2642 1331 2683 avoir
1349 2642 1400 2682 de
1421 2641 1570 2690 50,000
1590 2640 1643 2678 fr.

879 2731 971 2771 535.
995 2752 1043 2759 —
1090 2727 1201 2769 Veuf
1224 2758 1232 2776 ,
1272 2727 1323 2767 52
1358 2737 1435 2766 ans
1459 2756 1468 2774 ,
1507 2723 1651 2774 12,000
1672 2722 1744 2770 fr.,
1779 2718 1959 2771 pension

826 2786 902 2827 600
935 2784 1012 2831 fr.,
1063 2794 1198 2834 gagne
1242 2782 1263 2820 5
1308 2779 1362 2819 fr.
1415 2790 1487 2829 par
1534 2778 1632 2828 jour
1655 2806 1666 2826 ,
1718 2770 1960 2824 épouserait

828 2850 963 2880 veuve
983 2847 1082 2878 sans
1100 2835 1269 2876 enfants
1286 2844 1387 2874 avec
1407 2832 1539 2872 avoir.

879 2922 970 2962 536.
1011 2943 1057 2949 —
1106 2916 1267 2959 Ancien
1299 2914 1527 2967 capitaine,
1560 2912 1608 2952 53
1649 2922 1739 2959 ans,
1784 2906 1962 2959 pension

827 2976 903 3016 550
925 2975 994 3024 fr.,
1034 2983 1168 3023 gagne
1204 2971 1280 3012 700
1303 2969 1375 3019 fr.,
1416 2963 1656 3019 épouserait
1695 2960 1824 3015 petite
1864 2970 1963 2999 ren¬

824 3030 927 3071 tière
953 3038 1048 3068 sans
1068 3026 1251 3067 enfants.

2079 602 2171 644 599.
2194 624 2246 632 —
2267 599 2434 640 Officier
2455 610 2507 638 en
2539 595 2726 643 activité,
2766 594 2815 634 36
2855 603 2946 640 ans,
2990 591 3162 630 fortune

2026 654 2293 708 personnelle
2331 653 2480 700 30,000
2519 651 2592 701 fr.,
2632 647 2876 701 épouserait
2910 643 3163 686 demoiselle

2026 710 2246 762 ayanbdot
2263 708 2314 748 de
2336 706 2486 756 80,000
2509 704 2559 743 fr.

2080 799 2170 840 601.
2196 821 2246 828 —
2271 796 2539 843 Célibataire,
2562 795 2610 833 38
2630 805 2719 842 ans,
2758 798 2890 843 ayant
2927 787 3162 842 profession

2026 853 2128 893 d’un
2153 856 2325 904 rapport
2345 847 2507 891 annuel
2546 847 2596 887 de
2636 847 2757 894 5,000
2798 846 2869 896 fr.,
2906 846 3079 884 fortune
3111 842 3163 880 de

2027 906 2172 954 35,000
2194 907 2264 955 fr.,
2287 900 2528 955 épouserait
2547 898 2796 939 demoiselle
2819 910 2920 939 avec
2936 896 3084 947 40,000
3108 895 3159 934 fr.

3289 594 3644 689 (Maisons
3701 587 4314 677 (Recommandées

3254 760 3875 952 LlTCHI
3914 810 4151 948 NO
4190 812 4355 945 IS

2083 1075 2216 1116 Nous
2261 1071 2480 1114 donnons
2530 1067 2796 1111 ci-dessous
2841 1063 3064 1108 l’adresse
3105 1063 3163 1107 de

2027 1135 2138 1176 MM.
2182 1131 2250 1174 les
2284 1130 2492 1173 notaires
2526 1127 2582 1170 de
2617 1126 2663 1169 la
2692 1123 2798 1168 ville
2824 1123 2880 1166 de
2911 1122 3159 1178 Marseille,

2028 1192 2107 1248 qui
2139 1202 2312 1247 pourra
2343 1191 2440 1232 être
2471 1186 2583 1230 utile
2612 1196 2731 1242 pour
2759 1182 2826 1226 les
2859 1183 3071 1224 contrats
3105 1182 3160 1223 de

2027 1250 2243 1304 mariage
2265 1263 2274 1291 :

2083 1349 2179 1388 MM.
2215 1347 2421 1396 Sabatier,
2443 1356 2520 1387 rue
2542 1343 2726 1394 Paradis,
2756 1342 2815 1381 17.

2216 1402 2438 1454 ltaynaud,
2462 1411 2538 1439 rue
2559 1396 2744 1443 Paradis,
2766 1395 2834 1435 24.

2214 1455 2392 1504 Gaudet,
2415 1464 2491 1494 rue
2515 1452 2697 1499 Paradis,
2720 1450 2787 1490 46.

2215 1507 2414 1560 Gasquet,
2435 1518 2512 1547 rue
2528 1504 2715 1552 Paradis,
2739 1504 2804 1543 57.

2213 1562 2415 1611 Ferraud,
2438 1571 2514 1599 rue
2534 1557 2719 1604 Paradis,
2744 1557 2809 1596 59.

2215 1616 2368 1663 Brezet,
2394 1626 2467 1654 rue
2491 1611 2674 1661 Paradis,
2699 1611 2764 1651 68.

2215 1670 2265 1708 de
2289 1669 2428 1719 Laget,
2450 1678 2526 1705 rue
2548 1663 2870 1708 Saint-Ferréol,
2895 1663 2934 1702 7.

2216 1720 2488 1770 Delanglade,
2511 1730 2587 1758 rue
2606 1715 2932 1763 Saint-Ferréol,
2958 1714 3026 1754 29.

2216 1775 2360 1823 Benet,
2382 1784 2458 1812 rue
2479 1769 2801 1818 Saint-Ferréol,
2826 1769 2890 1808 30.

2216 1826 2462 1880 Provençal,
2484 1837 2559 1866 rue
2580 1821 2908 1872 Saint-Ferréol,
2934 1821 3002 1863 50.

2215 1880 2439 1931 Bouteille,
2462 1892 2536 1920 rue
2556 1876 2879 1927 Saint-Ferréol,
2907 1876 2971 1916 52.

2216 1936 2454 1985 Estrangin,
2478 1947 2552 1974 rue
2574 1931 2899 1978 Saint-Ferréol,
2923 1930 2988 1968 54.

2218 1991 2420 2038 Jourdan,
2440 1999 2516 2026 rue
2537 1984 2860 2030 Saint-Ferréol,
2883 1982 2948 2022 59.

2216 2044 2374 2095 Sayou,
2396 2035 2820 2087 ruejSaint-Ferréol,
2845 2034 2908 2073 78.

2218 2096 2378 2140 Perrin,
2400 2104 2476 2132 rue
2498 2088 2763 2139 Montgrand,
2787 2087 2854 2127 38.

2219 2144 2554 2195 Taxil-Fortoul,
2578 2156 2652 2184 rue
2676 2139 2939 2192 Montgrand,
2962 2138 3026 2180 48.

2216 2202 2362 2250 Alliés,
2386 2211 2464 2240 rue
2480 2196 2744 2247 Montgrand,
2766 2195 2832 2236 62.

2216 2258 2351 2304 Azaïs,
2378 2267 2452 2294 rue
2474 2254 2523 2292 de
2546 2252 2586 2290 la
2606 2251 2747 2297 Darse,
2771 2248 2807 2287 5.

2217 2311 2414 2359 Laugier,
2436 2318 2513 2346 rue
2533 2306 2586 2345 de
2606 2303 2648 2342 la
2667 2302 2808 2347 Darse,
2830 2298 2897 2339 29.

2218 2360 2444 2414 Raynaud,
2468 2371 2542 2398 rue
2563 2354 2764 2399 Noailles,
2788 2355 2828 2392 7.

2218 2412 2440 2460 Dessuard,
2463 2423 2540 2451 rue
2559 2406 2762 2453 Noailles,
2791 2404 2851 2444 18.

2222 2468 2412 2516 Laugier,
2436 2476 2511 2503 rue
2531 2459 2804 2504 Cannebière,
2831 2459 2868 2497 5.

2217 2518 2448 2566 Decormis,
2472 2529 2547 2556 rue
2567 2515 2771 2563 Grignan,
2795 2511 2861 2552 56.

2220 2574 2343 2622 Latil,
2367 2583 2443 2612 rue
2463 2570 2621 2615 Sainte,
2651 2567 2683 2606 1.

2219 2626 2414 2674 Giraudi,
2436 2634 2562 2664 cours
2578 2618 2867 2666 Saint-Louis,
2891 2616 2930 2658 3.

2219 2680 2362 2728 Blanc,
2382 2688 2458 2716 rue
2479 2676 2529 2715 de
2553 2672 2728 2720 l’Arbre,
2751 2671 2791 2711 9.

2222 2731 2444 2778 Roubaud,
2468 2740 2544 2768 rue
2564 2728 2616 2767 de
2636 2725 2679 2765 la
2699 2722 2987 2776 République,
3011 2722 3075 2762 15.

2220 2786 2368 2835 Gavot,
2394 2794 2468 2823 rue
2490 2782 2544 2820 du
2568 2782 2756 2828 Bausset,
2780 2778 2818 2818 4.

2142 2963 2296 3037 LE
2364 2955 3064 3032 PRINTEMPS

3387 980 3695 1033 CHAPEAUX
3729 981 3801 1029 EN
3835 982 3977 1031 TOUS
4011 978 4225 1029 GENRES

3263 1063 3542 1106 COIFFURES
3579 1059 3710 1101 POUR
3755 1058 4034 1101 MESSIEURS
4075 1057 4142 1100 ET
4179 1055 4348 1097 DAMES

3545 1141 3819 1178 FRAICHEURS,
3851 1140 3928 1167 BON
3959 1140 4066 1169 GOUT

3327 1206 3476 1245 Haute
3498 1204 3760 1244 Nouveauté
3783 1199 3835 1240 de
3856 1199 4000 1252 forme
4007 1191 4015 1248 ,
4041 1191 4263 1251 Élègance
4269 1228 4278 1247 t

3667 1264 3945 1320 Originalité

3532 1338 3751 1381 Spécialité
3774 1339 3823 1372 de
3847 1338 3888 1370 la
3912 1335 4071 1368 Maison

3238 1398 3422 1444 Coiffures
3443 1400 3568 1446 riches
3590 1398 3812 1445 d’intérieur
3831 1400 3871 1443 et
3891 1398 3938 1444 de
3956 1396 4102 1443 Bureau
4132 1404 4268 1451 (Dernières
4280 1406 4369 1452 M.>des)

3644 1471 3746 1510 Prix
3774 1469 3971 1510 Modérés

3312 1535 3434 1583 26,
3478 1536 3639 1575 Rue
3686 1536 4156 1580 Cannebière,
4194 1531 4296 1572 26

3237 1660 3480 1774 ARMES
3529 1656 3612 1773 DE
3667 1655 3930 1769 CHÂSSE
3975 1659 4062 1766 ET
4119 1659 4206 1769 DE
4245 1655 4372 1768 TIR

3354 1813 3656 1876 Réparations,
3698 1842 3707 1871 (
3707 1799 3951 1872 Échanges,
3978 1808 4248 1870 Nettoyages

3242 1911 3784 1977 BERNARD
3838 1924 3950 1963 rue
3975 1904 4259 1967 Paradis,
4294 1907 4370 1956 32

3291 2060 3634 2158 Entreprise
3681 2059 3750 2134 de
3791 2058 4320 2156 Déménagements

3426 2175 3538 2215 Pour
3567 2187 3618 2215 la
3647 2175 3810 2214 France
3842 2186 3891 2212 et
3921 2173 4184 2212 l’Etranger

3376 2263 3619 2307 PRIX
3694 2247 4235 2307 MODÉRÉS

3782 2346 3851 2371 LES

3560 2383 3845 2461 Déménapuses
3882 2380 4067 2448 Favorites

3835 2484 3880 2588 &
3919 2483 3954 2589 C
3957 2487 3987 2529 ie

3308 2346 3451 2371 Cadres

3363 2395 3399 2423 et

3291 2450 3482 2476 WAGONS

3282 2498 3482 2538 capitonnés

3252 2564 3336 2598 pour
3360 2556 3510 2591 Meubles

3303 2622 3466 2662 précieux

4112 2411 4355 2440 ASSURANCES

4174 2463 4294 2494 contre

4144 2512 4326 2547 l’Incendio

4222 2566 4252 2593 et

3582 2619 3670 2650 Maison
3695 2618 3872 2659 complètement
3896 2627 3924 2648 en
3950 2618 4034 2651 dehors

3696 2667 3724 2699 de
3744 2671 3793 2699 tout
3811 2667 3926 2707 Monopole

3347 2742 3455 2788 Bourse
3473 2742 3843 2792 Immobilière.—Vente
3864 2746 3892 2792 et
3909 2743 4034 2792 location
4054 2742 4254 2791 d’immeubles

3465 2824 3474 2867 -
3487 2823 3575 2867 Rue
3590 2823 3801 2877 Pavillon,
3818 2827 3857 2878 4,
3871 2838 3924 2870 au
3938 2827 4128 2882 Magasin
4137 2851 4189 2856 —

3606 2985 3727 3040 V
3736 2988 4179 3047 eirdro

878 3112 968 3153 537.
1001 3132 1052 3141 —
1099 3107 1350 3149 Célibataire
1387 3103 1552 3150 établi,
1599 3101 1648 3141 35
1687 3110 1796 3144 ans,
1851 3095 1959 3135 beau

824 3164 1018 3217 magasin
1040 3196 1050 3214 ,
1085 3163 1257 3203 fortune
1289 3159 1440 3203 20,000
1473 3157 1544 3203 fr.,
1596 3150 1842 3203 épouserait
1888 3148 1964 3188 de¬

824 3219 1020 3260 moiselle
1040 3228 1093 3258 en
1115 3219 1285 3267 rapport
1306 3212 1424 3263 d’âge
1446 3218 1486 3250 et
1508 3206 1686 3248 d’avoir.

879 3310 971 3350 538.
992 3328 1044 3336 —
1082 3303 1350 3351 Célibataire,
1388 3299 1440 3339 26
1463 3308 1555 3344 ans,
1598 3295 1892 3344 commerçant
1912 3299 1962 3329 en

826 3374 954 3414 gros,
1011 3357 1251 3410 épouserait
1289 3350 1540 3395 demoiselle
1583 3345 1785 3388 instruite
1832 3347 1967 3395 ayant

830 3415 976 3468 12.000
1000 3413 1052 3454 fr.

884 3509 1032 3551 549.—
1052 3502 1319 3548 Célibataire,
1344 3500 1394 3540 26
1415 3510 1506 3547 ans,
1529 3496 1700 3535 fortune
1722 3494 1871 3533 25.000
1894 3492 1964 3539 fr.,

827 3563 1077 3614 espérances
1109 3555 1266 3596 60.000
1288 3554 1359 3603 fr.,
1396 3552 1703 3602 commerçant,
1725 3544 1967 3596 épouserait

828 3611 1078 3658 demoiselle
1108 3610 1423 3661 commerçante
1446 3608 1576 3658 ayant
1608 3601 1754 3643 15.000
1778 3600 1828 3640 fr.

884 3703 975 3745 552.
1000 3725 1048 3732 —
1079 3700 1239 3740 Ancien
1259 3696 1487 3749 capitaine,
1511 3693 1632 3734 4.200
1655 3692 1707 3731 fr.
1732 3690 1782 3731 de
1804 3694 1962 3740 rentes,

830 3759 880 3799 56
918 3768 1009 3805 ans,
1050 3752 1288 3806 épouserait
1328 3761 1462 3791 veuve
1502 3759 1600 3788 sans
1638 3746 1821 3795 enfants,
1862 3755 1965 3784 avec

831 3812 950 3854 avoir
970 3817 1010 3851 et
1030 3808 1130 3850 bien
1151 3807 1311 3849 élevée.

887 3900 978 3943 553.
1003 3922 1052 3931 —
1090 3897 1215 3947 Veuf,
1238 3896 1287 3936 65
1308 3906 1398 3943 ans,
1420 3891 1685 3943 agriculteur
1705 3891 1756 3930 de
1783 3887 1968 3940 premier

834 3957 968 4004 ordre,
990 3954 1162 3994 fortune
1183 3950 1332 3990 60.000
1354 3948 1423 3996 fr.,
1447 3944 1690 3996 épouserait
1710 3954 1844 3982 veuve
1866 3942 1970 3991 âgée

834 4011 884 4050 de
907 4008 1003 4059 plus
1024 4006 1074 4045 de
1095 4006 1144 4044 50
1166 4014 1256 4051 ans,
1271 4006 1410 4051 .ayant
1429 3998 1551 4038 2.000
1577 3996 1630 4036 fr.
1662 3996 1714 4034 de
1736 3998 1891 4040 rentes,
1915 4003 1968 4030 ou

835 4074 970 4103 veuve
1007 4062 1139 4111 ayant
1174 4056 1225 4097 de
1256 4052 1439 4106 grandes
1467 4048 1715 4102 propriétés,
1739 4047 1883 4086 même
1918 4054 1972 4084 en

836 4115 1029 4167 Afrique.

889 4210 1039 4250 558.—
1057 4203 1324 4252 Célibataire,
1344 4200 1395 4240 32
1416 4210 1507 4248 ans,
1518 4200 1650 4248 ayant
1673 4192 1906 4247 profession
1923 4191 1974 4232 li¬

836 4263 979 4304 bérale
1002 4263 1082 4300 très
1101 4258 1324 4304 lucrative,
1348 4255 1520 4294 fortune
1542 4249 1776 4298 50.000fr.,
1799 4249 1974 4299 épouse¬

840 4316 920 4356 rait
935 4311 1187 4355 demoiselle
1208 4312 1339 4362 ayant
1359 4308 1431 4347 dot
1454 4304 1624 4346 100.000
1646 4303 1700 4343 fr.

895 4398 987 4439 562.
1013 4418 1060 4424 —
1098 4391 1366 4439 Célibataire,
1388 4388 1439 4428 40
1459 4398 1550 4436 ans,
1574 4390 1706 4436 ayant
1739 4383 1977 4432 profession

843 4451 1022 4494 libérale
1043 4448 1124 4487 très
1144 4443 1370 4488 lucrative,
1387 4440 1630 4491 épouserait
1651 4434 1900 4475 demoiselle
1924 4444 1977 4474 en

840 4507 1013 4558 rapport
1033 4502 1168 4551 d’âge,
1190 4500 1321 4547 ayant
1344 4493 1519 4534 100.000
1539 4491 1592 4531 fr.

897 4600 988 4644 568.
1013 4620 1063 4627 —
1084 4594 1251 4639 Prince,
1271 4587 1364 4631 seul
1386 4584 1644 4628 descendant
1662 4583 1790 4625 d’une
1812 4579 1979 4623 famille

843 4662 975 4710 ayant
1004 4653 1247 4700 longtemps
1284 4644 1411 4692 régné
1450 4654 1524 4682 sur
1566 4651 1648 4680 une
1687 4640 1760 4680 des
1799 4636 1980 4688 grandes

843 4710 1093 4763 puissances
1123 4702 1176 4742 de
1205 4698 1414 4746 l’Europe,
1450 4695 1552 4735 allié
1584 4706 1668 4734 aux
1701 4692 1880 4743 grandes
1912 4691 1979 4731 fa¬

847 4763 990 4805 milles
1036 4756 1267 4810 princières
1323 4749 1570 4800 d’Espagne,
1611 4747 1900 4798 d’Angleterre
1942 4749 1982 4785 et

844 4816 1079 4863 d'ailleurs,
1102 4812 1179 4863 âgé
1199 4809 1251 4850 de
1271 4805 1321 4846 30
1342 4814 1435 4853 ans,
1456 4800 1696 4852 épouserait
1728 4800 1851 4840 riche
1880 4799 1980 4850 plé¬

846 4871 1047 4914 béienne.

899 4962 991 5003 580.
1016 4980 1064 4987 —
1095 4951 1289 4995 Boucher
1326 4944 1475 4993 établi,
1518 4943 1567 4984 39
1610 4952 1700 4990 ans,
1743 4938 1984 4990 épouserait

845 5010 1096 5057 demoiselle
1113 5020 1168 5049 ou
1190 5015 1328 5048 veuve
1348 4998 1576 5055 possédant
1596 4995 1717 5047 8,000
1739 4992 1791 5034 fr.

901 5104 991 5145 581.
1018 5124 1067 5131 —
1096 5096 1303 5144 Boucher,
1347 5091 1587 5132 richement
1615 5083 1762 5131 établi,
1804 5083 1854 5123 27
1892 5092 1983 5131 ans,

847 5158 916 5199 fils
936 5155 1115 5208 unique,
1140 5155 1308 5204 parents
1338 5146 1492 5194 riches,
1534 5138 1778 5194 épouserait
1809 5135 1983 5176 demoi¬

847 5210 950 5251 selle
972 5210 1071 5250 bien
1092 5207 1252 5255 élevée,
1278 5200 1500 5255 possédant
1522 5195 1666 5247 10,000
1686 5194 1736 5234 fr.

904 5298 994 5338 587.
1026 5319 1076 5326 —
1114 5294 1239 5342 Veuf,
1282 5294 1330 5332 37
1375 5301 1467 5339 ans,
1508 5288 1683 5328 fortune
1724 5280 1870 5330 18,000
1911 5279 1984 5328 fr.,

850 5355 981 5403 ayant
1000 5359 1239 5391 commerce
1259 5346 1470 5398 prospère,
1494 5344 1664 5391 rapport
1702 5336 1755 5376 de
1785 5334 1908 5375 6.000
1930 5331 1984 5372 fr.

850 5415 926 5455 par
946 5414 1014 5451 an,
1035 5400 1276 5452 épouserait
1295 5410 1427 5439 veuve
1451 5395 1551 5436 bien
1566 5392 1729 5443 élevée,
1746 5399 1847 5430 avec
1868 5386 1988 5427 avoir

849 5459 900 5498 de
920 5455 1068 5505 20,000
1089 5454 1248 5494 francs.

904 5538 996 5579 586.
1019 5559 1071 5566 —
1098 5535 1264 5576 Officier
1291 5536 1343 5575 de
1370 5534 1560 5582 l’armée,
1600 5530 1679 5581 âgé
1717 5527 1768 5568 de
1808 5527 1859 5567 30
1892 5535 1987 5571 ans,

850 5590 1091 5643 épouserait
1111 5587 1360 5628 demoiselle
1390 5598 1443 5627 en
1475 5588 1646 5637 rapport
1680 5583 1816 5632 d’âge,
1855 5582 1991 5630 ayant

852 5643 1031 5694 150.000
1053 5642 1211 5681 francs.

907 5726 998 5767 594.
1023 5747 1074 5752 —
1094 5722 1359 5770 Célibataire,
1380 5723 1431 5762 28
1451 5735 1543 5774 ans,
1566 5722 1738 5762 fortune
1758 5718 1907 5769 20,000
1932 5715 1986 5756 fr.

852 5784 986 5835 ayant
1003 5787 1243 5818 commerce
1264 5775 1368 5814 d’un
1387 5782 1554 5825 rapport
1575 5775 1735 5815 annuel
1768 5774 1822 5812 de
1862 5770 1989 5822 4,000

854 5838 925 5886 fr.,
948 5832 1047 5886 plus
1079 5840 1163 5870 une
1202 5834 1322 5867 autre
1362 5827 1526 5868 maison
1564 5839 1618 5868 en
1656 5826 1891 5878 Amérique
1923 5823 1987 5864 lui

854 5890 1101 5942 rapportant
1127 5882 1240 5932 1,500
1263 5882 1332 5931 fr.,
1356 5882 1595 5931 épouserait
1612 5880 1864 5922 demoiselle
1886 5889 1988 5919 avec

858 5946 930 5984 dot
950 5943 1002 5982 de
1025 5936 1174 5987 20,000
1198 5935 1354 5974 francs.

912 6031 1002 6072 596.
1027 6051 1078 6058 —
1096 6022 1364 6070 Célibataire,
1387 6019 1436 6063 54
1458 6031 1547 6067 ans,
1571 6020 1740 6061 fortune
1763 6022 1910 6071 60,000
1931 6020 1986 6059 fr.

857 6081 1100 6138 épouserait
1146 6074 1399 6118 demoiselle
1446 6086 1502 6112 ou
1548 6086 1714 6123 veuve,
1766 6074 1992 6123 possédant

859 6138 1007 6190 30.000
1027 6135 1187 6175 francs.

2197 3159 2275 3199 Les
2295 3159 2430 3198 beaux
2449 3154 2567 3208 jours
2587 3166 2630 3194 se
2651 3151 2895 3198 succèdent,

2198 3212 2252 3252 Le
2275 3211 2430 3251 monde
2451 3220 2503 3249 en
2523 3214 2584 3249 est
2606 3206 2766 3248 témoin
2785 3219 2794 3255 ;

2201 3267 2230 3306 A
2251 3264 2419 3316 l’espoir
2437 3263 2499 3304 les
2519 3273 2657 3304 cœurs
2678 3260 2830 3302 cèdent
2855 3274 2863 3302 :

2199 3320 2252 3360 La
2275 3320 2511 3372 printemps
2531 3318 2635 3358 n’est
2658 3328 2730 3368 pas
2751 3315 2855 3356 loin.

2198 3378 2260 3415 Au
2283 3374 2388 3424 bois,
2410 3374 2451 3414 le
2472 3371 2604 3412 merle
2625 3371 2779 3411 chante

2199 3429 2250 3467 Sa
2270 3426 2446 3466 roulade
2468 3424 2698 3463 touchante
2723 3435 2732 3462 :

2199 3480 2320 3520 Voici
2343 3478 2478 3522 venir,
2500 3476 2611 3516 voici
2634 3475 2752 3514 venir

2200 3534 2276 3574 Les
2294 3532 2438 3582 fleurs,
2459 3530 2644 3571 l’amour
2665 3532 2704 3568 et
2723 3527 2763 3568 le
2786 3523 2948 3579 plaisir.

2199 3618 2302 3670 Déjà
2323 3617 2383 3659 les
2403 3615 2659 3668 primevères

2199 3672 2431 3714 Emaillent
2449 3670 2512 3711 les
2530 3680 2700 3720 gazons,

2200 3730 2275 3768 Les
2295 3737 2491 3767 mamans
2510 3747 2560 3752 —
2583 3722 2723 3762 moins
2743 3720 2925 3764 sévères,

2199 3782 2309 3823 Vont
2329 3780 2479 3821 ouvrir
2498 3778 2561 3818 les
2580 3777 2770 3815 maisons
2790 3783 2800 3819 ;

2199 3836 2291 3875 Aux
2311 3835 2475 3884 Pâques
2495 3831 2572 3880 qui
2592 3840 2635 3866 se
2656 3827 2804 3872 fêtent,

2201 3890 2278 3927 Les
2298 3887 2450 3936 jeunes
2470 3890 2572 3931 gens
2592 3878 2783 3927 répètent
2806 3888 2816 3915 :

2203 3939 2323 3979 Voici
2346 3935 2479 3981 venir,
2504 3930 2616 3970 voici
2636 3928 2758 3970 venir

2203 3992 2282 4030 Les
2299 3989 2446 4034 fleurs,
2473 3984 2655 4023 l’amour
2674 3986 2715 4019 et
2736 3980 2775 4019 le
2796 3978 2962 4028 plaisir.

2205 4072 2263 4112 De
2283 4070 2388 4119 loin,
2407 4080 2481 4110 sur
2502 4064 2666 4107 l’herbe
2686 4062 2850 4111 tendre,

2206 4127 2260 4167 Le
2282 4123 2461 4176 paisible
2482 4119 2655 4171 grillon,

2205 4180 2270 4221 Au
2290 4178 2413 4220 soleil
2435 4177 2513 4217 fait
2533 4172 2735 4215 entendre

2206 4235 2288 4274 Son
2308 4232 2426 4282 léger
2446 4228 2643 4271 carillon.

2207 4286 2395 4327 Roulant
2411 4294 2487 4323 son
2509 4281 2618 4320 onde
2639 4291 2763 4331 pure,

2209 4340 2264 4378 Le
2286 4337 2388 4376 frais
2406 4335 2601 4375 ruisseau
2623 4340 2851 4372 murmure
2875 4342 2883 4368 :

2212 4390 2331 4431 Voici
2351 4389 2486 4437 venir,
2506 4387 2616 4427 voici
2639 4384 2760 4425 venir

2212 4444 2288 4485 Les
2306 4443 2450 4492 fleurs,
2474 4440 2655 4480 l’amour
2676 4442 2718 4478 et
2736 4437 2774 4478 le
2795 4432 2955 4487 plaisir.

2211 4530 2275 4571 Au
2298 4528 2475 4579 bosquet
2495 4524 2700 4571 solitaire,

2211 4584 2364 4624 Courez
2385 4582 2536 4634 jeunes
2557 4582 2740 4630 amants,

2214 4643 2246 4676 A
2268 4637 2446 4677 l’ombre
2468 4635 2524 4675 du
2544 4634 2734 4686 mystère

2213 4691 2391 4742 Répéter
2414 4699 2486 4728 vos
2506 4692 2729 4728 serments.

2214 4746 2320 4786 Sous
2341 4743 2400 4783 les
2419 4742 2575 4791 arbres,
2598 4740 2639 4780 la
2660 4740 2772 4781 brise

2216 4800 2329 4840 Vous
2348 4797 2497 4839 souille
2518 4806 2619 4834 avec
2637 4794 2799 4845 reprise
2819 4807 2828 4834 :

2215 4852 2334 4896 Voici
2355 4852 2490 4899 venir,
2513 4847 2624 4888 voici
2644 4847 2767 4887 venir

2214 4910 2292 4950 Les
2311 4908 2452 4956 fleurs,
2475 4903 2661 4943 l'amour
2679 4907 2720 4941 et
2742 4900 2780 4940 le
2801 4898 2964 4951 plaisir.

2935 4975 2983 5016 N.
3008 4974 3055 5014 V.

2111 5160 2302 5216 L’Office
2332 5157 2569 5200 Mondonet
2588 5161 2648 5196 est
2676 5160 2832 5198 ouvert
2852 5160 2949 5196 tous
2976 5155 3038 5196 les
3056 5155 3195 5207 jours

2059 5219 2114 5258 de
2130 5219 2161 5258 2
2180 5217 2339 5256 heures
2358 5216 2384 5255 à
2407 5214 2434 5252 8
2454 5208 2611 5252 heures
2630 5212 2692 5250 du
2721 5212 2813 5251 soir
2839 5214 2879 5250 et
2916 5212 2979 5250 les
3013 5210 3194 5249 diman¬

2060 5272 2158 5312 ches
2178 5274 2216 5310 et
2236 5270 2346 5324 fêtes
2366 5268 2419 5307 de
2443 5267 2467 5307 9
2488 5262 2644 5306 heures
2664 5266 2690 5303 à
2711 5263 2843 5302 midi.

2119 5441 2530 5517 THÉÂTRES
2585 5449 2680 5512 ET
2735 5443 3138 5510 CONCERTS

2367 5607 2548 5643 Palais
2559 5623 2574 5633 -
2583 5606 2650 5639 «le
2659 5622 2675 5631 -
2687 5602 2891 5639 Cristal

2119 5691 2192 5731 Les
2211 5690 2363 5731 débuts
2382 5688 2432 5727 de
2451 5686 2502 5726 M.
2524 5685 2643 5726 Jules
2663 5681 2854 5728 Hervier,
2878 5677 3082 5728 comique
3123 5678 3198 5716 des

2066 5744 2316 5795 principaux
2335 5744 2527 5784 concerts
2547 5740 2598 5778 de
2621 5735 2736 5777 Paris
2756 5739 2797 5775 et
2817 5734 2868 5774 de
2891 5732 2988 5772 Mlle
3022 5731 3198 5771 Denan-

2063 5810 2158 5850 cey,
2180 5798 2414 5838 chanteuse
2434 5792 2650 5844 comique,
2674 5795 2746 5828 ont
2768 5788 2868 5828 bien
2902 5786 2980 5826 fait
3002 5795 3194 5835 augurer

2063 5852 2115 5892 de
2134 5851 2229 5892 leur
2250 5851 2395 5892 talent.
2435 5848 2511 5887 Les
2547 5842 2729 5896 grandes
2756 5839 3004 5882 attractions
3020 5839 3077 5879 du
3100 5836 3201 5890 jour

2063 5910 2158 5948 sont
2174 5918 2182 5946 :
2200 5904 2240 5944 la
2264 5911 2408 5955 troupe
2428 5900 2571 5943 Flora-
2584 5896 2811 5938 Hoffmann
2832 5900 2874 5934 et
2894 5905 2958 5935 ses
2976 5892 3196 5944 tableaux,

2064 5962 2125 6002 les
2143 5955 2517 6010 Harvy-Armand,
2558 5948 2856 5991 excentricités
2890 5947 3120 5999 anglaises,
3162 5948 3200 5987 le

2064 6018 2210 6068 cirque
2250 6011 2498 6059 miniature,
2540 6003 2734 6059 présenté
2772 6012 2847 6053 par
2886 6002 2956 6042 M““
2996 6000 3199 6042 Marvelle

2062 6069 2210 6110 Peat’s.
2232 6067 2446 6105 Immense
2466 6061 2615 6104 succès
2633 6057 2707 6096 des
2725 6062 2875 6108 quatre
2903 6054 3202 6107 inséparables

2064 6118 2399 6164 Minnie-Darvie
2418 6118 2523 6159 dans
2542 6115 2658 6155 leurs
2675 6108 2828 6152 danses
2843 6110 3071 6160 anglaises.

3244 3089 3485 3197 UNE
3572 3089 3909 3198 JOLIE
4000 3090 4373 3199 VILLA

3500 3224 3566 3267 Au
3599 3227 4116 3271 VALLON-RE-L’ORIOL

3242 3316 3304 3356 Au
3327 3316 3707 3356 rez-de-chaussée
3738 3330 3746 3356 :
3778 3318 3959 3363 cuisine,
4003 3315 4139 3362 salon,
4182 3314 4287 3352 salle
4328 3313 4379 3352 de

3295 3370 3434 3415 bains,
3464 3371 3592 3416 petite
3624 3370 3828 3407 chambre
3847 3370 3899 3406 de
3919 3368 4135 3414 débarras,
4159 3365 4274 3406 belle
4296 3371 4380 3406 ter¬

3296 3431 3408 3459 rasse
3430 3426 3470 3458 et
3491 3418 3640 3458 lavoir.

3244 3483 3307 3524 Au
3329 3482 3515 3535 premier
3536 3496 3544 3524 :
3571 3483 3671 3524 trois
3690 3483 3870 3536 grandes
3890 3483 4118 3528 chambres
4144 3492 4184 3527 et
4205 3487 4378 3528 cabinet

3296 3551 3319 3578 a
3358 3539 3465 3587 côté,
3495 3538 3738 3590 poulailler,
3783 3539 3991 3590 lapinière
4024 3547 4065 3580 et
4106 3542 4294 3588 latrines,
4327 3552 4379 3581 en

3298 3592 3387 3631 face
3426 3592 3527 3630 trois
3565 3592 3702 3630 beaux
3742 3592 3866 3639 petits
3900 3592 4064 3640 jardins
4112 3592 4382 3638 complamés

3299 3643 3483 3683 d’arbres
3502 3642 3692 3682 fruitiers
3712 3648 3751 3682 et
3774 3640 3948 3690 treilles,
3970 3642 4102 3694 prises
4122 3642 4379 3694 d’arrosage.

3475 3734 3656 3775 F*x»ix
3694 3742 3703 3776 :
3751 3732 4022 3783 14,000
4054 3735 4142 3775 fr».

3486 3858 3572 3901 -A.
3619 3858 4140 3903 VENDRE

3255 3942 3806 4013 PETITE
3903 3943 4378 4018 VILLA

3568 4043 3632 4085 Au
3663 4043 4063 4087 Vallon-de-l’Oriol

3480 4118 3679 4158 Prix
3711 4131 3723 4158 :
3758 4119 4020 4167 7,000
4058 4123 4156 4163 fr».

3446 4279 3535 4350 A
3594 4280 4179 4355 VENDRE

3255 4381 3560 4440 Une
3617 4393 4392 4453 campagne

3506 4487 3555 4549 A
3606 4486 4145 4557 SAINT-MARCEL

3361 4579 3658 4624 Ancienne
3708 4582 3959 4638 fabrique
4009 4586 4077 4627 de
4130 4584 4292 4626 tuiles

3566 4671 3671 4712 JOLI
3703 4671 3855 4712 POINT
3884 4672 3949 4711 DE
3980 4672 4079 4711 VUE

3263 4750 3464 4792 Très
3512 4751 3668 4788 Don
3718 4761 3926 4800 pour»
3979 4748 4052 4788 la
4107 4747 4396 4792 chasse

3359 4831 3766 4879 CONTENANCE
3800 4842 3809 4870 :
3846 4831 4014 4879 2-500
4046 4823 4292 4882 MÈTRES

3266 4916 3371 4968 Près
3394 4914 3432 4967 le
3453 4914 3641 4968 château
3663 4914 3715 4969 de
3740 4914 3796 4968 M.
3824 4914 3862 4970 le
3892 4918 4081 4987 marquis
4120 4918 4172 4971 de
4204 4914 4399 4970 Coriolis

3578 5096 3637 5165 A
3684 5092 4075 5166 VENDRE

3266 5211 3490 5260 Jolie
3512 5210 3747 5255 "Villa,
3775 5208 3825 5252 à
3853 5206 3936 5249 la.
3966 5201 4397 5255 Comaiolae

3319 5292 3473 5332 Portail
3496 5296 3535 5330 et
3557 5290 3680 5339 grille
3712 5299 3763 5327 en
3796 5286 3860 5327 fer
3890 5286 4020 5340 forgé,
4055 5290 4246 5331 donnant
4279 5286 4402 5327 accès

3268 5357 3322 5384 au
3341 5343 3486 5395 jardin
3507 5342 3650 5392 planté
3662 5340 3714 5379 de
3731 5350 3824 5390 gros
3839 5343 3980 5384 arbres
3999 5344 4191 5384 formant
4211 5350 4394 5388 avenue,

3267 5410 3322 5439 au
3344 5395 3497 5436 milieu
3516 5394 3576 5445 jet
3596 5393 3719 5433 d’eau
3736 5407 3744 5443 ;
3771 5395 3794 5435 à
3814 5394 3962 5446 droite,
3988 5408 4047 5436 un
4067 5396 4177 5434 beau
4219 5390 4398 5440 pigeon¬

3268 5451 3363 5492 nier
3383 5455 3422 5492 et
3442 5447 3650 5499 lapinière
3668 5460 3676 5498 ;
3699 5447 3806 5491 dans
3829 5463 3911 5491 une
3940 5459 4044 5490 cour
4063 5444 4398 5499 indépendante,

3269 5495 3415 5556 grand'
3441 5499 3668 5551 poulailler
3707 5510 3746 5544 et
3783 5504 3986 5556 greniers.
4022 5496 4266 5539 Habitation
4302 5515 4311 5543 :
4344 5514 4399 5542 au

3270 5554 3640 5599 rez-de-chaussée
3680 5570 3764 5598 une
3804 5552 3960 5606 grande
4000 5550 4182 5603 cuisine,
4207 5566 4290 5594 une
4319 5554 4402 5595 dé¬

3272 5620 3411 5660 pense,
3435 5620 3520 5651 une
3540 5616 3715 5659 cavette,
3736 5619 3822 5648 une
3844 5605 3972 5655 petite
3991 5603 4108 5652 pièce
4131 5618 4237 5658 pour
4254 5608 4393 5656 bains,

3273 5674 3332 5703 un
3349 5663 3559 5705 vestibule
3580 5662 3835 5704 conduisant
3868 5668 3923 5695 au
3956 5656 4074 5698 salon
4111 5672 4212 5702 avec
4234 5660 4403 5701 chemi-

3271 5716 3427 5760 minée.
3468 5719 3531 5759 Au
3571 5715 3768 5768 premier,
3791 5710 3903 5749 deux
3932 5712 4111 5759 grandes
4142 5715 4280 5766 pièces
4302 5726 4399 5765 per¬

3271 5773 3366 5813 cées
3384 5773 3435 5812 de
3456 5774 3555 5822 cinq
3576 5768 3771 5811 fenêtres,
3803 5775 3887 5804 une
3922 5763 4124 5808 chambre
4160 5768 4212 5808 de
4247 5768 4404 5814 bonne,

3274 5827 3310 5868 le
3335 5831 3426 5867 tout
3459 5835 3509 5864 en
3543 5818 3695 5870 parfait
3734 5819 3832 5857 état.
3875 5816 4064 5870 Terrain,
4107 5822 4287 5862 environ
4328 5818 4407 5855 220

3272 5883 3442 5925 mètres,
3483 5870 3638 5923 grande
3686 5871 3928 5925 vérandha,
3976 5876 4138 5916 citerne
4184 5879 4223 5910 et
4270 5870 4404 5919 prises

3272 5935 3504 5976 d’arrosage
3522 5925 3578 5964 du
3602 5923 3738 5964 canal.
3759 5948 3810 5955 —
3831 5927 3924 5968 Prix
3948 5931 3956 5968 :
3985 5923 4163 5976 15,000
4188 5923 4241 5963 fr.

3916 6028 3966 6061 Le
3987 6023 4123 6066 gérant
4144 6032 4155 6054 :
4178 6023 4324 6059 Bonal.

3274 6111 3386 6152 Impi\
3403 6110 3562 6152 spéciale
3586 6113 3636 6147 du
3652 6114 3746 6147 Lien
3775 6114 3830 6146 du
3846 6108 4034 6148 Mariage,
4047 6107 4098 6150 11,
4112 6119 4178 6143 rue
4190 6110 4235 6144 de
4254 6111 4290 6143 la
4304 6110 4410 6143 Paix.

4440 6971 4447 6979 .
4471 6933 4497 6969 I*
