4720 7064
551 427 609 474 N°
633 426 679 474 6.
706 454 765 460 —
803 426 1060 472 Deuxième
1098 424 1281 472 Année.

1897 420 2249 474 Edition
2290 424 2771 475 Mensuelle

3502 430 3631 478 Mois

3670 446 3728 479 de
3756 434 3870 481 Juin
3894 431 4016 480 1891

483 680 854 1209 LE
1027 682 1782 1213 lIH
1956 685 2374 1199 II
2548 688 4038 1221 MARIAGE

962 1292 1615 1386 DÉLICATESSE,
1676 1293 2384 1383 HONORABILITÉ,
2442 1296 2840 1368 PROBITÉ
2896 1312 2952 1368 L
3008 1302 3560 1376 DISCRÉTION

558 1554 660 1603 lO
691 1546 936 1600 Cent,
966 1546 1010 1599 le
1035 1546 1258 1600 Numéro

1847 1545 2143 1596 OFFICE
2199 1546 2672 1598 MONDONET

3264 1556 3368 1604 ÎO
3403 1558 3648 1611 Cent,
3679 1557 3723 1610 le
3751 1557 3974 1611 Numéro

524 1659 643 1692 Envoi
663 1658 779 1698 gratis
796 1659 885 1692 hors
903 1659 939 1692 la
959 1660 1054 1694 Ville
1075 1663 1111 1694 et
1132 1660 1152 1691 à
1172 1658 1331 1691 l’Etran¬

481 1710 545 1739 ger
583 1702 604 1731 à
634 1703 738 1734 toute
775 1711 960 1743 personne
998 1703 1062 1743 qui
1106 1711 1152 1733 en
1196 1700 1263 1731 fait
1294 1699 1331 1730 la

479 1741 662 1774 demande
682 1751 747 1785 par
767 1744 874 1776 lettre
899 1743 1111 1780 affranchie,
1139 1744 1174 1771 et
1202 1741 1328 1771 franco

478 1791 567 1814 sous
587 1787 790 1828 enveloppe
810 1784 982 1818 cachetée
1002 1787 1130 1816 contre
1152 1780 1207 1812 30
1230 1783 1326 1812 cent,

480 1833 523 1856 en
547 1825 714 1860 timbres.

1492 1635 1624 1683 47,
1674 1636 1835 1675 Fine
1878 1635 1970 1674 de
2013 1636 2079 1675 la
2123 1636 2356 1676 Darse
2395 1635 2486 1686 (au
2523 1635 2548 1674 l
2556 1642 2590 1662 or
2626 1646 2727 1675 sur
2762 1638 3024 1688 entresol)

2067 1718 2448 1762 MARSEILLE

1440 1796 1590 1835 Ouvert
1612 1798 1702 1832 tous
1720 1791 1775 1834 les
1786 1795 1906 1844 jours
1921 1794 1967 1834 de
1982 1796 2008 1835 2
2023 1792 2062 1834 h.
2082 1794 2105 1834 à
2122 1795 2146 1834 8
2162 1791 2198 1833 h.
2219 1795 2272 1835 du
2286 1796 2386 1844 soir,
2406 1799 2443 1835 et
2463 1793 2496 1836 le
2514 1794 2730 1836 dimanche
2751 1795 2796 1836 de
2818 1796 2840 1836 0
2863 1792 2900 1835 h.
2927 1793 2951 1834 à
2976 1796 3077 1835 midi

3230 1675 3412 1719 Mariages
3426 1678 3546 1712 riches
3560 1690 3652 1722 pour
3668 1684 3791 1716 toutes
3808 1683 3861 1716 les
3880 1684 4047 1718 fortunes

3141 1717 3144 1758 !
3188 1719 3225 1748 et
3254 1720 3380 1751 toutes
3410 1720 3463 1752 les
3496 1723 3692 1762 positions.
3726 1724 3775 1756 La
3814 1727 3959 1759 maison
3998 1735 4043 1759 ne

3142 1761 3143 1790 !
3187 1758 3356 1800 s’occupe
3373 1770 3443 1802 que
3464 1762 3530 1795 des
3546 1764 3683 1798 unions
3703 1767 3886 1805 possibles
3903 1771 3939 1800 et
3955 1776 4043 1800 sans

3140 1806 3144 1840 (
3186 1799 3306 1832 tâche.

559 2187 743 2231 Notre
768 2188 876 2231 but
904 2190 1000 2231 est
1028 2186 1539 2230 essentiellement

482 2259 686 2307 moral,
723 2258 980 2300 honnête
1007 2259 1066 2300 et
1091 2254 1614 2311 philanthropique

542 2407 671 2447 Dans
699 2408 831 2451 notre
851 2407 915 2450 fin
942 2407 999 2450 de
1035 2406 1174 2450 siècle
1215 2408 1275 2451 où
1299 2409 1399 2451 tout
1422 2406 1614 2451 marche

483 2476 511 2518 à
547 2475 591 2519 la
614 2489 807 2536 vapeur,
831 2481 877 2520 et
911 2478 971 2521 où
1006 2476 1052 2522 la
1083 2479 1256 2524 société
1279 2479 1344 2523 vit
1381 2479 1502 2522 dans
1522 2491 1615 2522 une

483 2550 671 2592 activité
694 2550 948 2594 dévorante
974 2563 983 2605 ;
1014 2551 1078 2595 les
1099 2550 1267 2608 jeunes
1287 2562 1407 2604 gens
1427 2550 1612 2592 sérieux

484 2620 562 2675 qui
583 2619 839 2663 cherchent
860 2622 886 2665 à
908 2635 959 2667 se
974 2624 1103 2667 créer
1127 2634 1215 2666 une
1239 2620 1442 2678 position
1464 2632 1614 2665 avan¬

483 2693 679 2744 tageuse
703 2694 846 2749 parle
869 2695 1052 2744 travail,
1077 2694 1239 2736 vivant
1262 2695 1383 2738 dans
1411 2692 1476 2736 les
1500 2695 1614 2748 pré¬

483 2764 791 2819 occupations
812 2766 1086 2807 constantes
1120 2763 1231 2808 d’un
1262 2765 1425 2808 labeur
1447 2764 1614 2808 ardent

484 2846 602 2890 pour
623 2834 800 2875 arriver
820 2834 847 2875 à
866 2835 987 2879 cette
1007 2835 1087 2888 fin,
1126 2836 1371 2891 négligent
1403 2835 1468 2879 les
1491 2836 1611 2879 rela¬

483 2904 607 2946 tions
644 2903 843 2948 sociales
879 2907 957 2962 qui
999 2907 1272 2963 pourraient
1308 2907 1375 2950 les
1415 2918 1612 2963 pousser

483 2984 589 3015 vers
611 2971 653 3016 le
694 2978 926 3031 mariage.
963 2980 1189 3034 Lorsque,
1214 2978 1355 3027 enfin,
1380 2979 1561 3020 arrivés
1583 2978 1612 3019 à

482 3046 633 3090 trente
659 3058 718 3091 ou
747 3051 980 3104 quarante
1003 3061 1106 3102 ans,
1131 3048 1187 3091 ils
1215 3050 1298 3092 ont
1319 3047 1484 3103 acquis
1520 3059 1612 3090 une

483 3118 686 3170 position
726 3120 804 3172 qui
828 3119 927 3160 leur
960 3120 1140 3175 permet
1168 3118 1224 3162 de
1263 3119 1468 3175 respirer
1488 3120 1534 3162 et
1556 3118 1612 3162 de

483 3186 710 3238 regarder
749 3188 775 3228 à
816 3187 916 3230 leur
966 3190 1136 3232 entour
1182 3203 1301 3248 pour
1356 3190 1614 3247 compléter

482 3254 579 3300 leur
620 3256 824 3302 carrière
852 3270 938 3315 par
978 3272 1038 3302 un
1082 3261 1314 3316 mariage,
1339 3262 1395 3305 ils
1424 3264 1615 3305 sentent

482 3328 522 3374 le
550 3328 655 3375 vide
674 3335 845 3375 autour
864 3331 890 3374 d
911 3343 1002 3376 eux
1031 3335 1076 3376 et
1095 3334 1202 3376 sont
1226 3345 1343 3391 pour
1373 3333 1492 3378 ainsi
1514 3334 1614 3378 dire

480 3402 771 3448 désorientés
793 3419 850 3448 ne
872 3410 1096 3451 trouvant
1115 3420 1347 3466 personne
1366 3408 1423 3454 de
1444 3422 1615 3455 conve¬

479 3470 617 3514 nable
649 3472 770 3516 dans
792 3475 832 3518 le
866 3479 1014 3520 cercle
1036 3480 1119 3522 des
1153 3481 1380 3524 relations
1405 3483 1464 3525 où
1489 3483 1545 3525 ils
1566 3496 1616 3526 se

479 3544 586 3587 sont
606 3555 711 3589 mus
731 3543 1035 3604 jusqu’alors.

536 3624 746 3669 Souvent
784 3626 1092 3684 découragés,
1149 3628 1206 3675 ils
1262 3629 1478 3676 finissent
1528 3643 1615 3691 par

479 3703 706 3735 renoncer
728 3708 788 3736 au
828 3699 1042 3749 mariage
1062 3702 1100 3740 si
1131 3712 1222 3743 une
1255 3703 1386 3743 main
1411 3704 1536 3746 amie
1558 3716 1616 3746 ne

479 3759 607 3802 vient
639 3760 707 3804 les
726 3763 857 3806 aider
877 3767 922 3808 et
959 3766 1027 3810 les
1046 3767 1215 3822 guider
1247 3768 1368 3812 dans
1403 3770 1444 3814 le
1478 3772 1616 3815 choix

480 3828 619 3876 d’une
639 3844 907 3894 compagne
928 3839 1006 3896 qui
1030 3839 1126 3884 doit
1147 3843 1372 3899 partager
1395 3840 1495 3888 leur
1520 3843 1608 3896 vie,

485 3902 611 3950 leurs
627 3906 747 3965 joies
764 3914 808 3955 et
830 3911 956 3957 leurs
975 3914 1150 3971 peines.

544 3986 666 4030 C’est
692 3988 733 4032 le
772 3990 856 4032 but
885 4003 976 4045 que
1007 3992 1119 4035 s’est
1154 3996 1356 4049 proposé
1404 3995 1444 4039 le
1491 3996 1617 4039 Lien

486 4055 555 4099 du
593 4058 831 4115 Mariage
864 4074 873 4099 :
909 4061 1019 4103 Etre
1046 4060 1190 4108 l’ami,
1214 4062 1255 4104 le
1272 4063 1414 4115 guide
1443 4067 1490 4106 et
1508 4064 1614 4106 l’in¬

487 4128 699 4171 dicateur
736 4128 819 4170 des
860 4128 1030 4171 unions
1068 4130 1299 4174 honnêtes
1332 4133 1376 4174 et
1399 4131 1614 4175 honora¬

484 4198 599 4239 bles.
628 4198 774 4241 Notre
795 4199 878 4242 but
895 4203 966 4243 est
999 4200 1396 4246 essentiellement
1419 4202 1615 4259 philan¬

483 4266 735 4326 thropique
760 4274 807 4315 et
826 4272 1223 4318 essentiellement
1244 4274 1410 4319 moral.

541 4348 606 4391 La
646 4348 922 4406 population
958 4351 1134 4395 décroît
1168 4364 1308 4409 parce
1330 4366 1419 4411 que
1442 4354 1482 4399 le
1505 4368 1614 4399 ma¬

480 4419 612 4471 riage
634 4423 703 4462 est
720 4420 906 4474 négligé
924 4433 935 4474 ;
955 4427 1000 4465 et
1024 4423 1063 4467 le
1086 4426 1298 4481 mariage
1316 4428 1387 4470 est
1403 4427 1611 4483 négligé,

481 4498 622 4540 parce
644 4499 734 4543 que
759 4488 980 4535 l’homme
1000 4497 1213 4550 emporté
1248 4510 1334 4554 par
1355 4496 1395 4542 le
1418 4500 1615 4543 tourbil¬

480 4555 557 4600 lon
582 4557 663 4602 des
695 4559 903 4612 affaires,
930 4563 1005 4605 n’a
1026 4576 1110 4619 pas
1131 4564 1171 4607 le
1194 4568 1349 4622 temps
1369 4568 1425 4610 de
1443 4570 1612 4612 s’arrê¬

479 4631 548 4674 ter
568 4643 687 4687 pour
708 4632 948 4676 combiner
970 4636 1015 4677 et
1043 4634 1269 4679 chercher
1299 4636 1403 4681 telle
1424 4650 1482 4682 ou
1507 4639 1611 4683 telle

482 4703 628 4747 union
650 4704 727 4761 qui
754 4706 966 4763 pourrait
991 4705 1051 4750 lui
1076 4708 1316 4754 convenir.

537 4779 572 4818 Il
594 4779 671 4822 n'a
693 4796 780 4836 pas
801 4784 841 4827 le
863 4787 1018 4843 temps
1038 4790 1083 4830 et
1123 4799 1180 4831 ne
1203 4791 1313 4845 peut
1349 4802 1513 4847 passer
1530 4791 1612 4835 des

478 4847 598 4890 mois
618 4853 662 4890 et
683 4856 926 4905 peut-être
947 4857 1031 4902 des
1048 4860 1227 4904 années
1248 4862 1275 4904 à
1298 4862 1486 4907 décider
1508 4863 1611 4908 telle

479 4931 710 4978 personne
750 4922 776 4964 à
816 4926 1043 4980 partager
1074 4942 1126 4971 sa
1156 4931 1227 4975 vie
1251 4943 1262 4984 ;
1287 4931 1315 4974 il
1343 4947 1399 4978 ne
1419 4940 1611 4982 connaît

478 5005 564 5049 pas
586 4994 694 5038 bien
730 4992 774 5038 la
807 4994 1032 5039 situation
1068 4998 1124 5042 de
1163 5003 1283 5045 cette
1305 5015 1556 5060 personne,
1580 5007 1607 5051 il

475 5064 624 5111 hésite
658 5071 704 5112 et
739 5067 841 5112 finit
869 5079 954 5126 par
983 5080 1210 5116 renoncer
1234 5087 1294 5119 au
1331 5078 1544 5134 mariage
1564 5083 1610 5124 et

475 5142 526 5174 se
545 5134 760 5188 résigner
782 5142 808 5184 à
831 5142 959 5186 vivre
990 5139 1223 5187 d’amitiés
1244 5148 1546 5202 passagères.

534 5209 654 5252 Mais
675 5223 726 5255 ce
755 5220 832 5270 qui
871 5222 1026 5266 arrive
1048 5234 1167 5279 pour
1194 5220 1261 5267 les
1279 5220 1448 5279 jeunes
1470 5238 1604 5283 gens,

476 5283 630 5329 arrive
652 5282 759 5327 bien
782 5286 889 5342 plus
919 5303 1089 5340 encore
1107 5308 1227 5352 pour
1247 5295 1315 5342 les
1350 5311 1608 5358 personnes

475 5358 553 5412 qui
579 5360 723 5415 ayant
759 5356 831 5402 été
871 5360 1006 5403 unies
1042 5379 1134 5411 une
1163 5371 1394 5425 première
1431 5372 1519 5416 fois
1556 5387 1607 5418 se

475 5430 694 5476 trouvent
716 5432 817 5478 tout
838 5431 864 5475 à
887 5442 1006 5487 coup
1044 5434 1266 5486 désunies
1299 5455 1384 5500 par
1407 5442 1448 5487 le
1468 5444 1607 5488 décès

476 5495 532 5539 de
555 5500 679 5549 l'une
701 5506 876 5551 d’elles.

530 5572 682 5627 Après
710 5584 850 5628 s'être
882 5584 1151 5642 longtemps
1172 5584 1383 5634 abîmées
1406 5593 1527 5638 dans
1560 5594 1604 5638 la

470 5643 667 5688 douleur
693 5655 738 5692 et
771 5659 902 5701 avoir
936 5660 1055 5716 payé
1100 5670 1162 5702 un
1195 5654 1319 5714 juste
1363 5663 1507 5707 tribut
1550 5667 1603 5710 de

470 5714 643 5760 larmes
663 5718 690 5762 à
719 5719 900 5776 l’époux
935 5743 994 5775 ou
1019 5732 1046 5775 à
1076 5731 1281 5790 l’épouse
1306 5728 1522 5788 décédée,
1547 5736 1603 5779 ils

467 5791 654 5835 sentent
690 5790 795 5848 plus
817 5796 1052 5847 vivement
1089 5803 1129 5848 le
1150 5805 1255 5850 vide
1276 5803 1355 5863 qui
1387 5801 1496 5848 s’est
1518 5804 1602 5847 fait

467 5866 639 5910 autour
675 5864 736 5910 du
775 5867 1039 5927 survivant,
1083 5875 1138 5920 ils
1170 5882 1251 5923 ont
1290 5875 1452 5923 besoin
1490 5874 1601 5919 d’un

467 5947 599 5980 cœur
620 5940 712 5983 ami
751 5938 827 5996 qui
868 5936 935 5982 les
967 5947 1158 5991 console
1192 5963 1252 5994 ou
1288 5950 1355 5995 les
1388 5950 1596 6007 protège.

467 6001 530 6044 Us
550 6010 762 6063 aspirent
783 6012 809 6056 à
831 6012 951 6056 cette
978 6011 1049 6055 vie
1070 6016 1322 6074 tranquille
1339 6022 1536 6078 paisible
1556 6024 1602 6067 et

469 6073 722 6135 intérieure,
758 6086 872 6130 faite
902 6084 1179 6131 d’intimités
1199 6092 1245 6132 et
1263 6092 1322 6135 de
1344 6095 1599 6140 confiden¬

1686 1978 1764 2011 ces
1791 1979 1883 2024 que
1919 1966 1964 2010 la
1999 1968 2124 2011 mort
2160 1979 2188 2011 a
2226 1980 2438 2024 rompue.
2476 1969 2607 2011 Dans
2647 1979 2700 2010 ce
2737 1979 2820 2011 cas

1687 2039 1907 2084 l’homme
1948 2052 1975 2083 a
2023 2040 2186 2084 besoin
2227 2039 2366 2084 d’une
2407 2040 2529 2084 amie
2568 2039 2720 2098 pleine
2760 2039 2818 2082 de

1687 2112 1816 2155 soins
1844 2115 1888 2155 et
1916 2111 1972 2155 de
2003 2112 2342 2155 dévouements
2364 2122 2375 2164 ;
2396 2111 2439 2155 la
2459 2111 2596 2155 dame
2619 2110 2819 2155 cherche

1688 2194 1752 2223 un
1773 2182 1975 2234 soutien,
2002 2194 2063 2224 un
2091 2184 2355 2238 protecteur
2395 2184 2439 2224 et
2463 2195 2526 2225 un
2550 2183 2671 2226 aide.
2700 2183 2820 2227 Mais

1687 2252 1746 2295 où
1786 2254 1974 2296 trouver
1996 2252 2041 2296 la
2083 2264 2316 2308 personne
2351 2252 2429 2310 qui
2463 2252 2675 2296 réunisse
2711 2256 2819 2297 tous

1687 2322 1754 2369 les
1794 2323 2062 2370 désidérata
2082 2324 2103 2368 ?
2124 2327 2190 2368 La
2210 2327 2331 2368 mort
2352 2324 2430 2382 qui
2454 2336 2480 2368 a
2502 2325 2540 2369 si
2575 2324 2819 2380 brusque¬

1688 2400 1816 2440 ment
1855 2398 2147 2452 interrompu
2189 2396 2230 2440 le
2263 2408 2402 2440 cours
2438 2396 2494 2442 de
2531 2400 2652 2443 cette
2688 2396 2819 2441 exis¬

1687 2470 1822 2511 tence
1839 2467 2003 2511 n’était
2024 2480 2112 2523 pas
2131 2468 2291 2511 entrée
2313 2467 2434 2511 dans
2451 2467 2519 2513 les
2550 2468 2728 2514 calculs
2762 2469 2820 2514 de

1687 2538 1731 2583 la
1754 2540 1824 2582 vie
1858 2550 2126 2583 commune.
2168 2539 2236 2583 Où
2274 2542 2463 2583 trouver
2502 2540 2546 2584 la
2584 2554 2819 2598 personne

1688 2610 1958 2655 réunissant
1978 2611 2044 2655 les
2066 2610 2331 2656 conditions
2354 2624 2470 2670 pour
2492 2626 2584 2658 une
2616 2615 2819 2660 seconde

1689 2683 1853 2727 union.

1751 2756 1810 2798 Le
1826 2754 2015 2811 journal
2045 2755 2086 2799 \e
2108 2754 2232 2798 Lien
2254 2754 2323 2798 du
2358 2755 2591 2815 Mariage
2632 2758 2747 2802 offre
2791 2760 2819 2803 à

1688 2828 1794 2868 tous
1816 2838 1906 2868 une
1942 2826 2168 2868 situation
2206 2827 2462 2871 semblable
2488 2831 2534 2872 et
2567 2828 2754 2886 lorsque
2775 2832 2818 2875 la

1686 2911 1918 2954 personne
1938 2897 2079 2954 qu'on
2119 2898 2271 2944 désire
2292 2912 2351 2944 ne
2387 2900 2455 2958 s’y
2474 2903 2638 2947 trouve
2660 2916 2764 2960 pas,
2791 2907 2818 2951 il

1684 2968 1762 3024 n'y
1779 2982 1805 3012 a
1820 2968 1928 3026 qu'a
1951 2969 2208 3015 s’adresser
2244 2972 2270 3016 à
2301 2973 2522 3018 l'Office
2555 2978 2820 3020 Mondonet

1686 3042 1763 3095 qui
1786 3052 1814 3083 a
1836 3054 1899 3083 un
1920 3042 2076 3096 grand
2100 3043 2295 3088 nombre
2315 3046 2372 3090 de
2402 3048 2720 3104 propositions
2739 3051 2816 3106 qui

1686 3123 1744 3156 ne
1763 3111 1970 3168 figurent
1992 3125 2078 3171 pas
2099 3114 2219 3158 dans
2242 3128 2319 3162 ces
2340 3118 2580 3163 colonnes.

1748 3192 1891 3235 Notre
1908 3190 2096 3247 journal
2135 3207 2160 3238 a
2184 3207 2302 3251 pour
2324 3196 2407 3240 but
2423 3196 2631 3243 d’ouvrir
2652 3198 2696 3243 la
2718 3200 2822 3244 voie

1686 3260 1943 3307 honorable
1977 3264 2034 3308 de
2070 3264 2115 3308 la
2150 3268 2325 3311 société
2362 3270 2389 3312 à
2432 3271 2559 3315 toute
2587 3283 2822 3327 personne

1687 3334 1763 3388 qui
1784 3346 1834 3378 se
1854 3336 2020 3380 trouve
2042 3336 2163 3382 dans
2183 3339 2374 3395 pareille
2394 3340 2639 3386 situation.

1773 3507 1915 3548 Rôle
1946 3508 2026 3551 du
2063 3527 2082 3548 «
2118 3510 2262 3555 Lien
2287 3512 2367 3556 du
2398 3513 2659 3571 Mariage
2695 3531 2715 3554 »

1747 3646 1880 3691 Nous
1901 3659 2163 3706 proposons
2199 3650 2266 3695 les
2307 3664 2567 3708 personnes
2587 3670 2702 3701 avec
2724 3658 2824 3701 leur

1690 3719 1916 3763 situation
1955 3719 2012 3766 de
2049 3722 2232 3766 fortune
2264 3726 2308 3766 et
2354 3723 2411 3766 de
2446 3726 2679 3780 moralité,
2704 3740 2823 3772 nous

1690 3787 1866 3832 faisons
1899 3791 1964 3835 les
2001 3793 2277 3850 demandes,
2307 3795 2583 3839 abouchons
2604 3798 2684 3842 Jes
2707 3810 2821 3855 per¬

1690 3873 1863 3906 sonnes
1902 3864 1947 3906 et
1986 3869 2192 3911 mettons
2222 3881 2278 3914 en
2302 3870 2526 3927 présence
2559 3868 2626 3914 les
2647 3870 2818 3915 futurs.

1688 3934 1820 3978 Nous
1840 3947 2047 3982 sommes
2069 3938 2136 3982 les
2171 3940 2548 3987 intermédiaires
2588 3942 2671 3987 des
2710 3955 2822 4002 pre¬

1691 4007 1860 4050 mières
1896 4011 2163 4063 entrevues,
2203 4011 2419 4068 toujours
2457 4016 2552 4059 très
2590 4019 2824 4071 gênantes

1690 4079 1734 4116 et
1772 4078 1866 4119 très
1887 4078 2109 4123 délicates
2132 4094 2249 4135 pour
2271 4083 2354 4126 des
2375 4095 2635 4138 personnes
2654 4088 2732 4142 qui
2769 4101 2819 4132 se

1690 4144 1846 4186 voient
1874 4158 1992 4199 pour
2014 4148 2058 4190 la
2099 4152 2330 4203 première
2368 4151 2468 4193 fois.
2503 4154 2635 4196 Nous
2668 4157 2819 4199 résol¬

1688 4224 1806 4256 vons
1851 4216 2019 4258 autant
2059 4228 2148 4272 que
2191 4219 2392 4274 possible
2451 4219 2518 4267 les
2570 4223 2821 4270 difficultés

1688 4287 1764 4344 qui
1789 4291 1993 4344 peuvent
2025 4302 2076 4332 se
2098 4290 2342 4346 présenter
2362 4294 2483 4339 dans
2519 4296 2563 4340 la
2592 4298 2818 4344 situation

1688 4357 1744 4402 de
1764 4359 1888 4404 l’une
1906 4359 2079 4406 d’elles.
2104 4363 2235 4408 Nous
2255 4377 2464 4412 sommes
2483 4367 2583 4414 leur
2607 4371 2822 4417 intermé¬

1687 4430 1834 4475 diaire
1863 4435 1908 4476 et
1948 4434 2047 4479 leur
2076 4438 2187 4479 ami.
2212 4439 2316 4494 Oui,
2342 4440 2442 4484 leur
2460 4443 2571 4496 ami,
2598 4456 2680 4487 car
2702 4458 2823 4491 nous

1687 4503 1995 4550 considérons
2015 4520 2199 4552 comme
2228 4511 2287 4554 tel
2326 4515 2458 4556 notre
2498 4515 2594 4558 rôle
2618 4528 2735 4572 pour
2756 4518 2823 4563 les

1687 4586 1946 4628 personnes
1976 4579 2054 4632 qui
2096 4591 2215 4622 nous
2251 4583 2483 4637 chargent
2522 4585 2580 4628 du
2622 4589 2726 4631 soin
2766 4592 2822 4635 de

1685 4644 1785 4688 leur
1807 4647 1968 4690 union.

1743 4718 1865 4762 Elles
1880 4723 2083 4776 peuvent
2096 4727 2308 4782 compter
2320 4740 2402 4772 sur
2415 4732 2548 4775 notre
2566 4731 2819 4776 discrétion

1684 4791 1894 4836 absolue.
1931 4793 2077 4839 Notre
2099 4795 2232 4842 office
2257 4803 2329 4843 est
2362 4814 2423 4844 un
2447 4803 2671 4846 tombeau
2700 4815 2820 4858 pour

1686 4861 1751 4907 les
1771 4866 1948 4908 secrets
1969 4866 2046 4923 qui
2071 4879 2192 4911 nous
2212 4875 2319 4915 sont
2342 4870 2530 4916 confiés.

1743 4945 1968 4999 Souvent,
2018 4950 2188 5000 même,
2232 4949 2274 4992 la
2307 4949 2535 5004 première
2572 4951 2819 5006 présenta¬

1684 5016 1781 5060 tion
1822 5030 1848 5060 a
1886 5016 1976 5061 lieu
2004 5030 2118 5061 sans
2148 5018 2414 5074 qu'aucune
2451 5019 2535 5064 des
2556 5020 2675 5066 deux
2714 5037 2819 5080 par¬

1683 5088 1770 5131 ties
1790 5089 2040 5132 connaisse
2062 5088 2103 5131 le
2127 5101 2237 5132 nom
2271 5090 2328 5134 de
2366 5091 2533 5139 l’autre
2554 5098 2598 5138 et
2619 5107 2739 5139 nous
2759 5110 2816 5140 ne

1683 5156 1748 5201 les
1770 5159 1948 5200 faisons
1967 5162 2212 5205 connaître
2238 5174 2328 5219 que
2355 5178 2436 5208 sur
2455 5165 2555 5208 leur
2576 5166 2806 5208 autorisa¬

1683 5229 1779 5274 tion
1802 5242 2040 5288 expresse.

1738 5312 1813 5355 Un
1830 5306 2018 5366 journal
2038 5323 2157 5367 pour
2172 5312 2411 5365 mariages
2428 5310 2549 5355 dans
2562 5323 2654 5355 une
2670 5314 2814 5369 petite

1680 5381 1785 5425 ville
1804 5383 1863 5424 où
1886 5384 1987 5423 tout
2007 5382 2046 5423 le
2074 5381 2244 5424 monde
2271 5394 2320 5423 se
2339 5384 2531 5427 connaît
2552 5384 2596 5427 et
2619 5388 2812 5428 connaît

1679 5451 1723 5495 la
1746 5451 1971 5495 situation
1992 5450 2048 5492 de
2070 5462 2156 5494 son
2195 5451 2363 5506 voisin,
2390 5453 2592 5499 n’aurait
2630 5467 2716 5510 pas
2755 5456 2811 5500 de

1679 5523 1836 5566 raison
1867 5520 2028 5576 d’être,
2052 5522 2175 5566 mais
2195 5522 2316 5566 dans
2352 5538 2444 5568 une
2484 5524 2666 5580 grande
2687 5525 2808 5580 ville,

1677 5604 1860 5637 comme
1895 5593 1938 5637 la
1976 5597 2124 5650 nôtre,
2163 5595 2224 5638 où
2261 5594 2445 5640 chacun
2487 5608 2630 5653 pense
2673 5599 2700 5639 à
2735 5609 2811 5642 ses

1676 5664 1868 5710 affaires
1888 5668 1934 5710 et
1963 5679 2056 5711 non
2079 5667 2106 5710 à
2122 5665 2259 5710 celles
2278 5667 2332 5710 de
2355 5680 2431 5712 ses
2451 5668 2628 5711 voisins
2651 5679 2662 5722 ;
2686 5670 2731 5712 et
2750 5671 2808 5714 où

1676 5738 1784 5781 bien
1806 5741 2006 5782 souvent
2027 5738 2092 5783 les
2115 5738 2359 5783 habitants
2380 5739 2436 5783 de
2456 5737 2500 5782 la
2524 5740 2677 5783 même
2695 5741 2809 5784 mai¬

1675 5820 1761 5852 son
1784 5822 1842 5852 ne
1875 5822 1924 5852 se
1960 5810 2266 5855 connaissent
2303 5823 2391 5866 pas
2408 5811 2539 5854 entre
2555 5822 2660 5864 eux,
2687 5811 2715 5854 il
2739 5814 2808 5856 est

1674 5879 1940 5923 nécessaire
1982 5883 2091 5926 d’un
2144 5883 2238 5926 ami
2284 5879 2494 5938 général,
2548 5879 2660 5924 d’un
2713 5883 2804 5927 ami

1674 5958 1896 5991 commun
1920 5954 1996 6006 qui
2020 5958 2262 6010 groupant
2303 5954 2420 5996 dans
2442 5963 2506 5996 un
2546 5955 2682 5996 vaste
2716 5966 2807 5997 en¬

1674 6019 1868 6072 semble,
1891 6019 1958 6064 les
1995 6024 2138 6070 offres
2175 6028 2219 6070 et
2259 6025 2326 6068 les
2366 6022 2643 6078 demandes,
2670 6035 2807 6068 com¬

1674 6094 1781 6138 bine
1802 6091 1864 6135 lui
1903 6097 2057 6139 même
2078 6095 2146 6139 les
2179 6095 2450 6150 situations,
2476 6094 2544 6140 les
2574 6099 2707 6151 âges,
2739 6096 2807 6140 les

2893 1970 3052 2022 goûts,
3092 1966 3160 2011 les
3195 1966 3388 2022 figures,
3447 1968 3515 2012 les
3566 1971 3782 2015 fortunes
3819 1976 3868 2018 et
3915 1975 4042 2020 fasse

2895 2039 2955 2081 lui
2995 2043 3150 2083 même
3174 2039 3240 2083 les
3262 2039 3583 2096 propositions
3618 2041 3683 2086 les
3724 2043 3831 2099 plus
3875 2050 4036 2090 socia¬

2892 2108 3010 2152 bles.

2951 2179 3032 2223 Cet
3054 2180 3147 2223 ami
3171 2192 3413 2234 commun,
3438 2181 3552 2227 c’est
3575 2182 3740 2227 l’office
3760 2187 4036 2242 Mondonet,

2892 2250 2966 2304 47,
2989 2263 3073 2295 rue
3101 2251 3157 2294 de
3178 2250 3222 2294 la
3243 2253 3407 2306 Darse,
3430 2252 3543 2298 c’est
3576 2254 3616 2299 le
3634 2252 3823 2311 journal
3847 2256 3887 2302 le
3911 2258 4036 2302 Lien

2892 2322 2962 2365 du
2991 2322 3228 2382 Mariage
3251 2323 3328 2380 qui
3356 2324 3426 2366 est
3447 2336 3534 2367 son
3556 2326 3819 2372 auxiliaire.

2951 2405 3164 2447 Pendant
3187 2406 3459 2462 longtemps
3481 2406 3510 2448 il
3551 2419 3576 2450 a
3617 2408 3764 2451 existé
3802 2423 3894 2455 une
3931 2412 4038 2468 pré¬

2893 2475 3084 2520 vention
3106 2476 3202 2519 très
3230 2478 3459 2534 marquée
3493 2480 3656 2522 contre
3683 2478 3752 2523 les
3791 2482 4036 2535 mariages

2894 2548 2986 2591 dits
3000 2547 3058 2593 de
3080 2546 3388 2606 proposition,
3414 2560 3474 2591 on
3500 2550 3678 2595 voulait
3699 2563 3750 2595 se
3775 2554 4037 2609 persuader

2895 2619 3006 2676 qu’il
3038 2633 3096 2664 ne
3128 2621 3322 2676 pouvait
3342 2620 3482 2664 sortir
3502 2620 3584 2664 des
3603 2635 3812 2678 agences
3840 2637 3931 2682 que
3954 2626 4039 2670 des

2895 2691 3134 2746 mariages
3155 2691 3437 2748 disparates.

2951 2776 3022 2818 En
3046 2776 3147 2819 face
3170 2775 3252 2819 des
3283 2776 3508 2821 résultats
3547 2778 3811 2824 contraires
3831 2780 4036 2826 obtenus

2896 2858 2980 2903 par
3035 2859 3112 2891 ces
3178 2847 3407 2904 bureaux,
3450 2862 3510 2892 on
3570 2852 3642 2895 est
3682 2852 3798 2895 sorti
3828 2853 4032 2910 complè¬

2895 2920 3071 2963 tement
3111 2919 3167 2963 de
3207 2923 3328 2964 cette
3379 2922 3675 2976 prévention.
3718 2922 3932 2970 L’estime
3973 2925 4035 2969 du

2895 2989 3052 3046 public
3071 2994 3143 3034 est
3164 2991 3465 3036 absolument
3479 2994 3673 3051 acquise
3694 3006 3792 3039 aux
3810 3008 4036 3052 agences,

2896 3074 3014 3118 pour
3035 3062 3078 3106 la
3101 3063 3258 3106 raison
3290 3063 3398 3107 bien
3432 3064 3618 3123 simple,
3644 3078 3735 3122 que
3756 3067 3823 3111 les
3846 3068 4038 3111 affaires

2895 3133 3087 3178 traitées
3108 3146 3195 3191 par
3230 3134 3355 3189 elles,
3384 3134 3424 3179 le
3463 3139 3572 3179 sont
3594 3138 3700 3194 plus
3738 3139 4038 3195 rapidement

2896 3208 2940 3250 et
2980 3206 3085 3263 plus
3124 3208 3383 3259 sûrement,
3408 3208 3453 3250 et
3492 3219 3552 3251 on
3596 3211 3707 3264 peut
3743 3208 3844 3255 dire
3880 3224 3971 3268 que
3995 3211 4036 3255 le

2897 3276 3003 3335 plus
3022 3279 3174 3334 grand
3215 3279 3412 3323 nombre
3454 3278 3535 3323 des
3560 3280 3831 3337 -mariages,
3882 3287 4035 3327 même

2896 3350 3067 3403 riches,
3087 3354 3167 3395 ont
3190 3351 3262 3394 été
3279 3351 3383 3407 plus
3404 3363 3462 3395 ou
3484 3352 3638 3396 moins
3659 3354 3750 3397 mis
3771 3367 3854 3399 sur
3872 3354 3918 3399 la
3934 3355 4036 3400 voie

2899 3434 2983 3479 par
3004 3434 3091 3467 nos
3119 3434 3340 3478 agences.
3376 3423 3508 3467 Nous
3529 3435 3651 3468 nous
3668 3423 3956 3470 efforcerons
3978 3426 4036 3471 de

2897 3495 3090 3540 mériter
3110 3498 3231 3540 cette
3251 3496 3419 3541 estime
3438 3495 3502 3539 du
3526 3495 3683 3554 public
3702 3510 3763 3541 en
3778 3501 4037 3555 apportant

2898 3567 3019 3612 dans
3067 3568 3111 3611 la
3167 3568 3439 3611 conclusion
3482 3567 3564 3611 des
3612 3568 3803 3614 affaires
3843 3570 3887 3614 la
3928 3570 4036 3626 plus

2896 3638 3079 3694 grande
3115 3638 3410 3692 délicatesse,
3435 3638 3479 3680 la
3514 3638 3619 3695 plus
3640 3639 3824 3692 grande
3846 3640 4031 3697 probité

2896 3712 2943 3752 et
2963 3709 3008 3752 la
3030 3710 3283 3752 discrétion
3304 3710 3348 3752 la
3379 3710 3483 3764 plus
3504 3708 3715 3754 absolue.

2955 3792 3042 3835 Les
3093 3791 3245 3834 beaux
3295 3791 3519 3834 résultats
3578 3804 3667 3848 que
3721 3804 3843 3837 nous
3880 3807 4031 3840 avons

2895 3862 3095 3906 obtenus
3152 3873 3274 3904 nous
3306 3864 3550 3917 engagent
3586 3863 3614 3907 à
3648 3863 3872 3919 persister
3912 3866 4035 3910 dans

2896 3935 3016 3979 cette
3050 3934 3171 3988 voie,
3206 3935 3428 3991 espérant
3468 3946 3559 3991 que
3591 3934 3634 3979 le
3664 3934 3822 3992 public
3854 3936 4035 3982 voudra

2896 4007 3005 4051 bien
3027 4019 3148 4051 nous
3168 4007 3416 4051 continuer
3437 4018 3514 4050 ses
3535 4007 3724 4051 faveurs
3762 4010 3808 4051 et
3827 4020 3879 4051 sa
3911 4020 4032 4052 con¬

2896 4078 3067 4122 fiance.

2955 4164 3018 4207 Le
3050 4163 3176 4206 Lien
3219 4163 3287 4206 du
3322 4163 3559 4221 Mariage
3591 4166 3662 4207 est
3701 4163 3742 4207 le
3772 4164 3884 4208 trait
3928 4166 4035 4211 d’u¬

2895 4232 3006 4275 nion
3046 4232 3129 4276 des
3160 4232 3379 4286 familles,
3402 4246 3496 4276 non
3533 4235 3796 4279 seulement
3819 4236 3876 4281 de
3896 4240 4034 4283 notre

2894 4302 3015 4359 ville,
3042 4303 3163 4346 mais
3195 4315 3365 4348 encore
3403 4303 3487 4348 des
3511 4306 3796 4366 principales
3818 4308 3952 4352 villes
3974 4310 4031 4354 de

2894 4376 3075 4420 France
3109 4378 3154 4422 et
3188 4375 3246 4420 de
3287 4375 3543 4434 l’étranger
3579 4380 3639 4423 où
3674 4382 3808 4425 notre
3847 4379 3982 4426 office
4003 4394 4031 4424 a

2896 4447 2979 4493 des
3014 4448 3414 4506 correspondants
3444 4450 3656 4495 discrets.
3683 4452 3815 4496 Nous
3840 4454 4035 4510 présen¬

2898 4523 3004 4565 tons
3024 4521 3146 4564 donc
3168 4533 3259 4564 aux
3286 4523 3422 4578 pères
3450 4522 3506 4566 de
3524 4522 3700 4566 famille
3729 4524 3952 4567 soucieux
3975 4523 4032 4566 de

2896 4591 3091 4635 l’avenir
3111 4592 3168 4635 de
3194 4592 3319 4635 leurs
3339 4592 3527 4636 enfants
3550 4596 3656 4638 tous
3678 4594 3742 4636 les
3764 4595 4029 4647 avantages

2896 4661 3034 4717 qu’ils
3055 4674 3114 4704 ne
3135 4663 3382 4706 sauraient
3408 4666 3599 4707 trouver
3624 4663 3722 4707 s’ils
3760 4667 3867 4707 sont
3891 4663 4034 4707 livrés

2896 4732 2923 4775 à
2944 4735 3232 4775 eux-mêmes
3254 4736 3300 4777 et
3323 4733 3444 4778 dans
3466 4734 3507 4778 le
3527 4732 3675 4778 cercle
3696 4732 3754 4776 de
3774 4732 3900 4779 leurs
3920 4747 4031 4778 con¬

2893 4803 3172 4847 naissances
3191 4815 3203 4859 ;
3238 4818 3296 4848 en
3319 4806 3442 4859 effet,
3472 4803 3927 4860 indépendamment
3947 4806 4031 4850 des

2894 4876 3159 4922 références
3180 4878 3431 4933 certaines,
3460 4877 3515 4919 ils
3550 4878 3632 4919 ont
3654 4875 3695 4919 le
3715 4875 3852 4920 choix
3876 4878 4027 4934 parmi

2892 4950 2934 4994 le
2956 4951 3110 5004 grand
3134 4950 3328 4992 nombre
3370 4948 3424 4991 de
3447 4948 3768 5003 propositions
3791 4962 3880 5004 que
3908 4962 4027 4991 con¬

2892 5020 3106 5063 tiennent
3146 5019 3211 5062 les
3246 5018 3471 5062 colonnes
3499 5016 3556 5061 de
3592 5020 3727 5062 notre
3742 5017 3948 5074 journal,
3974 5019 4031 5063 ils

2890 5094 3095 5147 peuvent
3111 5090 3228 5134 faire
3250 5090 3448 5146 épouser
3471 5090 3498 5132 à
3518 5090 3644 5132 leurs
3662 5090 3851 5135 enfants
3870 5091 3914 5134 la
3933 5104 4032 5148 per¬

2887 5172 3038 5203 sonne
3056 5159 3194 5214 qu’ils
3210 5158 3418 5201 désirent
3431 5159 3522 5201 soit
3540 5172 3724 5203 comme
3744 5162 4027 5219 profession,

2887 5230 3092 5282 fortune,
3129 5229 3387 5282 caractère,
3428 5228 3632 5285 position
3672 5230 3846 5277 sociale
3886 5235 3931 5279 et
3973 5234 4030 5279 ils

2886 5314 2946 5346 ne
2979 5300 3303 5358 s’exposeront
3342 5312 3430 5358 pas
3466 5302 3492 5346 à
3534 5302 3636 5346 leur
3669 5302 3788 5350 faire
3823 5306 4030 5363 épouser

2887 5384 2978 5416 une
3014 5384 3247 5429 personne
3270 5372 3346 5428 qui
3386 5371 3486 5415 leur
3522 5385 3628 5416 sera
3670 5375 4023 5435 antipathique,

2884 5443 2975 5487 soit
2994 5455 3080 5500 par
3100 5455 3187 5487 son
3210 5445 3315 5499 âge,
3338 5443 3427 5486 soit
3463 5455 3582 5499 pour
3616 5447 3724 5491 tous
3755 5451 3918 5495 autres
3942 5450 4028 5495 dé¬

2887 5515 3011 5558 fauts
3031 5514 3110 5570 qui
3150 5515 3259 5556 sont
3292 5516 3462 5558 autant
3502 5514 3558 5560 de
3595 5530 3766 5563 causes
3804 5520 3863 5565 de
3887 5522 4027 5567 désu¬

2883 5586 2996 5628 nion
3017 5584 3138 5628 dans
3159 5583 3200 5627 le
3222 5586 3439 5639 mariage
3458 5587 3506 5629 et
3539 5587 3756 5634 finissent
3781 5606 3867 5649 par
3888 5607 4027 5639 ame¬

2883 5668 2966 5699 ner
2987 5655 3028 5699 le
3050 5656 3238 5699 divorce
3260 5659 3304 5700 et
3331 5656 3374 5699 la
3396 5657 3691 5715 séparation.

2940 5740 3070 5783 Dans
3102 5738 3170 5782 les
3199 5739 3420 5784 colonnes
3451 5741 3514 5788 du
3547 5744 3670 5790 Lien
3702 5746 3771 5792 du
3796 5750 4028 5807 Mariage

2882 5822 2940 5854 ou
2978 5810 3006 5854 à
3056 5810 3273 5855 l’Office
3328 5812 3615 5872 Mondonet,
3654 5818 3731 5874 47,
3770 5834 3853 5864 rue
3888 5821 3946 5864 de
3977 5819 4023 5863 la

2880 5880 3046 5934 Darse,
3078 5892 3138 5924 on
3160 5885 3271 5939 peut
3294 5884 3487 5931 trouver
3514 5888 3786 5935 facilement
3807 5904 3868 5935 un
3891 5903 4019 5946 gen¬

2880 5954 2979 6007 dre,
3004 5967 3067 5998 un
3104 5955 3256 6011 époux
3276 5969 3336 6003 ou
3359 5972 3454 6004 une
3475 5962 3651 6019 épouse
3679 5965 3706 6007 à
3744 5976 3828 6007 son
3858 5964 3943 6018 gré
3978 5966 4023 6006 et

2879 6038 2938 6070 en
2976 6027 3075 6069 tout
3115 6028 3247 6086 point
3286 6032 3527 6079 conforme
3572 6047 3664 6079 aux
3698 6035 3848 6079 désirs
3884 6035 3938 6079 de
3976 6034 4020 6078 la

2879 6110 3116 6154 personne
3142 6101 3171 6144 à
3191 6103 3384 6151 marier.
