4720 7064
2088 418 2169 464 LE
2207 418 2359 466 LIEN
2394 419 2478 466 DE
2520 418 2816 467 MARIAGE

731 591 876 631 549.—
896 592 1161 640 Célibataire,
1187 593 1238 633 26
1258 603 1349 639 ans,
1373 591 1544 631 fortune
1565 591 1714 630 25.000
1735 590 1805 636 fr.,

674 646 919 696 espérances
951 644 1107 687 60.000
1130 647 1200 693 fr.,
1240 650 1543 696 commerçant,
1567 643 1806 692 épouserait

673 699 920 740 demoiselle
951 704 1267 752 commerçante
1288 703 1421 750 ayant
1455 698 1596 738 15.000
1619 699 1667 738 fr.

726 796 815 836 552.
848 819 888 825 —
920 795 1080 835 Ancien
1103 794 1331 844 capitaine,
1355 792 1476 834 4.200
1500 794 1550 833 fr.
1575 795 1626 834 de
1651 799 1802 839 rentes,

672 848 720 888 56
759 862 848 895 ans,
890 848 1131 900 épouserait
1174 860 1303 887 veuve
1344 859 1442 887 sans
1479 847 1660 896 enfants,
1703 859 1804 887 avec

671 904 787 943 avoir
808 912 847 942 et
870 903 968 942 bien
992 900 1151 942 élevée.

723 992 813 1032 553.
840 1014 887 1020 —
929 990 1051 1035 Veuf,
1078 990 1126 1030 65
1147 1003 1235 1038 ans,
1259 990 1523 1040 agriculteur
1543 992 1594 1031 de
1619 990 1803 1042 premier

667 1047 803 1091 ordre,
827 1044 998 1083 fortune
1019 1042 1070 1082 60
1091 1044 1167 1083 000
1192 1045 1259 1092 fr.,
1283 1043 1525 1094 épouserait
1546 1056 1678 1084 veuve
1700 1046 1801 1094 âgée

667 1099 718 1139 de
742 1098 838 1148 plus
859 1096 909 1136 de
926 1093 979 1136 ‘50
1002 1108 1090 1146 ans,
1114 1106 1244 1149 ayant
1266 1098 1386 1138 2.000
1414 1098 1464 1138 fr.
1497 1098 1547 1137 de
1570 1102 1723 1143 rentes,
1746 1110 1798 1136 ou

670 1160 803 1191 veuve
842 1155 972 1202 ayant
1008 1150 1058 1190 de
1090 1152 1271 1201 grandes
1304 1151 1547 1202 propriétés,
1572 1154 1714 1191 môme
1727 1153 1730 1162 1
1748 1162 1799 1190 en

667 1204 859 1256 Afrique.

719 1298 867 1340 558.—
886 1298 1151 1348 Célibataire,
1172 1299 1222 1339 32
1244 1303 1476 1350 ans,ayant
1502 1297 1731 1347 profession
1752 1296 1800 1335 li¬

664 1350 806 1397 bérale
828 1355 909 1394 très
928 1352 1151 1403 lucrative,
1175 1353 1346 1392 fortune
1369 1351 1516 1392 50.000
1532 1351 1603 1400 fr.,
1626 1353 1802 1402 épouse¬

665 1407 744 1446 rait
762 1406 1011 1447 demoiselle
1032 1412 1164 1458 ayant
1185 1407 1256 1446 dot
1281 1406 1451 1446 100.000
1474 1406 1524 1443 fr.

716 1503 807 1544 562.
835 1526 881 1537 —
919 1502 1186 1552 Célibataire,
1210 1500 1259 1542 40
1282 1514 1371 1551 ans,
1395 1505 1527 1552 ayant
1562 1499 1796 1551 profession

664 1555 841 1596 libérale
864 1559 944 1596 très
963 1555 1190 1602 lucrative,
1207 1556 1450 1605 épouserait
1471 1552 1720 1592 demoiselle
1743 1564 1795 1592 en

661 1615 831 1661 rapport
852 1610 986 1660 d’àge,
1011 1615 1142 1660 ayant
1168 1608 1240 1648 100
1262 1608 1339 1648 000
1360 1607 1412 1648 fr.

715 1707 806 1747 568,
830 1728 880 1735 —
902 1706 1066 1751 Prince,
1088 1703 1179 1744 seul
1204 1703 1460 1743 descendant
1479 1702 1607 1743 d’une
1631 1703 1795 1743 famille

660 1766 792 1812 ayant
820 1760 1063 1808 longtemps
1100 1759 1228 1807 régné
1267 1770 1342 1796 sur
1383 1769 1464 1796 une
1503 1758 1576 1798 des
1616 1758 1796 1807 grandes

660 1815 908 1863 puissances
939 1811 990 1850 de
1021 1811 1228 1860 l'Europe,
1266 1811 1368 1851 allié
1400 1822 1483 1850 aux
1516 1812 1695 1861 grandes
1730 1812 1794 1850 fa¬

659 1867 803 1906 milles
851 1864 1079 1914 princières
1136 1863 1382 1915 d’Espagne,
1425 1864 1714 1915 d’Angleterre
1755 1870 1796 1902 et

658 1919 892 1967 d’ailleurs,
915 1919 992 1968 âgé
1013 1918 1063 1956 de
1086 1918 1133 1956 30
1155 1930 1246 1968 ans,
1270 1919 1507 1968 épouserait
1544 1919 1664 1959 riche
1697 1916 1794 1967 plé¬

658 1971 858 2015 béienne.

712 2063 803 2103 580.
828 2084 878 2091 —
907 2059 1100 2100 Boucher
1136 2060 1283 2110 établi,
1326 2063 1374 2102 39
1416 2074 1508 2109 ans,
1548 2060 1794 2112 épouserait

656 2114 907 2156 demoiselle
924 2127 978 2154 ou
1003 2127 1138 2155 veuve
1160 2115 1385 2167 possédant
1404 2115 1526 2163 8,000
1550 2115 1600 2155 fr.

712 2212 803 2251 581.
828 2231 878 2240 —
908 2210 1114 2258 Boucher,
1156 2211 1395 2251 richement
1423 2211 1568 2260 établi,
1612 2213 1660 2251 27
1700 2222 1791 2258 ans,

656 2263 726 2305 fils
747 2264 924 2316 unique,
950 2269 1117 2315 parents
1147 2264 1299 2312 riches,
1341 2267 1583 2316 épouserait
1615 2264 1789 2304 demoi¬

656 2319 759 2358 selle
780 2318 879 2358 bien
901 2316 1059 2367 élevée,
1086 2319 1306 2368 possédant
1329 2319 1471 2368 10,000
1494 2319 1542 2358 fr.

711 2408 800 2448 587.
834 2431 883 2436 —
923 2407 1046 2457 Veuf,
1088 2408 1136 2448 37
1182 2420 1274 2458 ans,
1315 2408 1487 2450 fortune
1530 2407 1674 2454 18,000
1715 2407 1788 2455 fr.,

655 2467 786 2512 ayant
806 2468 1043 2502 commerce
1063 2464 1274 2512 prospère,
1300 2468 1467 2512 rapport
1506 2462 1558 2502 de
1588 2462 1710 2502 6.000
1732 2460 1787 2499 fr.

654 2527 730 2566 par
750 2527 818 2561 an,
839 2515 1079 2566 épouserait
1100 2527 1231 2555 veuve
1256 2515 1354 2555 bien
1369 2515 1531 2564 élevée,
1547 2527 1650 2554 avec
1671 2514 1791 2552 avoir

655 2574 704 2609 de
726 2570 872 2618 20,000
894 2568 1050 2609 francs.

707 2665 799 2707 586.
823 2687 872 2694 —
899 2664 1068 2704 Oiïicier
1094 2664 1146 2706 de
1175 2664 1365 2714 l’armée,
1403 2663 1481 2714 âgé
1518 2662 1570 2703 de
1610 2663 1659 2703 30
1693 2674 1787 2708 ans,

651 2719 891 2771 épouserait
911 2718 1162 2759 demoiselle
1191 2731 1243 2759 en
1278 2722 1447 2770 rapport
1482 2716 1616 2768 d’àge,
1654 2722 1789 2768 ayant

655 2772 827 2823 150.000
850 2771 1010 2812 francs.

706 2868 795 2910 594.
820 2892 870 2898 —
891 2868 1158 2917 Célibataire,
1180 2868 1230 2908 28
1252 2879 1343 2918 ans,
1367 2867 1539 2908 fortune
1560 2868 1708 2917 20,000
1731 2867 1783 2907 fr.

650 2929 780 2975 ayant
799 2934 1039 2963 commerce
1062 2922 1163 2962 d’un
1186 2927 1354 2972 rapport
1375 2921 1534 2960 annuel
1570 2921 1622 2960 de
1663 2920 1786 2970 4,000

653 2976 722 3024 fr.,
746 2976 843 3027 plus
878 2988 959 3015 une
998 2983 1118 3016 autre
1159 2976 1325 3015 maison
1364 2986 1418 3014 en
1456 2975 1688 3027 Amérique
1723 2974 1784 3012 lui

651 3035 894 3080 rapportant
921 3022 1034 3078 1,500
1060 3030 1127 3078 fr.,
1151 3028 1392 3080 épouserait
1411 3028 1662 3069 demoiselle
1683 3040 1784 3067 avec

650 3082 723 3123 dot
742 3083 795 3123 de
818 3082 966 3131 20,000
990 3083 1146 3123 francs.

703 3171 792 3211 596.
818 3194 866 3200 —
887 3171 1152 3220 Célibataire,
1176 3171 1226 3214 54
1247 3183 1337 3220 ans,
1362 3171 1534 3211 fortune
1558 3172 1705 3220 60,000
1726 3171 1779 3210 fr.

648 3224 890 3275 épouserait
936 3224 1188 3265 demoiselle
1235 3238 1291 3266 ou
1342 3237 1508 3274 veuve,
1562 3224 1784 3275 possédant

651 3278 799 3328 30.000
820 3278 976 3318 francs.

704 3367 796 3408 599.
819 3388 870 3396 —
891 3364 1058 3406 Officier
1077 3377 1130 3406 en
1160 3364 1347 3414 activité,
1387 3366 1436 3406 36
1476 3377 1567 3414 ans,
1611 3367 1782 3406 fortune

651 3419 918 3470 personnelle
958 3419 1104 3463 30,000
1144 3419 1216 3469 fr.,
1256 3419 1498 3470 épouserait
1532 3419 1782 3459 demoiselle

650 3479 781 3524 ayant
798 3474 870 3512 dot
887 3472 938 3512 de
960 3472 1108 3520 80,000
1132 3472 1183 3511 fr.

702 3563 792 3603 601.
819 3583 867 3590 —
894 3559 1162 3610 Célibataire,
1183 3560 1231 3599 38
1251 3571 1342 3608 ans,
1379 3565 1511 3611 ayant
1551 3559 1783 3610 profession

648 3615 751 3656 d’un
775 3619 947 3667 rapport
967 3612 1127 3655 annuel
1167 3615 1218 3655 de
1258 3615 1378 3664 5,000
1419 3613 1490 3664 fr.,
1527 3613 1698 3655 fortune
1731 3614 1783 3654 de

648 3668 794 3718 35.000
816 3670 884 3719 fr.,
907 3669 1147 3720 épouserait
1166 3668 1416 3708 demoiselle
1438 3680 1540 3709 avec
1556 3668 1704 3719 40,000
1727 3668 1780 3708 fr.

700 3757 790 3799 606.
824 3780 879 3787 —
923 3758 1190 3806 Célibataire,
1231 3759 1282 3798 25
1330 3770 1420 3806 ans,
1463 3758 1682 3811 disposant
1730 3760 1780 3799 de

648 3811 796 3860 25.000
818 3812 887 3860 fr.,
910 3819 948 3851 et
970 3814 1219 3863 espérances
1240 3812 1387 3860 30,000
1403 3812 1474 3859 fr.,
1496 3813 1632 3854 désire
1648 3815 1780 3863 épou¬

649 3875 715 3904 ser
735 3866 983 3906 demoiselle
1003 3872 1133 3916 ayant
1167 3865 1275 3904 belle
1315 3865 1521 3906 situation
1558 3879 1777 3907 commer¬

650 3918 759 3959 ciale
787 3931 798 3964 ;
838 3919 871 3958 il
906 3919 1164 3970 apporterait
1198 3919 1260 3958 les
1296 3919 1444 3967 25,000
1483 3919 1535 3959 fr.
1583 3921 1690 3959 dans
1739 3919 1779 3958 la

650 3971 814 4011 maison
836 3972 887 4011 de
909 3982 1165 4011 commerce.

703 4068 794 4108 608.
812 4090 863 4096 —
883 4066 1150 4113 Célibataire,
1167 4066 1218 4105 25
1234 4076 1324 4114 ans,
1343 4063 1546 4115 employé
1568 4064 1619 4103 de
1642 4064 1780 4111 l’Etat,

650 4119 888 4171 épouserait
930 4119 1176 4159 demoiselle
1216 4131 1270 4158 ou
1324 4130 1462 4156 veuve
1511 4129 1560 4157 en
1615 4124 1783 4168 rapport

651 4171 784 4224 d’àge,
804 4179 936 4226 ayant
962 4172 1104 4214 15.000
1127 4172 1182 4212 fr.

704 4263 796 4303 611.
827 4284 869 4291 —
889 4262 1155 4311 Célibataire,
1196 4262 1243 4300 30
1283 4272 1375 4310 ans,
1416 4273 1570 4313 garçon
1606 4262 1783 4310 d’hôtel,

651 4323 782 4367 ayant
803 4315 920 4354 avoir
940 4315 1059 4355 6.000
1084 4315 1151 4361 fr.,
1176 4315 1417 4363 épouserait
1455 4314 1704 4354 demoiselle
1728 4328 1780 4354 ou

650 4380 789 4408 veuve
811 4368 1034 4418 possédant
1054 4366 1174 4407 4.000
1194 4367 1264 4416 fr.,
1288 4380 1397 4418 pour
1418 4373 1586 4406 monter
1607 4367 1782 4416 pension

653 4420 918 4471 bourgeoise.

707 4520 798 4560 612.
820 4540 871 4548 —
912 4516 1034 4564 Veuf,
1059 4516 1248 4564 docteur,
1274 4515 1495 4567 possédant
1522 4515 1691 4557 100.000
1713 4516 1783 4566 fr.,

651 4576 727 4625 âgé
747 4573 799 4614 de
820 4568 870 4614 55
892 4582 982 4620 ans,
1007 4570 1247 4620 épouserait
1270 4582 1403 4610 veuve
1424 4569 1474 4610 de
1494 4570 1542 4611 30
1563 4572 1586 4611 à
1618 4571 1666 4611 50
1691 4583 1783 4622 ans,

652 4629 751 4668 bien
772 4627 930 4674 élevée,
954 4628 1087 4676 ayant
1106 4624 1294 4675 quelque
1315 4623 1450 4664 avoir.

707 4711 797 4751 618.
847 4732 890 4743 —
939 4707 1072 4754 Veuf,
1123 4719 1219 4747 sans
1266 4708 1427 4758 enfant,
1479 4711 1780 4760 représentant,

650 4770 836 4815 gagnant
857 4764 979 4803 8.000
1014 4762 1065 4800 fr.
1103 4773 1176 4812 par
1195 4772 1263 4808 an,
1287 4762 1423 4800 désire
1445 4763 1625 4813 épouser
1647 4776 1782 4804 veuve

650 4830 702 4857 ou
727 4815 975 4857 demoiselle
996 4827 1047 4854 en
1071 4820 1239 4866 rapport
1262 4814 1379 4864 d’âge
1400 4827 1453 4854 ou
1487 4818 1709 4858 au-dessus
1730 4819 1781 4858 de

651 4871 700 4912 40
722 4883 812 4920 ans,
838 4870 1059 4922 possédant
1080 4867 1227 4910 20.000
1248 4868 1305 4908 fr.

704 4966 778 5006 622
816 4987 867 4994 —
887 4962 1155 5013 Célibataire,
1178 4964 1228 5004 26
1250 4975 1340 5011 ans,
1365 4963 1535 5004 fortune
1558 4963 1704 5006 40.000
1727 4964 1779 5006 fr.

649 5018 926 5066 immeubles,
950 5019 1190 5068 épouserait
1211 5018 1462 5059 demoiselle
1484 5026 1616 5071 ayant
1638 5019 1781 5060 bonne

647 5074 852 5113 situation
874 5071 1176 5112 commerciale
1198 5084 1250 5111 ou
1275 5072 1443 5112 fortune
1464 5073 1515 5113 de
1536 5075 1684 5115 80.000
1725 5074 1778 5116 fr.

702 5161 794 5204 622.
816 5186 869 5191 —
898 5162 1164 5212 Célibataire,
1200 5163 1251 5203 26
1283 5175 1374 5211 ans,
1407 5165 1698 5215 représentant
1727 5166 1780 5206 de

644 5228 902 5264 commerce,
943 5216 1112 5256 fortune
1152 5216 1299 5256 40.000
1339 5218 1391 5258 fr.
1434 5230 1483 5257 en
1526 5220 1776 5270 propriétés,

647 5275 831 5320 gagnant
870 5270 990 5308 4.000
1023 5269 1091 5315 fr.,
1132 5270 1270 5310 désire
1311 5271 1491 5320 épouser
1528 5272 1779 5314 demoiselle

647 5323 862 5374 disposant
882 5323 934 5361 de
959 5322 1126 5362 ÎOU.OOO
1150 5323 1198 5363 fr.

700 5415 791 5453 625.
819 5435 863 5440 —
904 5411 1014 5451 Veuf
1052 5423 1148 5451 sans
1186 5412 1368 5462 enfants,
1408 5414 1484 5462 âgé
1519 5413 1568 5454 de
1603 5416 1652 5455 50
1687 5427 1776 5462 ans,

646 5479 780 5516 gagne
820 5466 963 5506 10,000
987 5464 1035 5503 fr.
1074 5476 1146 5515 par
1178 5478 1231 5504 an
1264 5478 1431 5506 comme
1472 5469 1776 5519 représentant,

648 5519 744 5570 plus
766 5520 936 5559 fortune
960 5518 1239 5568 personnelle,
1267 5520 1402 5559 désire
1423 5522 1603 5570 épouser
1624 5534 1775 5571 veuve,

647 5575 792 5615 même
815 5572 911 5623 plus
931 5572 1047 5622 âgée,
1075 5572 1296 5621 possédant
1315 5574 1491 5614 200.000
1512 5574 1564 5615 fr.

699 5670 790 5710 027.
814 5691 858 5699 —
901 5667 1168 5717 Célibataire,
1206 5667 1401 5718 horloger
1430 5669 1575 5717 établi,
1604 5671 1654 5711 30
1684 5683 1775 5722 ans,

645 5724 815 5763 fortune
864 5722 1004 5762 15.000
1046 5722 1122 5767 fr.,
1159 5722 1399 5772 épouserait
1439 5723 1687 5764 demoiselle
1724 5736 1775 5766 en

644 5780 815 5830 rapport
838 5775 956 5826 d’âge
978 5786 1078 5814 avec
1100 5774 1267 5815 fortune
1290 5775 1576 5827 équivalente.

698 5873 853 5914 628.—
874 5868 1140 5918 Célibataire,
1166 5869 1214 5908 25
1232 5882 1322 5919 ans,
1348 5871 1515 5911 fortune
1543 5872 1684 5912 10.000
1707 5874 1774 5924 fr.,

643 5926 928 5976 mécanicien,
952 5933 1088 5974 gagne
1109 5923 1231 5964 2.500
1256 5923 1304 5962 fr.
1331 5936 1403 5974 par
1432 5935 1501 5971 an,
1534 5927 1774 5976 épouserait

643 5979 895 6022 demoiselle
934 5990 987 6018 en
1029 5983 1195 6028 rapport
1234 5976 1352 6027 d'âge
1391 5983 1521 6030 ayant
1564 5992 1617 6018 un
1659 5991 1776 6020 com¬

643 6046 784 6075 merce
806 6046 858 6074 ou
883 6032 1016 6072 avoir.

1938 593 2071 636 Nous
2115 592 2335 636 donnons
2384 592 2651 636 ci-dessous
2696 590 2920 634 l'adresse
2959 591 3017 635 de

1855 652 1990 695 .MM.
2035 652 2101 695 les
2138 654 2346 696 notaires
2379 652 2435 696 de
2471 652 2515 696 la
2546 651 2651 695 ville
2679 651 2735 694 de
2767 648 3012 706 Marseille,

1880 711 1956 766 qui
1992 724 2163 768 pourra
2194 715 2291 756 être
2324 712 2435 755 utile
2467 726 2583 768 pour
2612 711 2678 756 les
2712 713 2926 755 contrats
2960 708 3015 752 de

1879 773 2092 827 mariage
2115 787 2124 814 :

1932 871 2027 912 MM.
2066 873 2271 921 Sabatier,
2295 884 2370 911 rue
2392 872 2576 918 Paradis,
2608 874 2664 911 17.

2067 944 2288 995 Raynaud,
2312 944 2594 1008 r^Paradis,
2616 944 2683 983 24.

2063 1018 2240 1066 Baudet,
2266 1028 2340 1055 rue
2366 1018 2546 1064 Paradis,
2570 1018 2634 1056 46.
2804 1020 2833 1043 v
2866 1019 2895 1048 >

2064 1088 2263 1140 Gasquet,
2284 1101 2360 1128 rue
2378 1088 2563 1136 Paradis,
2588 1090 2652 1128 57.

2063 1162 2260 1211 Ferrand,
2285 1172 2359 1201 rue
2382 1162 2567 1208 Paradis,
2592 1162 2656 1200 59.

2062 1232 2214 1283 Brezet,
2239 1246 2312 1272 rue
2338 1232 2520 1283 Paradis,
2544 1234 2610 1272 68.

2060 1305 2109 1344 de
2135 1306 2271 1356 Laget,
2294 1316 2370 1346 rue
2392 1304 2716 1354 Saint-EerréQl,
2740 1306 2779 1346 7.

2060 1378 2332 1428 Delanglade,
2355 1390 2431 1419 rue
2449 1359 2784 1429 Saint-Fen^pl;
2801 1379 2868 1420 29.

2058 1451 2199 1502 Benet,
2223 1463 2299 1491 rue
2320 1450 2643 1500 Saint-Ferréol,
2668 1452 2733 1492 30.

2057 1523 2302 1576 Provençal,
2326 1535 2399 1563 rue
2421 1523 2750 1574 Saint-Ferréol,
2775 1525 2843 1566 50.

2055 1591 2278 1640 Bouteille,
2302 1602 2376 1631 rue
2398 1590 2719 1641 Saint-Ferréol,
2748 1591 2814 1632 52.

2058 1663 2292 1712 Estrangin,
2316 1675 2391 1703 rue
2412 1663 2738 1710 Saint-Ferréol,
2763 1663 2828 1703 54.

2057 1734 2258 1782 Jourdan,
2280 1746 2354 1772 rue
2376 1732 2699 1780 Saint-Ferréol,
2724 1731 2788 1774 59.

2055 1806 2211 1856 Sayou,
2236 1816 2311 1844 rue
2332 1803 2660 1851 Saint-Ferréol,
2686 1803 2748 1843 78.

2059 1878 2216 1926 Perrin,
2240 1890 2314 1918 rue
2338 1878 2600 1927 Montgraud,
2626 1876 2693 1916 38.

2054 1947 2390 1997 Taxil-Fortoul,
2415 1960 2489 1987 rue
2514 1948 2775 1998 Mou!grand,
2800 1948 2864 1989 48.

2056 2023 2199 2068 Alliés,
2225 2031 2302 2059 rue
2320 2019 2582 2068 Monlgrand,
2606 2019 2668 2058 62.

2055 2100 2190 2147 Azaïs,
2215 2110 2290 2136 rue
2311 2096 2360 2135 de
2384 2096 2420 2136 la
2444 2095 2584 2144 Darse,
2608 2096 2644 2135 5.

2056 2174 2250 2223 Laugier,
2275 2183 2348 2211 rue
2371 2172 2421 2211 de
2444 2171 2483 2210 la
2504 2171 2643 2219 Darse,
2667 2170 2731 2211 29.

2057 2246 2280 2298 Raynaud,
2305 2256 2379 2285 rue
2399 2242 2601 2289 Noailles,
2625 2244 2663 2283 7.

2054 2318 2275 2366 Dessuard,
2299 2327 2374 2357 rue
2394 2315 2595 2361 Noailles,
2627 2315 2684 2354 18.

2056 2388 2247 2438 Laugier,
2271 2400 2344 2427 rue
2364 2387 2639 2435 Cannebière,
2664 2386 2702 2426 5,

2052 2463 2180 2500 Décor
2187 2460 2280 2508 mis,
2306 2474 2379 2501 rue
2400 2460 2603 2511 Grignan,
2627 2459 2692 2499 56.

2053 2534 2176 2583 Latil,
2200 2546 2274 2574 rue
2295 2532 2452 2583 Sainte,
2479 2534 2515 2575 1.

2051 2607 2244 2655 Giraudi,
2268 2619 2392 2647 cours
2410 2607 2698 2656 Saint-Louis,
2723 2608 2760 2651 3.

2049 2680 2191 2731 Blanc,
2211 2692 2288 2720 rue
2307 2680 2359 2720 de
2382 2680 2558 2731 l’Arbre,
2581 2682 2619 2722 9.

2051 2754 2271 2801 Roubaud,
2298 2765 2372 2793 rue
2393 2754 2444 2793 de
2466 2752 2506 2794 la
2528 2755 2815 2807 République,
2842 2756 2904 2796 15.

2048 2825 2195 2876 Gavot,
2220 2837 2295 2865 rue
2316 2825 2371 2865 du
2396 2826 2583 2878 Bausset,
2608 2826 2646 2867 4.

1911 3023 2101 3077 L’Office
2131 3023 2370 3064 Mondonet
2388 3028 2451 3064 est
2478 3032 2632 3067 ouvert
2652 3032 2751 3067 tous
2776 3030 2838 3068 les
2857 3030 2995 3083 jours

1859 3090 1912 3129 de
1930 3091 1960 3130 2
1979 3091 2137 3130 heures
2157 3095 2183 3131 à
2206 3094 2233 3131 8
2254 3089 2410 3132 heures
2428 3092 2492 3132 du
2521 3095 2614 3134 soir
2639 3098 2679 3134 et
2717 3096 2779 3135 les
2813 3097 2994 3136 diman¬

1857 3155 1955 3195 ches
1975 3160 2015 3195 et
2034 3158 2143 3208 fêtes
2163 3158 2218 3196 de
2240 3159 2264 3197 9
2287 3156 2443 3198 heures
2462 3163 2488 3198 à
2511 3160 2641 3200 midi.

1917 3337 2327 3411 THÉÂTRES
2385 3352 2477 3412 ET
2535 3352 2931 3415 CONCERTS

1912 3520 2322 3561 Grand-Théâtre.
2351 3543 2393 3549 —
2426 3522 2476 3561 Ce
2498 3522 2594 3571 soir,
2621 3522 2739 3572 Aida,
2764 3523 2802 3565 le
2825 3524 2989 3576 magni¬

1858 3586 1971 3636 fique
1991 3587 2118 3638 opéra
2135 3586 2187 3626 de
2210 3586 2350 3635 Verdi,
2385 3601 2490 3640 pour
2524 3588 2562 3631 le
2595 3591 2822 3633 deuxième
2855 3594 2988 3635 début

1858 3652 1907 3692 de
1931 3653 1979 3694 M.
2004 3654 2195 3703 Muratet,
2222 3655 2403 3706 premier
2426 3659 2556 3699 ténor.

1908 3718 1964 3759 On
2002 3720 2139 3771 répète
2160 3722 2419 3761 activement
2456 3735 2508 3762 au
2544 3722 2894 3762 Grand-Théâtre
2927 3722 2988 3762 les

1856 3787 2003 3836 opéras
2050 3786 2242 3827 suivants
2291 3789 2300 3827 :
2352 3788 2607 3834 Hérodiade,
2656 3787 2707 3826 de
2756 3787 2956 3829 Massenet
2976 3802 2984 3838 ;

1855 3852 2030 3902 Manon,
2056 3854 2111 3892 du
2136 3856 2278 3892 même
2316 3860 2500 3899 auteur;
2538 3851 2575 3892 le
2604 3852 2752 3892 Sourd
2779 3860 2834 3894 ou
2867 3856 2986 3894 l'Au-

1855 3916 1927 3955 hei
1939 3931 1990 3968 ge
2015 3918 2159 3968 pleine
2163 3919 2172 3966 ,
2209 3916 2364 3954 Maître
2393 3915 2590 3955 Palhelin
2610 3924 2650 3956 et
2672 3918 2712 3955 la
2735 3919 2908 3968 Poupée
2939 3919 2989 3955 de

1859 3979 2144 4029 Nuremberg.

1911 4090 2150 4132 Variétés.
2178 4115 2220 4120 —
2243 4088 2546 4142 Aujourd’hui,
2570 4090 2632 4130 32"
2656 4091 2984 4142 représentation

1858 4158 1914 4199 du
1951 4159 2164 4209 Doyaume
2187 4158 2259 4198 des
2283 4158 2480 4198 Femmes
2486 4190 2494 4208 ,
2531 4170 2638 4198 nous
2672 4170 2859 4200 sommes
2892 4161 2915 4200 à
2950 4159 2986 4200 la

1858 4223 1983 4263 veille
2005 4225 2055 4264 de
2080 4224 2118 4263 la
2151 4224 2341 4263 dernière
2376 4226 2724 4275 représenta*ion,
2764 4226 2822 4265 les
2855 4232 2988 4264 retar¬

1859 4288 2039 4328 dataires
2060 4289 2197 4328 feront
2219 4288 2316 4328 bien
2339 4290 2390 4328 de
2411 4301 2452 4329 se
2479 4290 2611 4330 hâter.

1911 4364 2266 4402 Prochainement
2299 4365 2308 4403 :
2347 4365 2407 4403 les
2443 4366 2699 4403 Chevaliers
2738 4366 2790 4403 du
2830 4367 2987 4404 Pince-

1863 4427 1955 4466 Nez
1986 4435 2024 4467 et
2058 4427 2096 4466 la
2128 4427 2285 4476 grande
2319 4439 2446 4467 revue
2480 4428 2614 4468 locale
2639 4430 2688 4468 de
2714 4430 2768 4468 fin
2792 4431 2985 4479 d’année,

1862 4492 1995 4542 Digue
2019 4494 2048 4531 ii
2068 4504 2144 4544 que
2168 4494 2328 4546 vengué
2344 4504 2352 4543 ;
2386 4494 2483 4548 puis
2508 4495 2742 4534 Manfzelle
2767 4495 2986 4546 Nitouche,

1859 4559 1911 4599 oh
1936 4559 2031 4600 Mlle
2052 4559 2187 4600 Tariol
2211 4572 2254 4600 se
2276 4560 2363 4601 fera
2386 4562 2587 4603 entendre
2622 4567 2660 4603 et
2694 4575 2747 4602 ou
2780 4564 2862 4604 elle
2894 4572 2988 4618 per¬

1858 4627 2036 4666 sonnifie
2058 4628 2091 4667 si
2115 4627 2211 4667 bien
2237 4627 2273 4667 la
2296 4628 2512 4678 gracieuse
2535 4630 2700 4671 Denise.

1911 4736 2155 4788 Gymnase
2211 4755 2260 4763 —
2302 4735 2358 4775 On
2396 4750 2418 4775 a
2457 4751 2508 4777 en
2552 4738 2790 4782 l’heureuse
2822 4743 2915 4784 idée
2935 4744 2987 4786 de

1857 4800 2078 4851 reprendre
2103 4812 2183 4840 une
2205 4800 2277 4840 des
2300 4798 2395 4852 plus
2414 4808 2659 4844 amusantes
2688 4806 2896 4856 opérettes
2927 4812 2982 4850 du

1856 4869 2082 4918 répertoire
2120 4867 2363 4914 Offenbach,
2398 4868 2431 4910 la
2468 4868 2638 4910 Grande
2678 4871 2899 4915 Duchesse
2936 4876 2986 4916 de

1859 4930 2104 4974 Qérolstein
2111 4965 2120 4983 ,
2158 4946 2259 4974 avec
2300 4933 2338 4974 le
2378 4944 2583 4975 concours
2615 4936 2666 4975 de
2703 4938 2811 4979 Mme
2843 4942 2986 4994 Mary-

1856 4996 2011 5038 Albert.
2050 5000 2160 5040 Cette
2192 5000 2326 5051 pièce,
2362 5000 2490 5042 d’une
2523 5000 2703 5043 drôlerie
2732 5003 2767 5043 si
2790 5012 2984 5047 extrava¬

1856 5071 1999 5112 gante,
2041 5076 2237 5104 amusera
2275 5079 2424 5109 encore
2464 5068 2560 5108 bien
2604 5068 2678 5110 des
2716 5071 2986 5121 générations

1855 5141 1956 5172 avec
1997 5130 2105 5171 Mme
2143 5131 2442 5184 Mary-Albert,
2484 5142 2589 5178 cette
2630 5137 2747 5190 pièce
2789 5146 2850 5181 est
2903 5154 2984 5183 une

1855 5198 2185 5248 représentation
2225 5203 2314 5250 trop
2355 5199 2651 5243 divertissante
2687 5218 2791 5255 pour
2826 5220 2910 5259 que
2946 5208 2983 5250 le

1852 5263 1999 5314 public
2022 5264 2146 5306 laisse
2166 5276 2307 5318 passer
2327 5272 2434 5307 cette
2466 5268 2658 5308 occasion
2690 5270 2740 5310 de
2775 5273 2984 5314 s’amuser

1854 5328 2167 5372 franchement.

1906 5395 2275 5450 Prochainement,
2300 5398 2338 5439 la
2360 5413 2488 5443 revue
2510 5402 2560 5443 de
2584 5403 2674 5445 MM.
2700 5403 2922 5446 Menvielle
2943 5411 2982 5446 et

1855 5462 1983 5504 Marin
2008 5471 2016 5504 :
2043 5471 2081 5504 la
2102 5464 2252 5505 Salade
2275 5466 2428 5508 Ilusse.

1906 5571 2385 5616 Palais-de-Cristal.
2411 5599 2459 5606 —
2476 5575 2554 5616 Les
2573 5578 2705 5618 frères
2727 5579 2887 5621 Forrest
2907 5588 2980 5622 ont

1851 5635 1925 5674 fait
1962 5636 2072 5678 leurs
2102 5640 2258 5679 adieux
2296 5640 2528 5682 dimanche
2563 5643 2719 5682 devant
2762 5656 2842 5686 une
2875 5647 2980 5687 salle

1851 5703 2018 5744 comble
2039 5712 2079 5746 et
2099 5706 2403 5748 enthousiaste.
2444 5708 2522 5747 Les
2556 5714 2779 5749 amusants
2816 5711 2982 5751 clowns

1850 5766 2044 5820 jumaux,
2068 5771 2126 5812 les
2144 5778 2294 5824 quatre
2315 5773 2584 5822 Crescendos,
2618 5774 2676 5812 les
2699 5774 2794 5823 plus
2823 5787 2982 5815 excen¬

1852 5834 2011 5885 triques
2032 5839 2256 5879 musicaux
2276 5851 2359 5890 que
2383 5851 2489 5879 nous
2518 5851 2655 5890 ayons
2692 5851 2768 5881 vus
2809 5840 2978 5894 jusqu’à

1848 5912 1896 5940 ce
1915 5899 2026 5951 jour.
2052 5902 2106 5942 La
2127 5910 2274 5955 troupe
2295 5904 2346 5943 de
2368 5906 2632 5955 pantomime
2660 5906 2868 5961 française
2904 5908 2976 5948 fait

1848 5967 1990 6006 courir
2010 5979 2063 6006 au
2087 5967 2475 6010 Palais-de-Cristal
2499 5975 2589 6008 tout
2623 5970 2829 6014 Marseille
2866 5974 2979 6015 dési¬

1847 6043 1950 6072 reux
1970 6038 2135 6073 surtout
2155 6034 2205 6074 de
2227 6036 2319 6076 voir
2341 6035 2377 6076 le
2399 6035 2460 6075 roi
2483 6035 2556 6076 des
2575 6036 2826 6087 grimaciers

3155 599 3498 684 Maisons
3555 600 4170 711 Recommandées

3108 854 3320 987 LE
3428 855 4204 997 CHINOIS

3235 1022 3544 1071 CHAPEAUX
3579 1022 3648 1071 EN
3683 1027 3824 1075 TOUS
3858 1027 4072 1076 GENRES

3111 1102 3387 1144 COIFFURES
3427 1103 3558 1143 POUR
3600 1102 3876 1163 M1MEURS
3920 1107 3986 1147 ET
4026 1107 4191 1147 DAMES

3392 1186 3664 1224 FRAICHEURS’,
3696 1187 3774 1214 RON
3804 1187 3911 1216 GOUT

3174 1244 3323 1284 Haute
3344 1247 3606 1286 Nouveauté
3628 1247 3682 1286 de
3700 1247 3860 1300 forme,
3885 1243 4123 1302 Elégance,
4150 1243 4170 1260 9

3511 1311 3789 1366 Originalité

3376 1382 3596 1423 Spécialité
3619 1384 3668 1416 de
3693 1384 3732 1416 la
3757 1384 3916 1418 Maison

3080 1436 3264 1484 Coiffures
3286 1440 3420 1487 rfoWbf
3432 1441 3722 1489 d’Intérieuret
3734 1446 3780 1490 de
3800 1444 3946 1491 Bureau
3975 1455 4112 1503 (Demi*™
4123 1460 4215 1507 M»d«)

3488 1514 3588 1553 Prix
3619 1515 3814 1556 Modérés

3155 1578 3275 1627 26,
3319 1579 3481 1618 Hue
3528 1582 3999 1632 Cannebière,
4037 1584 4139 1626 26

3078 1738 3318 1855 ARMES
3370 1743 3450 1855 DE
3506 1739 3766 1856 MASSE
3814 1744 3902 1856 ET
3958 1744 4046 1857 DE
4082 1745 4210 1861 TIR

3194 1884 3788 1961 Réparations,^Échanges,
3815 1898 4086 1960 Nettoyages

3082 1991 3620 2058 BERNARD
3672 2011 3784 2047 rue
3811 1997 4092 2063 Paradis,
4130 1999 4204 2050 32

3128 2175 3470 2276 Entreprise
3516 2178 3584 2256 de
3624 2179 4154 2283 Déménagements

3262 2295 3372 2334 Pour
3403 2307 3451 2334 la
3482 2296 3644 2337 France
3675 2312 3725 2338 et
3755 2300 4018 2340 l’Etrangf.r

3211 2380 3451 2424 PRIX
3527 2375 4067 2435 MODÉRÉS

3140 2462 3283 2490 Cadres

3195 2518 3230 2545 et

3122 2573 3311 2599 WAGONS

3112 2619 3311 2659 capitonnés

3081 2686 3166 2718 pour
3190 2679 3339 2711 Meubles

3134 2743 3294 2783 précieux

3614 2470 3680 2494 DES

3391 2500 3675 2580 Déiénageuses
3713 2503 3895 2575 Favorites

3443 2607 3628 2720 aies
3663 2608 3712 2716 s
3747 2608 3816 2716 r

3411 2743 3498 2774 Maison
3523 2745 3698 2786 complhloim-nt
3723 2756 3751 2778 en
3776 2746 3861 2778 dehors

3523 2793 3551 2822 de
3570 2797 3620 2826 tout
3639 2795 3752 2836 Monopole

3942 2538 4182 2566 ASSURANCES

4002 2588 4120 2619 contre
4147 2616 4150 2620 ,

3972 2640 4152 2675 l’Incendie

4047 2698 4079 2723 et

3176 2866 3282 2913 Bourse
3302 2866 3499 2915 Immobilière.
3512 2892 3570 2899 —
3588 2870 3671 2918 Vente
3692 2875 3719 2919 et
3738 2874 3862 2920 location
3883 2873 4082 2923 d’immeubles

3068 2949 3240 2990 MARSEILLE
3250 2950 3300 2992 —
3314 2950 3402 2993 Rue
3418 2950 3628 3003 Pavillon,
3646 2954 3683 3004 4,
3699 2966 3750 2995 au
3764 2955 3953 3007 Magasin
3963 2982 4014 2987 —
4028 2960 4200 3002 MARSEILLE

3263 3142 3482 3182 Vient
3538 3142 3630 3183 de
3687 3144 4004 3196 paraître

3403 3230 3627 3280 (EDITION
3654 3233 3718 3272 DE
3740 3234 3862 3284 1891)

3111 3494 3170 3534 DE
3190 3495 3248 3535 LA
3271 3495 3470 3550 FRANCE,
3489 3496 3548 3537 DE
3571 3498 3630 3539 LA
3647 3498 3808 3554 CORSE,
3826 3501 3886 3540 DE
3901 3497 4151 3543 L’ALGÉRIE

3251 3564 3310 3603 DE
3328 3565 3387 3604 LA
3410 3566 3600 3606 TUNISIE
3617 3568 3647 3607 &
3668 3568 3754 3607 DES
3777 3568 4006 3607 COLONIES

3067 3632 3134 3671 Un
3156 3631 3246 3672 fort
3277 3632 3438 3671 volume
3467 3634 3516 3671 de
3542 3631 3631 3670 800
3658 3644 3800 3684 pages,
3835 3634 4083 3684 imprimées
4119 3646 4198 3672 sur

3295 3684 3324 3722 2
3346 3686 3547 3724 colonnes
3554 3698 3562 3735 ,
3588 3684 3751 3727 reliure
3772 3686 3960 3739 anglaise

3169 3768 3742 3806 Prix.
3800 3772 3827 3805 2
3846 3785 3862 3804 »
3894 3770 4080 3807 franc*»

3112 3852 3180 3890 Cet
3203 3866 3403 3900 ouvrage,
3428 3855 3571 3902 rédigé
3590 3866 3662 3894 sur
3684 3868 3740 3894 un
3771 3856 3868 3904 plan
3908 3857 4194 3899 entièrement

3063 3914 3275 3950 nouveau,
3314 3904 3502 3942 contient
3535 3911 3628 3944 tous
3671 3907 3729 3944 les
3763 3908 4017 3946 documents
4056 3911 4195 3958 régle¬

3062 3959 3252 3991 mentant
3276 3954 3311 3992 le
3332 3956 3492 3995 service
3514 3956 3586 3994 des
3621 3963 3768 4007 postes,
3805 3959 3877 3996 des
3909 3959 4188 4011 télégraphes,

3060 4005 3133 4044 des
3154 4006 3399 4056 téléphones
3420 4014 3459 4048 et
3482 4008 3552 4050 des
3572 4009 3770 4052 chemins
3791 4011 3842 4052 de
3860 4011 3935 4052 fer.

3114 4058 3148 4098 Il
3170 4059 3346 4114 indique
3376 4063 3437 4103 les
3458 4075 3580 4104 noms
3612 4065 3663 4107 de
3686 4072 3823 4107 tontes
3847 4067 3907 4106 les
3930 4078 4171 4107 communes
4178 4102 4187 4118 ,

3060 4114 3170 4153 ainsi
3190 4128 3272 4167 que
3295 4128 3400 4156 ceux
3420 4118 3494 4157 des
3514 4119 3703 4159 bureaux
3734 4120 3783 4159 de
3807 4127 3920 4171 poste
3943 4126 3983 4162 et
4007 4120 4060 4162 de
4083 4123 4191 4163 télé¬

3059 4167 3219 4218 graphe
3239 4170 3315 4219 qui
3340 4170 3399 4208 les
3414 4171 3671 4220 desservent,
3710 4174 3770 4214 les
3788 4175 4000 4216 distances
4034 4176 4191 4227 légales

3060 4226 3100 4258 et
3136 4221 3171 4258 te
3202 4222 3352 4260 chiffre
3389 4223 3439 4260 de
3478 4223 3515 4262 la
3555 4226 3819 4275 population.
3860 4228 3919 4266 On
3942 4242 3970 4278 y
4004 4242 4027 4268 a
4048 4231 4191 4281 ajouté

3063 4276 3196 4310 toutes
3221 4272 3284 4310 les
3303 4286 3431 4323 gares
3459 4282 3655 4315 ouvertes
3687 4290 3739 4314 au
3771 4279 3930 4316 service
3964 4280 4036 4323 des
4070 4286 4190 4323 colis

3061 4331 3282 4374 postaux,
3323 4338 3423 4364 avec
3459 4327 3648 4366 mention
3691 4327 3856 4379 lorsque
3895 4340 3966 4369 ces
4002 4332 4192 4371 derniers

3061 4382 3154 4415 sont
3172 4375 3377 4416 livrables
3394 4391 3442 4416 en
3466 4390 3564 4428 gare
3586 4391 3637 4419 on
3660 4382 3678 4418 à
3701 4380 3922 4422 domicile.

3114 4428 3172 4467 Ou
3195 4443 3223 4481 y
3247 4439 3440 4471 trouvera
3461 4432 3575 4471 aussi
3611 4440 3703 4475 tous
3737 4435 3795 4476 les
3827 4436 4192 4489 renseignements

3063 4483 3316 4524 nécessaires
3330 4496 3403 4524 sur
3420 4486 3455 4527 le
3472 4489 3656 4532 service
3672 4492 4190 4546 des,recouvrements,

3060 4538 3140 4575 soit
3170 4547 3219 4577 en
3246 4538 3411 4590 France,
3434 4540 3515 4582 soit
3535 4542 3642 4585 dans
3666 4545 3722 4586 les
3746 4559 3848 4600 pays
3868 4549 4086 4600 étrangers

3112 4591 3183 4631 CeL
3203 4606 3384 4647 ouvrage
3406 4605 3464 4636 est
3492 4598 3810 4652 indispensable
3843 4615 3895 4642 au
3932 4615 4189 4654 commerce,

3060 4647 3083 4684 à
3107 4645 3343 4691 l’industrie
3364 4658 3403 4691 et
3423 4663 3506 4692 aux
3526 4654 3910 4698 administrations.

3246 4743 3448 4785 PRIME
3479 4746 3520 4786 A
3553 4746 3673 4787 NOS
3702 4739 4002 4786 ABONNÉS

3112 4818 3189 4859 Par
3220 4820 3330 4862 suite
3363 4822 3463 4862 d’un
3499 4828 3795 4872 arrangement
3829 4836 3928 4864 avec
3973 4823 4186 4876 l’éditeur,

3060 4884 3167 4913 nous
3187 4886 3371 4916 sommes
3390 4879 3412 4916 à
3439 4877 3578 4918 même
3612 4878 3662 4918 de
3686 4877 3852 4919 fournir
3874 4887 3938 4922 cet
3958 4894 4144 4932 ouvrage
4167 4886 4191 4922 à

3062 4938 3134 4965 nos
3179 4928 3366 4971 abonnés
3412 4943 3462 4971 en
3506 4931 3563 4971 les
3599 4931 3755 4974 faisant
3792 4935 4022 4975 bénéficier
4060 4938 4188 4974 d’une

3059 4979 3211 5026 remise
3232 4986 3567 5036 exceptionnelle
3588 4987 3639 5030 de
3662 4990 3722 5030 20
3746 5000 3788 5041 p.
3819 4991 3927 5031 100.

3110 5035 3225 5078 Nous
3243 5039 3444 5086 adresser,
3467 5042 3574 5079 dans
3592 5053 3639 5081 ce
3660 5055 3744 5090 cas,
3784 5055 3839 5082 un
3875 5042 4189 5091 mandat-poste

3058 5088 3107 5130 de
3130 5090 3191 5132 20
3215 5091 3272 5132 fr.
3296 5104 3350 5131 au
3376 5104 3474 5132 nom
3499 5094 3548 5134 de
3571 5094 3740 5136 Bonal.

3254 5272 3338 5342 A
3398 5270 3980 5343 VENDRE

3056 5369 3360 5428 Une
3420 5381 4188 5445 campagne

3306 5476 3352 5536 A
3406 5474 3942 5541 SAINT-MARCEL

3160 5567 3455 5612 Ancienne
3503 5572 3755 5623 fabrique
3806 5567 3872 5607 de
3926 5570 4086 5617 tuiles

3360 5659 3465 5699 JOLI
3499 5656 3650 5697 POINT
3681 5652 3744 5691 DE
3776 5652 3873 5694 VUE

3058 5736 3256 5779 Très
3306 5740 3462 5778 loori
3511 5744 3718 5783 pour
3772 5732 3843 5776 la
3899 5742 4187 5783 chasse

3150 5815 3556 5868 CONTENANCE
3591 5816 3599 5860 :
3638 5816 3804 5868 2-500
3836 5816 4083 5870 MÈTRES

3055 5903 3159 5955 Près
3184 5903 3220 5952 le
3243 5899 3430 5950 château
3455 5894 3504 5947 de
3531 5894 3584 5948 M.
3615 5896 3651 5952 le
3682 5906 3870 5972 marquis
3911 5904 3960 5954 de
3996 5902 4187 5956 Coriolis

3693 6040 3740 6071 Le
3762 6038 3898 6078 gérant
3919 6044 3930 6066 :
3955 6035 4098 6074 Bonal.

3051 6130 3163 6171 Impr.
3180 6131 3339 6173 spèciale
3362 6136 3411 6171 du
3428 6138 3522 6171 Lien
3551 6139 3604 6172 du
3626 6138 3800 6176 Mariage
3806 6162 3811 6176 ,
3828 6138 3946 6179 11,rue
3959 6142 4004 6174 de
4022 6144 4054 6177 la
4074 6146 4178 6176 Paix.
