4717 7064
574 523 840 571 Troisième
878 522 1061 571 Année.
1102 550 1160 556 —
1190 523 1243 571 N'
1272 523 1348 571 15.

1940 530 2291 582 Edition
2334 535 2813 588 Mensuelle

3451 547 3580 595 Mois
3600 559 3659 596 de
3680 550 3826 599 Mars
3855 554 3994 602 1892.

983 1401 1639 1502 DÉLICATESSE,
1699 1415 2407 1508 HONORABILITÉ,
2463 1419 2863 1496 PROBITÉ
2915 1436 2971 1496 &
3027 1423 3575 1501 DISCRÉTION

571 1658 675 1705 ÎO
706 1656 950 1708 Gent.
982 1657 1026 1710 le
1052 1658 1274 1711 Numéro

1862 1667 2158 1721 OFFICE
2214 1672 2690 1725 MONDONET

3280 1683 3384 1732 ÎO
3415 1683 3659 1735 Gent.
3691 1683 3734 1732 le
3762 1681 3982 1735 Numéro

538 1763 658 1798 Envoi
678 1767 794 1806 gratis
811 1768 900 1803 hors
918 1770 953 1802 la
973 1770 1068 1802 Ville
1090 1771 1124 1803 et
1146 1770 1167 1802 à
1186 1769 1347 1803 l’Etran¬

496 1807 560 1846 ger
599 1808 620 1839 à
650 1811 754 1843 toute
792 1820 976 1851 personne
1015 1813 1078 1854 qui
1122 1822 1167 1844 en
1212 1813 1278 1844 fait
1311 1812 1345 1845 la

494 1848 680 1883 demande
698 1860 764 1894 par
784 1854 891 1886 lettre
914 1854 1127 1892 affranchie,
1155 1856 1192 1886 et
1217 1855 1345 1887 franco

494 1899 583 1923 sous
603 1882 807 1936 enveloppe
827 1894 998 1927 cachetée
1019 1895 1147 1928 contre
1170 1895 1224 1928 30
1247 1900 1343 1928 cent,

496 1942 539 1966 en
563 1935 728 1968 timbres.

1512 1752 1578 1802 G,
1612 1755 2038 1799 Boulevard
2074 1760 2166 1800 de
2209 1762 2275 1802 ]a.
2320 1762 2779 1816 jMLacjdeleine
2822 1766 2912 1816 (au

2082 1843 2463 1889 MARSEILLE

1456 1914 1606 1952 Ouvert
1628 1917 1718 1952 tous
1736 1912 1790 1954 les
1802 1915 1922 1966 jours
1938 1916 1983 1955 de
1999 1919 2026 1957 2
2039 1915 2079 1956 h.
2098 1916 2122 1958 à
2139 1919 2162 1959 8
2178 1916 2214 1959 h.
2235 1920 2288 1960 du
2302 1922 2402 1971 soir,
2422 1927 2460 1963 et
2479 1921 2514 1964 le
2530 1923 2747 1965 dimanche
2767 1927 2812 1966 de
2835 1927 2856 1966 9
2881 1923 2918 1966 h.

2954 1766 3040 1817 1er)

2944 1924 2968 1964 à
2990 1926 3093 1966 midi

3246 1803 3424 1844 Mariages
3438 1804 3558 1836 riches
3571 1814 3664 1846 pour
3678 1808 3800 1839 toutes
3818 1807 3870 1838 les
3888 1807 4054 1839 fortunes

3203 1846 3240 1875 et
3268 1848 3392 1878 toutes
3421 1846 3475 1878 les
3506 1847 3702 1887 positions.
3735 1848 3784 1880 La
3822 1848 3967 1881 maison
4005 1858 4051 1881 ne

3202 1886 3370 1925 s’occupe
3387 1896 3457 1926 que
3479 1887 3544 1920 des
3562 1888 3699 1922 unions
3719 1890 3900 1928 possibles
3919 1894 3955 1923 et
3973 1898 3990 1922 s
4003 1899 4049 1923 an

3203 1928 3320 1966 tâche.

497 2085 574 2197 La
593 2082 838 2199 Mission
869 2084 942 2200 Au
977 2129 1006 2181 «
1045 2089 1178 2198 Lien
1209 2086 1282 2203 du
1325 2091 1570 2225 Mariags
1597 2133 1621 2186 »

568 2294 751 2337 Notre
779 2296 886 2338 but
914 2299 1010 2340 est
1039 2299 1551 2346 essentiellement

491 2371 695 2422 moral,
731 2371 990 2416 honnête
1018 2376 1076 2416 et
1102 2375 1625 2435 philanthropique

551 2490 681 2534 Dans
707 2495 841 2537 notre
861 2492 925 2536 fin
951 2493 1009 2539 de
1044 2495 1185 2540 siècle
1226 2499 1286 2542 où
1310 2502 1411 2543 tout
1432 2502 1623 2544 marche

494 2562 519 2606 à
559 2562 600 2607 ia
626 2576 817 2623 vapeur,
842 2567 887 2608 et
923 2567 980 2610 où
1018 2567 1060 2611 la
1093 2570 1266 2612 société
1290 2571 1354 2614 vit
1391 2571 1512 2616 dans
1534 2586 1626 2619 une

493 2636 682 2679 activité
703 2634 959 2683 dévorante
983 2652 992 2695 ;
1023 2642 1087 2684 les
1107 2640 1276 2696 jeunes
1296 2654 1416 2698 gens
1437 2645 1623 2691 sérieux

493 2706 571 2762 qui
592 2706 848 2755 cherchent
871 2712 896 2755 à
916 2724 967 2756 se
983 2712 1112 2755 créer
1136 2726 1225 2758 une
1249 2714 1452 2771 position
1475 2730 1624 2762 avan¬

491 2782 688 2835 tageuse
711 2783 854 2838 parle
879 2784 1062 2836 travail,
1086 2786 1248 2830 vivant
1271 2788 1391 2832 dans
1420 2788 1484 2834 les
1508 2794 1622 2847 pré¬

490 2851 799 2908 occupations
818 2856 1092 2900 constantes
1127 2856 1239 2902 d’un
1269 2859 1434 2904 labeur
1455 2863 1624 2908 ardent

490 2935 607 2979 pour
628 2923 806 2968 arriver
827 2926 852 2969 à
872 2929 992 2972 cette
1012 2927 1094 2983 fin,
1132 2930 1378 2987 négligent
1411 2932 1476 2979 les
1499 2936 1620 2980 rela¬

486 2994 612 3037 tions
648 2996 848 3042 sociales
885 3001 963 3055 qui
1003 3003 1279 3056 pourraient
1315 3005 1381 3049 les
1422 3019 1619 3063 pousser

489 3078 592 3108 vers
616 3066 655 3110 le
698 3070 928 3126 mariage.
967 3074 1194 3131 Lorsque,
1219 3075 1362 3130 enfin,
1387 3079 1567 3123 arrivés
1591 3080 1618 3123 à

485 3140 636 3183 trente
663 3152 720 3184 ou
751 3146 984 3196 quarante
1007 3158 1110 3199 ans,
1135 3146 1191 3190 ils
1220 3151 1302 3191 ont
1324 3150 1490 3206 acquis
1526 3163 1618 3196 une

484 3208 687 3263 position
729 3212 807 3267 qui
830 3211 930 3256 leur
964 3219 1144 3271 permet
1172 3216 1228 3261 de
1267 3220 1472 3276 respirer
1494 3225 1538 3266 et
1560 3222 1616 3267 de

483 3282 710 3334 regarder
750 3284 776 3326 à
816 3282 916 3327 leur
967 3288 1136 3331 entour
1183 3302 1302 3346 pour
1358 3294 1616 3348 compléter

484 3351 582 3396 leur
622 3354 825 3399 carrière
853 3368 938 3412 par
978 3370 1040 3400 un
1082 3359 1315 3415 mariage,
1340 3362 1395 3406 ils
1425 3366 1615 3407 sentent

480 3424 522 3466 le
552 3426 655 3468 vide
674 3431 846 3471 autour
864 3428 1003 3473 d’eux
1032 3432 1078 3474 et
1095 3434 1203 3475 sont
1227 3446 1344 3491 pour
1374 3435 1493 3480 ainsi
1515 3436 1615 3483 dire

479 3495 771 3540 désorientés
794 3506 850 3542 ne
871 3506 1096 3560 trouvant
1113 3519 1347 3560 personne
1363 3510 1421 3551 de
1442 3523 1614 3553 conve¬

479 3566 618 3610 nable
650 3568 771 3612 dans
793 3570 832 3613 le
866 3572 1015 3616 cercle
1038 3573 1119 3618 des
1154 3574 1380 3620 relations
1403 3579 1463 3622 où
1486 3579 1542 3622 ils
1563 3593 1612 3624 se

478 3643 586 3686 sont
604 3655 710 3687 mus
730 3640 1034 3703 jusqu’alors.

532 3728 742 3770 Souvent
780 3730 1089 3786 découragés,
1145 3734 1200 3777 ils
1257 3735 1473 3780 finissent
1523 3751 1611 3794 par

474 3807 700 3839 renoncer
723 3811 783 3842 au
823 3801 1036 3856 mariage
1058 3803 1095 3846 si
1127 3816 1216 3848 une
1251 3806 1380 3850 main
1404 3808 1527 3852 amie
1551 3822 1608 3854 ne

472 3868 599 3911 vient
633 3868 700 3912 les
719 3871 850 3915 aider
870 3876 915 3916 et
952 3873 1020 3918 les
1039 3876 1208 3930 guider
1241 3878 1363 3923 dans
1398 3879 1438 3924 le
1471 3880 1609 3926 choix

474 3938 611 3986 d'une
634 3955 900 4003 compagne
922 3947 1000 4003 qui
1023 3948 1119 3992 doit
1139 3953 1364 4007 partager
1388 3951 1488 3998 leur
1514 3955 1600 4008 vie,

474 4012 600 4059 leurs
616 4014 736 4072 joies
754 4020 799 4062 et
820 4018 947 4063 leurs
964 4022 1140 4076 peines.

532 4099 655 4143 C’est
681 4100 722 4144 le
761 4102 844 4144 but
875 4114 964 4158 que
996 4102 1108 4148 s’est
1144 4107 1344 4162 proposé
1394 4108 1434 4152 le
1481 4110 1607 4154 Lien

473 4166 542 4210 du
580 4168 819 4228 Mariage
851 4187 859 4214 :
896 4174 1007 4218 Etre
1032 4172 1178 4227 l’ami,
1202 4175 1244 4221 le
1260 4178 1402 4234 guide
1432 4182 1478 4223 et
1496 4180 1603 4224 l’in¬

473 4239 687 4284 dicateur
724 4242 807 4287 des
848 4244 1019 4290 unions
1056 4247 1288 4294 honnêtes
1319 4252 1367 4295 et
1387 4251 1605 4296 honora¬

471 4310 586 4356 bles.
616 4314 762 4359 Notre
782 4315 866 4360 but
884 4319 954 4362 est
986 4320 1384 4367 essentiellement
1408 4324 1604 4382 philan¬

470 4383 722 4443 thropique
747 4391 794 4432 et
813 4391 1211 4436 essentiellement
1234 4395 1399 4440 moral.

530 4470 592 4512 La
632 4471 909 4527 population
944 4474 1122 4520 décroît
1156 4490 1296 4535 parce
1318 4492 1408 4539 que
1430 4480 1471 4527 le
1494 4496 1603 4528 ma¬

466 4540 598 4596 riage
618 4546 688 4584 est
707 4543 891 4599 négligé
911 4556 920 4599 ;
942 4550 987 4589 et
1010 4547 1048 4590 le
1072 4551 1284 4606 mariage
1303 4556 1373 4597 est
1390 4555 1599 4612 négligé,

466 4624 607 4668 parce
627 4626 719 4670 que
744 4614 965 4660 l’homme
986 4622 1199 4675 emporté
1233 4634 1318 4678 par
1340 4623 1380 4667 le
1404 4627 1602 4670 tourbil¬

464 4684 541 4727 lon
566 4684 647 4728 des
678 4686 887 4739 affaires,
914 4687 988 4731 n’a
1010 4700 1094 4744 pas
1115 4690 1156 4734 le
1179 4694 1334 4748 temps
1354 4695 1410 4736 de
1428 4694 1599 4740 s’arrê¬

465 4759 535 4800 ter
554 4770 672 4815 pour
694 4759 935 4803 combiner
955 4762 1001 4804 et
1027 4760 1255 4807 chercher
1284 4763 1388 4810 telle
1410 4778 1470 4811 ou
1493 4767 1599 4813 telle

466 4827 611 4871 union
632 4831 710 4883 qui
738 4834 948 4886 pourrait
975 4832 1035 4876 lui
1060 4836 1300 4879 convenir.

520 4915 556 4958 Il
579 4915 655 4959 n’a
678 4930 763 4975 pas
785 4918 824 4962 le
848 4922 1001 4976 temps
1022 4923 1067 4964 et
1107 4936 1164 4966 ne
1186 4927 1295 4980 peut
1332 4938 1495 4982 passer
1514 4928 1595 4973 des

462 4988 582 5032 mois
603 4994 646 5034 et
668 4993 910 5046 peut-être
932 4991 1014 5036 des
1032 4995 1210 5037 années
1232 4996 1258 5038 à
1282 4995 1468 5042 décider
1491 4999 1595 5044 telle

460 5074 693 5118 personne
732 5064 759 5107 à
800 5066 1024 5120 partager
1056 5078 1108 5108 sa
1139 5067 1210 5110 vie
1232 5078 1243 5120 ;
1269 5067 1296 5108 il
1325 5080 1379 5111 ne
1400 5075 1592 5115 connaît

458 5146 545 5189 pas
566 5134 675 5178 bien
710 5136 755 5179 la
788 5135 1015 5180 situation
1049 5136 1106 5180 de
1143 5139 1264 5182 cette
1286 5151 1536 5195 personne,
1562 5138 1587 5184 il

455 5205 603 5250 hésite
638 5211 683 5251 et
719 5209 820 5253 finit
852 5224 935 5267 par
966 5223 1190 5255 renoncer
1215 5224 1275 5255 au
1311 5214 1524 5268 mariage
1546 5217 1591 5258 et

454 5287 504 5318 se
525 5275 740 5332 résigner
761 5280 789 5323 à
812 5282 940 5327 vivre
970 5282 1205 5327 d’amitiés
1228 5284 1526 5340 passagères.

512 5362 632 5406 Mais
652 5374 704 5405 ce
734 5366 812 5420 qui
851 5368 1004 5412 arrive
1028 5382 1147 5426 pour
1175 5368 1240 5414 les
1259 5367 1427 5424 jeunes
1449 5381 1583 5425 gens,

454 5435 606 5479 arrive
630 5435 738 5481 bien
760 5436 866 5495 plus
898 5452 1066 5486 encore
1088 5455 1204 5499 pour
1228 5443 1293 5487 les
1330 5454 1586 5500 personnes

453 5505 531 5560 qui
558 5511 703 5560 ayant
740 5510 812 5552 été
851 5511 987 5555 unies
1022 5527 1113 5558 une
1143 5515 1373 5571 première
1411 5515 1498 5557 fois
1535 5525 1584 5555 se

452 5579 671 5620 trouvent
696 5583 795 5627 tout
818 5583 843 5627 à
866 5595 986 5640 coup
1024 5584 1246 5632 désunies
1279 5599 1363 5644 par
1388 5587 1427 5631 le
1447 5585 1584 5631 décès

451 5648 509 5692 de
531 5649 656 5692 l’une
678 5651 853 5700 d'elles.

508 5734 659 5789 Après
688 5736 827 5781 s’être
860 5740 1131 5800 longtemps
1154 5744 1363 5789 abîmées
1386 5743 1504 5787 dans
1538 5743 1582 5785 la

448 5804 644 5849 douleur
671 5810 717 5849 et
750 5811 880 5854 avoir
915 5815 1034 5870 payé
1080 5828 1142 5859 un
1175 5814 1299 5872 juste
1344 5816 1486 5860 tribut
1527 5814 1580 5858 de

447 5879 620 5923 larmes
642 5879 668 5922 à
696 5877 878 5935 l’époux
914 5896 972 5927 ou
998 5887 1024 5928 à
1056 5886 1260 5944 l’épouse
1284 5888 1499 5943 décédée,
1525 5886 1580 5931 ils

444 5954 631 5996 sentent
668 5951 772 6008 plus
795 5953 1030 5999 vivement
1068 5958 1107 6002 le
1130 5960 1233 6004 vide
1255 5962 1334 6018 qui
1366 5959 1474 6006 s’est
1496 5959 1579 6003 fait

444 6023 616 6064 autour
651 6024 713 6068 du
752 6024 1016 6079 survivant,
1062 6028 1115 6072 ils
1147 6037 1227 6076 ont
1267 6034 1431 6078 besoin
1468 6032 1578 6077 d’un

444 6106 575 6138 cœur
596 6096 689 6136 ami
728 6098 803 6152 qui
847 6096 912 6140 les
945 6100 1135 6143 console
1170 6112 1228 6147 ou
1266 6106 1331 6148 les
1366 6107 1572 6162 protège.

443 6167 505 6211 Ils
526 6166 736 6222 aspirent
758 6170 784 6210 à
806 6174 927 6215 cette
955 6171 1025 6214 vie
1047 6174 1299 6230 tranquille
1315 6178 1515 6235 paisible
1534 6179 1579 6222 et

440 6239 692 6290 ntérieure,
729 6238 840 6282 faite
871 6242 1150 6288 d’intimités
1171 6248 1216 6289 et
1236 6248 1292 6292 de
1316 6248 1576 6294 confiden¬

1702 2101 1781 2134 ces
1807 2103 1898 2147 que
1935 2091 1981 2135 la
2016 2097 2140 2137 mort
2176 2108 2204 2138 a
2241 2110 2456 2155 rompue.
2494 2100 2625 2142 Dans
2665 2111 2718 2142 ce
2755 2111 2838 2142 cas

1700 2160 1923 2207 l’homme
1964 2176 1990 2207 a
2038 2166 2202 2209 besoin
2242 2168 2382 2214 d’une
2423 2171 2546 2214 amie
2584 2171 2738 2227 pleine
2779 2171 2835 2214 de

1700 2232 1831 2275 soins
1858 2238 1903 2278 et
1930 2235 1987 2279 de
2016 2236 2356 2282 dévouements
2377 2251 2389 2294 ;
2411 2240 2453 2283 la
2472 2240 2612 2284 dame
2634 2242 2836 2287 cherche

1703 2315 1766 2346 un
1787 2307 1988 2360 soutien,
2016 2320 2078 2351 un
2106 2313 2370 2367 protecteur
2410 2314 2455 2355 et
2478 2324 2543 2355 un
2566 2312 2687 2356 aide.
2715 2315 2835 2357 Mais

1699 2376 1760 2419 où
1800 2379 1988 2423 trouver
2010 2379 2054 2423 la
2098 2393 2330 2437 personne
2366 2383 2444 2440 qui
2478 2383 2691 2428 réunisse
2726 2386 2833 2428 tous

1699 2447 1767 2492 les
1807 2450 2075 2496 désidérata
2096 2453 2118 2496 ?
2139 2455 2204 2498 La
2224 2458 2346 2499 mort
2366 2456 2444 2514 qui
2468 2470 2495 2501 a
2516 2458 2556 2501 si
2591 2458 2834 2514 brusque¬

1699 2524 1827 2563 ment
1867 2523 2160 2583 interrompu
2202 2526 2242 2571 le
2275 2540 2415 2573 cours
2451 2529 2507 2575 de
2544 2532 2666 2575 cette
2702 2531 2834 2575 exis¬

1700 2594 1832 2636 tence
1852 2594 2015 2639 n’était
2036 2610 2124 2652 pas
2144 2600 2304 2643 entrée
2326 2600 2447 2646 dans
2465 2601 2533 2647 les
2563 2602 2743 2647 calculs
2776 2603 2833 2647 de

1698 2664 1743 2709 la
1766 2667 1835 2710 vie
1870 2680 2138 2715 commune.
2180 2673 2248 2716 Où
2286 2675 2475 2718 trouver
2514 2675 2556 2718 la
2596 2688 2832 2732 personne

1698 2739 1969 2786 réunissant
1990 2743 2056 2787 les
2077 2744 2344 2791 conditions
2365 2760 2484 2804 pour
2505 2761 2599 2792 une
2627 2748 2831 2793 seconde

1699 2811 1862 2858 union.

1759 2900 1818 2942 Le
1834 2898 2024 2955 journal
2054 2900 2095 2946 le
2118 2902 2242 2946 Lis/r
2263 2902 2332 2947 à
2368 2903 2603 2963 Mariage
2643 2906 2758 2951 offre
2802 2907 2830 2950 à

1696 2971 1802 3014 tous
1826 2982 1915 3015 une
1951 2972 2179 3018 situation
2215 2974 2472 3019 semblable
2498 2979 2543 3020 et
2576 2976 2764 3033 lorsque
2787 2980 2827 3022 la

1693 3055 1926 3099 personne
1946 3045 2087 3102 qu'on
2127 3047 2279 3092 désire
2301 3062 2358 3092 ne
2395 3048 2463 3104 s’y
2482 3051 2646 3094 trouve
2668 3063 2772 3106 pas,
2799 3054 2825 3096 il

1690 3114 1768 3171 n’y
1784 3127 1812 3158 a
1827 3116 1935 3172 qu’à
1958 3118 2217 3164 s’adresser
2250 3122 2278 3164 à
2307 3119 2528 3166 l'Office
2562 3123 2826 3165 Mondonet

1691 3188 1769 3242 qui
1792 3200 1819 3231 a
1843 3201 1904 3232 un
1927 3191 2083 3244 grand
2107 3191 2301 3236 nombre
2319 3192 2376 3236 de
2407 3193 2727 3250 propositions
2744 3195 2823 3251 qui

1690 3271 1749 3303 ne
1768 3259 1976 3314 figurent
1996 3275 2084 3318 pas
2105 3263 2224 3307 dans
2246 3276 2324 3308 ces
2344 3264 2585 3309 colonnes.

1749 3343 1892 3386 Notre
1910 3342 2099 3399 journal
2136 3359 2162 3390 a
2186 3359 2303 3403 pour
2325 3348 2408 3392 but
2424 3347 2632 3393 d’ouvrir
2653 3350 2698 3393 la
2720 3350 2823 3395 voie

1687 3411 1945 3459 honorable
1979 3416 2035 3460 de
2072 3417 2115 3462 la
2152 3420 2326 3464 société
2363 3422 2390 3464 à
2434 3423 2560 3466 toute
2590 3434 2824 3480 personne

1687 3487 1764 3539 qui
1783 3499 1835 3531 se
1854 3491 2022 3534 trouve
2043 3490 2164 3535 dans
2183 3492 2375 3548 pareille
2395 3495 2641 3539 situation.

1769 3630 1911 3672 Rôle
1942 3631 2020 3675 du
2059 3650 2077 3671 «
2114 3634 2256 3678 Lien
2283 3638 2363 3680 du
2395 3638 2655 3693 Mariage
2693 3655 2711 3678 »

1740 3763 1875 3807 Nous
1895 3775 2159 3822 proposons
2194 3765 2263 3810 les
2301 3779 2563 3823 personnes
2582 3782 2697 3815 avec
2719 3770 2819 3815 leur

1682 3834 1908 3879 situation
1949 3836 2006 3880 de
2043 3838 2226 3882 fortune
2258 3842 2303 3883 et
2348 3839 2404 3883 de
2440 3840 2673 3895 moralité,
2699 3855 2818 3887 nous

1683 3904 1859 3952 faisons
1892 3907 1958 3952 les
1994 3910 2271 3966 demandes,
2302 3912 2578 3957 abouchons
2614 3915 2679 3959 les
2702 3927 2816 3972 per¬

1682 3993 1855 4027 sonnes
1895 3985 1940 4027 et
1979 3986 2184 4029 mettons
2214 3998 2272 4030 en
2294 3986 2520 4044 présence
2555 3987 2620 4032 les
2642 3987 2813 4034 futurs.

1679 4054 1812 4098 Nous
1832 4067 2039 4100 sommes
2062 4056 2127 4100 les
2163 4058 2540 4104 intermédiaires
2580 4060 2663 4106 des
2703 4075 2815 4118 pre¬

1682 4126 1850 4167 mières
1887 4130 2155 4180 entrevues,
2194 4128 2411 4184 toujours
2447 4134 2543 4174 très
2579 4136 2815 4187 gênantes

1679 4198 1723 4237 et
1763 4197 1855 4240 très
1878 4197 2099 4242 délicates
2123 4212 2239 4256 pour
2263 4202 2344 4244 des
2367 4214 2627 4257 personnes
2646 4204 2724 4259 qui
2762 4216 2811 4247 se

1679 4267 1836 4310 voient
1863 4280 1983 4324 pour
2004 4270 2049 4312 la
2090 4271 2321 4327 première
2359 4272 2459 4316 fois.
2494 4275 2626 4318 Nous
2640 4275 2809 4319 "résol¬

1679 4351 1795 4383 vons
1842 4343 2009 4384 autant
2048 4354 2139 4399 que
2182 4343 2383 4400 possible
2442 4344 2508 4390 les
2560 4344 2811 4391 difficultés

1678 4415 1755 4470 qui
1778 4418 1984 4470 peuvent
2016 4428 2066 4460 se
2090 4418 2331 4473 présenter
2354 4418 2474 4463 dans
2510 4419 2554 4463 la
2582 4421 2807 4464 situation

1676 4483 1733 4527 de
1755 4486 1878 4531 l’une
1895 4486 2070 4531 d’elles.
2095 4489 2226 4532 Nous
2246 4503 2454 4538 sommes
2474 4490 2572 4535 leur
2595 4491 2810 4536 intermé¬

1675 4556 1822 4600 diaire
1852 4562 1896 4603 et
1937 4560 2035 4604 leur
2066 4562 2175 4603 ami.
2202 4563 2303 4616 Oui,
2330 4562 2429 4607 leur
2448 4563 2559 4616 ami,
2584 4575 2666 4606 car
2687 4576 2810 4608 nous

1674 4628 1982 4675 considérons
2002 4644 2186 4675 comme
2215 4634 2276 4677 tel
2314 4638 2446 4679 notre
2485 4635 2582 4679 rôle
2605 4648 2722 4692 pour
2742 4636 2808 4680 les

1674 4711 1932 4755 personnes
1963 4703 2042 4760 qui
2083 4715 2203 4748 nous
2239 4706 2471 4762 chargent
2508 4707 2568 4750 du
2608 4708 2711 4751 soin
2751 4708 2806 4751 de

1671 4771 1772 4816 leur
1794 4775 1955 4818 union.

1728 4856 1850 4901 Elles
1866 4863 2068 4915 peuvent
2080 4865 2292 4919 compter
2304 4875 2386 4908 sur
2399 4866 2532 4907 notre
2548 4862 2802 4907 discrétion

1668 4927 1878 4972 absolue.
1915 4930 2060 4975 Notre
2083 4934 2216 4978 office
2240 4939 2311 4979 est
2344 4947 2406 4979 un
2431 4935 2652 4979 tombeau
2683 4948 2803 4992 pour

1669 4996 1735 5043 les
1755 5003 1932 5045 secrets
1954 5004 2031 5060 qui
2055 5016 2176 5048 nous
2196 5010 2304 5050 sont
2326 5005 2516 5051 confiés.

1726 5086 1950 5138 Souvent,
1999 5090 2171 5140 même,
2214 5087 2256 5131 la
2288 5091 2519 5146 première
2555 5093 2800 5148 présenta¬

1664 5154 1762 5196 tion
1802 5167 1830 5197 a
1866 5155 1958 5199 lieu
1984 5169 2099 5201 sans
2127 5157 2396 5214 qu'aucune
2434 5162 2517 5207 des
2538 5162 2657 5207 deux
2695 5176 2798 5219 par¬

1664 5225 1751 5268 ties
1771 5226 2022 5271 connaisse
2043 5227 2084 5270 le
2108 5242 2219 5273 nom
2254 5231 2311 5274 de
2348 5233 2514 5276 l’autre
2534 5238 2578 5276 et
2599 5246 2719 5276 nous
2738 5247 2796 5278 ne

1663 5295 1728 5339 les
1748 5296 1927 5342 faisons
1946 5304 2191 5346 connaître
2217 5314 2307 5359 que
2334 5315 2415 5348 sur
2435 5303 2535 5348 leur
2556 5306 2767 5350 autorisa

1662 5368 1759 5411 tion
1780 5380 2019 5425 expresse.

1717 5455 1791 5498 Un
1807 5450 1995 5507 journal
2016 5466 2134 5508 pour
2150 5456 2391 5512 mariages
2408 5459 2530 5504 dans
2543 5474 2634 5505 une
2651 5463 2794 5518 petite

1658 5523 1763 5568 ville
1780 5523 1840 5567 où
1863 5526 1963 5567 tout
1983 5523 2023 5568 le
2051 5527 2223 5570 monde
2248 5540 2300 5570 se
2317 5534 2511 5575 connaît
2531 5535 2576 5576 et
2598 5538 2792 5576 connaît

1656 5595 1700 5638 la
1723 5595 1948 5639 situation
1970 5595 2026 5638 de
2048 5607 2134 5640 son
2172 5599 2340 5651 voisin,
2366 5600 2571 5646 n’aurait
2611 5618 2696 5660 pas
2736 5606 2791 5650 de

1656 5667 1815 5711 raison
1844 5667 2004 5721 d’être,
2029 5668 2152 5712 mais
2171 5668 2293 5712 dans
2330 5683 2423 5715 une
2460 5675 2646 5728 grande
2666 5676 2786 5731 ville,

1655 5751 1838 5784 comme
1871 5740 1915 5783 la
1953 5743 2100 5796 nôtre,
2140 5740 2200 5784 où
2238 5740 2422 5786 chacun
2464 5757 2608 5800 pense
2651 5751 2679 5791 à
2715 5760 2790 5792 ses

1654 5811 1843 5856 affaires
1863 5812 1910 5854 et
1938 5824 2033 5856 non
2055 5813 2083 5855 à
2098 5811 2235 5856 celles
2254 5812 2310 5856 de
2331 5826 2407 5858 ses
2428 5816 2606 5861 voisins
2630 5830 2640 5873 ;
2663 5822 2709 5863 et
2727 5820 2788 5864 où

1652 5884 1760 5928 bien
1782 5886 1980 5928 souvent
2003 5884 2067 5928 les
2092 5883 2336 5928 habitants
2356 5885 2412 5930 de
2432 5884 2478 5931 la
2502 5891 2655 5935 même
2672 5892 2787 5935 mai¬

1651 5968 1736 5999 son
1759 5967 1816 5999 ne
1850 5967 1899 5999 se
1935 5958 2240 6000 connaissent
2279 5968 2364 6014 pas
2383 5960 2514 6003 entre
2531 5972 2636 6016 eux,
2663 5962 2691 6004 il
2715 5964 2786 6007 est

1651 6027 1916 6071 nécessaire
1958 6027 2067 6071 d’un
2119 6029 2212 6072 ami
2258 6028 2471 6083 général,
2524 6031 2636 6075 d’un
2688 6034 2782 6076 ami

1651 6111 1871 6144 commun
1895 6098 1971 6155 qui
1995 6104 2234 6156 groupant
2276 6099 2396 6143 dans
2419 6114 2482 6144 un
2523 6106 2656 6146 vaste
2692 6115 2782 6147 en¬

1651 6171 1843 6223 semble,
1868 6170 1934 6215 les
1970 6170 2112 6215 offres
2148 6174 2192 6214 et
2233 6171 2299 6214 les
2339 6169 2616 6226 demandes,
2643 6187 2782 6218 com¬

1653 6247 1756 6291 bine
1780 6244 1840 6288 lui
1882 6247 2032 6288 même
2055 6242 2120 6287 les
2154 6243 2424 6298 situations,
2452 6243 2518 6290 les
2548 6247 2682 6302 âges,
2715 6246 2782 6291 les

2911 2102 3071 2154 goûts,
3111 2098 3179 2143 les
3211 2097 3404 2155 figures,
3462 2096 3528 2140 les
3580 2097 3792 2141 fortunes
3831 2099 3876 2140 et
3924 2098 4048 2143 fasse

2912 2170 2974 2212 lui
3011 2174 3166 2215 même
3190 2170 3256 2215 les
3279 2169 3596 2227 propositions
3631 2167 3695 2213 les
3736 2168 3842 2225 plus
3886 2173 4043 2215 sorta¬

2909 2240 3026 2285 bles.

2968 2325 3050 2369 Cet
3071 2324 3164 2368 ami
3187 2338 3428 2376 commun,
3454 2323 3567 2368 c'est
3591 2324 3753 2368 l’office
3775 2324 4044 2378 Mondonet,

2907 2396 2951 2447 6,
2978 2398 3016 2439 B'
3020 2395 3026 2416 1
3063 2397 3119 2439 de
3140 2396 3184 2440 la
3207 2395 3516 2451 Magdeleine,
3554 2395 3666 2439 c’est
3700 2396 3738 2439 le
3775 2395 3964 2452 journal
4005 2395 4044 2440 le

2910 2464 3035 2510 Lien
3058 2467 3126 2511 du
3155 2468 3395 2526 Mariage
3415 2467 3494 2524 qui
3523 2470 3592 2511 est
3613 2480 3699 2511 son
3723 2467 3984 2511 auxiliaire.

2966 2551 3179 2596 Pendant
3202 2551 3474 2607 longtemps
3499 2551 3524 2594 il
3564 2563 3590 2594 a
3630 2550 3775 2595 existé
3812 2562 3903 2594 une
3939 2549 4044 2606 pré¬

2908 2625 3097 2668 vention
3122 2626 3216 2668 très
3246 2624 3471 2680 marquée
3504 2624 3667 2666 contre
3695 2622 3761 2666 les
3800 2622 4043 2675 mariages

2907 2695 2999 2739 dits
3014 2695 3070 2739 de
3094 2695 3400 2752 proposition,
3426 2707 3486 2738 on
3511 2694 3687 2739 voulait
3708 2706 3759 2738 se
3784 2692 4043 2750 persuader

2907 2767 3017 2824 qu’il
3050 2780 3107 2811 ne
3139 2768 3333 2824 pouvait
3352 2767 3492 2811 sortir
3511 2766 3593 2809 des
3611 2777 3817 2820 agences
3846 2778 3935 2820 que
3958 2764 4041 2809 des

2906 2840 3144 2895 mariages
3164 2840 3444 2897 disparates.

2963 2923 3032 2967 En
3056 2924 3156 2968 face
3179 2923 3262 2967 des
3292 2923 3514 2967 résultats
3554 2920 3815 2966 contraires
3835 2920 4039 2964 obtenus

2906 3007 2991 3050 par
3044 3006 3123 3038 ces
3185 2996 3412 3048 bureaux,
3455 3006 3516 3038 on
3574 2994 3644 3036 est
3683 2992 3800 3035 sorti
3828 2991 4029 3048 complè¬

2903 3068 3079 3110 tement
3118 3066 3175 3110 de
3214 3070 3334 3111 cette
3384 3064 3676 3123 prévention.
3720 3062 3931 3107 L’estime
3974 3063 4035 3107 du

2903 3137 3060 3192 public
3078 3142 3149 3183 est
3171 3139 3468 3183 absolument
3482 3136 3673 3194 acquise
3692 3147 3791 3178 aux
3807 3147 4032 3190 agences,

2903 3220 3019 3264 pour
3042 3210 3084 3252 la
3107 3211 3264 3254 raison
3296 3211 3402 3253 bien
3436 3207 3619 3264 simple,
3644 3219 3734 3263 que
3755 3206 3821 3250 les
3843 3205 4034 3248 affaires

2899 3280 3091 3324 traitées
3114 3294 3198 3338 par
3232 3280 3358 3334 elles,
3383 3280 3423 3324 le
3463 3280 3571 3323 sont
3591 3278 3698 3334 plus
3735 3276 4033 3332 rapidement

2899 3354 2943 3394 et
2985 3352 3088 3408 plus
3127 3354 3384 3402 sûrement,
3410 3352 3454 3395 et
3492 3362 3552 3394 on
3595 3352 3705 3406 peut
3742 3347 3840 3392 dire
3876 3359 3966 3405 que
3990 3347 4030 3392 le

2899 3422 3003 3479 plus
3022 3424 3174 3478 grand
3216 3423 3411 3467 nombre
3453 3422 3534 3464 des
3570 3422 3826 3476 mariages,
3877 3423 4030 3463 même

2895 3494 3067 3548 riches,
3085 3498 3165 3539 ont
3187 3495 3260 3539 été
3277 3494 3380 3552 plus
3400 3506 3460 3538 ou
3480 3494 3634 3537 moins
3656 3494 3745 3536 mis
3765 3504 3847 3536 sur
3868 3491 3911 3535 la
3928 3491 4029 3535 voie

2899 3580 2982 3623 par
3004 3580 3088 3611 nos
3116 3578 3335 3622 agences.
3371 3566 3500 3609 Nous
3524 3576 3644 3607 nous
3663 3563 3948 3607 efforcerons
3971 3562 4027 3606 de

2894 3638 3085 3680 mériter
3105 3639 3225 3680 cette
3245 3636 3411 3680 estime
3429 3635 3492 3678 du
3515 3634 3672 3691 public
3693 3646 3753 3677 en
3768 3636 4027 3690 apportant

2894 3708 3012 3751 dans
3062 3707 3104 3750 la
3160 3707 3432 3751 conclusion
3474 3706 3556 3750 des
3603 3704 3792 3750 affaires
3833 3704 3878 3747 la
3920 3704 4026 3762 plus

2891 3779 3073 3834 grande
3109 3779 3402 3832 délicatesse,
3427 3778 3471 3820 la
3504 3776 3611 3835 plus
3631 3776 3815 3832 grande
3835 3776 4019 3834 probité

2891 3854 2936 3894 et
2956 3850 3000 3895 la
3023 3851 3275 3895 discrétion
3296 3851 3341 3894 la
3371 3850 3476 3907 plus
3496 3847 3707 3894 absolue.

2951 3936 3036 3980 Les
3088 3936 3239 3980 beaux
3287 3935 3511 3979 résultats
3568 3946 3658 3990 que
3711 3946 3831 3977 nous
3868 3944 4019 3976 avons

2890 4008 3090 4052 obtenus
3146 4019 3267 4052 nous
3298 4010 3541 4063 engagent
3576 4007 3604 4048 à
3638 4005 3861 4062 persister
3900 4004 4020 4047 dans

2890 4083 3010 4124 cette
3044 4081 3163 4134 voie,
3198 4080 3419 4136 espérant
3458 4090 3547 4134 que
3582 4078 3622 4120 le
3652 4075 3807 4134 public
3840 4074 4016 4119 voudra

2888 4152 2996 4194 bien
3018 4163 3137 4195 nous
3158 4151 3405 4194 continuer
3426 4160 3503 4192 ses
3522 4149 3712 4192 faveurs
3747 4150 3793 4191 et
3812 4159 3865 4189 sa
3895 4156 4012 4189 con¬

2887 4221 3055 4265 fiance.

2946 4308 3007 4352 Le
3040 4307 3164 4351 Lien
3207 4306 3275 4351 du
3309 4305 3544 4364 Mariage
3578 4307 3647 4349 est
3687 4303 3727 4348 le
3759 4303 3867 4348 trait
3912 4303 4015 4347 d’u¬

2887 4379 2996 4423 nion
3036 4379 3118 4423 des
3151 4378 3366 4431 familles,
3390 4390 3484 4422 non
3520 4376 3780 4422 seulement
3803 4375 3859 4419 de
3882 4378 4015 4419 notre

2884 4450 3006 4507 ville,
3032 4451 3152 4495 mais
3184 4462 3352 4495 encore
3391 4450 3474 4494 des
3498 4448 3779 4509 principales
3802 4447 3932 4492 villes
3955 4446 4011 4492 de

2883 4525 3063 4567 France
3096 4527 3140 4568 et
3175 4523 3233 4567 de
3274 4523 3529 4576 l’étranger
3564 4522 3625 4564 où
3659 4523 3792 4564 notre
3829 4519 3963 4563 office
3985 4531 4013 4562 a

2882 4594 2964 4638 des
2999 4594 3396 4650 correspondants
3427 4592 3638 4636 discrets.
3664 4592 3795 4635 Nous
3821 4590 4014 4646 présen¬

2882 4667 2987 4707 tons
3007 4666 3128 4708 donc
3150 4676 3240 4707 aux
3267 4664 3403 4719 pères
3428 4662 3484 4705 de
3503 4662 3679 4704 famille
3706 4662 3930 4704 soucieux
3951 4659 4008 4703 de

2880 4735 3074 4780 l’avenir
3095 4735 3151 4779 de
3175 4735 3300 4778 leurs
3320 4734 3508 4778 enfants
3528 4736 3635 4776 tous
3655 4732 3720 4775 les
3742 4734 4004 4787 avantages

2878 4806 3015 4862 qu’ils
3036 4818 3094 4848 ne
3115 4806 3359 4850 sauraient
3387 4808 3575 4848 trouver
3600 4803 3697 4847 s’ils
3735 4807 3843 4847 sont
3864 4803 4007 4848 livrés

2878 4879 2904 4922 à
2926 4881 3212 4922 eux-mêmes
3232 4881 3278 4923 et
3300 4878 3420 4922 dans
3443 4876 3483 4919 le
3503 4874 3652 4920 cercle
3674 4875 3730 4919 de
3748 4874 3872 4919 leurs
3893 4887 4006 4919 con¬

2878 4951 3152 4995 naissances
3172 4960 3183 5003 ;
3219 4963 3277 4993 en
3299 4950 3420 5000 effet,
3451 4947 3902 5003 indépendamment
3923 4947 4006 4991 des

2875 5024 3140 5067 références
3160 5022 3411 5075 certaines,
3440 5019 3495 5062 ils
3530 5020 3612 5062 ont
3633 5019 3672 5062 le
3693 5017 3830 5062 choix
3854 5018 4003 5076 parmi

2873 5102 2918 5144 je
2939 5094 3092 5150 grand
3116 5092 3310 5136 nombre
3351 5091 3406 5135 de
3430 5091 3748 5148 propositions
3770 5102 3858 5146 que
3886 5102 4004 5133 con¬

2871 5167 3084 5210 tiennent
3123 5164 3188 5208 les
3223 5162 3448 5207 colonnes
3475 5162 3532 5206 de
3567 5164 3701 5204 notre
3715 5159 3922 5216 journal,
3949 5160 4006 5205 ils

2871 5239 3074 5295 peuvent
3091 5235 3206 5279 faire
3227 5235 3426 5292 épouser
3448 5235 3474 5276 à
3494 5232 3619 5276 leurs
3635 5232 3824 5276 enfants
3842 5232 3886 5276 la
3906 5246 4006 5290 per¬

2868 5322 3018 5354 sonne
3036 5307 3174 5366 qu'ils
3189 5307 3396 5352 désirent
3407 5306 3497 5350 soit
3516 5318 3698 5350 comme
3719 5304 3998 5363 profession,

2868 5381 3072 5431 fortune,
3107 5380 3364 5430 caractère,
3404 5377 3605 5432 position
3646 5374 3816 5419 sociale
3856 5378 3902 5420 et
3943 5375 3999 5418 ils

2867 5466 2924 5496 ne
2959 5452 3281 5508 s’exposeront
3319 5461 3406 5504 pas
3443 5450 3467 5491 à
3507 5448 3607 5492 leur
3642 5447 3759 5492 faire
3794 5447 3996 5503 épouser

2867 5536 2958 5568 une
2992 5532 3223 5580 personne
3245 5520 3322 5576 qui
3363 5518 3460 5562 leur
3496 5530 3602 5562 sera
3641 5518 3992 5575 antipathique,

2863 5596 2954 5639 soit
2972 5607 3058 5652 par
3079 5605 3164 5636 son
3187 5594 3291 5647 âge,
3312 5592 3401 5634 soit
3438 5602 3555 5646 pour
3588 5592 3695 5634 tous
3726 5592 3887 5633 autres
3911 5590 3998 5632 dé¬

2865 5667 2989 5710 fauts
3010 5665 3088 5722 qui
3126 5665 3233 5707 sont
3267 5663 3435 5705 autant
3474 5660 3531 5704 de
3567 5672 3735 5704 causes
3773 5660 3831 5704 de
3853 5659 3995 5704 désu¬

2863 5738 2974 5782 nion
2996 5737 3115 5780 dans
3136 5735 3176 5780 le
3199 5734 3412 5788 mariage
3434 5736 3479 5778 et
3512 5732 3724 5778 finissent
3751 5746 3834 5790 par
3856 5744 3991 5776 ame¬

2862 5822 2945 5852 ner
2966 5809 3007 5853 le
3027 5808 3215 5852 divorce
3236 5808 3280 5850 et
3306 5806 3350 5849 la
3370 5807 3664 5863 séparation.

2920 5895 3047 5936 Dans
3080 5891 3146 5936 les
3176 5890 3396 5935 colonnes
3426 5889 3487 5934 du
3520 5890 3640 5932 Lien
3671 5887 3739 5930 dit
3764 5887 3992 5942 Mariage

2859 5976 2916 6008 ou
2940 5964 2967 6008 à
2988 5963 3204 6008 l’Office
3224 5960 3502 6014 Mondonet,
3524 5960 3567 6012 G,
3591 5961 3624 6003 B
3627 5958 3640 5979 d
3659 5959 3715 6002 de
3731 5957 3774 6000 la
3798 5956 3991 6011 Magde¬

2857 6035 2994 6088 leine,
3025 6047 3086 6078 on
3108 6036 3218 6091 peut
3240 6037 3428 6079 trouver
3456 6030 3721 6075 facilement
3764 6040 3824 6072 un
3861 6039 3987 6083 gen¬

2856 6107 2954 6159 dre,
2980 6119 3042 6150 un
3080 6108 3230 6164 époux
3252 6119 3310 6151 ou
3332 6118 3424 6150 une
3446 6105 3618 6163 épouse
3646 6104 3671 6146 à
3710 6113 3792 6145 son
3822 6099 3906 6155 gré
3943 6103 3986 6143 et

2855 6191 2913 6223 en
2951 6181 3051 6222 tout
3091 6180 3221 6237 point
3259 6178 3496 6223 conforme
3539 6187 3631 6219 aux
3664 6175 3813 6218 désirs
3847 6174 3903 6216 de
3939 6170 3984 6218 la

2855 6262 3088 6307 personne
3107 6251 3134 6295 à
3155 6251 3348 6295 marier.
