4720 7064
2096 410 2176 457 LE
2212 409 2364 459 LIEN
2400 411 2488 459 DU
2526 411 2824 460 MARIAGE

1040 583 1469 641 AVIS

763 750 816 790 Le
855 750 962 790 Lien
999 751 1050 790 du
1087 750 1271 804 Mariage
1308 763 1351 793 se
1391 751 1500 791 vend
1536 763 1591 791 au
1632 752 1723 803 prix
1771 751 1822 791 de

694 804 740 843 10
762 804 968 844 centimes
1000 804 1105 845 dans
1138 810 1230 844 tous
1260 804 1320 844 les
1355 806 1557 856 kiosques
1576 806 1627 845 de
1652 806 1688 844 la
1714 804 1822 845 Ville

689 863 730 896 et
749 858 772 895 à
794 858 831 896 la
856 858 1083 908 Direction,
1107 859 1144 908 6,
1166 859 1193 896 B
1194 858 1210 879 d
1230 860 1282 898 de
1303 859 1342 898 la
1365 858 1639 908 Magdeleine.

743 940 854 980 Dans
895 939 952 980 les
992 942 1219 991 prochains
1255 944 1472 991 numéros,
1496 955 1604 982 nous
1629 944 1819 984 réserve¬

689 1004 786 1032 rons
809 1006 866 1032 un
887 994 987 1034 tiers
1007 995 1055 1034 de
1080 1007 1182 1046 page
1214 1008 1319 1047 pour
1351 996 1411 1035 les
1442 998 1820 1036 annonces-récla¬

691 1059 795 1095 mes,
819 1047 928 1086 mais
950 1060 1056 1088 nous
1076 1050 1395 1100 n’accepterons
1420 1055 1460 1088 et
1490 1050 1816 1090 recommande¬

690 1112 787 1139 rons
804 1112 890 1152 que
909 1102 1039 1142 celles
1068 1104 1146 1155 qui
1175 1107 1426 1142 émaneront
1453 1103 1526 1144 des
1559 1104 1748 1144 maisons
1767 1104 1819 1144 de

687 1154 920 1195 confiance.

742 1269 879 1309 Notre
902 1270 1034 1324 Office
1054 1284 1079 1311 a
1091 1271 1195 1324 pris
1206 1286 1328 1325 pour
1347 1274 1495 1314 devise
1518 1288 1530 1313 :
1555 1275 1598 1314 la
1620 1273 1815 1314 Probité.

687 1323 779 1362 Nos
798 1323 955 1363 clients
976 1330 1166 1376 peuvent,
1207 1331 1298 1366 être
1322 1330 1570 1380 persuadés
1608 1328 1818 1368 d’avance

683 1390 766 1430 que
784 1390 894 1416 nous
914 1391 966 1416 ne
984 1392 1172 1418 sommes
1183 1393 1270 1432 pas
1291 1381 1367 1420 des
1386 1382 1616 1421 brasseurs
1636 1380 1819 1435 d’affai¬

684 1443 767 1474 res,
791 1443 850 1470 au
871 1430 1021 1484 risque
1043 1432 1096 1472 de
1116 1433 1236 1484 faire
1259 1434 1334 1472 des
1352 1435 1646 1475 malheureux
1666 1450 1680 1482 ;
1720 1438 1818 1474 tous

683 1496 760 1522 nos
802 1484 950 1537 efforts
994 1486 1200 1527 tendront
1251 1487 1458 1540 toujours
1502 1492 1526 1528 à
1574 1488 1694 1540 faire
1742 1489 1818 1528 des

682 1536 895 1587 heureux,
920 1542 1056 1578 même
1091 1553 1149 1579 au
1187 1539 1427 1580 détriment
1447 1542 1499 1581 de
1527 1555 1603 1580 nos
1628 1555 1818 1594 propres

683 1591 876 1631 intérêts.
927 1591 1084 1632 Toutes
1123 1606 1199 1632 nos
1235 1594 1416 1647 affaires
1454 1599 1599 1635 seront
1639 1595 1818 1636 traitées

682 1657 784 1683 avec
807 1646 851 1683 la
861 1645 973 1696 plus
987 1647 1160 1696 grande
1175 1647 1432 1687 délicatesse
1446 1651 1488 1688 et
1502 1650 1543 1688 le
1547 1650 1656 1702 plus
1667 1651 1818 1702 grand

683 1696 1091 1739 désintéressement
1099 1732 1106 1739 .

719 1919 863 1982 Avis
902 1919 935 1983 à
974 1938 1072 1984 nos
1116 1923 1315 1986 clients
1355 1926 1415 1987 de
1459 1927 1775 1988 l’extérieur

735 2088 791 2127 La
830 2091 1039 2131 Direction
1080 2094 1231 2134 envoie
1267 2095 1430 2143 franco,
1453 2107 1552 2135 sous
1582 2098 1814 2151 enveloppe

682 2143 895 2191 cachetée,
931 2156 1028 2184 sans
1066 2158 1207 2186 aucun
1248 2148 1367 2196 signe
1407 2150 1632 2200 extérieur,
1671 2159 1814 2191 contre

681 2196 731 2235 00
751 2207 789 2235 c.
825 2209 877 2236 en
915 2198 1247 2250 timbres-poste,
1286 2213 1340 2238 un
1384 2214 1654 2252 programme
1694 2206 1814 2243 indi¬

679 2255 815 2300 quant
839 2250 895 2289 les
915 2251 1158 2291 conditions
1187 2253 1238 2292 de
1278 2252 1432 2295 l'Office
1454 2263 1492 2295 et
1515 2270 1571 2295 un
1594 2258 1814 2308 question¬

683 2302 798 2341 naire
819 2303 923 2342 écrit
954 2306 1112 2356 auquel
1151 2307 1328 2346 devront
1368 2311 1576 2358 répondre
1622 2311 1679 2350 les
1723 2323 1814 2362 per¬

679 2366 834 2394 sonnes
852 2356 927 2407 qui
950 2358 1197 2399 s'adressent
1222 2363 1244 2398 à
1269 2371 1375 2400 nous
1397 2367 1437 2399 et
1458 2363 1536 2412 qui
1559 2364 1735 2403 veulent
1767 2378 1811 2406 se

680 2407 855 2448 marier.

736 2462 811 2501 Les
834 2474 1060 2512 personnes
1079 2466 1154 2516 qui
1180 2478 1230 2505 ne
1251 2471 1344 2505 sont
1366 2479 1438 2516 pas
1466 2469 1695 2519 abonnées,
1717 2478 1812 2511 sont

680 2515 818 2567 priées
836 2516 888 2555 de
908 2515 1076 2566 joindre
1100 2524 1122 2556 a
1146 2518 1239 2558 leur
1262 2519 1383 2560 lettre
1407 2532 1462 2560 un
1507 2523 1811 2575 timbre-poste

681 2580 788 2619 pour
812 2570 849 2608 la
870 2572 1062 2620 réponse,
1086 2572 1169 2611 afin
1192 2571 1407 2614 d’obtenir
1444 2574 1504 2615 les
1545 2582 1687 2616 autres
1711 2590 1811 2618 ren¬

678 2622 968 2672 seignements
986 2624 1117 2675 qu’ils
1139 2636 1324 2676 peuvent
1345 2627 1521 2668 désirer.

734 2678 808 2716 Les
831 2688 1056 2727 personnes
1078 2681 1320 2730 étrangères
1355 2683 1378 2719 à
1419 2680 1459 2720 la
1499 2682 1598 2722 ville
1638 2686 1712 2736 qui
1758 2699 1808 2727 ne

680 2731 931 2770 voudraient
953 2744 1024 2781 pas
1046 2731 1151 2771 faire
1176 2746 1229 2771 un
1258 2746 1417 2784 voyage
1435 2736 1458 2773 à
1476 2736 1687 2778 Marseille
1705 2752 1810 2788 pour

677 2790 817 2823 entrer
855 2796 903 2823 en
944 2784 1146 2824 relations
1181 2798 1280 2827 avec
1324 2789 1362 2827 la
1393 2800 1606 2839 pevsonne
1642 2794 1807 2834 choisie

675 2836 782 2875 dans
804 2836 862 2876 les
882 2836 1083 2879 colonnes
1104 2839 1159 2878 du
1180 2839 1287 2879 Lien
1308 2840 1360 2880 du
1380 2843 1580 2895 Mariage,
1600 2847 1810 2886 voudront

676 2891 773 2930 bien
815 2902 924 2930 nous
960 2892 1153 2932 adresser
1186 2892 1280 2933 leur
1316 2895 1652 2947 photographie;
1699 2911 1809 2940 nous

674 2944 767 2983 leur
790 2943 1069 2996 indiquerons
1088 2958 1166 2997 par
1186 2947 1291 2988 écrit
1316 2948 1352 2987 le
1375 2960 1532 3001 moyen
1548 2951 1732 2992 d'entrer
1755 2967 1806 2994 en

672 2998 878 3038 relations
896 3010 996 3039 avec
1021 2999 1058 3036 la
1081 3011 1290 3050 personne
1310 3002 1476 3043 choisie
1491 3016 1544 3043 ou
1568 3017 1668 3046 avec
1691 3014 1806 3047 toute

671 3059 792 3092 autre
814 3063 1019 3101 personne
1041 3051 1091 3092 de
1115 3064 1190 3092 nos
1212 3055 1446 3095 nombreux
1468 3058 1671 3108 abonnés,
1704 3059 1806 3101 dont

672 3106 806 3155 grand
830 3107 1006 3146 nombre
1030 3118 1083 3147 ne
1102 3107 1288 3158 figurent
1312 3122 1384 3159 pas
1404 3110 1510 3150 dans
1534 3112 1569 3151 le
1590 3111 1775 3163 journal.

736 3330 1010 3404 AUX
1084 3333 1736 3409 FAMILLES

723 3508 839 3548 Nous
860 3520 911 3548 ne
932 3510 1124 3551 donnons
1144 3523 1314 3552 aucune
1335 3515 1446 3552 suite
1467 3524 1549 3552 aux
1570 3514 1802 3555 demandes

667 3561 740 3600 des
762 3574 991 3611 personnes
1009 3563 1242 3614 divorcées,
1266 3566 1300 3606 si
1326 3565 1362 3606 le
1382 3566 1606 3618 jugement
1627 3568 1696 3607 n’a
1728 3580 1800 3620 pas

667 3615 733 3654 été
755 3618 964 3665 prononcé
984 3619 1258 3660 absolument
1282 3632 1334 3659 en
1356 3620 1450 3660 leur
1468 3619 1634 3663 faveur.

720 3686 835 3726 Nous
874 3700 924 3727 ne
963 3702 1070 3730 nous
1107 3703 1320 3742 occupons
1351 3704 1436 3744 que
1467 3694 1539 3733 des
1569 3706 1798 3744 personnes

667 3739 922 3782 Honorables
942 3748 980 3782 et
1003 3743 1031 3782 il
1055 3751 1116 3783 est
1143 3746 1296 3784 inutile
1323 3746 1372 3785 de
1394 3759 1436 3786 se
1458 3750 1673 3799 présenter
1695 3748 1795 3790 chez

667 3804 772 3831 nous
792 3807 846 3833 ou
870 3795 919 3834 de
946 3807 1053 3836 nous
1073 3798 1178 3836 faire
1199 3798 1371 3848 appeler
1391 3802 1415 3839 à
1438 3800 1639 3841 domicile
1670 3802 1706 3842 si
1740 3815 1793 3843 on

665 3858 716 3886 ne
738 3847 888 3887 réalise
913 3860 983 3899 pas
1003 3855 1110 3890 cette
1131 3852 1364 3892 condition.

718 3918 794 3957 Les
832 3931 1062 3968 personnes
1094 3922 1170 3971 qui
1204 3922 1456 3963 s'adressent
1487 3926 1507 3963 à
1546 3926 1584 3963 la
1626 3926 1791 3966 maison

662 3977 756 4010 sont
774 3972 910 4021 priées
923 3971 975 4011 de
987 3972 1155 4023 joindre
1174 3986 1230 4012 un
1246 3975 1400 4020 timbre
1416 3988 1526 4024 pour
1541 3978 1580 4015 la
1594 3980 1792 4027 réponse;

664 4030 776 4063 toute
802 4024 919 4063 lettre
943 4036 1027 4066 non
1048 4026 1283 4069 affranchie
1306 4035 1366 4066 est
1388 4027 1568 4068 refusée.

712 4095 772 4134 On
814 4102 871 4134 est
911 4095 1004 4145 prié
1039 4095 1088 4135 de
1119 4096 1288 4146 joindre
1320 4103 1470 4138 autant
1498 4111 1582 4150 que
1611 4100 1794 4151 possible

662 4159 745 4188 une
767 4148 1075 4199 photographie
1097 4155 1136 4188 et
1154 4150 1206 4189 de
1226 4151 1388 4191 donner
1407 4152 1618 4204 quelques
1639 4155 1793 4195 détails

659 4212 734 4240 sur
775 4202 812 4240 la
845 4200 1048 4240 situation
1083 4203 1132 4242 de
1171 4203 1339 4244 fortune
1371 4204 1420 4244 de
1459 4206 1495 4246 la
1532 4218 1739 4256 personne
1770 4212 1792 4248 à

662 4254 828 4293 marier.

716 4334 823 4372 Pour
846 4344 954 4372 nous
972 4334 1106 4372 éviter
1126 4334 1199 4374 des
1228 4335 1496 4385 recherches,
1524 4338 1583 4377 les
1614 4351 1791 4388 person¬

660 4397 734 4424 nes
770 4387 847 4437 qui
882 4386 1021 4424 feront
1058 4399 1112 4424 un
1147 4387 1273 4427 choix
1293 4388 1399 4427 dans
1422 4389 1480 4428 les
1509 4390 1712 4431 colonnes
1731 4393 1790 4432 du

662 4439 767 4478 Lien
799 4438 848 4476 du
883 4438 1068 4491 Mariage
1075 4471 1083 4487 ,
1110 4439 1224 4479 n’ont
1246 4441 1344 4491 qu’à
1378 4453 1484 4482 nous
1518 4444 1711 4495 rappeler
1752 4446 1790 4486 le

660 4492 840 4532 numéro
860 4492 934 4543 qui
960 4492 1134 4542 précède
1159 4492 1195 4531 la
1219 4494 1495 4543 proposition.

707 4555 822 4598 Tous
860 4556 919 4596 les
960 4558 1323 4607 renseignements
1362 4559 1524 4602 donnés
1565 4574 1638 4612 par
1682 4575 1789 4604 nous

652 4618 748 4651 sont
768 4612 962 4662 gratuits.

709 4690 761 4728 La
797 4690 1158 4742 correspondance
1198 4696 1257 4731 est
1295 4691 1484 4733 adressée
1517 4704 1617 4734 sous
1656 4707 1786 4735 enve¬

655 4755 775 4794 loppe
795 4743 1024 4792 ordinaire,
1048 4756 1144 4784 sans
1180 4755 1350 4786 aucune
1386 4746 1636 4798 inscription
1670 4751 1784 4791 exté¬

650 4797 791 4836 rieure
811 4802 932 4836 autre
951 4810 1036 4850 que
1059 4797 1256 4838 l’adresse
1277 4798 1328 4838 de
1350 4800 1389 4838 la
1414 4811 1634 4850 personne.

704 4867 778 4908 Les
810 4868 999 4909 abonnés
1028 4868 1144 4908 seuls
1174 4875 1247 4909 ont
1278 4869 1387 4911 droit
1408 4871 1431 4910 à
1462 4883 1544 4911 une
1576 4872 1780 4914 insertion

648 4921 700 4961 de
729 4923 827 4974 cinq
863 4922 1011 4971 lignes,
1033 4923 1164 4975 qu’ils
1196 4923 1437 4974 rédigeront
1457 4926 1480 4964 à
1507 4924 1599 4964 leur
1629 4938 1784 4967 conve¬

647 4987 782 5016 nance

700 5050 774 5090 Les
795 5050 1124 5102 photographies
1144 5059 1184 5090 et
1207 5058 1350 5092 autres
1383 5054 1523 5103 pièces
1552 5055 1737 5095 confiées
1758 5056 1781 5095 à

644 5101 684 5143 la
708 5103 863 5146 Maison
887 5111 980 5146 sont
1003 5104 1186 5146 rendues
1217 5119 1299 5147 aux
1336 5107 1561 5150 intéressés
1590 5111 1710 5160 après
1738 5108 1778 5149 la

640 5158 900 5199 célébration
924 5160 979 5199 du
1007 5160 1208 5211 mariage.
1352 5200 1356 5204 .
1399 5200 1403 5204 .

695 5236 771 5277 Les
794 5249 1019 5289 personnes
1039 5239 1115 5291 qui
1136 5244 1230 5279 sont
1251 5240 1479 5280 satisfaites
1499 5241 1550 5280 de
1579 5253 1652 5282 nos
1680 5254 1775 5282 ser¬

642 5290 754 5331 vices
776 5292 981 5331 voudront
1004 5291 1103 5332 bien
1122 5294 1456 5347 communiquer
1477 5300 1592 5334 notre
1608 5296 1656 5335 ad
1668 5307 1776 5335 cesse

637 5345 661 5384 à
682 5344 798 5385 leurs
816 5345 941 5395 amis,
967 5351 1224 5396 promettant
1243 5347 1295 5386 de
1318 5346 1496 5398 remplir
1524 5347 1564 5386 le
1600 5348 1776 5387 mandat

638 5399 746 5451 qu’il
796 5411 904 5439 nous
951 5400 1210 5450 donneront,
1259 5412 1314 5440 au
1366 5402 1511 5440 mieux
1559 5399 1610 5440 de
1662 5401 1776 5441 leurs

640 5451 830 5492 intérêts.

692 5528 858 5568 Ouvert
896 5531 994 5568 tous
1032 5527 1098 5576 les,
1113 5530 1247 5583 jours
1280 5530 1332 5570 de
1366 5532 1395 5570 2
1420 5533 1446 5570 à
1470 5532 1496 5570 8
1519 5530 1677 5571 heures
1711 5530 1772 5571 du

632 5582 727 5619 soir
734 5595 742 5626 ,
764 5587 806 5621 et
827 5584 888 5622 les
908 5583 1167 5626 dimanches
1177 5583 1368 5636 jusqu’à
1390 5583 1507 5623 midi

630 5644 646 5651 -
686 5634 700 5662 r
722 5634 727 5640 •
918 5638 923 5664 :
936 5638 941 5662 :
1051 5658 1054 5664 ,
1083 5628 1089 5664 !
1150 5628 1155 5651 ;
1211 5647 1215 5651 •
1322 5636 1326 5640 '
1380 5639 1422 5665 IN
1446 5638 1481 5667 ‘y.
1539 5648 1543 5665 I
1607 5651 1610 5664 '
1657 5642 1740 5666 -il:

620 5787 630 5799 -
668 5760 1113 5835 FORMALITÉS
1160 5769 1333 5835 POUR
1382 5769 1731 5836 MARIAGES

686 5943 760 5984 Les
810 5944 1095 5995 publications
1134 5945 1184 5984 de
1227 5944 1415 5995 mariage
1463 5937 1647 5987 doivent’
1682 5947 1767 5988 être

635 5996 755 6036 faites
775 5998 799 6037 à
823 6000 861 6037 la
883 5999 1027 6038 Mairie
1046 5998 1155 6038 deux
1187 5998 1440 6038 dimanches
1462 6000 1511 6039 de
1532 6001 1643 6040 suite
1664 6006 1707 6042 et
1728 6001 1766 6040 le

630 6050 816 6099 mariage
859 6063 910 6090 ne
951 6058 1050 6100 peut
1090 6051 1210 6090 avoir
1247 6051 1330 6090 lieu
1374 6064 1458 6104 que
1496 6066 1598 6093 onze
1646 6054 1766 6106 jours

631 6102 772 6142 francs
791 6104 911 6152 après
935 6103 971 6142 la
996 6106 1203 6154 première
1226 6103 1490 6154 publication

1950 580 1991 620 Si
2015 579 2052 620 le
2074 582 2280 622 domicile
2299 583 2407 622 n’est
2427 594 2500 633 pas
2534 583 2666 623 établi
2702 595 2777 635 par
2814 583 2878 622 six
2916 583 3027 623 mois

1895 634 1946 674 de
1969 635 2200 684 résidence,
2220 638 2279 676 les
2301 635 2588 688 publications
2606 638 2782 676 devront
2798 638 2883 676 être
2903 636 3027 676 faites

1895 689 1919 726 à
1958 687 1998 726 la
2038 688 2338 740 municipalité
2376 688 2433 727 du
2475 691 2644 730 dernier
2676 689 2879 730 domicile
2904 696 2944 730 et
2972 702 3024 729 en

1895 747 2014 780 outre
2052 754 2106 782 au
2146 742 2348 783 domicile
2382 743 2432 780 de
2466 755 2570 783 ceux
2598 755 2698 783 sous
2731 744 2770 783 la
2802 743 3026 794 puissance

1895 795 2091 846 desquels
2111 807 2152 835 se
2192 802 2389 836 trouvent
2428 795 2486 835 les
2516 798 2670 846 parties
2699 803 3022 838 contractantes.

1946 883 2090 924 Pièces
2110 886 2132 923 à
2155 884 2354 936 produire
2375 886 2398 923 à
2416 883 2458 923 la
2479 884 2623 924 Mairie
2640 898 2650 926 :

1949 972 1984 1011 t°
2014 972 2151 1012 L'acte
2170 973 2222 1012 de
2240 972 2460 1013 naissance
2475 974 2550 1012 des
2563 973 2673 1012 deux
2690 973 2832 1014 futurs
2844 975 3024 1014 dûment

1895 1025 2091 1075 légalisés
2114 1039 2124 1074 ;

1944 1091 1983 1130 2°
2005 1091 2059 1131 Le
2080 1098 2399 1132 consentement
2420 1091 2583 1133 notarié
2600 1092 2674 1132 des
2691 1094 2808 1144 pères
2828 1099 2867 1133 et
2888 1095 3026 1135 mères

1891 1144 1967 1196 qui
2009 1156 2059 1184 ne
2101 1152 2283 1195 peuvent
2326 1147 2361 1186 le
2394 1146 2558 1186 donner
2595 1148 2884 1186 verbalement
2920 1150 2943 1186 à
2986 1148 3023 1187 la

1892 1195 2038 1238 Mairie
2058 1210 2112 1238 au
2135 1207 2326 1239 moment
2347 1199 2396 1239 de
2419 1200 2539 1240 l’acte
2562 1199 2618 1239 du
2642 1200 2830 1250 mariage
2853 1212 2862 1250 ;

1944 1263 1983 1302 3°
2011 1263 2053 1303 Si
2075 1263 2115 1303 le
2135 1267 2233 1314 père
2254 1269 2295 1304 et
2318 1267 2356 1304 la
2378 1266 2493 1307 mère
2514 1271 2608 1307 sont
2635 1264 2831 1315 décédés,
2854 1279 2908 1305 ou
2934 1266 3023 1304 l’un

1891 1316 2030 1365 d’eux,
2055 1316 2084 1355 il
2106 1318 2196 1358 faut
2215 1319 2386 1359 fournir
2404 1319 2498 1360 leur
2518 1327 2608 1359 acte
2626 1320 2675 1359 de
2698 1320 2822 1361 décès
2842 1321 3024 1360 dûment

1893 1369 2067 1419 légalisé
2090 1384 2100 1419 ;
2120 1392 2123 1396 ■

1943 1430 1980 1467 4°
2012 1430 2120 1471 Dans
2140 1430 2178 1471 le
2199 1444 2268 1472 cas
2288 1432 2339 1472 de
2360 1434 2483 1475 décès
2503 1434 2575 1474 des
2608 1436 2703 1486 père
2734 1440 2772 1475 et
2802 1438 2932 1484 mère,
2955 1435 3020 1475 s’il

1891 1483 2020 1523 existe
2063 1496 2117 1523 un
2159 1486 2411 1537 grand-père
2443 1500 2495 1527 ou
2540 1500 2620 1528 une
2650 1490 2934 1538 grand'mère,
2966 1502 3020 1531 ou

1889 1536 2045 1577 arrière
2085 1539 2342 1590 grand-père
2375 1547 2415 1579 et
2443 1542 2600 1584 arrière
2620 1543 2902 1594 grand’mère,
2928 1544 3022 1584 leur

1890 1597 2211 1632 consentement
2232 1600 2291 1632 est
2314 1595 2563 1635 nécessaire.

1945 1644 2052 1684 Pour
2087 1658 2144 1684 un
2175 1646 2349 1687 mineur
2372 1660 2379 1687 :

1950 1715 1980 1754 1°
2018 1715 2050 1754 Il
2092 1716 2183 1755 faut
2223 1716 2262 1756 la
2300 1720 2496 1768 présence
2534 1733 2588 1760 ou
2626 1720 2663 1762 le
2699 1730 3022 1765 consentement

1891 1767 2052 1808 notarié
2078 1768 2135 1807 du
2156 1774 2300 1809 tuteur
2321 1784 2329 1816 ;

1942 1826 1979 1864 2°
2010 1826 2098 1867 Une
2134 1827 2414 1871 délibération
2458 1833 2511 1871 du
2558 1833 2721 1875 Conseil
2762 1836 2811 1876 de
2854 1838 3020 1879 famille

1892 1879 2080 1931 lorsqu’il
2112 1882 2234 1932 s’agit
2267 1883 2367 1924 d’un
2403 1886 2599 1935 orphelin
2622 1890 2672 1927 de
2696 1892 2792 1940 père
2815 1895 2854 1931 et
2875 1905 2959 1942 que
2984 1895 3018 1932 la

1889 1935 2004 1972 mère
2022 1946 2076 1973 ou
2101 1934 2273 1975 l’aïeule
2294 1943 2388 1976 sont
2411 1940 2586 1980 tutrices
2608 1955 2617 1990 ;

1940 1987 2051 2027 Dans
2072 1999 2215 2028 aucun
2238 2002 2322 2038 cas,
2348 2002 2404 2030 un
2428 1991 2600 2032 mineur
2623 2006 2672 2034 ne
2696 2002 2796 2044 peut
2826 2003 3019 2039 contrac¬

1890 2047 1950 2079 ter
1969 2040 2159 2091 mariage
2180 2054 2276 2082 sans
2302 2044 2337 2082 le
2359 2052 2676 2086 consentement
2698 2048 2748 2087 de
2769 2059 2834 2088 ses
2855 2059 3021 2100 parents

1887 2106 1938 2132 ou
1965 2098 2145 2134 tuteurs.

1941 2146 1979 2184 5“
2012 2145 2086 2186 Les
2108 2147 2230 2188 veufs
2248 2147 2420 2191 doivent
2444 2153 2639 2203 produire
2664 2154 2784 2196 l’acte
2815 2157 2864 2197 de
2896 2158 3019 2200 décès

1890 2197 2064 2247 légalisé
2083 2200 2135 2240 de
2158 2200 2249 2242 leur
2269 2206 2460 2256 conjoint
2482 2207 2638 2248 décédé
2663 2221 2672 2258 ;

1940 2258 1978 2298 6°
2010 2259 2068 2300 Un
2107 2263 2312 2304 certificat
2351 2266 2400 2304 de
2442 2266 2464 2306 6
2504 2268 2614 2307 mois
2652 2268 2702 2307 de
2742 2270 2958 2311 résidence
2995 2275 3019 2312 à

1890 2312 2111 2363 Marseille,
2132 2314 2295 2357 délivré
2319 2330 2388 2367 par
2411 2318 2446 2359 le
2468 2320 2763 2362 commissaire
2790 2324 2840 2362 de
2866 2326 3016 2376 police,

1887 2378 1993 2416 pour
2013 2366 2073 2407 les
2095 2380 2322 2418 personnes
2341 2372 2415 2423 qui
2440 2373 2511 2424 n’y
2534 2380 2623 2412 sont
2649 2386 2720 2423 pas
2743 2376 2840 2416 nées
2862 2389 2871 2427 ;

1938 2427 1976 2463 7°
1996 2425 2055 2465 On
2076 2427 2164 2466 doit
2184 2426 2367 2478 justifier
2387 2432 2436 2470 de
2458 2444 2503 2472 sa
2523 2432 2751 2475 libération
2775 2436 2831 2475 du
2854 2438 3016 2479 service

1886 2478 2106 2526 militaire,
2128 2480 2209 2520 soit
2231 2495 2304 2532 par
2323 2496 2399 2523 son
2419 2487 2567 2536 congé,
2591 2488 2672 2527 soit
2694 2501 2768 2540 par
2799 2502 2856 2530 un
2889 2494 3016 2532 certi¬

1886 2532 1983 2571 ficat
2004 2531 2054 2572 de
2075 2532 2302 2577 libération
2327 2551 2336 2588 ;

1937 2591 1975 2630 8°
2004 2592 2063 2632 En
2084 2600 2205 2634 outre
2227 2596 2299 2637 des
2322 2599 2460 2647 pièces
2480 2603 2687 2642 énoncées
2709 2604 2935 2654 ci-dessus,
2957 2605 3018 2646 les

1885 2656 2114 2696 personnes
2133 2647 2350 2692 divorcées
2368 2652 2550 2693 devront
2571 2656 2769 2706 produire
2791 2670 2850 2697 un
2867 2659 3016 2699 extrait

1883 2699 1936 2738 du
1960 2699 2184 2751 jugement
2203 2703 2412 2757 ainsique
2431 2707 2551 2747 l’acte
2567 2707 2622 2748 du
2646 2709 2815 2750 divorce
2834 2711 3017 2752 dûment

1881 2754 2113 2803 enregistré
2133 2762 2173 2796 et
2197 2760 2388 2798 transcrit
2408 2762 2428 2799 à
2455 2761 2495 2800 la
2519 2763 2663 2802 Mairie
2686 2775 2695 2813 ;

1934 2812 1972 2852 9°
2004 2814 2184 2867 Lorsque
2225 2816 2286 2858 les
2327 2827 2492 2870 parents
2539 2824 2726 2863 refusent
2774 2824 2824 2864 de
2855 2827 3016 2866 donner

1881 2864 1976 2904 leur
1999 2876 2318 2911 consentement
2337 2886 2390 2912 au
2415 2876 2602 2927 mariage
2639 2876 2767 2918 d’une
2810 2890 3015 2928 personne

1883 2918 2087 2971 majeure,
2110 2922 2140 2960 il
2175 2931 2274 2974 peut
2315 2928 2401 2967 être
2439 2931 2556 2980 passé
2586 2938 2706 2971 outre
2728 2945 2779 2971 au
2806 2934 3010 2984 mariage,

1880 2975 2002 3023 après
2021 2975 2114 3014 leur
2131 2978 2250 3017 avoir
2271 2979 2347 3019 fait
2368 2982 2441 3023 des
2463 2990 2575 3023 actes
2596 2986 2647 3024 de
2668 2992 2828 3036 respect
2850 2987 3014 3028 variant

1879 3026 1930 3065 de
1953 3039 2008 3066 un
2031 3031 2055 3067 à
2077 3028 2177 3070 trois
2209 3039 2247 3070 et.
2283 3035 2404 3074 s'être
2430 3036 2648 3078 conformé
2681 3052 2763 3079 aux
2802 3042 3011 3093 prescrip¬

1882 3080 1991 3121 tions
2011 3081 2083 3122 des
2102 3090 2178 3126 art.
2209 3086 2278 3126 144
2300 3094 2340 3127 et
2367 3088 2435 3129 154
2458 3090 2512 3128 du
2538 3092 2639 3131 code
2660 3091 2762 3132 civil
2787 3107 2796 3142 ;

1937 3136 1996 3174 10°
2027 3136 2136 3176 Pour
2159 3139 2196 3177 la
2215 3142 2413 3191 question
2432 3143 2505 3183 des
2524 3146 2788 3187 cérémonies
2811 3148 3010 3198 religieu¬

1877 3197 1955 3238 ses,
1979 3188 2200 3231 s'adresser
2219 3193 2391 3235 suivant
2423 3195 2460 3236 le
2490 3198 2606 3238 culte
2627 3202 2650 3238 à
2675 3199 2712 3239 la
2735 3201 2931 3252 paroisse,
2952 3214 3007 3243 au

1878 3242 2124 3284 consistoire
2145 3251 2374 3296 protestant
2394 3262 2447 3290 ou
2471 3263 2524 3291 au
2548 3252 2662 3292 culte
2684 3254 2883 3298 Israélite.

1930 3319 1959 3358 L
1975 3319 2100 3360 Office
2118 3322 2356 3377 Mondonet,
2375 3327 2412 3378 G,
2431 3329 2459 3367 B
2462 3336 2466 3348 1
2469 3328 2538 3370 ’de
2554 3328 2591 3370 la
2610 3332 2883 3383 Magdeleine,
2907 3342 3007 3386 peut

1875 3383 1917 3412 se
1951 3374 2127 3424 charger
2162 3379 2211 3416 de
2247 3386 2382 3420 toutes
2416 3382 2474 3422 les
2504 3384 2742 3427 formalités
2779 3388 2930 3427 civiles
2967 3396 3007 3428 et

1875 3424 2124 3475 religieuses
2143 3431 2178 3468 si
2203 3431 2261 3470 les
2279 3432 2433 3475 clients
2455 3436 2515 3474 lui
2537 3439 2723 3477 confient
2743 3451 2791 3479 ce
2811 3440 2918 3479 soin.

1930 3479 2094 3520 L’office
2117 3483 2338 3524 Mondonet
2368 3498 2420 3526 ne
2452 3491 2610 3543 perçoit
2647 3491 2719 3533 des
2760 3492 3006 3536 honoraires

1872 3532 1968 3583 qu’a
1975 3536 2067 3584 près
2091 3535 2128 3574 la
2151 3538 2410 3580 célébration
2434 3542 2488 3582 du
2515 3544 2701 3596 mariage

1977 3683 2528 3757 RENSEIGNEMENTS
2579 3686 2892 3762 GÉNÉRAUX

1868 3791 2214 3830 concernant
2251 3788 2328 3831 les
2362 3791 2596 3835 Veuves
2628 3798 3000 3848 pensionnées

1920 3923 2037 3963 Gand
2057 3926 2234 3965 nombre
2255 3926 2304 3964 de
2326 3927 2472 3968 dames
2491 3929 2700 3978 jouissant
2722 3934 2851 3974 d’une
2894 3948 2999 3984 pen¬

1866 3974 1959 4012 sion
1981 3976 2032 4015 de
2055 3979 2223 4016 retraite
2246 3990 2319 4026 par
2338 3980 2449 4019 suite
2470 3983 2525 4019 du
2549 3982 2673 4023 décès
2692 3986 2744 4023 de
2769 3986 2863 4025 leur
2890 3991 2996 4028 mari

1866 4032 1960 4064 sont
1998 4030 2254 4079 persuadées
2290 4031 2468 4083 qu'elles
2509 4035 2747 4084 perdraient
2779 4051 2848 4079 ces
2870 4040 3002 4083 droits

1868 4079 1890 4117 à
1912 4079 1950 4118 la
1973 4082 2140 4121 retraite
2171 4095 2203 4122 si
2240 4083 2347 4124 elles,
2375 4090 2680 4129 contractaient
2715 4104 2797 4131 une
2819 4096 2999 4136 seconde

1867 4134 2015 4174 union.
2056 4135 2163 4175 C’est
2196 4150 2278 4177 une
2314 4139 2515 4189 profonde
2542 4154 2687 4183 erreur
2707 4144 2744 4184 si
2765 4158 2833 4186 ces
2854 4149 2999 4191 dames

1864 4194 1958 4226 sont
1995 4190 2276 4240 pensionnées
2312 4192 2363 4231 de
2402 4192 2522 4232 l’Etat
2546 4208 2555 4245 ;
2587 4208 2658 4236 car
2695 4204 2800 4239 cette
2821 4202 2995 4252 pension

1866 4240 1969 4279 n’est
2008 4254 2083 4292 pas
2122 4255 2205 4282 une
2244 4243 2411 4294 faveur,
2451 4248 2554 4287 c'est
2591 4262 2647 4288 un
2681 4251 2792 4291 droit
2818 4255 3000 4306 qu’elles

1867 4295 2056 4335 tiennent
2076 4307 2128 4334 en
2153 4302 2268 4337 vertu
2291 4298 2420 4340 d’une
2452 4300 2526 4342 loi.
2571 4303 2623 4343 La
2654 4303 2708 4343 loi
2730 4304 2787 4344 du
2811 4308 2998 4360 mariage

1863 4347 1979 4385 étant
2018 4350 2378 4390 essentiellement
2408 4354 2583 4404 morale,
2610 4368 2658 4394 ne
2700 4365 2799 4407 peut
2839 4360 2999 4403 édicter

1863 4398 1937 4438 des
1974 4401 2337 4452 empêchements,
2362 4405 2435 4444 des
2459 4407 2668 4447 obstacles
2698 4421 2751 4451 au
2790 4414 2994 4466 mariage,

1862 4463 1931 4492 ces
1951 4454 2300 4504 empêchements
2334 4459 2516 4499 seraient
2555 4462 2798 4504 considérés
2827 4478 2995 4508 comme

1864 4505 2104 4547 immoraux
2126 4515 2164 4548 et
2187 4522 2262 4560 par
2282 4515 2544 4564 conséquent
2567 4516 2799 4557 contraires
2816 4520 2840 4558 à
2857 4520 2895 4559 la
2919 4522 2991 4563 loi.

1863 4558 1938 4599 Les
1978 4572 2135 4602 veuves
2172 4563 2491 4614 pensionnaires
2522 4567 2572 4609 de
2603 4570 2723 4611 l'Etat
2746 4583 2796 4611 ne
2820 4574 2994 4625 perdent

1862 4612 1968 4652 donc
2007 4613 2100 4654 leur
2139 4618 2312 4666 pension
2352 4620 2395 4658 ni
2427 4634 2502 4671 par
2544 4635 2599 4663 un
2640 4626 2810 4675 second,
2851 4632 2892 4667 ni
2935 4643 2992 4670 un

1862 4666 2078 4708 troisième
2099 4668 2302 4720 mariage.

1914 4722 1990 4762 Les
2011 4734 2167 4763 veuves
2190 4726 2468 4775 pensionnées
2490 4742 2562 4780 par
2587 4731 2648 4771 les
2678 4732 2994 4783 départements

1860 4783 2045 4825 peuvent
2082 4776 2223 4817 seules
2263 4778 2353 4818 voir
2390 4783 2631 4832 supprimer
2668 4792 2776 4826 cette
2815 4790 2991 4840 pension

1859 4841 1931 4880 par
1954 4842 2010 4870 un
2031 4834 2183 4871 second
2227 4834 2414 4883 mariage
2451 4838 2556 4876 dans
2589 4840 2772 4880 certains
2803 4853 2874 4883 cas
2894 4850 2932 4883 et
2954 4846 2990 4885 si

1856 4890 1963 4922 cette
1998 4887 2170 4935 pension
2208 4900 2231 4924 a
2262 4887 2327 4927 été
2356 4890 2556 4931 accordée
2578 4894 2602 4931 à
2626 4893 2719 4933 titre
2739 4895 2790 4934 de
2820 4907 2991 4939 secours

1857 4939 2123 4986 temporaire.

1910 4990 1939 5028 D
1956 4990 2146 5040 ailleurs,
2174 4993 2208 5032 le
2231 4993 2324 5036 titre
2346 4995 2396 5035 de
2420 4996 2592 5048 pension
2618 5003 2734 5052 porto
2755 5012 2804 5040 en
2827 5014 2986 5056 marge,

1854 5054 1907 5083 en
1931 5050 2067 5084 toutes
2090 5047 2244 5094 lettres,
2271 5059 2340 5088 ces
2360 5051 2560 5091 réserves.

1851 5221 2224 5324 OFFRES
2307 5225 2420 5325 DE
2495 5226 2976 5334 MARIAGES

2023 5415 2443 5463 DEMOISELLES
2480 5420 2547 5463 ET
2580 5422 2814 5466 VEUVES

1899 5546 1991 5587 406.
2014 5571 2064 5576 —
2090 5547 2247 5599 Veuve,
2290 5550 2338 5591 42
2372 5564 2460 5603 ans,
2488 5552 2658 5594 fortune
2698 5556 2819 5603 9,000
2839 5558 2890 5598 fr.
2928 5570 2980 5598 en

1846 5600 2022 5650 actions,
2046 5603 2284 5652 épouserait
2307 5607 2408 5655 petit
2428 5607 2587 5646 rentier
2606 5620 2658 5646 ou
2683 5608 2857 5650 artisan.

1898 5683 1988 5723 407.
2010 5707 2058 5714 —
2080 5685 2350 5739 Demoiselle,
2367 5688 2418 5730 46
2432 5700 2523 5738 ans,
2546 5690 2716 5732 fortune
2743 5691 2888 5742 12,000
2908 5694 2976 5745 fr.,

1846 5728 2059 5791 bâilleuse,
2082 5742 2324 5791 épouserait
2348 5755 2404 5781 un
2430 5743 2583 5784 marin.

1895 5819 1986 5859 413.
2012 5844 2059 5850 —
2090 5823 2359 5874 Demoiselle,
2401 5826 2450 5866 45
2491 5838 2580 5872 ans,
2634 5826 2824 5870 titulaire
2874 5830 2975 5871 d’un

1841 5874 2004 5913 bureau
2027 5875 2077 5915 de
2100 5878 2233 5927 tabac,
2276 5878 2517 5930 épouserait
2548 5880 2751 5933 employé
2779 5896 2832 5924 ou
2871 5885 2975 5935 petit

1840 5928 2011 5968 rentier.

1894 5999 1983 6039 431.
2011 6022 2054 6028 —
2076 6000 2236 6049 Veuve,
2260 6003 2308 6044 47
2331 6015 2420 6050 ans,
2444 6004 2542 6043 bien
2564 6004 2721 6057 élevée,
2744 6009 2855 6050 belle
2875 6023 2972 6060 per¬

1837 6064 1984 6102 sonne,
2011 6054 2175 6095 fortune
2199 6056 2367 6098 100.000
2391 6059 2462 6107 fr,,
2485 6059 2727 6110 épouserait
2754 6063 2972 6104 Monsieur

1838 6118 1890 6148 en
1906 6114 2075 6159 rapport
2094 6108 2215 6159 d’âge
2236 6115 2276 6150 et
2296 6111 2347 6151 de
2368 6111 2556 6155 fortune.

3153 583 3244 624 435.
3270 608 3314 613 —
3339 584 3610 632 Demoiselle,
3652 586 3702 625 26
3735 598 3826 634 ans,
3864 586 3961 626 bien
3985 586 4143 635 élevée,
4170 587 4238 624 fa¬

3100 638 3222 676 mille
3262 640 3343 678 très
3386 638 3632 685 honorable,
3672 639 3743 678 dot
3780 640 3928 687 65,000
3951 640 4022 688 fr.,
4058 640 4238 692 grandes

3100 692 3348 740 espérances
3366 695 3486 742 après
3507 704 3572 732 ses
3591 699 3775 744 parents,
3799 694 4040 743 épouserait
4057 694 4237 743 notaire,

3099 744 3250 790 avoué,
3291 747 3493 796 employé
3532 746 3590 786 du
3631 755 3969 795 gouvernement
4011 759 4111 788 avec
4134 748 4240 787 bons

3099 801 3460 848 appointements.

3151 879 3227 920 435
3248 879 3330 922 bis.
3354 904 3403 911 —
3443 882 3715 934 Demoiselle,
3745 884 3795 924 20
3816 895 3907 929 ans,
3940 882 4030 923 fille
4052 884 4235 936 unique,

3099 934 3199 974 bien
3236 935 3396 985 élevée,
3434 935 3551 987 jolie,
3596 936 3668 976 dot
3722 938 3890 986 100,000
3930 936 4003 987 fr,,
4055 938 4236 988 grandes

3098 991 3359 1038 espérances,
3411 990 3652 1039 épouserait
3700 991 3915 1031 Monsieur
3961 1003 4012 1031 en
4064 998 4236 1042 rapport

3098 1039 3232 1091 d’àge,
3255 1040 3527 1083 d’éducation
3550 1048 3590 1083 et
3619 1042 3670 1083 de
3693 1044 3863 1086 fortune
3884 1058 3938 1084 ou
3962 1044 4163 1096 employé
4184 1046 4236 1087 de

3102 1094 3236 1134 l'Etat.

3151 1179 3242 1218 436.
3267 1203 3316 1208 —
3338 1179 3610 1227 Demoiselle,
3626 1181 3676 1220 22
3691 1192 3783 1228 ans,
3807 1181 3924 1232 jolie,
3950 1183 4048 1223 bien
4072 1182 4231 1231 élevée,

3098 1231 3169 1270 dot
3191 1233 3311 1276 5,000
3332 1234 3384 1273 fr.
3425 1234 3476 1272 de
3514 1240 3665 1283 rentes,
3688 1236 3929 1287 épouserait
3951 1236 4163 1276 Monsieur
4180 1248 4231 1275 en

3096 1293 3266 1335 rapport
3286 1287 3404 1338 d’àge
3430 1294 3470 1326 et
3491 1287 3540 1327 de
3563 1287 3750 1330 fortune.

3151 1379 3240 1419 441.
3261 1404 3309 1410 —
3324 1382 3594 1430 Demoiselle,
3609 1384 3659 1424 34
3673 1397 3765 1434 ans,
3782 1386 3952 1427 fortune
3966 1387 4142 1434 900,000
4160 1389 4230 1438 fr.,

3098 1435 3331 1484 épouserait
3362 1436 3572 1475 Monsieur
3600 1450 3651 1476 en
3676 1448 3844 1490 rapport
3867 1439 4004 1491 d’âge,
4027 1450 4158 1492 ayant
4179 1443 4231 1483 de

3098 1487 3119 1527 2
3142 1490 3164 1526 à
3187 1486 3360 1535 300,000
3380 1489 3418 1527 fr
3442 1520 3450 1536 ,
3488 1490 3714 1531 donnerait
3737 1493 3775 1531 la
3799 1495 4040 1544 préférence
4062 1495 4085 1533 à
4107 1495 4228 1534 Mon¬

3095 1540 3212 1580 sieur
3228 1547 3361 1591 ayant
3386 1554 3440 1579 un
3463 1543 3559 1582 titre
3583 1544 3840 1588 nobilliaire.

3148 1623 3240 1663 442.
3271 1647 3314 1654 —
3346 1622 3500 1672 Veuve,
3542 1636 3638 1663 sans
3676 1627 3859 1675 enfants,
3900 1630 3950 1671 40
3988 1643 4079 1682 ans,
4118 1631 4230 1672 belle

3096 1689 3316 1728 personne,
3348 1678 3519 1719 fortune
3547 1678 3695 1728 50,000
3728 1680 3795 1730 fr.,
3837 1684 4079 1732 épouserait
4106 1687 4228 1726 Mon¬

3095 1731 3210 1771 sieur
3231 1743 3282 1770 en
3304 1738 3471 1784 rapport
3491 1732 3611 1783 d’âge
3632 1739 3672 1772 et
3694 1731 3870 1775 d’avoir.

3148 1819 3239 1862 443.
3263 1844 3314 1850 —
3352 1822 3620 1874 Demoiselle,
3655 1823 3704 1864 22
3739 1835 3830 1872 ans,
3858 1825 3968 1866 belle
4002 1841 4226 1882 personne,

3095 1873 3165 1914 dot
3184 1875 3358 1919 200,000
3380 1876 3449 1926 fr.,
3472 1878 3711 1927 épouserait
3731 1879 3895 1920 notaire
3916 1892 3969 1921 ou
3994 1887 4144 1923 avoué.

3147 1963 3238 2003 444.
3269 1988 3305 1994 —
3332 1964 3602 2019 Demoiselle,
3626 1970 3671 2010 21
3694 1982 3784 2021 ans,
3813 1974 3882 2015 dot
3927 1975 4070 2016 12.000
4091 1975 4140 2015 fr.
4178 1975 4227 2015 de

3095 2023 3246 2064 rentes,
3279 2020 3518 2068 épouserait
3540 2023 3753 2063 Monsieur
3775 2038 3826 2064 en
3848 2035 4020 2080 rapport
4047 2030 4167 2082 d’âge
4190 2037 4230 2071 et

3093 2069 3144 2108 de
3167 2070 3351 2111 fortune.

3144 2151 3236 2194 459.
3262 2179 3308 2186 —
3331 2156 3600 2210 Demoiselle,
3622 2162 3673 2203 26
3694 2176 3784 2212 ans,
3804 2164 3924 2216 jolie,
3944 2167 4042 2208 bien
4063 2170 4224 2220 élevée,

3093 2207 3239 2255 20.000
3260 2210 3311 2251 fr,
3353 2212 3405 2252 de
3444 2214 3515 2252 dot
3544 2220 3585 2255 et
3616 2220 3879 2270 espérances,
3902 2222 4142 2273 épouserait
4167 2239 4224 2267 un

3091 2270 3382 2316 commerçant
3403 2266 3503 2306 bien
3524 2269 3671 2310 établi.

3143 2355 3220 2395 464
3235 2355 3373 2397 bis.—
3390 2360 3547 2412 Veuve,
3568 2366 3670 2414 âgée
3691 2367 3741 2407 de
3762 2369 3811 2409 47
3832 2384 3923 2422 ans,
3942 2375 4039 2416 bien
4061 2377 4219 2428 élevée,

3095 2410 3314 2457 possédant
3359 2412 3524 2463 120,000
3567 2419 3616 2459 fr.
3658 2432 3709 2460 en
3750 2423 3936 2476 valeurs,
3979 2432 4222 2480 épouserait

3095 2462 3305 2503 Monsieur
3343 2478 3395 2504 ou
3438 2470 3596 2508 rentier
3634 2482 3763 2524 ayant
3785 2477 3907 2522 3,000
3927 2480 3980 2522 fr.
4004 2483 4056 2522 de
4077 2491 4220 2527 rentes

3091 2527 3143 2555 au
3166 2518 3308 2558 moins
3327 2523 3367 2558 et
3387 2532 3438 2559 en
3463 2528 3631 2575 rapport
3651 2526 3678 2565 d
3695 2531 3784 2578 àge.

3142 2612 3235 2653 465.
3263 2638 3304 2643 -
3330 2615 3486 2666 Veuve,
3518 2621 3621 2668 Agée
3660 2621 3711 2660 de
3750 2623 3801 2663 38
3838 2638 3928 2678 ans,
3970 2631 4083 2674 belle
4126 2647 4218 2684 per¬

3090 2677 3235 2711 sonne,
3258 2668 3354 2707 bien
3396 2670 3555 2720 elevée,
3584 2674 3755 2716 fortune
3776 2680 3968 2729 présente
3996 2686 4143 2735 30,000
4168 2691 4216 2732 fr.

3090 2726 3130 2758 et
3150 2722 3411 2774 espérances,
3434 2726 3674 2774 épouserait
3707 2731 3919 2772 Monsieur
3956 2748 4007 2775 en
4049 2751 4218 2791 rapport

3089 2772 3222 2823 d’àge,
3246 2781 3376 2827 ayant
3396 2778 3528 2829 avoir,
3553 2783 3756 2835 employé
3778 2798 3830 2826 ou
3854 2788 4026 2831 rentier.

3141 2871 3232 2910 468.
3268 2895 3316 2900 —
3359 2874 3627 2927 Demoiselle,
3651 2878 3698 2918 23
3721 2894 3811 2931 ans,
3848 2884 3943 2927 bien
3967 2887 4126 2940 élevée,
4167 2891 4219 2931 de

3090 2923 3227 2964 bonne
3243 2924 3424 2976 famille,
3438 2928 3607 2970 fortune
3626 2936 3890 2982 personnelle
3910 2939 4056 2991 22,000
4079 2944 4151 2991 fr.,
4170 2946 4220 2987 de

3087 2990 3152 3019 ses
3187 2986 3355 3030 parents
3398 2982 3567 3031 100,000
3608 2985 3675 3035 fr.,
3716 2989 3958 3039 épouserait
4007 2998 4222 3039 Monsieur

3089 3031 3185 3073 bien
3207 3033 3342 3083 élevé,
3383 3042 3515 3088 ayant
3538 3039 3675 3079 bonne
3698 3042 3880 3091 position
3919 3058 3971 3085 ou
3996 3052 4217 3103 employé,

3086 3098 3136 3126 en
3163 3095 3334 3139 rapport
3355 3088 3488 3140 d’âge.

3136 3176 3227 3216 469.
3256 3202 3298 3206 —
3344 3178 3612 3231 Demoiselle,
3637 3183 3687 3224 28
3707 3198 3798 3238 ans,
3825 3190 3907 3230 très
3932 3191 4030 3231 bien
4055 3192 4216 3246 élevée,

3084 3227 3252 3272 fortune
3294 3232 3442 3280 90,000
3491 3235 3559 3284 fr.,
3605 3238 3848 3288 épouserait
3903 3254 4216 3305 commerçant,

3083 3290 3214 3336 ayant
3239 3286 3346 3326 belle
3367 3287 3574 3331 situation
3607 3304 3662 3332 ou
3702 3296 3904 3346 employé
3925 3298 3976 3336 de
3999 3299 4139 3350 l’Etat,
4163 3313 4215 3339 en

3082 3346 3252 3391 rapport
3272 3342 3408 3391 d’âge.

3134 3426 3226 3466 475.
3255 3451 3298 3455 —
3338 3428 3608 3480 Demoiselle,
3639 3433 3688 3472 27
3729 3446 3819 3484 ans,
3859 3439 4100 3495 orpheline,
4141 3443 4213 3484 dot

3080 3479 3226 3530 70.000
3263 3480 3332 3531 fr.,
3375 3482 3475 3524 bien
3518 3486 3677 3536 élevée,
3719 3490 3960 3540 épouserait
3996 3495 4214 3538 Monsieur

3079 3542 3208 3587 ayant
3231 3537 3412 3588 position
3436 3545 3476 3578 et
3498 3552 3549 3579 en
3573 3551 3740 3594 rapport
3762 3546 3880 3596 d'âge
3903 3554 3942 3587 et
3964 3548 4143 3591 d’avoir.

3130 3627 3220 3667 479.
3248 3650 3294 3656 —
3319 3628 3476 3678 Veuve,
3516 3631 3618 3679 âgée
3656 3630 3706 3670 de
3746 3631 3795 3672 46
3831 3644 3919 3679 ans,
3956 3643 4088 3687 ayant
4127 3651 4211 3679 une

3076 3678 3312 3730 profession
3336 3682 3416 3721 très
3440 3680 3645 3723 lucrative
3667 3691 3707 3723 et
3732 3685 3840 3726 belle
3862 3687 4074 3741 clientèle,
4108 3692 4208 3731 éco¬

3077 3734 3242 3774 nomies
3282 3734 3423 3781 14,000
3451 3735 3520 3787 fr.,
3562 3736 3668 3778 beau
3711 3739 3925 3792 mobilier,
3966 3746 4207 3795 épouserait

3075 3790 3276 3840 employé
3298 3802 3352 3828 ou
3376 3790 3547 3831 rentier.

3127 3878 3218 3916 482.
3241 3901 3291 3907 —
3330 3878 3490 3926 Veuve,
3511 3891 3610 3920 sans
3630 3884 3814 3934 enfants,
3838 3888 3938 3935 âgée
3960 3887 4011 3927 de
4034 3889 4082 3928 47
4114 3903 4206 3939 ans,

3076 3930 3246 3970 fortune
3280 3932 3426 3979 80,000
3462 3934 3511 3972 fr.
3550 3947 3599 3972 en
3643 3935 3918 3985 immeubles,
3962 3942 4207 3991 épouserait

3075 3982 3288 4023 Monsieur
3307 3997 3360 4023 en
3382 3992 3547 4036 rapport
3568 3987 3688 4040 d’âge
3710 3995 3749 4030 et
3769 3990 3943 4033 d’avoir.

3127 4080 3218 4122 485.
3246 4104 3289 4110 —
3313 4080 3471 4131 Veuve,
3511 4096 3610 4124 sans
3630 4087 3812 4135 enfants,
3848 4090 3948 4139 âgée
3968 4090 4019 4130 de
4043 4091 4092 4131 60
4114 4104 4204 4143 ans,

3074 4133 3244 4175 fortune
3279 4135 3400 4184 4,500
3436 4138 3506 4182 fr.,
3529 4139 3769 4189 épouserait
3804 4146 3905 4193 petit
3950 4144 4110 4187 rentier
4149 4159 4203 4187 ou

3076 4188 3287 4228 Monsieur
3307 4202 3359 4228 en
3380 4198 3550 4241 rapport
3570 4194 3706 4245 d'âge,
3728 4207 3830 4235 avec
3854 4199 4050 4247 position.

3126 4276 3215 4316 495.
3238 4301 3284 4307 —
3307 4279 3576 4330 Demoiselle,
3606 4282 3651 4322 19
3688 4295 3778 4332 ans,
3811 4284 3911 4326 bien
3950 4288 4110 4339 élevée,
4135 4292 4206 4332 dot

3072 4330 3219 4380 80.000
3238 4331 3307 4379 fr.,
3330 4335 3579 4384 espérances
3599 4337 3650 4375 de
3668 4348 3734 4376 ses
3750 4346 3918 4387 parents
3939 4343 4114 4390 300,000
4132 4346 4202 4393 fr.,

3070 4384 3311 4434 épouserait
3343 4387 3544 4439 employé
3563 4388 3615 4428 de
3639 4389 3758 4430 l’Etat
3778 4399 3911 4443 ayant
3932 4395 4043 4435 belle
4063 4397 4203 4438 situa¬

3072 4437 3174 4487 tion,
3194 4450 3247 4478 on
3288 4439 3499 4480 Monsieur
3519 4448 3650 4494 ayant
3678 4444 3846 4494 150,000
3867 4447 3935 4499 fr.,
3958 4462 4008 4490 en
4032 4458 4203 4503 rapport

3070 4489 3203 4539 d’âge.

3122 4580 3210 4622 496.
3228 4605 3279 4612 —
3300 4583 3567 4635 Demoiselle,
3607 4587 3656 4628 25
3696 4600 3786 4640 ans,
3828 4592 4068 4644 orpheline,
4102 4595 4200 4637 bien

3067 4634 3226 4684 élevée,
3271 4638 3341 4676 dot
3386 4639 3559 4682 200,000
3611 4642 3681 4691 fr.,
3731 4644 3971 4695 épouserait
4018 4650 4199 4698 notaire,

3066 4690 3216 4739 avoué,
3242 4696 3389 4731 avocat
3424 4692 3641 4743 distingué
3678 4710 3731 4735 ou
3775 4699 3990 4751 employé,
4019 4702 4119 4740 chef
4148 4703 4199 4742 de

3066 4742 3225 4783 service
3246 4744 3374 4784 d’une
3395 4747 3738 4788 administration
3760 4750 3812 4790 de
3836 4751 3974 4794 l’Etat.

3118 4831 3208 4871 497.
3235 4855 3278 4861 —
3316 4835 3584 4883 Demoiselle,
3614 4839 3714 4890 âgée
3735 4839 3784 4879 de
3804 4840 3854 4882 28
3875 4854 3965 4892 ans,
3987 4844 4130 4895 pieuse
4155 4853 4195 4887 et

3064 4886 3313 4935 charitable,
3344 4895 3476 4941 ayant
3522 4892 3732 4939 1,100.000
3756 4894 3806 4936 fr.
3827 4896 3878 4936 de
3899 4898 3985 4947 dot,
4010 4901 4195 4950 épouse¬

3064 4939 3144 4976 rait
3178 4939 3403 4992 Monsieur,
3425 4943 3607 4993 sérieux,
3630 4946 3697 4987 bel
3726 4947 3918 4998 homme,
3943 4952 4191 4999 honorable,

3064 4991 3161 5032 bien
3183 4993 3315 5045 élevé,
3339 5004 3468 5049 ayant
3507 5010 3562 5039 au
3591 5001 3731 5042 moins
3754 5003 3927 5052 300,000
3952 5006 4003 5045 fr.
4028 5006 4079 5045 de
4100 5007 4194 5046 for¬

3066 5051 3180 5086 tune.

3114 5130 3204 5170 498.
3223 5154 3273 5160 —
3294 5132 3563 5183 Demoiselle,
3595 5138 3636 5176 21
3684 5150 3774 5187 ans,
3816 5139 3926 5180 belle
3967 5154 4192 5194 personne,

3059 5183 3158 5224 bien
3180 5183 3338 5235 élevée,
3360 5186 3430 5227 dot
3452 5188 3600 5235 80,000
3624 5190 3692 5239 fr.,
3716 5192 3956 5242 épouserait
3979 5196 4195 5238 Monsieur

3058 5250 3110 5276 en
3134 5244 3300 5290 rapport
3322 5239 3440 5292 d’âge
3463 5247 3502 5280 et
3523 5243 3699 5286 d’avoir.

3112 5339 3200 5379 499.
3224 5363 3272 5370 —
3314 5342 3581 5392 Demoiselle,
3622 5347 3668 5386 21
3694 5359 3785 5398 ans,
3807 5348 3908 5390 bien
3929 5351 4091 5400 élevée,
4117 5351 4187 5390 dot

3062 5391 3230 5441 100.000
3270 5395 3319 5435 fr.
3351 5403 3391 5435 et
3428 5399 3608 5447 grandes
3644 5403 3908 5452 espérances,
3948 5404 4191 5454 épouserait

3058 5446 3270 5487 Monsieur
3290 5450 3472 5500 élégant,
3494 5463 3543 5491 en
3567 5462 3738 5505 rapport
3759 5456 3879 5504 d’âge
3900 5461 3940 5495 et
3959 5458 4132 5498 d’avoir.

3110 5532 3186 5575 505'
3224 5558 3275 5565 —
3296 5536 3564 5591 Demoiselle,
3607 5543 3656 5582 23
3696 5555 3787 5593 ans,
3828 5543 3940 5585 belle
3982 5559 4187 5598 personne

3056 5594 3154 5635 bien
3176 5595 3334 5643 élevée,
3356 5599 3428 5639 dot
3446 5602 3956 5654 200,000fr.,épouserait
3974 5608 4188 5649 Monsieur

3053 5659 3104 5687 en
3128 5656 3295 5699 rapport
3317 5651 3435 5703 d’âge
3458 5659 3498 5694 et
3515 5655 3691 5695 d'avoir.

3107 5746 3196 5786 506.
3224 5769 3266 5775 —
3311 5748 3581 5798 Demoiselle,
3611 5750 3660 5789 22
3699 5763 3791 5799 ans,
3834 5755 3906 5795 dot
3945 5759 4182 5807 2,000,000,

3050 5799 3292 5850 épouserait
3313 5802 3528 5842 Monsieur
3540 5814 3592 5844 en
3613 5811 3786 5856 rapport
3806 5808 3924 5860 d’âge
3947 5818 3987 5852 et
4007 5811 4183 5862 d’avoir,

3050 5864 3104 5892 ou
3130 5854 3235 5894 haut
3256 5855 3587 5896 fonctionnaire.

3100 5955 3192 5994 507.
3234 5975 3282 5983 —
3326 5955 3595 6007 Demoiselle,
3643 5963 3747 6014 âgée
3786 5964 3836 6003 de
3876 5963 3926 6003 23
3976 5975 4068 6014 ans,
4110 5966 4182 6007 dot

3051 6006 3220 6054 150.000
3242 6002 3311 6056 fr.,
3352 6011 3603 6061 espérances
3639 6015 3970 6067 considérables,
3995 6018 4177 6068 épouse¬

3045 6059 3126 6098 rait
3164 6059 3478 6106 fonctionnaire
3515 6080 3570 6107 ou
3610 6069 3862 6120 dignitaire,
3915 6081 3966 6110 en
4007 6080 4178 6126 rapport

3044 6110 3180 6163 d’âge.
