4728 7228
1992 771 2073 818 LE
2111 770 2265 816 LIEN
2300 768 2385 815 DU
2427 763 2728 814 MARIAGE

642 958 732 996 GM.
766 979 805 983 —
827 954 1091 1002 Célibataire,
1132 951 1180 990 30
1220 961 1311 998 ans,
1351 959 1506 1000 garçon
1542 944 1717 992 d’hôtel,

588 1018 720 1060 ayant
740 1009 858 1047 avoir
878 1007 998 1047 G.000
1022 1007 1088 1050 ft\,
1112 1002 1354 1053 épouserait
1392 999 1640 1040 demoiselle
1663 1011 1715 1036 ou

591 1074 727 1103 veuve
751 1062 968 1112 possédant
991 1059 1112 1100 4.000
1132 1058 1203 1106 fi\,
1227 1068 1335 1107 pour
1356 1061 1524 1094 monter
1545 1052 1719 1103 pension

591 1118 854 1166 bourgeoise.

644 1179 734 1220 G12.
759 1204 807 1208 —
848 1179 969 1224 Veuf,
994 1179 1183 1222 docteur,
1210 1173 1430 1227 possédant
1458 1171 1625 1212 100.000
1648 1170 1718 1216 fr.,

590 1238 664 1283 âgé
687 1235 736 1273 de
758 1235 807 1273 55
830 1244 919 1280 ans,
943 1230 1183 1282 épouserait
1206 1239 1338 1267 veuve
1360 1227 1410 1266 de
1430 1226 1478 1266 30
1498 1228 1521 1264 à
1553 1226 1601 1263 50
1622 1235 1718 1272 ans,

595 1289 689 1328 bien
712 1286 870 1334 élevée,
894 1290 1024 1336 ayant
1044 1282 1232 1336 quelque
1254 1279 1387 1320 avoir.

644 1371 734 1410 G18.
784 1392 827 1400 —
879 1367 1007 1414 Veuf,
1059 1376 1156 1406 sans
1203 1364 1363 1409 enfant,
1418 1363 1718 1411 représentant,

592 1428 776 1472 gagnant
796 1422 918 1462 8.000
954 1421 1004 1460 fr.
1043 1431 1115 1471 par
1135 1430 1203 1464 an,
1227 1416 1363 1455 désire
1386 1416 1564 1466 épouser
1587 1424 1720 1451 veuve

591 1490 644 1515 ou
669 1474 916 1515 demoiselle
938 1487 987 1511 eu
1013 1478 1179 1523 rapport
1201 1471 1319 1519 d'âge
1342 1482 1394 1507 ou
1427 1468 1650 1508 au-dessus
1671 1467 1722 1503 de

593 1530 643 1568 40
664 1541 754 1576 ans,
780 1527 1000 1579 possédant
1021 1526 1168 1566 20.000
1189 1524 1244 1563 fr.

647 1599 720 1638 622
759 1622 808 1627 —
830 1594 1096 1643 Célibataire,
1119 1594 1170 1634 26
1192 1606 1283 1640 ans,
1308 1593 1476 1631 fortune
1499 1591 1646 1631 40.000
1671 1588 1720 1627 fr.

594 1651 868 1694 immeubles,
892 1649 1131 1700 épouserait
1152 1646 1404 1687 demoiselle
1427 1650 1558 1695 ayant
1583 1643 1722 1680 bonne

592 1707 795 1746 situation
818 1701 1120 1744 commerciale
1142 1714 1194 1740 ou
1219 1700 1388 1739 fortune
1409 1700 1459 1738 de
1481 1698 1628 1737 80.000
1669 1695 1720 1735 fr.

650 1783 739 1822 622.
763 1805 815 1810 —
845 1779 1111 1826 Célibataire,
1147 1779 1196 1817 26
1231 1788 1322 1822 ans,
1354 1776 1644 1826 représentant
1674 1771 1724 1811 de

595 1848 852 1882 commerce,
892 1834 1062 1875 fortune
1102 1832 1250 1871 40.000
1291 1830 1342 1870 fr.
1384 1842 1435 1868 en
1474 1826 1723 1880 propriétés,

595 1896 778 1940 gagnant
818 1888 938 1927 4.000
970 1887 1039 1932 fr.,
1079 1885 1216 1924 désire
1258 1884 1438 1934 épouser
1475 1879 1724 1920 demoiselle

595 1943 809 1992 disposant
830 1941 880 1980 de
907 1942 915 1978 1
927 1940 1072 1979 Ou.000
1095 1938 1146 1979 fr.

651 2019 740 2059 625.
769 2043 812 2047 —
855 2016 962 2056 Veuf
1002 2027 1099 2056 sans
1136 2014 1319 2061 enfants,
1359 2012 1435 2062 âgé
1468 2011 1518 2050 de
1551 2011 1600 2048 50
1634 2020 1724 2054 ans,

598 2083 730 2123 gagne
772 2071 912 2112 10.000
938 2071 984 2109 h*.
1024 2081 1096 2121 par
1127 2080 1180 2107 an
1214 2078 1382 2107 comme
1423 2064 1724 2115 représentant,

600 2125 695 2175 plus
716 2126 886 2164 fortune
911 2122 1188 2174 personnelle,
1216 2121 1351 2160 désire
1374 2120 1552 2169 épouser
1574 2128 1723 2164 veuve,

599 2182 743 2218 même
766 2179 859 2228 plus
879 2179 996 2227 âgée,
1023 2175 1243 2227 possédant
1263 2174 1440 2213 200.000
1463 2172 1511 2212 fr.

652 2275 741 2314 627.
766 2296 808 2303 —
852 2271 1118 2320 Célibataire,
1156 2269 1352 2316 horloger
1380 2267 1526 2312 établi,
1555 2267 1604 2304 30
1635 2277 1724 2312 ans,

597 2327 766 2367 fortune
815 2325 955 2366 15.000
996 2326 1071 2369 fr.,
1110 2322 1350 2375 épouserait
1390 2318 1638 2361 demoiselle
1675 2331 1724 2356 en

599 2386 767 2431 rapport
789 2380 910 2430 d'âgé
929 2391 1029 2418 avec
1052 2379 1219 2417 fortune
1242 2374 1528 2428 équivalente.

655 2458 744 2499 628.
760 2480 808 2486 —
829 2455 1094 2500 Célibataire,
1118 2454 1167 2495 25
1184 2464 1275 2503 ans,
1301 2454 1467 2491 fortune
1496 2450 1636 2490 10.000
1660 2448 1727 2499 fr.,

602 2511 883 2560 mécanicien,
907 2520 1042 2559 gagne
1063 2508 1184 2548 2.500
1210 2508 1258 2547 fr.
1284 2518 1356 2558 par
1386 2518 1454 2552 an,
1487 2502 1727 2555 épouserait

600 2565 848 2604 demoiselle
888 2575 939 2602 en
983 2568 1147 2613 rapport
1186 2562 1306 2611 d'âge
1344 2564 1475 2610 ayant
1518 2570 1571 2596 un
1612 2568 1730 2595 com¬

601 2631 740 2659 merce
762 2630 815 2657 ou
838 2617 972 2656 avoir.

655 2702 744 2740 630.
763 2724 812 2728 —
834 2699 1103 2747 Célibataire,
1120 2698 1171 2738 28
1186 2709 1276 2744 ans,
1294 2707 1391 2745 sage
1410 2702 1447 2734 et
1469 2687 1728 2740 travailleur,

600 2760 900 2803 restaurateur,
922 2755 1163 2804 épouserait
1186 2750 1435 2790 demoiselle
1476 2752 1660 2799 pouvant
1695 2747 1730 2786 le

600 2808 818 2856 seconder,
842 2812 972 2858 ayant
993 2807 1043 2846 de
1068 2806 1110 2844 10
1134 2807 1151 2843 à
1183 2804 1324 2844 12.000
1345 2803 1396 2843 fr.

655 2892 746 2932 636.
768 2915 813 2920 —
836 2890 1103 2938 Célibataire,
1125 2887 1280 2935 28ans,
1299 2885 1468 2926 fortune
1488 2884 1656 2925 100.000
1678 2883 1728 2924 fr.

603 2947 784 2996 espèces,
800 2944 1042 2996 épouserait
1056 2940 1306 2981 demoiselle
1322 2946 1452 2990 ayant
1472 2938 1579 2978 belle
1595 2938 1732 2976 situa¬

605 3000 690 3039 tion
711 2996 1024 3038 commerciale.

658 3071 747 3110 638.
774 3092 822 3097 —
845 3068 965 3112 Veuf,
990 3068 1038 3107 56
1060 3078 1151 3110 ans,
1182 3066 1370 3112 ouvrier,
1406 3075 1503 3103 sans
1546 3062 1731 3107 enfants,

603 3126 723 3175 possé
741 3127 828 3163 Iant
846 3122 996 3161 20.000
1018 3120 1071 3160 fr.
1103 3131 1157 3158 en
1186 3118 1459 3169 obligations,
1492 3114 1735 3167 épouserait

608 3190 739 3216 veuve
762 3188 812 3216 en
839 3183 1004 3226 rapport
1027 3175 1162 3222 d’âge,
1179 3185 1276 3212 sans
1296 3170 1479 3218 enfants,
1515 3167 1734 3219 possédant

604 3231 679 3270 700
704 3230 751 3270 fr.
776 3230 826 3268 de
844 3239 1050 3275 revenus;
1077 3227 1104 3265 il
1132 3226 1255 3265 ferait
1276 3224 1479 3264 donation
1510 3224 1559 3262 de
1603 3222 1731 3260 l’usu¬

603 3283 710 3323 fruit,
731 3295 804 3334 par
823 3288 1002 3323 contrat.

656 3355 748 3395 639.
771 3377 822 3382 —
844 3354 1111 3398 Célibataire,
1134 3351 1183 3390 39
1206 3363 1296 3396 ans,
1321 3349 1531 3398 médecin,
1554 3348 1733 3399 épouse¬

604 3408 683 3449 rait
704 3407 952 3448 demoiselle
976 3404 1196 3458 possédant
1218 3404 1363 3444 80.000
1387 3403 1438 3442 fr.

658 3491 733 3531 640
792 3514 810 3519 -
843 3488 1110 3535 Célibataire,
1136 3486 1338 3539 employé
1351 3485 1402 3524 de
1420 3483 1554 3533 l’Etal,
1574 3483 1619 3523 31
1639 3495 1731 3528 ans,

603 3544 947 3596 appointements
987 3542 1100 3588 13,00
1130 3540 1200 3588 fr.,
1219 3538 1462 3591 épouserait
1482 3536 1734 3578 demoiselle

603 3603 735 3648 ayant
749 3599 819 3636 dot
842 3595 892 3635 de
912 3596 1060 3635 20.000
1082 3594 1134 3634 fr.

658 3668 747 3707 641.
783 3691 808 3696 -
849 3666 975 3714 Veuf,
1015 3666 1036 3704 3
1078 3663 1260 3709 enfants,
1302 3663 1350 3703 42
1376 3675 1466 3709 ans,
1511 3661 1734 3713 possédant

606 3722 724 3769 6.000
746 3720 798 3760 fr.
823 3719 872 3759 de
896 3728 1091 3766 revenus,
1114 3717 1355 3768 épouserait
1392 3714 1640 3755 demoiselle
1678 3728 1731 3754 ou

605 3784 738 3814 veuve
758 3772 983 3827 possédant
1002 3772 1050 3811 25
1074 3772 1150 3811 000
1172 3771 1224 3808 fr.
1249 3771 1299 3810 de
1321 3770 1406 3808 dot.

657 3846 748 3884 645.
756 3868 802 3874 —
830 3843 952 3892 Veuf,
977 3843 1024 3883 31
1048 3854 1138 3890 ans,
1154 3842 1265 3882 deux
1285 3840 1467 3889 enfants,
1493 3851 1735 3879 commerce

603 3898 654 3938 de
675 3899 767 3938 vins
788 3898 867 3937 très
890 3895 1119 3948 productif,
1142 3894 1383 3946 épouserait
1405 3904 1611 3944 personne
1634 3903 1734 3932 avec

603 3951 708 4004 petit
728 3952 846 3991 avoir
865 3954 904 3990 ét
931 3950 1115 4002 pouvant
1139 3947 1176 3987 le
1196 3947 1412 3988 seconder.

658 4028 747 4069 646.
775 4052 821 4058 —
854 4027 1121 4073 Célibataire,
1142 4027 1191 4066 28
1220 4039 1310 4074 ans,
1333 4032 1463 4078 ayant
1495 4035 1734 4064 commerce

603 4083 688 4123 très
707 4081 896 4131 lucratif,
931 4079 1172 4131 épouserait
1203 4078 1454 4119 demoiselle
1493 4089 1593 4118 avec
1631 4078 1734 4128 petit

603 4136 736 4184 avoir,
762 4142 946 4187 pouvant
970 4136 1090 4186 gérer
1111 4133 1319 4183 magasin.

656 4207 747 4247 647.
774 4231 808 4235 —
835 4206 1100 4251 Célibataire,
1127 4206 1324 4256 vicomte,
1347 4203 1392 4242 21
1416 4215 1504 4251 ans,
1529 4202 1631 4242 allié
1652 4215 1734 4240 aux

603 4259 792 4301 familles
814 4259 873 4300 les
893 4259 991 4311 plus
1014 4258 1174 4308 nobles,
1207 4256 1445 4310 épouserait
1486 4255 1734 4296 demoiselle

601 4320 732 4366 ayant
751 4314 940 4354 fortune.

656 4390 746 4431 648.
756 4412 803 4419 —
824 4388 1090 4438 Célibataire,
1108 4395 1262 4438 comte,
1279 4387 1327 4428 24
1344 4399 1434 4438 ans,
1454 4387 1519 4428 bel
1542 4387 1730 4436 homme,

602 4443 651 4484 de
677 4446 714 4483 la
738 4443 963 4483 meilleure
984 4444 1191 4490 noblesse,
1214 4443 1452 4492 épouserait
1481 4439 1730 4481 demoiselle

602 4503 732 4549 ayant
754 4498 938 4537 fortune.

655 4575 744 4615 656.
768 4598 818 4604 —
855 4574 1122 4620 Célibataire,
1165 4573 1305 4618 noble,
1347 4571 1395 4612 60
1435 4584 1523 4619 ans,
1566 4571 1735 4611 fortune

600 4628 774 4675 800.000
798 4628 868 4674 fr.,
892 4627 1131 4678 épouserait
1171 4627 1294 4666 darne
1328 4627 1378 4666 de
1403 4626 1452 4666 40
1491 4628 1514 4665 à
1552 4624 1602 4664 45
1642 4636 1731 4674 ans,

600 4688 730 4734 ayant
754 4681 924 4731 300,000
948 4683 1000 4722 fr.

654 4764 746 4806 657.
792 4788 828 4794 —
882 4763 1135 4804 Célibataire
1169 4761 1508 4815 (pharmacien),
1551 4762 1592 4799 41
1640 4773 1731 4812 ans,

601 4820 840 4868 épouserait
859 4817 1108 4858 demoiselle
1148 4830 1200 4856 ou
1227 4829 1359 4856 veuve
1398 4823 1528 4868 ayant
1568 4815 1618 4855 de
1640 4816 1688 4854 60
1711 4819 1733 4854 à

607 4874 772 4920 100.000
795 4872 834 4910 fr

653 4948 743 4987 659.
766 4971 814 4977 —
835 4947 1099 4994 Célibataire,
1123 4947 1174 4986 30
1195 4958 1283 4992 ans,
1306 4946 1407 4985 chef
1427 4946 1451 4983 d
1474 4944 1730 4988 institution,

598 5002 841 5050 épouserait
906 4999 1155 5040 demoiselle
1218 5000 1439 5047 instruite,
1510 4998 1734 5049 possédant

598 5055 744 5103 30.000
770 5056 819 5096 fr.

652 5134 742 5171 665.
766 5155 815 5160 —
839 5131 1088 5171 Célibataire
1111 5131 1157 5170 3i
1182 5143 1271 5179 ans,
1296 5130 1435 5176 noble,
1470 5130 1639 5168 fortune
1679 5140 1728 5168 en

600 5186 829 5235 propriétés
859 5186 1026 5224 100.000
1047 5185 1083 5224 fr
1122 5183 1360 5235 épouserait
1391 5182 1639 5223 demoiselle
1678 5195 1727 5222 en

598 5246 764 5290 rapport
783 5239 944 5279 d'avoir
964 5247 1003 5278 et
1023 5239 1156 5287 d’âge.

651 5315 742 5356 672.
768 5339 816 5345 —
839 5315 1088 5355 Célibataire
1112 5315 1159 5354 32
1192 5327 1282 5364 ans,
1324 5320 1455 5366 ayant
1499 5314 1727 5364 profession

598 5369 775 5410 libérale
829 5370 890 5409 lui
940 5373 1180 5420 rapportant
1230 5368 1348 5408 7.000
1388 5370 1435 5407 fr.
1490 5367 1731 5419 épouserait

595 5423 844 5463 demoiselle
866 5431 997 5473 ayant
1019 5423 1091 5461 dot
1112 5422 1262 5462 40.000
1283 5423 1335 5460 fr.

651 5501 742 5539 673.
768 5523 814 5529 —
837 5499 1102 5547 Célibataire,
1139 5499 1187 5538 29
1218 5510 1294 5538 ans
1328 5504 1459 5548 ayant
1502 5498 1730 5548 profession

596 5552 775 5593 libérale
828 5553 884 5592 lui
938 5557 1181 5603 rapportant
1235 5551 1356 5591 6.000
1397 5551 1447 5592 fr.
1488 5551 1730 5603 épouserait

595 5606 843 5646 demoiselle
866 5614 992 5658 ayant
1018 5607 1089 5646 dot
1111 5606 1257 5646 30.000
1276 5604 1326 5645 fr.

649 5678 737 5718 674.
766 5702 811 5706 —
829 5676 936 5716 Veuf
953 5687 1052 5717 sans
1073 5678 1233 5723 enfant,
1258 5679 1334 5727 âgé
1355 5676 1405 5715 de
1428 5678 1476 5716 50
1514 5688 1603 5722 ans,
1646 5678 1730 5716 for¬

597 5735 699 5770 tune
720 5742 770 5770 en
792 5731 1067 5778 immeubles,
1092 5730 1238 5770 30.000
1263 5731 1331 5778 fr.,
1363 5730 1603 5780 épouserait,
1633 5743 1728 5782 per¬

595 5796 726 5824 sonne
748 5796 798 5823 en
823 5791 991 5835 rapport
1011 5784 1144 5833 d’âge,
1170 5784 1395 5834 possédant
1422 5786 1444 5823 8
1467 5784 1543 5823 000
1566 5784 1618 5823 fr.

649 5855 739 5895 682.
766 5879 810 5883 —
842 5854 1107 5899 Célibataire,
1151 5855 1200 5894 58
1238 5867 1328 5903 ans,
1372 5855 1488 5894 1.500
1512 5855 1563 5894 fr.
1587 5854 1636 5894 de
1660 5867 1727 5892 re¬

597 5910 716 5948 traite
738 5915 777 5948 et
815 5922 895 5948 une
935 5910 1037 5958 jolie
1076 5907 1193 5955 villa,
1216 5908 1456 5959 épouserait
1476 5908 1726 5947 demoiselle

592 5975 644 6000 ou
673 5974 806 6002 veuve
831 5974 881 6002 en
906 5968 1074 6012 rapport
1095 5962 1227 6011 d’âge,
1252 5974 1352 6000 avec
1374 5962 1561 6012 quelque
1584 5963 1718 6002 avoir.

648 6044 738 6084 683.
763 6068 811 6075 —
851 6044 975 6091 Veuf,
1019 6043 1167 6091 établi,
1206 6057 1302 6084 sans
1342 6044 1503 6093 enfant,
1543 6044 1591 6084 23
1632 6056 1722 6092 ans,

592 6100 831 6148 épouserait
854 6099 1101 6139 demoiselle
1121 6104 1252 6150 ayant
1280 6099 1419 6138 10.000
1443 6099 1491 6138 fr.

646 6180 736 6222 684.
765 6206 807 6210 —
849 6181 1115 6230 Célibataire,
1137 6182 1187 6220 28
1218 6193 1307 6224 ans,
1341 6181 1624 6228 mécanicien,
1648 6180 1724 6220 300

592 6235 641 6274 fr.
671 6248 742 6283 par
783 6236 904 6283 mois,
947 6235 1188 6287 épouserait
1220 6234 1468 6275 demoiselle
1499 6242 1630 6287 ayant
1654 6236 1724 6275 dot

591 6290 640 6328 de
663 6288 810 6336 30,000
834 6290 883 6327 fr.

644 6366 735 6404 685.
759 6387 809 6394 —
830 6364 1095 6410 Célibataire,
1120 6366 1170 6404 28
1208 6378 1298 6413 ans,
1334 6364 1524 6412 cafetier,
1553 6365 1722 6404 fortune

591 6419 740 6466 70.000
782 6419 852 6468 fr.,
889 6419 1130 6470 épouserait
1167 6418 1419 6460 demoiselle
1449 6419 1570 6470 jolie,
1591 6425 1723 6470 ayant

595 6472 739 6521 10.000
759 6472 810 6512 fr.

1847 947 1936 987 686.
1963 969 2007 975 —
2031 943 2328 985 Commissaire
2350 943 2400 982 de
2423 939 2603 986 marine,
2643 938 2718 976 250
2758 935 2807 974 fr.
2854 946 2924 985 par

1796 1000 1918 1048 mois,
1941 999 2110 1040 retraite
2144 998 2264 1045 3,000
2306 996 2372 1043 fr.,
2413 992 2650 1046 épouserait
2674 987 2922 1029 demoiselle

1794 1067 1845 1092 ou
1868 1065 2003 1093 veuve
2023 1063 2124 1092 avec
2143 1054 2246 1103 petit
2266 1051 2401 1091 avoir.

1848 1151 1936 1191 688.
1968 1171 2008 1178 —
2052 1143 2296 1191 Industriel,
2335 1146 2384 1183 25
2424 1155 2514 1190 ans,
2540 1137 2708 1180 fortune
2734 1139 2924 1189 présente

1794 1205 1967 1244 200.000
1990 1202 2058 1250 fr.,
2080 1200 2227 1240 avenir
2247 1200 2324 1239 200
2346 1198 2422 1238 000
2448 1199 2515 1244 fr.,
2558 1196 2667 1234 deux
2703 1188 2924 1242 fabriqués

1797 1259 2028 1308 prospères,
2050 1252 2289 1306 épouserait
2310 1248 2559 1291 demoiselle
2597 1252 2728 1299 ayant
2756 1246 2827 1283 100
2848 1244 2925 1282 000

1796 1312 1847 1351 fr.
1868 1312 1918 1350 de
1935 1311 2003 1349 dot
2030 1314 2068 1347 et
2090 1310 2352 1359 espérances.

1848 1399 1939 1438 688.
1967 1420 2005 1427 —
2035 1395 2302 1440 Célibataire,
2326 1392 2367 1430 31
2396 1403 2486 1438 ans,
2514 1390 2766 1432 littérateur,
2791 1396 2924 1435 gagne

1804 1454 1942 1491 10.000
1966 1452 2030 1497 fr.,
2052 1447 2292 1499 épouserait
2315 1443 2562 1484 demoiselle
2591 1448 2722 1492 ayant
2752 1440 2926 1480 400.000

1798 1507 1952 1544 francs.

1851 1595 1940 1634 688.
1968 1615 2011 1621 —
2038 1591 2279 1640 Négociant,
2304 1589 2351 1627 39
2380 1599 2471 1635 ans,
2494 1590 2624 1635 ayant
2642 1582 2772 1633 grand
2806 1594 2924 1620 com¬

1799 1659 1939 1686 merce
1962 1648 2167 1696 prospère,
2190 1644 2356 1682 fortune
2378 1639 2551 1680 200.000
2575 1639 2646 1684 fr.,
2684 1635 2925 1686 épouserait

1797 1700 2045 1740 demoiselle
2070 1705 2199 1750 ayant
2219 1696 2394 1737 200.000
2419 1695 2470 1734 fr.

1852 1790 1942 1828 691.
1970 1810 2010 1817 —
2035 1787 2230 1834 Docteur,
2263 1784 2312 1823 40
2348 1796 2439 1829 ans,
2464 1782 2632 1821 fortune
2654 1779 2828 1818 400.000
2852 1778 2922 1822 fr.,

1799 1842 2038 1895 épouserait
2056 1839 2318 1879 demoiselle'
2346 1850 2397 1876 on
2443 1847 2578 1875 veuve
2614 1845 2710 1874 sans
2739 1832 2924 1880 enfants,

1798 1904 1927 1948 ayant
1950 1896 2024 1934 300
2047 1895 2122 1933 000
2144 1894 2195 1932 fr.

1855 1987 1944 2026 699.
1977 2007 2026 2014 —
2068 1981 2335 2028 Célibataire,
2377 1980 2426 2019 27
2466 1991 2555 2027 ans,
2595 1978 2754 2020 artiste,
2795 1987 2928 2026 gagne

1800 2040 1920 2087 4.000
1961 2040 2000 2078 fr
2028 2069 2038 2084 ,
2076 2035 2311 2086 épouserait
2355 2031 2605 2072 demoiselle
2648 2032 2742 2070 bien
2784 2031 2928 2067 élevée

1800 2099 1931 2146 ayant
1954 2092 2099 2139 20,000
2122 2091 2170 2128 fr.
2195 2090 2244 2128 de
2267 2088 2350 2127 dot.

1854 2184 1945 2223 700.
1978 2203 2027 2210 —
2057 2178 2324 2226 Célibataire,
2346 2176 2392 2216 31
2417 2186 2516 2219 ans,,
2530 2175 2680 2214 ancien
2704 2171 2931 2214 secrétaire

1802 2234 2106 2283 d'ambassade,
2139 2242 2271 2283 gagne
2309 2231 2450 2286 10,000
2475 2230 2523 2268 fr.
2555 2240 2624 2276 par
2644 2240 2715 2277 an,
2750 2227 2931 2276 épouse¬

1804 2292 1882 2330 rait
1902 2287 2150 2328 demoiselle
2175 2284 2394 2336 possédant
2415 2283 2590 2330 400,000
2614 2278 2662 2320 fr.

1855 2381 1946 2419 701.
1978 2401 2027 2407 —
2058 2375 2322 2422 Célibataire,
2354 2374 2403 2412 23
2426 2385 2514 2420 ans,
2546 2370 2790 2412 économies
2818 2368 2931 2416 1,800

1805 2437 1874 2482 fr.,
1897 2444 2030 2483 gagne
2057 2431 2127 2468 150
2150 2430 2202 2468 fr.
2238 2440 2308 2479 par
2330 2428 2454 2470 mois,
2489 2430 2731 2475 épouserait
2762 2424 2930 2460 demoi¬

1803 2487 1904 2530 selle
1927 2484 2082 2527 établie
2100 2496 2154 2522 ou
2183 2482 2401 2534 possédant
2431 2480 2572 2527 10,000
2596 2479 2647 2519 fr.

3050 940 3402 1048 faisons
3476 938 4074 1021 Recommandées

3148 1326 3456 1376 CHAPEAUX
3492 1326 3560 1374 EN
3596 1327 3736 1376 TOUS
3770 1326 3984 1375 GENRES

3026 1407 3302 1449 COIFFURES
3340 1407 3468 1447 POUR
3515 1406 3790 1446 MESSIEURS
3834 1406 3898 1445 ET
3939 1406 4103 1445 DAMES

3307 1490 3579 1525 FRAICHEURS,
3611 1489 3689 1516 IION
3718 1487 3827 1516 GOUT

3093 1551 3239 1588 Haute
3261 1550 3520 1588 Nouveauté
3543 1548 3596 1587 de
3615 1549 3774 1600 forme,
3800 1547 4036 1598 Elégance,

3428 1613 3703 1665 Originalité

3294 1683 3512 1725 Spécialité
3534 1684 3585 1716 de
3610 1683 3649 1715 la
3672 1684 3831 1716 Maison

3001 1746 3184 1791 Coiffures
3207 1746 3331 1790 riches
3353 1743 3576 1788 d’intérieur
3594 1747 3632 1788 et
3654 1743 3699 1788 de
3719 1743 3862 1788 Bureau
3889 1758 4014 1791 Dernières
4043 1751 4131 1802 à)

3408 1816 3508 1855 Paix
3538 1816 3732 1855 Modérés

3076 1885 3196 1931 26,
3239 1885 3306 1923 Fl
3310 1896 3399 1922 vie
3447 1883 3915 1927 Gannebière,
3953 1884 4055 1923 26

3004 2020 3244 2133 ARMES
3308 2020 3388 2132 DE
3444 2018 3704 2135 EUSSE
3752 2022 3836 2134 ET
3876 2021 3960 2134 DE
4008 2021 4132 2137 TIR

3120 2174 3423 2235 §épaiations,
3463 2204 3471 2230 {
3473 2162 3714 2236 Échanges,
3740 2175 4011 2238 Nettoyages

3012 2272 3548 2337 BERNARD
3600 2288 3712 2325 rue
3752 2274 4032 2339 Paradis,
4062 2277 4136 2327 32

3058 2435 3401 2533 Entreprise
3446 2436 3515 2512 de
3556 2436 4087 2539 Déménagements

3196 2551 3306 2590 Pour
3338 2563 3386 2590 la
3416 2551 3579 2591 France
3610 2564 3660 2591 et
3690 2555 3952 2594 l'Etranger

1862 2659 1992 2702 Nous
2037 2656 2255 2699 donnons
2303 2651 2569 2695 ci-dessous
2614 2646 2837 2688 l’adresse
2878 2644 2935 2686 de

1804 2720 1915 2763 MM.
1958 2716 2024 2760 les
2060 2715 2267 2758 notaires
2300 2712 2356 2754 de
2393 2710 2436 2752 la
2468 2707 2571 2752 ville
2598 2707 2654 2749 de
2686 2703 2931 2757 Marseille,

1806 2780 1883 2835 qui
1915 2788 2087 2834 pourra
2118 2779 2214 2818 être
2247 2771 2356 2815 utile
2388 2781 2504 2827 pour
2534 2767 2598 2810 les
2631 2767 2844 2808 contrats
2878 2764 2932 2805 de

1804 2840 2017 2891 mariage
2039 2851 2047 2877 :

1861 2934 1955 2972 MM.
1992 2930 2196 2979 Sabatier,
2219 2939 2295 2968 rue
2319 2926 2499 2973 Paradis,
2530 2923 2587 2962 17.

1994 2995 2213 3047 Raynaud,
2238 3005 2311 3032 rue
2335 2991 2516 3036 Paradis,
2539 2988 2604 3028 21.
2631 3001 2635 3009 ■

1991 3062 2167 3111 Daudet,
2194 3071 2267 3099 rue
2291 3058 2471 3104 Paradis,
2495 3055 2559 3095 46.

1992 3130 2191 3179 Oasquet,
2212 3138 2287 3165 rue
2304 3123 2489 3168 Paradis,
2513 3122 2577 3160 57.

1992 3192 2192 3243 Ferrand,
2215 3203 2290 3232 rue
2312 3188 2496 3233 Paradis,
2520 3187 2584 3226 59.

1992 3262 2144 3308 Brezel,
2170 3271 2242 3296 rue
2269 3255 2450 3302 Paradis,
2475 3254 2538 3291 68.

1991 3329 2041 3366 de
2067 3327 2203 3376 Laget,
2226 3335 2300 3363 rue
2323 3316 2646 3364 Saint-Ferréol,
2669 3319 2707 3357 7.

1994 3390 2264 3442 Delanglade,
2287 3399 2364 3427 rue
2382 3383 2708 3431 Saint-Ferréol,
2735 3382 2799 3422 29.

1994 3459 2135 3508 Renet,
2158 3469 2234 3496 rue
2255 3450 2578 3498 Saint-Ferréol,
2602 3450 2666 3489 30.

1992 3522 2238 3575 Provençal,
2261 3532 2334 3559 rue
2355 3514 2683 3563 Saint-Ferréol,
2707 3514 2775 3553 50.

1993 3590 2215 3639 Routeille,
2238 3599 2312 3628 rue
2331 3580 2655 3632 Saint-Ferréol,
2682 3580 2747 3620 52.

1994 3656 2230 3706 Eslrangin,
2255 3665 2328 3694 rue
2344 3646 2674 3695 Saint-Ferréol,
2698 3645 2762 3685 5î.

1995 3728 2195 3776 Jourdan,
2216 3737 2290 3765 rue
2312 3719 2634 3766 Saint-Ferréol,
2658 3718 2720 3759 59.

1993 3794 2149 3844 Sayou,
2173 3804 2247 3831 rue
2268 3784 2594 3832 Saint-Ferréol,
2619 3784 2682 3823 78.

1995 3858 2155 3904 Perrin,
2178 3867 2252 3896 rue
2275 3851 2537 3902 Monlgrand,
2563 3850 2629 3890 38.

1992 3919 2328 3969 Taxil-Forloul,
2352 3931 2427 3959 rue
2450 3916 2711 3967 Monlgrand,
2735 3914 2799 3954 48.

1994 3990 2138 4036 Alliés,
2163 3999 2238 4028 rue
2258 3982 2518 4035 Monlgrand,
2540 3982 2604 4023 62.

1993 4060 2127 4104 Axais,
2152 4067 2227 4094 rue
2247 4053 2298 4092 de
2321 4051 2360 4091 la
2380 4051 2520 4098 Darse,
2543 4050 2580 4088 5.

1995 4123 2189 4174 Laugier,
2213 4132 2287 4160 rue
2308 4120 2359 4159 de
2382 4119 2422 4158 la
2443 4119 2582 4165 Darse,
2604 4116 2668 4157 29.

1999 4190 2220 4243 Raynaud,
2244 4200 2318 4228 rue
2338 4185 2538 4229 Noailles,
2562 4186 2600 4223 7.

1995 4256 2215 4304 Dessuard,
2239 4266 2314 4294 rue
2334 4251 2535 4298 Noailles,
2566 4250 2623 4288 18.

1999 4323 2188 4372 Laugier,
2213 4331 2287 4360 rue
2307 4316 2580 4363 Cannebière,
2603 4315 2643 4355 5.

1995 4390 2123 4430 Décor
2130 4388 2223 4436 mis,
2247 4398 2322 4426 rue
2343 4384 2544 4435 Grignan,
2570 4382 2633 4422 56.

1997 4455 2118 4503 Latil,
2143 4466 2216 4493 rue
2238 4451 2395 4496 Sainte,
2427 4452 2434 4490 I
2450 4484 2456 4491 .

1995 4519 2189 4568 Giraudi,
2211 4529 2336 4558 cours
2352 4514 2641 4562 Saint-Louis,
2666 4512 2703 4555 3.

1996 4586 2135 4634 Blanc,
2156 4596 2232 4623 rue
2252 4583 2303 4622 de
2327 4582 2500 4630 l’Arbre,
2524 4580 2563 4620 9.

1996 4651 2218 4700 Roubaud,
2243 4662 2318 4690 rue
2339 4650 2390 4688 de
2411 4648 2451 4687 la
2474 4646 2760 4698 République,
2787 4644 2848 4684 15.

1994 4718 2140 4768 Gavot,
2166 4729 2239 4756 rue
2262 4716 2315 4755 du
2341 4716 2528 4763 Bausset,
2526 4723 2532 4739 1
2552 4712 2590 4752 4.

1859 4921 2047 4975 L’Office
2078 4919 2315 4959 Mondonet
2335 4920 2396 4956 est
2423 4920 2576 4956 ouvert
2598 4918 2695 4955 tous
2722 4915 2783 4954 les
2802 4914 2939 4967 jours

1806 4988 1860 5027 de
1877 4990 1908 5027 2
1927 4988 2084 5027 heures
2103 4990 2130 5024 à
2153 4988 2180 5024 8
2200 4983 2356 5024 heures
2375 4984 2437 5022 du
2466 4984 2559 5023 soir
2584 4986 2625 5022 et
2662 4981 2724 5020 les
2758 4982 2939 5019 diman¬

1804 5054 1903 5094 ches
1923 5056 1963 5094 et
1982 5054 2091 5107 fêtes
2111 5052 2164 5091 de
2188 5052 2211 5091 9
2234 5048 2388 5092 heures
2408 5054 2434 5090 à
2456 5048 2587 5089 midi.

1864 5247 2273 5311 THEATRES
2334 5247 2425 5307 ET
2482 5243 2877 5307 CONCERTS

3145 2639 3388 2683 PRIX
3463 2639 4004 2686 MODERES

3328 2763 3612 2844 Démé-napses
3652 2761 3832 2829 Favorites

3382 2848 3561 2976 ANRÈS
3602 2868 3645 2974 L
3684 2869 3717 2975 C
3722 2863 3752 2905 ic

3076 2725 3220 2752 Cadres

3132 2780 3166 2807 et

3058 2835 3094 2860 XV
3103 2836 3123 2858 A
3136 2836 3155 2859 (1
3165 2834 3187 2859 O
3198 2835 3218 2858 N
3230 2832 3249 2860 S

3050 2880 3249 2920 capitonnés

3021 2947 3104 2978 pour
3130 2938 3278 2970 Meubles

3040 3027 3042 3036 ,
3072 3003 3232 3044 précieux

3879 2794 4120 2820 ASSURANCES

3939 2840 4058 2871 contre

3908 2893 4089 2927 l’Incendie

3986 2950 4015 2976 et

3348 3002 3436 3033 Maison
3460 3002 3636 3044 complètement
3660 3014 3690 3035 en
3714 3004 3798 3036 dehors
3866 2995 3947 3036 CAS2E
3980 2995 4126 3036 GARANTIE

3112 3067 3214 3075 -
3463 3046 3490 3080 île
3510 3055 3559 3083 tout
3578 3052 3691 3092 Monopole
3712 3055 3715 3059 '
3906 3056 3910 3065 '
3946 3071 4068 3078 -

3116 3124 3223 3171 Bourse
3240 3124 3439 3172 Immobilière.
3453 3150 3509 3156 —
3527 3127 3611 3174 Vente
3631 3129 3659 3175 et
3677 3127 3802 3175 location
3821 3128 4022 3176 d’immeubles

3191 3206 3241 3248 —
3256 3206 3342 3248 Rue
3358 3207 3568 3258 Pavillon,
3587 3211 3624 3259 4,
3640 3221 3692 3251 au
3706 3210 3956 3262 Magasin—
3970 3211 4143 3251 MARSEILLE

3205 3371 3426 3411 Vient
3481 3373 3572 3411 de
3630 3375 3947 3425 paraître

3346 3459 3571 3511 (EDITION
3599 3461 3660 3500 DE
3684 3462 3806 3512 1891)

3058 3728 3116 3767 DE
3136 3728 3195 3768 LA
3218 3729 3416 3780 FRANCE,
3435 3729 3494 3768 DE
3518 3731 3575 3770 LA
3592 3730 3752 3782 CORSE,
3771 3731 3830 3770 DE
3847 3724 4094 3771 L’ALGÉRIE

3200 3794 3257 3831 DE
3276 3795 3335 3832 LA
3357 3795 3547 3834 TUNISIE
3563 3796 3594 3835 L
3615 3796 3700 3835 DES
3723 3796 3950 3836 COLONIES

3017 3860 3083 3900 Un
3106 3860 3195 3900 fort
3227 3860 3384 3900 volume
3415 3863 3464 3900 de
3488 3862 3579 3900 800
3604 3874 3747 3914 pages,
3782 3864 4027 3915 imprimées
4064 3877 4144 3903 sur

3244 3914 3273 3954 2
3295 3917 3495 3955 colonnes
3502 3930 3510 3964 ,
3536 3915 3698 3956 reliure
3719 3916 3906 3968 anglaise

3119 3998 3690 4035 l*ri«.
3748 4000 3775 4032 2
3793 4014 3810 4032 »
3841 4000 4028 4035 francs

3063 4083 3129 4123 Cet
3152 4095 3351 4134 ouvrage,
3377 4082 3519 4133 rédigé
3539 4094 3610 4123 sur
3634 4095 3689 4124 un
3720 4082 3816 4135 plan
3856 4082 4140 4124 entièrement

3015 4150 3223 4186 nouveau,
3263 4137 3450 4177 contient
3484 4143 3578 4178 tous
3619 4138 3676 4178 les
3711 4136 3964 4178 documents
4004 4136 4140 4188 régle¬

3012 4196 3202 4235 mentant
3227 4190 3260 4229 le
3282 4191 3442 4231 service
3463 4191 3536 4231 des
3571 4195 3718 4242 postes,
3754 4194 3826 4231 des
3859 4191 4135 4243 télégraphes,

3011 4244 3083 4283 des
3101 4242 3350 4291 téléphones
3371 4251 3411 4284 et
3431 4244 3504 4283 des
3523 4246 3720 4285 chemins
3742 4246 3791 4284 de
3810 4246 3884 4286 fer.

3066 4296 3099 4334 Il
3119 4295 3299 4347 indique
3327 4296 3388 4336 les
3408 4308 3532 4336 noms
3563 4298 3614 4338 de
3637 4304 3774 4338 tontes
3797 4299 3857 4338 les
3879 4310 4122 4339 communes
4127 4333 4136 4348 ,

3012 4348 3122 4388 ainsi
3142 4361 3224 4400 que
3247 4360 3352 4389 ceux
3372 4351 3444 4391 des
3466 4351 3652 4390 bureaux
3684 4351 3734 4388 de
3758 4356 3871 4402 poste
3892 4356 3932 4390 et
3959 4351 4010 4391 de
4034 4354 4140 4392 télé¬

3012 4403 3171 4454 graphe
3191 4403 3267 4454 qui
3290 4403 3350 4443 les
3366 4404 3622 4454 desservent,
3662 4404 3721 4446 les
3739 4404 3959 4460 dis'ai]ces.
3986 4406 4144 4455 légales

3012 4462 3051 4495 et
3086 4459 3122 4496 le
3153 4455 3303 4497 chiffre
3340 4458 3390 4496 de
3430 4458 3466 4495 la
3507 4459 3770 4508 population.
3811 4459 3868 4498 On
3894 4471 3922 4509 y
3955 4471 3977 4497 a
3999 4460 4143 4508 ajouté

3014 4515 3148 4550 toutes
3172 4510 3236 4548 les
3254 4523 3382 4560 gares
3410 4519 3607 4551 ouvertes
3634 4511 3690 4551 du
3722 4512 3881 4551 service
3913 4511 3987 4550 dès
4018 4514 4139 4552 colis

3012 4572 3232 4616 postaux,
3274 4575 3372 4604 avec
3410 4576 3504 4604 mon
3515 4564 3806 4616 lion'lorsque
3844 4575 3915 4605 ces
3952 4564 4144 4605 derniers

3012 4623 3106 4659 sont
3124 4617 3327 4658 livrables
3344 4631 3394 4658 en
3416 4631 3514 4669 gare
3536 4632 3587 4658 ou
3610 4620 3632 4658 à
3651 4618 3870 4659 domicile.
3912 4652 3916 4659 ,

3065 4672 3123 4712 Ou
3147 4686 3174 4724 y
3198 4678 3391 4712 trouvera
3411 4672 3526 4712 aussi
3562 4679 3654 4713 tons
3687 4672 3746 4712 les
3777 4671 4141 4722 renseignements

3014 4726 3266 4766 nécessaires
3279 4736 3354 4766 sur
3370 4727 3404 4765 le
3422 4727 3606 4767 service
3622 4728 3704 4767 des
3722 4731 4137 4773 recouvrements,

3012 4782 3092 4819 soit
3121 4791 3170 4818 en
3194 4779 3363 4827 France,
3386 4779 3466 4820 soit
3486 4779 3592 4820 dans
3616 4780 3672 4819 les
3697 4779 4034 4830 pays'étrangers

3064 4832 3134 4872 Cet
3155 4843 3336 4883 ouvrage
3356 4842 3412 4872 est
3445 4831 3759 4883 indispensable
3794 4844 3844 4871 an
3882 4835 4136 4882 commbi'ee,

3012 4887 3032 4925 à
3058 4886 3294 4926 l’industrie
3315 4892 3355 4926 et
3375 4898 3456 4924 aux
3478 4886 3860 4927 administrations.

3198 4975 3400 5015 PRIME
3431 4976 3472 5015 A
3506 4975 3624 5016 NOS
3654 4970 3952 5018 ABONNÉS

3065 5052 3142 5091 Par
3172 5052 3283 5092 suite
3315 5052 3415 5091 d’un
3451 5058 3748 5103 arrangement
3780 5066 3879 5094 avec
3924 5054 4135 5103 l’éditent*,

3014 5118 3119 5146 nous
3139 5118 3323 5144 sommes
3342 5108 3364 5143 à
3391 5107 3528 5146 môme
3563 5107 3612 5146 de
3634 5107 3803 5147 fournir
3823 5115 3887 5147 cet
3907 5118 4092 5156 ouvrage
4115 5110 4142 5147 à.

3014 5171 3086 5199 nos
3131 5159 3319 5199 abonnés
3366 5172 3414 5199 en
3458 5159 3514 5199 les
3551 5160 3707 5199 faisant
3744 5160 3971 5200 bénéficier
4010 5163 4032 5199 d
4056 5174 4142 5201 nne-

3011 5211 3166 5252 remisé
3184 5212 3519 5263 exceptionnelle
3539 5215 3588 5254 de
3610 5215 3672 5256 20
3695 5226 3739 5266 p.
3768 5216 3876 5255 100.

3062 5266 3178 5307 Nous
3196 5266 3396 5316 adresser,
3419 5267 3524 5306 dans
3542 5279 3589 5306 ce
3610 5279 3694 5315 cas,
3733 5279 3787 5304 un
3824 5267 4139 5320 mandat-poste

3008 5319 3059 5359 de
3080 5320 3142 5360 20
3166 5320 3223 5361 fr.
3247 5332 3300 5359 au
3325 5332 3423 5359 nom
3448 5320 3496 5359 de
3519 5321 3686 5362 Bonal.

1858 5435 2395 5476 Palais-de-Cristal.—
2422 5434 2577 5472 Débuts
2597 5434 2646 5472 de
2671 5434 2701 5471 M
2710 5439 2739 5453 mc
2770 5434 2932 5483 Nancy,

1804 5503 1956 5551 étoile;
1999 5502 2058 5541 les
2098 5502 2251 5552 Eddys,
2300 5500 2519 5540 acrobates
2567 5498 2820 5546 mondains;
2878 5498 2935 5537 les

1807 5567 2036 5620 Ray-Nols,
2062 5566 2308 5613 duettistes;
2344 5566 2499 5604 débuts
2520 5564 2570 5603 de
2592 5564 2668 5603 Bru
2679 5564 2718 5603 ni
2728 5575 2750 5602 n
2778 5564 2858 5611 (ils,
2882 5563 2932 5602 de

1801 5632 2090 5678 Diamantine.
2113 5632 2284 5684 Coquet,
2310 5630 2540 5674 Delacroix,
2564 5629 2802 5680 Degastine,
2824 5634 2931 5678 etc.;

1800 5699 2014 5739 orchestre
2035 5698 2065 5735 T
2071 5710 2165 5736 rave
2183 5711 2192 5746 ;
2227 5696 2489 5748 pantomime
2514 5707 2586 5746 par
2606 5696 2644 5734 la
2669 5704 2814 5744 troupe
2836 5707 2933 5734 sans

1803 5764 1976 5815 pareille
1999 5763 2195 5804 Bernardi
2211 5788 2214 5791 -
2226 5762 2393 5803 Thalés.

3200 5491 3284 5567 La
3340 5491 3570 5567 Maison
3620 5492 3688 5568 do
3742 5491 3938 5569 Modes

3551 5614 3599 5640 un

3032 5693 3199 5808 M
3210 5689 3337 5739 ME
3412 5692 4117 5809 VIDAL

1853 5951 2026 5999 Cirque
2048 5949 2104 5988 de
2126 5948 2175 5988 la
2197 5948 2382 5988 Plaine.
2416 5970 2464 5976 —
2494 5947 2642 5986 Offrira
2664 5953 2771 5986 celte
2795 5947 2932 5987 annéf

1798 6027 1851 6054 au
1876 6014 2037 6066 public,
2071 6014 2143 6054 des
2175 6012 2340 6055 artistes
2368 6014 2418 6052 de
2450 6011 2760 6052 café-concerts
2794 6012 2928 6062 parmi

1802 6080 1984 6131 lesquels
2023 6093 2031 6119 :
2075 6079 2166 6119 MM.
2222 6079 2300 6119 Pan
2312 6078 2388 6126 1ns,
2436 6079 2599 6128 engagé
2639 6080 2659 6116 à
2700 6078 2838 6117 raison
2880 6079 2930 6118 de

1803 6146 1918 6193 1,200
1939 6145 1990 6184 fr.
2018 6157 2089 6195 par
2107 6144 2206 6195 jour
2229 6159 2235 6184 :
2265 6145 2313 6184 M.
2336 6143 2567 6192 Kam-Iiill,
2601 6145 2720 6192 7,000
2746 6143 2794 6184 fr.
2823 6150 2929 6194 pour

1796 6211 1896 6263 cinq
1924 6211 2067 6262 jours;
2111 6210 2207 6250 Mlle
2227 6210 2268 6251 El
2280 6210 2367 6251 vira
2387 6210 2562 6258 Giterra,
2603 6210 2724 6258 4,000
2747 6210 2797 6248 fr.
2824 6222 2928 6260 pour

1798 6277 1836 6315 la
1855 6276 2019 6327 saison;
2048 6278 2094 6316 M.
2124 6277 2286 6324 Plessis,
2316 6276 2386 6315 100
2409 6276 2459 6315 fr.
2487 6288 2556 6326 par
2578 6275 2694 6326 jour.

1850 6355 2122 6395 L’ouverture
2143 6355 2198 6394 du
2222 6355 2374 6406 Cirque
2392 6366 2497 6394 aura
2522 6354 2603 6393 lieu
2634 6354 2668 6392 le
2699 6354 2739 6393 17
2763 6355 2878 6395 août.

2414 6488 2769 6497 --—_

1804 6525 2000 6630 à.
2058 6604 2082 6629 r
2104 6527 2264 6629 â

3246 5862 3406 5901 Fine
3463 5860 3726 5908 Vacon,
3788 5859 3892 5899 30

3062 5944 3133 5986 Se
3156 5944 3559 5987 recommande
3588 5956 3692 5997 par
3728 5956 3820 5984 ces
3855 5943 4074 5984 articles

3122 6015 3431 6046 nouveaux
3474 6003 3540 6043 de
3583 6004 3694 6044 bon
3750 6006 3884 6055 goût
3932 6006 3984 6043 et
4039 6004 4074 6043 à

3123 6065 3219 6106 des
3255 6064 3378 6117 prix
3416 6063 3527 6104 très
3564 6063 3839 6104 modérés.

3143 6198 3304 6241 Maison
3328 6198 3374 6239 de
3395 6195 3611 6240 Confiance
3634 6198 3787 6240 fondée
3808 6208 3857 6239 en
3883 6196 3993 6239 1838

3643 6334 3690 6367 Le
3711 6334 3845 6375 gérant
3868 6344 3878 6366 :
3902 6334 4049 6368 Bonal.

3051 6426 3163 6468 Impi*,
3180 6423 3341 6466 spéciale
3364 6424 3412 6457 du
3431 6424 3524 6456 Lien
3553 6426 3606 6456 du
3626 6426 3808 6465 Mariage,
3832 6426 3868 6456 L.
3892 6425 4069 6464 Sauvion,

3383 6467 3434 6505 11,
3454 6475 3519 6499 rue
3530 6467 3575 6499 de
3591 6467 3626 6499 la
3642 6466 3743 6499 Paix.
