4720 7064
588 432 647 479 N*
670 432 700 479 2
708 470 716 479 .
744 459 803 466 —
843 434 1095 478 Première
1132 432 1315 479 Année.

1856 428 2207 476 Edition.
2248 426 2726 475 Mensuelle

3444 426 3572 470 Mois
3591 436 3651 470 de
3672 399 3892 476 F^Vrier
3914 422 4056 470 1891.

990 1295 1640 1387 DÉLICATESSE,
1702 1292 2408 1383 HONORABILITÉ,
2468 1288 2865 1363 PROBITÉ
2919 1306 2974 1362 L
3030 1291 3576 1363 DISCRÉTION

3283 1564 3386 1612 15
3418 1560 3662 1614 Cent,
3692 1560 3736 1611 le
3763 1559 3984 1612 Numéro

580 1570 683 1616 15
715 1568 959 1615 Gérât.
991 1563 1034 1615 le
1060 1563 1280 1616 Numéro

548 1674 667 1706 Envoi
687 1675 802 1714 gratis
820 1675 908 1708 hors
927 1676 962 1707 la
983 1675 1078 1708 Ville
1099 1680 1134 1708 et
1155 1676 1176 1707 à
1195 1674 1355 1707 l’Etran¬

506 1723 568 1753 ger
607 1715 627 1746 à
659 1718 762 1748 toute
800 1726 983 1758 personne
1022 1718 1086 1758 qui
1130 1726 1175 1748 en
1220 1716 1286 1746 fait
1320 1715 1354 1746 la

504 1756 686 1790 demande
706 1767 771 1799 par
792 1759 898 1790 lettre
923 1758 1134 1796 affranchie,
1163 1760 1196 1788 et
1226 1758 1352 1787 franco

503 1804 592 1830 sous
612 1800 814 1840 enveloppe
835 1799 1004 1832 cachetée
1026 1802 1152 1831 contre
1175 1798 1230 1828 30
1254 1800 1349 1828 cent,

506 1847 548 1870 en
572 1840 736 1872 timbres.

1871 1566 2166 1615 OFFICE
2223 1563 2695 1615 MONDONET

1518 1652 1648 1703 47,
1694 1655 1860 1694 Rue
1903 1655 1995 1694 de
2038 1655 2104 1694 la
2148 1655 2378 1694 Darse
2420 1652 2511 1702 (au
2548 1651 2573 1690 1
2582 1658 2615 1678 er
2650 1660 2751 1690 sur
2786 1650 3046 1699 entresol)

2091 1736 2471 1779 MARSEILLE

1466 1814 1615 1850 Ouvert
1638 1815 1727 1848 tous
1746 1808 1799 1848 les
1811 1812 1930 1860 jours
1946 1811 1992 1850 de
2007 1812 2034 1851 2
2047 1808 2087 1850 h.
2106 1810 2131 1850 à
2147 1812 2171 1850 8
2186 1807 2223 1850 h.
2243 1812 2296 1850 du
2310 1812 2410 1859 soir,
2430 1816 2468 1850 et
2487 1808 2522 1850 le
2538 1807 2754 1850 dimanche
2775 1808 2820 1848 de
2842 1810 2864 1847 9
2887 1804 2924 1847 h.
2951 1806 2975 1846 à
2996 1807 3099 1846 midi

506 1994 582 2102 La
602 1986 846 2102 Mission
878 1986 910 2102 il
910 2010 950 2102 u
990 2030 1018 2082 g
1054 1986 1190 2102 Lien
1222 1986 1294 2102 iu
1330 1986 1578 2122 Bariaae
1606 2026 1634 2082 »

579 2199 762 2242 Notre
790 2199 896 2240 but
926 2200 1020 2239 est
1051 2195 1560 2239 essentiellement

503 2270 706 2317 moral,
744 2267 1000 2308 honnête
1027 2267 1086 2307 et
1112 2262 1634 2318 philanthropique

564 2416 692 2456 Dans
720 2416 852 2458 notre
872 2414 935 2456 fin
963 2414 1019 2456 de
1056 2412 1194 2456 siècle
1236 2414 1295 2455 où
1319 2414 1419 2455 tout
1442 2410 1632 2454 marche

507 2486 532 2527 à
570 2483 612 2527 la
638 2498 827 2542 vapeur,
854 2488 898 2527 et
932 2486 992 2527 où
1027 2484 1072 2527 la
1104 2484 1275 2527 société
1299 2484 1362 2527 vit
1400 2483 1520 2524 dans
1543 2494 1632 2524 une

504 2558 692 2600 activité
714 2556 968 2598 dévorante
991 2567 1003 2610 ;
1034 2556 1098 2599 les
1118 2554 1284 2611 jeunes
1306 2566 1424 2607 gens
1446 2552 1631 2594 sérieux

504 2627 580 2682 qui
604 2624 857 2668 cherchent
879 2627 904 2668 à
927 2639 975 2670 se
992 2627 1122 2670 créer
1144 2636 1232 2667 une
1259 2623 1459 2679 position
1482 2635 1630 2664 avan¬

496 2700 694 2752 tageuse
716 2711 800 2754 par
819 2699 859 2742 le
884 2698 1067 2747 travail,
1090 2698 1251 2739 vivant
1276 2696 1396 2739 dans
1426 2695 1491 2738 les
1515 2695 1627 2750 pré¬

498 2770 806 2824 occupations
827 2768 1099 2810 constantes
1135 2766 1246 2810 d'un
1276 2767 1439 2808 labeur
1462 2764 1628 2807 ardent

499 2852 616 2895 pour
638 2838 814 2880 arriver
835 2838 862 2879 à
880 2840 1000 2882 cette
1020 2836 1102 2890 fin,
1140 2838 1384 2892 négligent
1418 2836 1483 2879 les
1507 2836 1626 2879 rela¬

496 2911 619 2951 tions
659 2908 856 2951 sociales
895 2911 971 2964 qui
1013 2910 1286 2964 pourraient
1324 2908 1388 2951 les
1431 2919 1626 2963 pousser

498 2991 600 3022 vers
627 2978 667 3020 le
708 2980 940 3037 mariage.
978 2982 1202 3035 Lorsque,
1228 2979 1368 3026 enfin,
1395 2979 1572 3020 arrivés
1599 2978 1624 3019 à

496 3051 646 3094 trente
674 3063 731 3092 ou
762 3054 994 3107 quarante
1016 3063 1119 3102 ans,
1144 3050 1199 3092 ils
1230 3052 1310 3092 ont
1332 3048 1498 3104 acquis
1535 3059 1626 3091 une

496 3122 698 3174 position
740 3122 817 3174 qui
842 3120 939 3163 leur
975 3123 1154 3175 permet
1183 3120 1238 3163 de
1278 3120 1480 3176 respirer
1502 3120 1547 3162 et
1570 3118 1626 3162 de

496 3190 722 3242 regarder
762 3191 788 3231 à
831 3190 930 3231 leur
979 3194 1148 3232 entour
1196 3204 1314 3248 pour
1369 3190 1626 3246 compléter

496 3259 595 3304 leur
636 3259 839 3303 carrière
868 3272 952 3316 par
992 3272 1054 3302 un
1096 3262 1327 3315 mariage,
1354 3262 1407 3303 ils
1436 3262 1626 3303 sentent

495 3331 535 3376 le
564 3331 667 3376 vide
687 3336 858 3376 autour
876 3332 903 3375 d
924 3344 1014 3375 eux
1044 3334 1088 3375 et
1107 3334 1214 3375 sont
1238 3343 1355 3388 pour
1386 3331 1504 3374 ainsi
1526 3331 1624 3374 dire

495 3404 784 3448 désorientés
807 3419 863 3448 ne
886 3408 1108 3450 trouvant
1127 3419 1358 3464 personne
1378 3406 1434 3450 de
1455 3418 1626 3450 conve¬

492 3474 630 3516 nable
663 3475 783 3518 dans
806 3476 844 3519 le
878 3478 1026 3519 cercle
1048 3478 1131 3520 des
1164 3478 1390 3520 relations
1414 3479 1472 3520 où
1496 3478 1551 3520 ils
1572 3490 1623 3520 se

494 3548 602 3590 sont
622 3559 726 3591 mus
746 3546 1047 3606 jusqu’alors.

550 3626 758 3668 Souvent
798 3626 1106 3680 découragés,
1162 3626 1216 3670 ils
1273 3624 1488 3668 finissent
1539 3636 1624 3682 par

491 3706 718 3735 renoncer
739 3707 800 3735 au
843 3696 1052 3746 mariage
1074 3696 1112 3736 si
1143 3708 1232 3738 une
1267 3696 1395 3738 main
1420 3696 1542 3738 amie
1566 3708 1623 3738 ne

492 3762 618 3803 vient
652 3762 718 3803 les
739 3762 868 3804 aider
890 3766 932 3807 et
972 3763 1036 3807 les
1058 3763 1224 3819 guider
1259 3764 1378 3807 dans
1414 3764 1454 3807 le
1488 3766 1623 3807 choix

492 3828 630 3875 d’une
652 3844 918 3891 compagne
939 3836 1016 3892 qui
1039 3836 1135 3879 doit
1158 3839 1380 3892 partager
1405 3835 1503 3879 leur
1528 3835 1616 3887 vie,

491 3902 618 3948 leurs
634 3904 752 3963 joies
771 3911 815 3952 et
839 3908 963 3952 leurs
983 3910 1158 3966 peines.

550 3984 671 4027 C’est
698 3984 738 4028 le
779 3986 862 4028 but
891 3999 980 4040 que
1014 3986 1124 4030 s’est
1163 3987 1362 4040 proposé
1411 3986 1451 4028 le
1499 3986 1623 4027 Lien

490 4052 559 4095 du
598 4055 835 4111 Mariage
872 4070 880 4094 :
918 4057 1028 4098 Etre
1054 4054 1198 4100 l’ami,
1223 4055 1262 4096 le
1280 4055 1420 4107 guide
1451 4058 1496 4096 et
1516 4054 1620 4095 l’in¬

491 4124 703 4167 dicateur
743 4124 824 4166 des
866 4124 1036 4166 unions
1075 4124 1306 4166 honnêtes
1339 4126 1383 4166 et
1406 4123 1622 4166 honora¬

490 4192 604 4235 bles.
635 4195 779 4235 Notre
801 4194 884 4236 but
904 4196 972 4238 est
1007 4194 1404 4238 essentiellement
1428 4192 1623 4251 philan¬

491 4260 743 4320 thropique
770 4267 815 4308 et
836 4264 1231 4310 essentiellement
1255 4264 1420 4308 moral.

554 4343 616 4384 La
658 4343 932 4399 population
968 4343 1143 4387 décroît
1178 4356 1318 4400 parce
1339 4356 1428 4400 que
1451 4343 1491 4387 le
1515 4356 1622 4387 ma¬

492 4414 623 4467 riage
644 4418 714 4456 est
732 4415 916 4468 négligé
937 4427 946 4466 ;
967 4418 1011 4458 et
1035 4415 1074 4458 le
1098 4416 1308 4471 mariage
1327 4418 1396 4459 est
1413 4415 1619 4471 négligé,

494 4494 634 4536 parce
655 4495 746 4538 que
772 4483 991 4527 l’homme
1012 4488 1224 4542 emporté
1260 4499 1343 4543 par
1364 4486 1406 4530 le
1428 4488 1624 4530 tourbil¬

494 4550 571 4594 lon
596 4552 678 4596 des
708 4552 915 4604 affaires,
942 4555 1018 4596 n’a
1038 4568 1122 4610 pas
1144 4556 1183 4598 le
1207 4559 1360 4611 temps
1380 4558 1436 4599 de
1455 4558 1622 4599 s’arrê¬

492 4626 560 4667 ter
583 4636 700 4680 pour
722 4624 962 4668 combiner
983 4628 1027 4667 et
1055 4624 1280 4668 chercher
1311 4626 1414 4668 telle
1436 4639 1492 4668 ou
1519 4626 1622 4668 telle

494 4695 640 4737 union
663 4696 740 4751 qui
768 4696 978 4752 pourrait
1005 4695 1063 4739 lui
1088 4696 1327 4740 convenir.

549 4770 584 4810 Il
607 4770 683 4812 n’a
707 4785 791 4826 pas
814 4772 852 4815 le
876 4775 1030 4830 temps
1051 4776 1094 4816 et
1136 4787 1192 4818 ne
1215 4778 1324 4831 peut
1362 4787 1523 4831 passer
1542 4775 1623 4818 des

491 4838 611 4879 mois
632 4844 674 4880 et
698 4846 939 4894 peut-être
962 4844 1043 4887 des
1062 4846 1240 4888 années
1262 4848 1286 4888 à
1311 4846 1496 4891 décider
1520 4844 1623 4888 telle

495 4922 724 4966 personne
766 4911 790 4952 à
831 4915 1056 4967 partager
1088 4927 1140 4956 sa
1172 4918 1240 4958 vie
1263 4927 1275 4968 ;
1300 4916 1328 4958 il
1355 4930 1411 4960 ne
1432 4922 1623 4960 connaît

494 4994 579 5036 pas
600 4982 708 5024 bien
744 4980 787 5024 la
823 4983 1047 5024 situation
1083 4984 1139 5026 de
1178 4988 1296 5028 cette
1320 4999 1568 5042 personne,
1594 4990 1619 5031 il

492 5052 639 5096 hésite
674 5058 719 5098 et
755 5054 855 5098 finit
886 5066 970 5111 par
999 5066 1224 5100 renoncer
1250 5071 1310 5100 au
1346 5059 1558 5114 mariage
1579 5064 1624 5104 et

491 5130 540 5162 se
562 5123 775 5176 résigner
796 5127 823 5168 à
848 5127 974 5170 vivre
1006 5124 1238 5170 d'amitiés
1260 5131 1559 5183 passagères.

551 5196 670 5239 Mais
690 5211 742 5256 ce
771 5206 846 5256 qui
887 5204 1040 5248 arrive
1064 5215 1183 5262 pour
1210 5203 1276 5247 les
1294 5202 1462 5259 jeunes
1483 5218 1618 5260 gens,

495 5270 648 5314 arrive
671 5268 778 5312 bien
803 5272 907 5326 plus
938 5288 1106 5320 encore
1127 5290 1243 5332 pour
1264 5275 1330 5320 les
1367 5290 1623 5335 personnes

491 5343 568 5398 qui
594 5344 739 5399 ayant
776 5342 847 5384 été
887 5344 1022 5387 unies
1059 5360 1150 5391 une
1180 5350 1410 5404 première
1447 5351 1534 5392 fois
1572 5363 1622 5394 se

492 5415 708 5458 trouvent
735 5415 832 5458 tout
855 5414 880 5456 à
903 5424 1022 5468 coup
1062 5416 1282 5464 désunies
1314 5432 1400 5476 par
1423 5420 1463 5463 le
1483 5420 1622 5464 décès

492 5480 548 5524 de
572 5486 696 5530 l’une
720 5487 894 5531 d’elles.

550 5559 700 5611 Après
730 5567 867 5607 s’être
900 5563 1168 5619 longtemps
1191 5564 1400 5611 abîmées
1423 5570 1543 5612 dans
1578 5570 1620 5612 la

491 5626 686 5672 douleur
712 5638 758 5676 et
792 5638 920 5679 avoir
956 5638 1075 5692 payé
1120 5648 1182 5679 un
1215 5632 1339 5690 juste
1384 5640 1526 5683 tribut
1569 5642 1622 5684 de

490 5696 663 5742 larmes
684 5702 711 5744 à
740 5704 920 5759 l’époux
958 5720 1015 5751 ou
1042 5710 1067 5751 à
1099 5707 1303 5764 l’épouse
1326 5706 1540 5764 décédée,
1566 5711 1622 5755 ils

488 5772 674 5814 sentent
711 5771 815 5826 plus
840 5778 1071 5822 vivement
1110 5779 1148 5822 le
1172 5779 1374 5835 vide.qui
1407 5778 1515 5822 s’est
1538 5780 1620 5823 fait

490 5846 660 5887 autour
698 5842 756 5886 du
798 5846 1060 5901 survivant,
1107 5850 1160 5892 ils
1192 5856 1271 5894 ont
1311 5851 1472 5895 besoin
1511 5850 1620 5894 d’un

490 5927 620 5958 cœur
642 5915 734 5959 ami
772 5914 848 5971 qui
890 5914 956 5956 les
991 5920 1180 5963 console
1215 5934 1275 5964 ou
1310 5923 1375 5966 les
1410 5923 1616 5979 protège.

488 5983 551 6026 Ils
571 5988 782 6042 aspirent
804 5988 830 6030 à
852 5988 971 6030 cette
1000 5987 1071 6028 vie
1092 5992 1343 6047 tranquille
1360 5995 1556 6048 paisible
1578 5997 1622 6038 et

490 6054 747 6111 ntérieure,
783 6059 895 6103 faite
928 6058 1204 6102 d’intimités
1227 6066 1271 6104 et
1291 6064 1347 6108 de
1371 6066 1620 6111 confiden¬

1711 1994 1788 2024 ces
1818 1995 1906 2038 que
1945 1982 1988 2025 la
2026 1984 2148 2026 mort
2186 1995 2212 2026 a
2252 1995 2464 2039 rompue.
2503 1983 2632 2023 Dans
2672 1992 2724 2022 ce
2762 1991 2844 2022 cas

1711 2052 1932 2098 l’homme
1972 2067 1999 2096 a
2048 2054 2210 2098 besoin
2251 2054 2389 2096 d’une
2431 2054 2552 2096 amie
2592 2051 2744 2107 pleine
2787 2050 2843 2092 de

1711 2124 1839 2167 soins
1868 2128 1911 2167 et
1942 2124 1996 2167 de
2028 2124 2364 2166 dévouements
2388 2135 2398 2176 ;
2420 2124 2462 2166 la
2482 2123 2619 2166 dame
2642 2120 2842 2164 cherche

1712 2206 1774 2234 un
1796 2195 1997 2244 soutien,
2026 2206 2086 2235 un
2114 2196 2378 2250 protecteur
2418 2196 2462 2235 et
2486 2206 2548 2235 un
2572 2192 2692 2235 aide.
2723 2192 2842 2235 Mais

1708 2264 1766 2306 où
1810 2266 1995 2306 trouver
2019 2262 2062 2306 la
2106 2275 2338 2319 personne
2372 2262 2450 2318 qui
2484 2263 2696 2304 réunisse
2734 2264 2840 2303 tous

1708 2334 1774 2378 les
1814 2334 2030 2378 désidéra
2039 2338 2083 2378 ta
2103 2335 2125 2376 ?
2147 2336 2211 2378 La
2232 2338 2352 2376 mort
2372 2334 2450 2390 qui
2474 2346 2499 2375 a
2522 2334 2560 2375 si
2595 2332 2839 2387 brusque¬

1708 2410 1835 2448 ment
1876 2407 2167 2462 interrompu
2210 2404 2250 2447 le
2284 2416 2422 2447 cours
2458 2404 2514 2446 de
2551 2406 2671 2447 cette
2708 2402 2839 2446 exis¬

1708 2479 1840 2519 tence
1859 2475 2022 2519 n’était
2044 2488 2130 2530 pas
2151 2476 2310 2518 entrée
2334 2475 2452 2516 dans
2470 2474 2536 2516 les
2570 2472 2746 2516 calculs
2782 2472 2838 2516 de

1706 2548 1750 2590 la
1774 2548 1843 2590 vie
1879 2558 2143 2590 commune.
2187 2547 2255 2590 Où
2294 2548 2480 2587 trouver
2520 2544 2564 2587 la
2604 2556 2838 2600 personne

1706 2618 1974 2662 réunissant
1995 2618 2060 2662 les
2083 2616 2347 2660 conditions
2370 2628 2486 2672 pour
2510 2628 2600 2659 une
2635 2616 2838 2659 seconde

1706 2690 1868 2734 union.

1770 2762 1826 2816 Le
1842 2762 2030 2816 journal
2060 2760 2100 2804 le
2126 2759 2247 2803 Lien
2270 2759 2338 2802 à
2374 2759 2608 2816 Mariage
2650 2758 2763 2802 offre
2808 2759 2835 2802 à

1706 2838 1810 2878 tous
1832 2844 1923 2875 une
1958 2831 2184 2874 situation
2220 2828 2478 2874 semblable
2504 2832 2550 2872 et
2582 2828 2768 2884 lorsque
2792 2831 2834 2872 la

1702 2918 1932 2962 personne
1954 2903 2094 2960 qu’on
2134 2904 2284 2947 désire
2308 2916 2366 2947 ne
2403 2903 2470 2959 s’y
2491 2906 2654 2946 trouve
2676 2904 2779 2959 pas,
2807 2904 2832 2947 il

1699 2976 1775 3032 n’y
1792 2990 1819 3019 a
1836 2976 1942 3032 qu’à
1965 2975 2222 3019 s'adresser
2258 2976 2284 3019 à
2318 2975 2536 3020 l’Office
2572 2978 2835 3018 Mondonet

1700 3050 1776 3103 qui
1800 3060 1827 3090 a
1851 3060 1912 3090 un
1935 3048 2090 3103 grand
2115 3047 2310 3091 nombre
2330 3048 2384 3091 de
2416 3047 2735 3103 propositions
2754 3048 2831 3103 qui

1700 3116 1757 3163 ne
1773 3116 1983 3175 figurent
2004 3131 2091 3175 pas
2112 3118 2232 3162 dans
2255 3131 2332 3163 ces
2354 3118 2594 3163 colonnes.

1759 3198 1903 3240 Notre
1920 3195 2108 3252 journal
2146 3211 2171 3240 a
2195 3210 2312 3254 pour
2335 3198 2417 3240 but
2436 3196 2643 3240 d’ouvrir
2666 3196 2708 3239 la
2731 3195 2835 3240 voie

1698 3267 1954 3311 honorable
1990 3270 2044 3311 de
2082 3268 2126 3311 la
2163 3270 2336 3312 société
2374 3270 2400 3311 à
2444 3271 2571 3312 toute
2600 3280 2834 3324 personne

1699 3338 1775 3392 qui
1795 3350 1843 3382 se
1864 3340 2030 3382 trouve
2052 3339 2172 3383 dans
2195 3339 2384 3396 pareille
2406 3339 2650 3382 situation.

1783 3507 1924 3550 Rôle
1956 3508 2034 3550 du
2074 3524 2091 3546 «
2127 3507 2268 3551 Lien
2296 3508 2376 3551 du
2408 3506 2666 3562 Mariage
2704 3522 2722 3544 »

1754 3644 1887 3688 Nous
1908 3656 2170 3700 proposons
2206 3646 2272 3688 les
2312 3658 2572 3702 personnes
2594 3659 2707 3690 avec
2732 3647 2831 3690 leur

1696 3716 1922 3760 situation
1963 3716 2019 3760 de
2058 3718 2238 3760 fortune
2271 3720 2316 3760 et
2360 3718 2416 3759 de
2454 3716 2684 3768 moralité,
2711 3730 2830 3760 nous

1698 3786 1872 3830 faisons
1907 3788 1971 3831 les
2008 3788 2283 3842 demandes,
2315 3787 2590 3832 abouchons
2626 3788 2691 3830 les
2715 3800 2828 3843 per¬

1696 3871 1868 3903 sonnes
1908 3863 1953 3903 et
1993 3866 2198 3906 mettons
2227 3875 2284 3906 en
2308 3862 2531 3919 présence
2566 3859 2632 3904 les
2654 3859 2824 3903 futurs.

1696 3931 1827 3974 Nous
1847 3943 2054 3976 sommes
2076 3933 2140 3975 les
2178 3933 2552 3978 intermédiaires
2592 3932 2675 3976 des
2715 3944 2828 3988 pre¬

1699 4003 1866 4046 mières
1904 4007 2169 4055 entrevues,
2208 4004 2423 4060 toujours
2463 4006 2556 4048 très
2595 4007 2831 4059 gênantes

1696 4074 1742 4112 et
1780 4074 1872 4115 très
1894 4074 2115 4118 délicates
2140 4088 2256 4130 pour
2278 4076 2359 4119 des
2384 4087 2642 4130 personnes
2663 4076 2740 4131 qui
2779 4088 2830 4118 se

1699 4140 1852 4182 voient
1880 4154 1999 4195 pour
2023 4143 2064 4184 la
2107 4146 2336 4198 première
2375 4144 2475 4186 fois.
2511 4144 2640 4186 Nous
2676 4144 2826 4186 résol¬

1696 4222 1812 4252 vons
1859 4214 2026 4254 autant
2066 4224 2156 4267 que
2199 4212 2398 4268 possible
2459 4212 2524 4256 les
2576 4212 2827 4256 difficultés

1698 4283 1772 4339 qui
1798 4286 2000 4338 peuvent
2034 4296 2083 4327 se
2107 4284 2348 4340 présenter
2370 4287 2491 4330 dans
2527 4286 2571 4328 la
2600 4286 2824 4330 situation

1696 4353 1752 4396 d-;
1773 4354 1896 4399 l'une
1915 4354 2088 4399 d’elles.
2114 4356 2244 4400 Nous
2264 4370 2474 4403 sommes
2493 4358 2591 4402 leur
2615 4359 2828 4402 intermé¬

1698 4426 1843 4468 diaire
1874 4430 1918 4470 et
1959 4428 2055 4472 leur
2087 4431 2196 4472 ami.
2223 4432 2324 4483 Oui,
2351 4431 2450 4475 leur
2470 4431 2580 4483 ami,
2606 4443 2687 4474 car
2710 4443 2831 4475 nous

1696 4498 2003 4543 considérons
2026 4514 2207 4546 comme
2238 4502 2296 4546 tel
2336 4506 2468 4546 notre
2510 4504 2604 4545 rôle
2630 4515 2744 4558 pour
2766 4502 2831 4546 les

1699 4580 1956 4623 personnes
1987 4572 2066 4626 qui
2106 4585 2226 4615 nous
2263 4574 2494 4627 chargent
2532 4572 2591 4615 du
2632 4574 2736 4616 soin
2775 4575 2830 4616 de

1696 4639 1796 4682 leur
1820 4642 1980 4683 union.

1755 4711 1876 4754 Elles
1892 4716 2094 4768 peuvent
2107 4718 2318 4771 compter
2331 4730 2411 4759 sur
2426 4720 2558 4760 notre
2576 4716 2827 4760 discrétion

1698 4783 1906 4827 absolue.
1944 4786 2088 4828 Notre
2111 4786 2243 4831 office
2270 4791 2339 4831 est
2374 4800 2432 4831 un
2460 4788 2680 4830 tombeau
2711 4798 2828 4842 pour

1699 4852 1763 4896 les
1783 4858 1960 4899 secrets
1983 4858 2058 4912 qui
2084 4870 2204 4900 nous
2224 4863 2330 4902 sont
2354 4857 2542 4902 confiés.

1755 4934 1980 4986 Souvent,
2030 4939 2200 4987 même,
2244 4935 2286 4978 la
2319 4935 2547 4991 première
2584 4935 2830 4991 présenta¬

1696 5004 1794 5047 tion
1834 5018 1860 5047 a
1900 5006 1988 5048 lieu
2018 5018 2130 5048 sans
2162 5006 2426 5060 qu’aucune
2464 5004 2547 5048 des
2568 5006 2687 5050 deux
2726 5019 2830 5063 par¬

1696 5075 1783 5119 ties
1804 5076 2054 5119 connaisse
2075 5073 2118 5118 le
2140 5087 2251 5118 nom
2287 5075 2343 5118 de
2380 5075 2546 5120 l’autre
2567 5082 2611 5119 et
2634 5090 2752 5120 nous
2772 5091 2829 5122 ne

1697 5144 1762 5187 les
1783 5146 1960 5188 faisons
1981 5149 2226 5190 connaître
2251 5159 2340 5203 que
2368 5160 2448 5192 sur
2470 5148 2568 5191 leur
2590 5148 2827 5190 autorisa¬

1696 5216 1792 5258 tion
1816 5228 2054 5272 expresse.

1755 5296 1827 5339 Un
1844 5292 2032 5350 journal
2052 5308 2170 5351 pour
2186 5296 2423 5350 mariages
2443 5295 2562 5336 dans
2576 5306 2667 5338 une
2684 5295 2827 5350 petite

1698 5364 1800 5408 ville
1820 5367 1879 5407 où
1903 5368 2003 5408 tout
2023 5366 2062 5408 le
2091 5367 2260 5407 monde
2287 5378 2336 5407 se
2355 5367 2546 5407 connaît
2567 5368 2611 5408 et
2635 5370 2827 5410 connaît

1696 5435 1738 5478 la
1762 5435 1987 5478 situation
2008 5434 2064 5476 de
2086 5446 2171 5476 son
2211 5435 2378 5487 voisin,
2404 5435 2607 5479 n’aurait
2647 5450 2732 5492 pas
2771 5439 2827 5482 de

1695 5507 1852 5548 raison
1883 5506 2043 5558 d’être,
2068 5506 2190 5548 mais
2211 5506 2331 5550 dans
2368 5519 2459 5550 une
2499 5507 2683 5562 grande
2703 5507 2824 5560 ville,

1695 5588 1876 5620 comme
1912 5576 1954 5619 la
1994 5579 2140 5631 nôtre,
2180 5578 2239 5620 où
2276 5578 2460 5622 chacun
2503 5591 2646 5635 pense
2690 5582 2718 5622 à
2754 5591 2828 5623 ses

1695 5647 1884 5691 affaires
1906 5651 1951 5691 et
1980 5660 2074 5691 non
2096 5650 2122 5691 à
2139 5647 2276 5691 celles
2295 5650 2350 5694 de
2372 5663 2448 5694 ses
2470 5651 2647 5694 voisins
2671 5662 2679 5704 ;
2704 5654 2748 5694 et
2767 5652 2826 5694 où

1695 5720 1802 5762 bien
1823 5723 2022 5763 souvent
2044 5719 2108 5763 les
2135 5720 2376 5764 habitants
2398 5722 2454 5764 de
2474 5720 2518 5764 la
2543 5726 2695 5766 même
2712 5723 2826 5765 mai¬

1694 5802 1779 5832 son
1802 5803 1859 5832 ne
1892 5803 1942 5834 se
1979 5792 2282 5834 connaissent
2322 5806 2407 5847 pas
2426 5795 2556 5835 entre
2574 5804 2678 5844 eux,
2706 5794 2734 5836 il
2756 5796 2827 5836 est

1695 5860 1959 5904 nécessaire
2002 5862 2111 5906 d’un
2164 5863 2256 5904 ami
2303 5863 2514 5918 général,
2568 5863 2679 5906 d’un
2732 5864 2823 5907 ami

1694 5940 1916 5972 commun
1940 5932 2016 5987 qui
2039 5938 2279 5990 groupant
2322 5935 2440 5976 dans
2463 5947 2524 5976 un
2566 5936 2700 5978 vaste
2735 5947 2825 5978 en¬

1695 6000 1887 6051 semble,
1911 6002 1978 6044 les
2015 6003 2156 6047 offres
2194 6007 2238 6048 et
2278 6004 2344 6047 les
2384 6004 2660 6058 demandes,
2687 6018 2826 6050 com¬

1695 6072 1802 6115 bine
1824 6070 1886 6114 lui
1924 6076 2078 6118 même
2099 6074 2166 6119 les
2200 6074 2468 6130 situations,
2496 6076 2562 6120 les
2594 6079 2726 6131 âges,
2760 6078 2826 6120 les

3250 1684 3428 1724 Mariages
3443 1684 3562 1716 riches
3575 1694 3667 1726 pour
3681 1687 3803 1716 toutes
3820 1683 3874 1715 les
3892 1684 4058 1715 fortunes

3208 1728 3244 1758 et
3275 1728 3398 1758 toutes
3428 1726 3482 1758 les
3514 1727 3708 1767 positions.
3742 1726 3791 1758 La
3828 1726 3974 1758 maison
4011 1734 4056 1756 ne

3208 1767 3375 1807 s’occupe
3392 1776 3462 1808 que
3483 1767 3547 1799 des
3563 1767 3700 1800 unions
3720 1766 3899 1807 possibles
3918 1770 3952 1798 et
3970 1774 4056 1798 sans

3207 1808 3326 1840 tâche.

2919 1982 3076 2034 goûts,
3116 1976 3183 2022 les
3216 1976 3408 2032 figures,
3467 1976 3532 2019 les
3584 1975 3795 2016 fortunes
3835 1975 3879 2016 et
3928 1974 4054 2016 fasse

2919 2050 2980 2092 lui
3019 2052 3172 2092 même
3196 2048 3263 2094 les
3284 2047 3603 2106 propositions
3636 2044 3703 2088 les
3743 2043 3848 2100 plus
3892 2046 4051 2087 sorta-

2916 2119 3032 2162 bles.

2974 2190 3055 2232 Cet
3076 2190 3168 2231 ami
3192 2202 3432 2239 commun,
3458 2188 3570 2232 c’est
3592 2186 3755 2230 l'office
3776 2184 4051 2238 Mondonet,

2914 2259 2987 2311 47,
3012 2272 3095 2302 rue
3123 2260 3179 2302 de
3200 2259 3243 2300 la
3265 2262 3428 2312 Darse,
3451 2259 3563 2302 c’est
3596 2258 3635 2300 le
3652 2255 3841 2313 journal
3866 2255 3906 2299 le
3928 2254 4054 2298 Lien

2914 2329 2983 2371 du
3011 2328 3250 2387 Mariage
3271 2330 3347 2384 qui
3375 2331 3445 2371 est
3466 2340 3552 2371 son
3575 2328 3835 2371 auxiliaire.

2970 2411 3183 2452 Pendant
3206 2411 3476 2466 longtemps
3499 2408 3527 2452 il
3567 2422 3594 2451 a
3634 2408 3779 2451 existé
3817 2419 3908 2451 une
3946 2407 4054 2464 pré¬

2912 2482 3103 2524 vention
3125 2482 3220 2523 très
3250 2482 3475 2536 marquée
3508 2482 3672 2523 contre
3702 2479 3768 2522 les
3807 2479 4051 2531 mariages

2912 2551 3004 2594 dits
3019 2551 3075 2594 de
3099 2550 3406 2607 proposition,
3431 2562 3491 2592 on
3516 2550 3694 2594 voulait
3715 2562 3764 2592 se
3790 2548 4051 2605 persuader

2912 2622 3023 2678 qu’il
3055 2635 3112 2664 ne
3144 2623 3338 2678 pouvait
3358 2622 3498 2663 sortir
3518 2620 3599 2663 des
3618 2632 3826 2675 agences
3855 2632 3945 2676 que
3968 2619 4052 2663 des

2912 2694 3148 2746 mariages
3171 2692 3451 2748 disparates.

2968 2778 3039 2819 En
3062 2776 3162 2819 face
3184 2775 3266 2819 des
3298 2776 3520 2819 résultats
3560 2775 3822 2819 contraires
3843 2775 4050 2818 obtenus

2912 2859 2996 2903 par
3050 2859 3127 2890 ces
3188 2847 3416 2900 bureaux,
3459 2859 3520 2889 on
3579 2850 3650 2890 est
3690 2847 3806 2890 sorti
3838 2846 4049 2902 complè¬

2910 2922 3086 2962 tement
3123 2919 3180 2962 de
3219 2920 3339 2962 cette
3388 2919 3683 2974 prévention.
3727 2918 3940 2962 L’estime
3986 2918 4050 2960 du

2912 2990 3067 3046 public
3086 2992 3156 3032 est
3179 2988 3475 3032 absolument
3491 2990 3682 3046 acquise
3704 3002 3802 3032 aux
3819 3002 4046 3044 agences,

2912 3072 3027 3118 pour
3050 3060 3092 3103 la
3115 3062 3272 3104 raison
3303 3062 3408 3104 bien
3443 3059 3627 3116 simple,
3654 3072 3744 3115 que
3766 3060 3832 3103 les
3855 3059 4046 3103 affaires

2910 3132 3100 3176 traitées
3123 3144 3208 3188 par
3240 3131 3364 3184 elles,
3392 3131 3432 3175 le
3471 3134 3579 3174 sont
3602 3131 3707 3187 plus
3745 3130 4044 3186 rapidement

2910 3207 2952 3247 et
2995 3203 3096 3260 plus
3135 3206 3392 3251 sûrement,
3418 3204 3462 3244 et
3500 3214 3560 3244 on
3604 3204 3716 3258 peut
3752 3200 3851 3244 dire
3888 3214 3978 3258 que
4002 3200 4043 3244 le

2910 3275 3014 3331 plus
3032 3276 3184 3330 grand
3226 3275 3422 3319 nombre
3464 3273 3546 3316 des
3582 3274 3839 3327 mariages,
3891 3275 4043 3315 même

2908 3347 3078 3399 riches,
3096 3350 3176 3390 ont
3199 3348 3271 3390 été
3290 3347 3392 3403 plus
3414 3358 3472 3390 ou
3492 3346 3646 3388 moins
3668 3346 3756 3387 mis
3778 3356 3860 3387 sur
3880 3343 3924 3387 la
3942 3343 4042 3386 voie

2911 3430 2992 3472 par
3014 3430 3099 3460 nos
3127 3428 3346 3471 agences.
3382 3417 3512 3459 Nous
3535 3427 3655 3458 nous
3674 3414 3962 3458 efforcerons
3984 3414 4043 3458 de

2907 3490 3096 3532 mériter
3118 3491 3238 3532 cette
3259 3490 3423 3532 estime
3444 3487 3506 3530 du
3532 3486 3687 3543 public
3710 3498 3768 3528 en
3786 3487 4042 3542 apportant

2907 3560 3027 3603 dans
3076 3560 3119 3603 la
3175 3559 3447 3603 conclusion
3488 3559 3571 3600 des
3618 3558 3808 3600 affaires
3849 3556 3893 3599 la
3936 3555 4042 3612 plus

2906 3630 3087 3684 grande
3123 3630 3416 3683 délicatesse,
3442 3628 3484 3670 la
3520 3628 3626 3683 plus
3646 3627 3828 3680 grande
3854 3627 4036 3682 probité

2906 3704 2950 3743 et
2970 3700 3014 3742 la
3036 3700 3288 3743 discrétion
3312 3700 3354 3743 la
3384 3700 3488 3755 plus
3510 3698 3719 3742 absolue.

2963 3783 3050 3824 Les
3101 3782 3252 3824 beaux
3302 3782 3526 3824 résultats
3586 3792 3675 3836 que
3730 3792 3851 3823 nous
3889 3792 4039 3823 avons

2904 3852 3103 3896 obtenus
3160 3864 3280 3895 nous
3312 3854 3556 3907 engagent
3594 3852 3620 3894 à
3655 3851 3878 3907 persister
3919 3851 4039 3894 dans

2904 3927 3023 3970 cette
3059 3923 3178 3975 voie,
3214 3924 3436 3980 espérant
3475 3935 3564 3980 que
3599 3923 3639 3966 le
3671 3920 3824 3978 public
3860 3920 4038 3964 voudra

2904 3998 3011 4040 bien
3035 4008 3152 4039 nous
3174 3996 3420 4039 continuer
3442 4007 3518 4038 ses
3539 3995 3728 4038 faveurs
3766 3996 3811 4036 et
3831 4006 3884 4036 sa
3915 4004 4036 4036 con¬

2904 4068 3072 4111 fiance.

2964 4154 3024 4195 Le
3058 4152 3183 4195 Lien
3226 4152 3294 4194 du
3328 4152 3564 4208 Mariage
3596 4154 3667 4195 est
3707 4151 3747 4194 le
3780 4150 3888 4194 trait
3932 4151 4036 4195 d’u¬

2904 4223 3014 4263 nion
3052 4222 3135 4264 des
3168 4222 3503 4274 familles/non
3539 4222 3800 4264 seulement
3823 4220 3879 4264 de
3903 4223 4038 4264 notre

2904 4291 3024 4344 ville,
3051 4291 3171 4334 mais
3204 4303 3372 4335 encore
3412 4291 3495 4335 des
3519 4291 3802 4348 principales
3826 4290 3959 4335 villes
3982 4292 4038 4335 de

2904 4364 3082 4407 France
3116 4366 3160 4408 et
3196 4363 3252 4408 de
3294 4363 3548 4419 l’étranger
3586 4364 3644 4407 où
3682 4366 3814 4407 notre
3854 4362 3988 4406 office
4012 4376 4040 4406 a

2904 4435 2986 4479 des
3020 4435 3419 4491 correspondants
3451 4435 3662 4479 discrets.
3691 4436 3820 4478 Nous
3849 4435 4043 4491 présen¬

2907 4508 3012 4550 tons
3032 4506 3152 4548 donc
3175 4519 3266 4549 aux
3294 4507 3427 4562 pères
3455 4506 3510 4550 de
3530 4504 3704 4548 famille
3735 4518 3848 4548 souc
3871 4518 3958 4548 eux
3983 4504 4040 4548 de

2904 4576 3099 4620 l’avenir
3120 4578 3176 4620 de
3203 4578 3326 4620 leurs
3347 4578 3535 4620 enfants
3558 4580 3663 4619 tous
3684 4576 3748 4619 les
3770 4579 4036 4630 avantages

2904 4647 3040 4702 qu’ils
3063 4659 3120 4688 ne
3140 4647 3386 4690 sauraient
3415 4651 3603 4690 trouver
3627 4647 3724 4690 s’ils
3763 4651 3871 4690 sont
3895 4647 4036 4690 livrés

2904 4719 2930 4759 à
2952 4719 3238 4759 eux-mêmes
3259 4719 3303 4759 et
3326 4716 3446 4760 dans
3470 4716 3508 4760 le
3530 4716 3679 4760 cercle
3702 4716 3757 4760 de
3779 4716 3904 4760 leurs
3927 4730 4036 4760 con¬

2904 4788 3179 4830 naissances
3200 4798 3209 4840 ;
3246 4800 3304 4831 en
3327 4788 3448 4840 effet,
3482 4788 3932 4844 indépendamment
3955 4790 4036 4831 des

2904 4859 3167 4906 références
3188 4862 3438 4909 certaines,
3470 4860 3523 4903 ils
3559 4862 3639 4903 ont
3663 4862 3702 4902 le
3723 4859 3859 4903 choix
3884 4859 4034 4917 parmi

2904 4932 2944 4976 le
2967 4932 3120 4988 grand
3144 4932 3338 4976 nombre
3379 4932 3434 4975 de
3458 4932 3776 4987 propositions
3800 4943 3888 4987 que
3916 4943 4034 4974 con¬

2905 5004 3118 5046 tiennent
3158 5003 3222 5045 les
3259 5002 3482 5044 colonnes
3511 5002 3567 5044 de
3603 5006 3736 5044 notre
3751 5000 3955 5056 journal,
3982 4999 4038 5042 ils

2906 5076 3109 5130 peuvent
3127 5074 3240 5116 faire
3263 5075 3462 5128 épouser
3484 5074 3510 5115 à
3530 5072 3655 5115 leurs
3671 5072 3860 5115 enfants
3878 5071 3920 5114 la
3943 5083 4038 5126 per¬

2902 5156 3051 5186 sonne
3070 5143 3207 5198 qu’ils
3222 5143 3428 5187 désirent
3440 5144 3530 5186 soit
3550 5155 3732 5184 comme
3754 5142 4031 5198 profession,

2900 5212 3104 5264 fortune,
3140 5212 3396 5264 caractère,
3436 5211 3639 5267 position
3679 5211 3851 5256 sociale
3891 5214 3936 5256 et
3979 5212 4035 5256 ils

2902 5298 2959 5328 ne
2994 5284 3315 5342 s’exposeront
3354 5296 3439 5342 pas
3478 5286 3502 5327 à
3542 5283 3642 5328 leur
3676 5283 3794 5328 faire
3830 5286 4032 5342 épouser

2903 5368 2994 5399 une
3028 5368 3259 5411 personne
3283 5356 3358 5411 qui
3398 5355 3496 5398 leur
3532 5368 3638 5398 sera
3678 5355 4028 5410 antipathique,

2902 5427 2991 5471 soit
3010 5439 3095 5483 par
3116 5439 3202 5470 son
3224 5430 3328 5482 âge,
3351 5427 3439 5470 soit
3474 5438 3594 5482 pour
3627 5428 3732 5470 tous
3763 5427 3923 5470 autres
3947 5424 4034 5468 dé¬

2904 5499 3027 5540 fauts
3048 5498 3124 5552 qui
3164 5499 3271 5540 sont
3306 5499 3472 5540 autant
3512 5496 3567 5539 de
3604 5508 3772 5540 causes
3811 5496 3867 5540 de
3891 5496 4030 5539 désu¬

2902 5570 3014 5611 nion
3035 5567 3154 5610 dans
3175 5567 3215 5611 le
3238 5568 3451 5619 mariage
3472 5568 3518 5610 et
3550 5566 3763 5610 finissent
3788 5580 3871 5623 par
3894 5580 4031 5612 ame¬

2902 5652 2983 5682 ner
3005 5639 3046 5680 le
3067 5638 3254 5682 divorce
3275 5640 3319 5682 et
3346 5638 3387 5680 la
3408 5639 3703 5692 séparation.

2959 5723 3087 5764 Dans
3120 5719 3412 5764 lescolonnes
3440 5719 3502 5763 du
3536 5720 3658 5763 L>en
3690 5720 3759 5763 du
3804 5720 4034 5776 Mariage

2900 5804 2958 5835 ou
2996 5792 3023 5834 à
3074 5791 3290 5835 l’Office
3347 5791 3624 5840 Mondonkt,
3666 5791 3739 5843 47,
3779 5804 3860 5834 rue
3895 5791 3951 5834 de
3987 5790 4028 5831 la

2901 5863 3066 5914 Darse,
3096 5875 3156 5904 on
3180 5864 3287 5918 peut
3312 5863 3500 5906 trouver
3528 5861 3795 5904 facilement
3816 5874 3875 5903 un
3899 5871 4031 5914 gen¬

2900 5935 2998 5987 dre,
3023 5946 3086 5978 un
3123 5936 3272 5990 époux
3294 5946 3352 5976 ou
3375 5946 3467 5978 une
3488 5935 3662 5990 épouse
3691 5935 3716 5976 à
3754 5944 3836 5975 son
3866 5931 3951 5986 gré
3984 5935 4028 5974 et

2899 6018 2958 6048 en
2996 6007 3095 6048 tout
3136 6006 3263 6063 point
3303 6005 3542 6049 conforme
3585 6016 3678 6048 aux
3708 6003 3856 6046 désirs
3891 6003 3945 6046 de
3983 6000 4027 6044 la

2900 6088 3135 6132 personne
3162 6078 3188 6120 à
3208 6076 3400 6120 marier.
