4726 7064
498 454 552 502 N*
582 454 659 502 11.
686 479 744 487 —
783 451 1040 499 Deuxième
1079 454 1260 502 Année.

1862 453 2212 503 Edition
2255 456 2735 507 Mensuelle

3605 348 3671 395 V

3252 468 3381 515 Mois
3400 480 3460 515 de
3488 470 3761 520 Novembre
3785 472 3922 522 1891.

440 712 808 1240 LE
984 712 1736 1240 LIEE
1928 712 2328 1240 DE
2504 712 4006 1256 MME

905 1331 1559 1418 DÉLICATESSE,
1619 1333 2327 1418 HONORABILITÉ,
2383 1335 2781 1409 PROBITÉ
2837 1351 2893 1409 &
2949 1339 3501 1415 DISCRÉTION

499 1595 605 1645 ÎO
635 1589 879 1645 Cent.
911 1589 953 1641 !e
979 1587 1205 1643 Numéro

466 1704 582 1738 Envoi
604 1704 720 1744 gratis
740 1704 827 1738 hors
846 1703 882 1736 la
900 1703 996 1736 Ville
1018 1707 1050 1735 et
1074 1703 1095 1734 à
1115 1700 1274 1734 l’Etran¬

423 1756 487 1787 ger
526 1748 547 1778 à
576 1750 680 1780 toute
718 1756 903 1790 personne
942 1747 1004 1788 qui
1050 1754 1094 1778 en
1139 1743 1204 1775 fait
1239 1742 1274 1774 la

422 1790 606 1823 demande
626 1799 691 1832 par
711 1790 818 1823 lettre
843 1788 1055 1827 affranchie,
1083 1788 1119 1818 et
1146 1786 1272 1818 franco

420 1840 510 1864 sous
530 1834 734 1875 enveloppe
754 1832 926 1866 cachetée
947 1834 1074 1863 contre
1098 1828 1152 1860 30
1174 1831 1270 1860 cent,

423 1883 466 1906 en
490 1875 655 1909 timbres.

1790 1590 2086 1640 OFFICE
2143 1591 2616 1642 MONDONET

1440 1679 1506 1728 6,
1539 1680 1964 1722 Boulevard
2000 1682 2094 1720 de
2136 1682 2202 1722 la.
2244 1680 2703 1735 IVtaçjdeleine
2745 1680 2836 1730 (au
2877 1680 2900 1719 1
2911 1688 2945 1708 er
2952 1680 2965 1731 )

2011 1766 2392 1810 MARSEILLE

1384 1844 1534 1880 Ouvert
1555 1846 1646 1879 tous
1664 1839 1718 1880 les
1730 1842 1851 1893 jours
1866 1843 1912 1882 de
1926 1843 1954 1882 S
1967 1839 2007 1882 h,
2026 1842 2050 1882 à
2067 1843 2091 1882 8
2106 1839 2142 1882 h.
2163 1843 2217 1882 du
2230 1844 2330 1891 soir,
2350 1848 2387 1883 et
2407 1841 2441 1883 le
2458 1840 2675 1883 dimanche
2695 1843 2740 1882 de
2761 1842 2784 1882 9
2808 1838 2844 1880 h.
2872 1839 2894 1880 à
2916 1840 3021 1880 midi

3207 1599 3312 1647 lO
3344 1598 3589 1650 Cent,
3621 1598 3664 1648 le
3692 1598 3915 1650 Numéro

3172 1719 3353 1759 Mariages
3368 1720 3488 1754 riches
3500 1731 3593 1763 pour
3608 1726 3731 1755 toutes
3748 1722 3800 1754 les
3819 1723 3987 1756 fortunes

3131 1763 3167 1791 et
3197 1763 3321 1794 toutes
3352 1762 3405 1794 les
3437 1764 3633 1804 positions.
3667 1764 3717 1796 La
3755 1766 3900 1798 maison
3939 1775 3984 1798 ne

3131 1800 3299 1843 s’occupe
3316 1812 3387 1844 que
3407 1804 3472 1836 des
3488 1806 3625 1839 unions
3644 1806 3827 1847 possibles
3844 1810 3880 1839 et
3897 1816 3985 1839 sans

3131 1844 3248 1875 tâche.

426 2022 502 2134 La
522 2018 834 2138 Bissiaiil
830 2046 938 2138 ii»
974 2022 1110 2138 Lia
1142 2018 1218 2134 ilii
1250 2018 1554 2154 Mariage»

499 2242 683 2284 Notre
710 2239 816 2280 but
846 2236 940 2276 est
970 2230 1482 2275 essentiellement

423 2316 627 2364 moral,
663 2311 920 2355 honnête
948 2310 1006 2352 et
1032 2303 1555 2363 philanthropique

480 2438 610 2478 Dans
635 2435 770 2478 notre
791 2432 854 2475 fin
880 2430 938 2472 de
974 2426 1114 2471 siècle
1155 2427 1215 2470 où
1238 2428 1339 2470 tout
1360 2424 1554 2468 marche

422 2510 448 2551 à
486 2506 528 2551 ia
554 2519 746 2564 vapeur,
771 2506 816 2546 et
851 2503 910 2544 où
946 2500 990 2544 la
1023 2500 1195 2544 société
1218 2499 1283 2542 vit
1322 2496 1442 2539 dans
1462 2508 1555 2539 une

422 2579 610 2626 activité
631 2576 887 2619 dévorante
910 2586 923 2630 ;
951 2574 1018 2619 les
1038 2571 1206 2630 jeunes
1227 2580 1346 2624 gens
1367 2567 1554 2612 sérieux

422 2652 499 2706 qui
520 2647 778 2692 cherchent
798 2650 826 2692 à
846 2662 896 2692 se
911 2648 1042 2691 créer
1066 2655 1154 2687 une
1176 2640 1380 2699 position
1403 2651 1552 2683 avan¬

419 2726 617 2778 tageuse
639 2736 724 2782 par
742 2723 783 2767 le
806 2719 991 2771 travail,
1014 2718 1178 2762 vivant
1200 2715 1322 2759 dans
1349 2712 1415 2756 les
1438 2714 1552 2768 pré¬

419 2796 728 2852 occupations
748 2792 1022 2839 constantes
1056 2788 1170 2831 d'un
1199 2787 1363 2830 labeur
1386 2785 1554 2828 ardent

419 2880 538 2923 pour
559 2867 736 2911 arriver
758 2868 784 2910 à
803 2867 924 2908 cette
943 2862 1026 2914 fin,
1062 2859 1310 2914 négligent
1342 2856 1408 2900 les
1430 2858 1552 2900 rela¬

418 2938 542 2979 tions
579 2939 779 2982 sociales
815 2938 894 2994 qui
934 2931 1208 2991 pourraient
1244 2930 1311 2972 les
1348 2940 1550 2986 pousser

420 3020 524 3051 vers
547 3007 587 3052 le
630 3011 860 3063 mariage.
898 3010 1124 3059 Lorsque,
1150 3000 1292 3051 enfin,
1316 2999 1496 3042 arrivés
1520 2999 1548 3040 à

416 3082 568 3127 trente
595 3095 654 3126 ou
683 3080 916 3138 quarante
939 3088 1042 3127 ans,
1066 3074 1122 3116 ils
1151 3074 1232 3115 ont
1255 3070 1420 3126 acquis
1456 3080 1548 3111 une

416 3154 619 3207 position
660 3152 739 3206 qui
762 3151 862 3191 leur
895 3147 1075 3202 permet
1103 3143 1159 3186 de
1198 3142 1403 3199 respirer
1423 3143 1470 3184 et
1491 3139 1548 3184 de

414 3222 642 3276 regarder
682 3222 708 3263 à
750 3219 848 3262 leur
898 3219 1068 3260 entour
1115 3227 1234 3274 pour
1288 3212 1548 3270 compléter

415 3294 514 3338 leur
554 3292 756 3338 carrière
784 3302 870 3348 par
910 3302 972 3332 un
1015 3287 1247 3342 mariage,
1272 3286 1328 3330 ils
1358 3287 1547 3330 sentent

412 3367 454 3411 le
482 3366 587 3411 vide
606 3368 778 3410 autour
798 3363 936 3408 d’eux
966 3363 1010 3406 et
1028 3362 1136 3406 sont
1159 3371 1278 3418 pour
1307 3358 1427 3402 ainsi
1447 3358 1547 3402 dire

414 3435 704 3478 désorientés
726 3451 783 3480 ne
804 3442 1029 3482 trouvant
1047 3448 1280 3495 personne
1299 3435 1355 3479 de
1378 3447 1549 3479 conve¬

411 3503 551 3547 nable
583 3506 704 3548 dans
725 3506 766 3548 le
799 3508 947 3550 cercle
971 3508 1054 3550 des
1087 3508 1315 3550 relations
1338 3510 1398 3548 où
1422 3507 1478 3548 ils
1498 3519 1550 3548 se

411 3580 519 3624 sont
539 3591 644 3624 mus
664 3576 970 3638 jusqu’alors.

470 3669 678 3712 Souvent
716 3667 1026 3720 découragés,
1080 3666 1136 3710 ils
1195 3664 1411 3707 finissent
1462 3674 1548 3719 par

411 3750 638 3782 renoncer
660 3749 720 3779 au
762 3736 974 3786 mariage
995 3735 1034 3775 si
1064 3746 1155 3775 une
1188 3734 1318 3772 main
1343 3734 1466 3774 amie
1488 3744 1547 3774 ne

412 3811 540 3855 vient
572 3808 639 3852 les
660 3807 790 3851 aider
811 3808 856 3850 et
892 3804 959 3848 les
979 3803 1148 3859 guider
1180 3802 1302 3846 dans
1336 3800 1376 3844 le
1411 3800 1547 3843 choix

413 3882 552 3926 d’une
572 3891 839 3939 compagne
862 3876 939 3935 qui
962 3876 1059 3920 doit
1080 3878 1304 3932 partager
1328 3871 1428 3918 leur
1451 3871 1540 3924 vie,

416 3955 543 4000 leurs
560 3954 679 4011 joies
695 3956 740 3998 et
762 3954 888 3996 leurs
906 3951 1083 4007 peines.

475 4039 598 4083 C’est
624 4036 664 4079 le
703 4036 787 4078 but
816 4044 907 4087 que
938 4031 1050 4072 s’est
1086 4031 1287 4084 proposé
1336 4030 1375 4071 le
1422 4030 1548 4071 Lien

419 4110 488 4152 du
526 4104 763 4159 Mariage
795 4115 804 4142 :
841 4103 951 4143 Etre
978 4099 1122 4146 l’ami,
1146 4098 1187 4140 le
1203 4098 1346 4152 guide
1375 4100 1422 4139 et
1440 4096 1546 4139 l’in¬

418 4179 630 4222 dicateur
668 4172 751 4216 des
791 4171 962 4214 unions
1000 4170 1231 4212 honnêtes
1264 4170 1310 4210 et
1331 4167 1548 4210 honora¬

415 4247 531 4290 bles.
559 4247 706 4290 Notre
726 4244 810 4288 but
827 4246 896 4287 est
930 4240 1328 4287 essentiellement
1351 4238 1547 4296 philan¬

414 4318 666 4378 thropique
692 4320 738 4363 et
758 4314 1155 4363 essentiellement
1176 4311 1344 4356 moral.

474 4408 539 4447 La
579 4403 854 4460 population
890 4402 1066 4444 décroît
1101 4411 1242 4456 parce
1263 4410 1352 4455 que
1374 4398 1415 4442 le
1439 4411 1547 4443 ma¬

412 4474 546 4530 riage
567 4479 636 4519 est
654 4476 839 4532 négligé
859 4486 868 4528 ;
888 4476 935 4518 et
956 4472 996 4516 le
1018 4474 1231 4528 mariage
1250 4474 1320 4516 est
1335 4471 1544 4528 négligé,

414 4556 554 4600 parce
576 4560 667 4604 que
692 4548 914 4592 l’homme
934 4546 1146 4600 emporté
1182 4558 1266 4600 par
1287 4544 1327 4587 le
1351 4544 1547 4587 tourbil¬

412 4615 490 4660 lon
515 4618 596 4664 des
627 4620 836 4670 affaires,
863 4616 939 4660 n’a
958 4628 1043 4672 pas
1064 4615 1106 4659 le
1127 4616 1282 4671 temps
1303 4615 1359 4656 de
1378 4614 1547 4656 s’arrê¬

412 4692 483 4735 ter
502 4704 622 4748 pour
643 4691 883 4738 combiner
904 4691 950 4734 et
978 4687 1203 4732 chercher
1234 4686 1337 4730 telle
1359 4698 1418 4728 ou
1442 4684 1547 4728 telle

415 4763 562 4804 union
583 4767 662 4819 qui
688 4766 900 4823 pourrait
926 4763 987 4807 lui
1011 4760 1251 4807 convenir.

472 4846 508 4888 Il
530 4846 607 4891 n'a
630 4863 715 4904 pas
736 4854 776 4896 le
800 4858 954 4912 temps
975 4856 1018 4899 et
1059 4866 1116 4898 ne
1138 4854 1248 4910 peut
1286 4863 1448 4910 passer
1466 4850 1548 4894 des

414 4919 535 4963 mois
555 4923 598 4963 et
620 4926 863 4976 peut-être
884 4927 968 4972 des
986 4927 1164 4971 années
1185 4927 1211 4968 à
1235 4924 1423 4968 décider
1443 4923 1550 4968 telle

415 4994 647 5051 personne
687 4994 714 5051 à
754 4999 980 5052 partager
1011 5011 1064 5042 sa
1094 4998 1164 5042 vie
1187 5006 1198 5050 ;
1224 4995 1251 5037 il
1279 5007 1335 5038 ne
1355 4999 1548 5039 connaît

414 5079 500 5122 pas
522 5067 631 5110 bien
666 5066 711 5110 la
744 5067 971 5114 situation
1006 5071 1062 5114 de
1102 5071 1220 5112 cette
1242 5078 1492 5123 personne,
1518 5064 1543 5107 il

411 5136 562 5179 hésite
596 5143 642 5180 et
676 5139 778 5183 finit
807 5154 892 5198 par
922 5154 1148 5187 renoncer
1174 5152 1232 5183 au
1268 5139 1482 5192 mariage
1502 5140 1548 5180 et

412 5218 462 5250 se
482 5206 697 5259 résigner
719 5211 746 5251 à
770 5212 898 5256 vivre
928 5212 1162 5256 d’amitiés
1184 5210 1483 5266 passagères.

471 5290 591 5336 Mais
611 5300 663 5332 ce
692 5290 770 5344 qui
808 5295 963 5339 arrive
986 5309 1106 5352 pour
1131 5294 1199 5339 les
1218 5291 1386 5351 jeunes
1407 5304 1542 5350 gens,

414 5366 567 5410 arrive
588 5363 696 5408 bien
719 5360 824 5419 plus
856 5374 1026 5408 encore
1046 5380 1163 5420 pour
1186 5368 1252 5411 les
1287 5378 1546 5423 personnes

414 5436 492 5486 qui
518 5439 663 5492 ayant
700 5434 772 5480 été
810 5432 944 5475 unies
980 5446 1072 5476 une
1102 5439 1334 5490 première
1370 5437 1458 5480 fois
1495 5450 1546 5479 se

412 5503 634 5552 trouvent
655 5511 756 5554 tout
779 5508 804 5552 à
827 5516 946 5560 coup
984 5503 1206 5550 désunies
1238 5523 1324 5563 par
1347 5508 1388 5552 le
1407 5507 1546 5551 décès

415 5571 471 5616 de
494 5574 619 5620 l’une
642 5582 818 5627 d’elles.

471 5656 623 5710 Après
652 5663 791 5710 s’être
823 5666 1092 5722 longtemps
1114 5658 1324 5703 abîmées
1346 5660 1467 5704 dans
1500 5663 1546 5704 la

411 5725 608 5772 douleur
635 5734 682 5775 et
714 5740 844 5783 avoir
879 5739 998 5798 payé
1043 5748 1106 5780 un
1138 5730 1262 5791 juste
1304 5731 1449 5774 tribut
1491 5732 1544 5776 de

408 5799 585 5846 larmes
606 5802 632 5846 à
660 5803 843 5862 l’époux
879 5825 936 5856 ou
962 5812 988 5856 à
1019 5810 1224 5867 l’épouse
1248 5802 1463 5856 décédée,
1489 5802 1544 5844 ils

408 5878 596 5922 sentent
632 5875 738 5935 plus
760 5879 995 5928 vivement
1032 5884 1072 5927 le
1095 5882 1199 5927 vide
1220 5878 1299 5938 qui
1330 5874 1438 5920 s’est
1459 5872 1543 5915 fait

410 5950 582 5992 autour
618 5950 679 5994 du
719 5954 983 6008 survivant,
1028 5955 1082 5998 ils
1115 5958 1194 5998 ont
1232 5950 1396 5996 besoin
1434 5944 1544 5991 d’un

411 6028 543 6059 cœur
564 6024 656 6064 ami
695 6024 774 6080 qui
814 6024 880 6070 les
912 6026 1102 6071 console
1136 6039 1196 6068 ou
1231 6024 1298 6068 les
1331 6022 1539 6080 protège.

411 6086 474 6131 Ils
494 6090 704 6142 aspirent
726 6096 754 6138 à
775 6100 895 6142 cette
923 6098 994 6140 vie
1012 6096 1266 6151 tranquille
1282 6094 1480 6151 paisible
1500 6095 1546 6138 et

410 6159 667 6212 ntérieure,
703 6163 816 6208 faite
847 6167 1127 6212 d’intimités
1148 6167 1195 6210 et
1215 6166 1271 6210 de
1295 6166 1544 6210 confiden¬

1632 2028 1711 2060 ces
1739 2030 1828 2074 que
1868 2016 1912 2062 la
1948 2020 2071 2063 mort
2110 2032 2136 2063 a
2175 2031 2388 2076 rompue.
2427 2019 2556 2062 Dans
2596 2028 2648 2060 ce
2684 2027 2765 2059 cas

1632 2088 1854 2134 l’homme
1895 2103 1922 2134 a
1970 2092 2134 2135 besoin
2174 2092 2314 2136 d’une
2355 2092 2477 2136 amie
2516 2090 2668 2148 pleine
2709 2087 2765 2131 de

1631 2160 1760 2202 soins
1788 2163 1834 2203 et
1862 2160 1918 2203 de
1948 2160 2288 2206 dévouements
2311 2174 2322 2216 ;
2343 2163 2385 2207 la
2405 2163 2544 2207 dame
2567 2160 2765 2207 cherche

1632 2240 1696 2270 un
1716 2230 1919 2284 soutien,
1947 2236 2011 2274 ün
2035 2236 2303 2288 protecteur
2342 2238 2387 2278 et
2410 2248 2475 2278 un
2499 2235 2619 2278 aide.
2647 2234 2767 2278 Mais

1630 2299 1690 2342 où
1730 2302 1919 2344 trouver
1940 2300 1986 2346 la
2028 2315 2263 2359 personne
2298 2306 2376 2362 qui
2409 2306 2624 2350 réunisse
2659 2308 2765 2348 tous

1628 2368 1696 2415 les
1736 2371 1952 2418 désidéra
1960 2376 2006 2417 ta
2027 2375 2048 2418 ?
2068 2378 2135 2419 La
2154 2379 2278 2419 mort
2298 2379 2375 2434 qui
2400 2391 2427 2422 a
2448 2378 2488 2422 si
2523 2379 2767 2434 brusque¬

1630 2446 1758 2486 ment
1797 2444 2091 2500 interrompu
2132 2446 2174 2490 le
2207 2459 2347 2492 cours
2383 2450 2440 2494 de
2477 2454 2597 2495 cette
2635 2451 2765 2495 exis¬

1628 2515 1763 2556 tence
1780 2514 1944 2558 n’était
1966 2528 2054 2571 pas
2074 2518 2235 2560 entrée
2258 2519 2379 2562 dans
2396 2520 2464 2563 les
2496 2522 2675 2564 calculs
2709 2522 2765 2564 de

1628 2584 1672 2628 la
1695 2586 1766 2630 vie
1799 2599 2067 2632 commune.
2111 2590 2179 2632 Où
2216 2591 2407 2634 trouver
2444 2591 2488 2635 la
2528 2606 2764 2648 personne

1627 2656 1899 2703 réunissant
1919 2659 1986 2704 les
2007 2660 2272 2706 conditions
2295 2675 2413 2720 pour
2435 2676 2528 2707 une
2559 2666 2763 2710 seconde

1627 2731 1792 2776 union.

1686 2818 1748 2860 Le
1763 2816 1955 2874 journal
1984 2818 1996 2863 1
2002 2831 2026 2863 q
2047 2818 2172 2862 Lien
2194 2818 2263 2862 du
2296 2818 2533 2878 Mariage
2573 2819 2689 2863 offre
2733 2820 2760 2863 à

1626 2890 1732 2931 tous
1755 2900 1846 2932 une
1882 2890 2110 2935 situation
2146 2890 2403 2934 semblable
2428 2894 2473 2935 et
2507 2890 2695 2947 lorsque
2717 2892 2759 2935 la

1623 2972 1856 3016 personne
1876 2963 2019 3019 qu’on
2058 2964 2210 3008 désire
2231 2976 2290 3008 ne
2326 2964 2393 3020 s’y
2413 2967 2577 3008 trouve
2600 2976 2704 3020 pas,
2729 2966 2758 3011 il

1622 3030 1699 3086 n’y
1715 3044 1742 3074 a
1758 3033 1866 3088 qu’à
1888 3035 2147 3082 s’adresser
2182 3038 2208 3080 à
2240 3036 2459 3082 l’Office
2493 3039 2759 3079 Mondonet

1622 3104 1700 3158 qui
1723 3116 1750 3147 a
1772 3118 1836 3148 un
1858 3108 2015 3162 grand
2038 3110 2234 3154 nombre
2251 3110 2308 3154 de
2338 3108 2659 3166 propositions
2677 3108 2756 3164 qui

1620 3188 1680 3219 ne
1699 3175 1907 3234 figurent
1928 3192 2016 3238 pas
2038 3182 2158 3227 dans
2179 3195 2256 3227 ces
2276 3182 2519 3227 colonnes.

1680 3262 1826 3304 Notre
1842 3262 2032 3318 journal
2070 3280 2095 3308 a
2119 3280 2238 3323 pour
2259 3268 2342 3311 but
2358 3267 2567 3312 d’ouvrir
2588 3267 2633 3310 la
2653 3264 2757 3310 voie

1620 3331 1878 3378 honorable
1911 3335 1968 3380 de
2004 3336 2050 3379 la
2086 3339 2260 3382 société
2298 3340 2324 3382 à
2366 3342 2495 3383 toute
2523 3350 2759 3395 personne

1622 3406 1700 3463 qui
1718 3419 1768 3452 se
1787 3408 1956 3455 trouve
1976 3408 2098 3455 dans
2116 3410 2310 3468 pareille
2330 3411 2576 3456 situation.

1706 3554 1847 3595 Rôle
1879 3555 1956 3596 du
1996 3572 2014 3592 «
2051 3556 2194 3599 Lien
2220 3559 2299 3600 du
2332 3558 2592 3612 Mariage
2629 3572 2648 3595 »

1679 3686 1812 3728 Nous
1834 3696 2096 3742 proposons
2132 3686 2200 3730 les
2239 3699 2500 3743 personnes
2520 3700 2635 3731 avec
2656 3687 2757 3730 leur

1620 3756 1847 3800 situation
1887 3756 1944 3802 de
1982 3758 2163 3802 fortune
2195 3760 2242 3800 et
2286 3758 2343 3802 de
2379 3758 2612 3810 moralité,
2636 3770 2756 3802 nous

1620 3824 1798 3870 faisons
1831 3828 1896 3871 les
1934 3830 2210 3884 demandes,
2240 3830 2517 3874 abouchons
2552 3830 2619 3874 les
2641 3842 2755 3886 per¬

1622 3911 1795 3944 sonnes
1834 3903 1879 3944 et
1917 3906 2124 3947 mettons
2154 3918 2212 3948 en
2236 3906 2459 3963 présence
2492 3903 2559 3947 les
2580 3902 2752 3946 futurs.

1621 3974 1754 4018 Nous
1774 3987 1980 4019 sommes
2002 3975 2070 4019 les
2104 3976 2483 4022 intermédiaires
2523 3976 2604 4020 des
2644 3988 2756 4034 pre¬

1623 4046 1792 4088 mières
1830 4051 2096 4100 entrevues,
2136 4048 2354 4104 toujours
2391 4051 2485 4092 très
2523 4052 2757 4103 gênantes

1622 4116 1667 4154 et
1706 4116 1799 4158 très
1819 4116 2042 4159 délicates
2066 4131 2183 4172 pour
2206 4119 2287 4162 des
2310 4131 2571 4172 personnes
2589 4120 2668 4174 qui
2705 4132 2756 4162 se

1622 4182 1779 4224 voient
1806 4196 1926 4239 pour
1948 4186 1991 4227 la
2032 4187 2263 4242 première
2302 4187 2403 4230 fois.
2437 4188 2569 4231 Nous
2603 4188 2753 4231 résol¬

1620 4264 1739 4298 vons
1783 4256 1952 4298 autant
1991 4268 2082 4311 que
2124 4258 2327 4312 possible
2385 4258 2452 4303 les
2504 4258 2756 4303 difficultés

1622 4327 1699 4384 qui
1723 4330 1927 4386 peuvent
1960 4340 2010 4374 se
2032 4330 2276 4387 présenter
2298 4331 2419 4376 dans
2455 4331 2499 4376 la
2527 4332 2752 4376 situation

1622 4398 1678 4440 de
1698 4400 1822 4444 l’une
1840 4400 2014 4446 d’elles.
2039 4403 2171 4447 Nous
2190 4416 2400 4448 sommes
2419 4404 2519 4448 leur
2541 4406 2756 4448 intermé¬

1622 4471 1768 4516 diaire
1798 4476 1843 4518 et
1883 4474 1982 4519 leur
2011 4476 2123 4519 ami.
2148 4478 2251 4531 Oui,
2278 4476 2376 4522 leur
2395 4478 2507 4530 ami,
2532 4490 2615 4520 car
2636 4491 2759 4531 nous

1620 4544 1928 4588 considérons
1950 4559 2134 4590 comme
2162 4548 2223 4590 tel
2262 4552 2393 4591 notre
2433 4550 2529 4591 rôle
2554 4560 2671 4604 pour
2691 4550 2757 4592 les

1622 4627 1880 4670 personnes
1911 4618 1988 4674 qui
2030 4630 2151 4660 nous
2187 4619 2419 4674 chargent
2457 4619 2516 4663 du
2556 4622 2661 4664 soin
2700 4622 2755 4663 de

1620 4686 1720 4730 leur
1743 4688 1904 4731 union.

1678 4772 1800 4818 Elles
1815 4778 2019 4831 peuvent
2031 4779 2244 4834 compter
2256 4791 2338 4824 sur
2351 4782 2484 4822 notre
2500 4774 2753 4819 discrétion

1620 4844 1830 4891 absolue.
1867 4848 2012 4892 Notre
2035 4848 2168 4894 office
2192 4853 2263 4895 est
2298 4863 2358 4892 un
2383 4847 2604 4891 tombeau
2636 4855 2755 4900 pour

1622 4918 1688 4962 les
1708 4922 1886 4964 secrets
1907 4922 1984 4978 qui
2008 4934 2130 4966 nous
2150 4926 2256 4966 sont
2279 4918 2468 4963 confiés.

1680 5007 1906 5058 Souvent,
1954 5008 2125 5056 même,
2167 5004 2211 5046 la
2243 5000 2472 5059 première
2508 5001 2755 5058 présenta¬

1622 5079 1718 5119 tion
1758 5090 1784 5119 a
1822 5078 1914 5119 lieu
1940 5088 2052 5118 sans
2083 5074 2351 5128 qu’aucune
2388 5072 2471 5118 des
2492 5072 2612 5116 deux
2649 5084 2754 5128 par¬

1620 5147 1708 5190 ties
1727 5146 1977 5188 connaisse
1998 5143 2042 5187 le
2064 5156 2175 5187 nom
2210 5144 2266 5188 de
2303 5146 2469 5188 l’autre
2489 5148 2535 5187 et
2555 5155 2675 5186 nous
2693 5154 2752 5184 ne

1620 5216 1687 5260 les
1706 5218 1886 5260 faisons
1904 5218 2150 5260 connaître
2175 5228 2266 5274 que
2292 5228 2372 5260 sur
2392 5215 2492 5258 leur
2513 5212 2745 5256 autorisa¬

1619 5290 1718 5334 tion
1740 5302 1978 5347 expresse.

1678 5379 1751 5420 Un
1767 5374 1955 5430 journal
1975 5384 2092 5427 pour
2109 5371 2348 5423 mariages
2365 5368 2487 5411 dans
2501 5380 2592 5411 une
2608 5368 2752 5424 petite

1619 5446 1723 5490 ville
1742 5447 1800 5488 où
1823 5446 1923 5487 tout
1944 5442 1983 5486 le
2012 5440 2183 5484 monde
2210 5454 2259 5483 se
2278 5442 2469 5484 connaît
2491 5442 2535 5484 et
2557 5442 2752 5483 connaît

1618 5516 1662 5559 la
1684 5515 1910 5558 situation
1931 5512 1987 5556 de
2008 5526 2094 5556 son
2132 5511 2302 5566 voisin,
2327 5512 2531 5556 n’aurait
2569 5524 2656 5567 pas
2695 5512 2751 5555 de

1618 5587 1776 5631 raison
1806 5586 1967 5639 d’èlre,
1991 5584 2114 5628 mais
2135 5584 2255 5627 dans
2291 5598 2384 5628 une
2423 5583 2605 5638 grande
2625 5583 2748 5635 ville,

1618 5670 1800 5703 comme
1834 5659 1878 5700 la
1916 5660 2063 5712 nôtre,
2104 5658 2163 5700 où
2202 5656 2385 5700 chacun
2427 5667 2571 5711 pense
2613 5658 2641 5698 à
2677 5667 2752 5698 ses

1618 5730 1808 5775 affaires
1828 5731 1874 5772 et
1903 5742 1998 5774 non
2020 5730 2046 5771 à
2062 5728 2200 5772 celles
2219 5727 2275 5772 de
2296 5740 2372 5772 ses
2392 5727 2569 5770 voisins
2593 5738 2603 5782 ;
2627 5730 2672 5772 et
2691 5728 2750 5771 où

1616 5803 1724 5846 bien
1746 5803 1946 5846 souvent
1967 5800 2032 5844 les
2056 5800 2301 5844 habitants
2322 5800 2377 5843 de
2397 5798 2443 5840 la
2465 5802 2620 5843 même
2636 5799 2749 5843 mai¬

1616 5884 1703 5915 son
1724 5886 1783 5915 ne
1815 5884 1866 5915 se
1902 5872 2207 5918 connaissent
2245 5884 2332 5928 pas
2350 5872 2480 5914 entre
2497 5882 2601 5924 eux,
2628 5871 2657 5914 il
2680 5872 2749 5915 est

1616 5943 1883 5986 nécessaire
1923 5944 2034 5988 d’un
2087 5946 2179 5988 ami
2227 5940 2437 5999 général,
2492 5942 2604 5984 d’un
2655 5940 2747 5984 ami

1616 6024 1839 6058 commun
1862 6015 1939 6070 qui
1962 6020 2203 6074 groupant
2246 6015 2364 6056 dans
2385 6026 2449 6056 un
2489 6015 2624 6056 vaste
2659 6024 2749 6055 en¬

1618 6084 1811 6139 semble,
1834 6084 1902 6128 les
1939 6087 2080 6131 offres
2118 6091 2163 6132 et
2202 6087 2268 6128 les
2310 6084 2585 6136 demandes,
2612 6095 2748 6127 com¬

1618 6162 1726 6207 bine
1746 6159 1810 6204 lui
1848 6160 2002 6204 même
2023 6158 2091 6204 les
2124 6156 2395 6212 situations,
2421 6156 2488 6202 les
2519 6158 2652 6211 âges,
2683 6152 2749 6198 les

2840 2016 2999 2070 goûts,
3039 2012 3105 2058 les
3140 2011 3333 2068 figures,
3391 2011 3459 2056 les
3509 2014 3724 2056 fortunes
3763 2016 3808 2056 et
3856 2014 3983 2059 fasse

2841 2086 2904 2130 lui
2941 2090 3095 2130 même
3120 2084 3187 2130 les
3208 2084 3529 2142 propositions
3563 2083 3628 2128 les
3669 2084 3776 2140 plus
3820 2088 3980 2130 sorta-

2840 2156 2956 2202 bles.

2899 2242 2979 2287 Cet
3000 2240 3093 2284 ami
3116 2251 3357 2290 commun,
3383 2239 3497 2283 c’est
3519 2238 3684 2283 l’office
3704 2240 3977 2294 Mondonet,

2840 2316 2883 2368 6,
2909 2318 2941 2359 B
2944 2314 2957 2335 |J
2995 2314 3051 2359 de
3071 2312 3115 2356 la
3136 2310 3447 2367 Magdeleine,
3484 2311 3599 2355 c’est
3632 2311 3671 2355 le
3707 2310 3897 2367 journal
3939 2311 3979 2356 le

2841 2386 2967 2430 Lien
2989 2384 3057 2428 du
3087 2382 3324 2440 Mariage
3345 2382 3423 2438 qui
3451 2383 3521 2424 est
3543 2394 3629 2424 son
3652 2383 3915 2427 auxiliaire.

2899 2470 3112 2514 Pendant
3133 2468 3404 2523 longtemps
3426 2464 3456 2508 il
3495 2478 3521 2508 a
3560 2464 3707 2508 existé
3744 2478 3835 2508 une
3872 2466 3977 2522 pré¬

2840 2543 3031 2587 vention
3053 2542 3148 2584 très
3176 2539 3401 2595 marquée
3435 2539 3597 2580 contre
3625 2535 3692 2580 les
3732 2536 3975 2590 mariages

2841 2615 2933 2659 dits
2947 2615 3003 2659 de
3027 2611 3332 2671 proposition,
3357 2622 3417 2654 on
3442 2608 3620 2652 voulait
3641 2620 3692 2652 se
3717 2608 3977 2666 persuader

2840 2686 2951 2743 qu’il
2983 2699 3041 2731 ne
3072 2686 3265 2743 pouvait
3285 2682 3425 2727 sortir
3444 2680 3525 2724 des
3543 2692 3752 2735 agences
3780 2692 3869 2736 que
3893 2680 3976 2724 des

2839 2759 3079 2814 mariages
3100 2758 3380 2816 disparates.

2895 2843 2967 2884 En
2988 2843 3092 2887 face
3113 2842 3196 2887 des
3225 2839 3448 2886 résultats
3487 2838 3749 2883 contraires
3771 2836 3973 2880 obtenus

2839 2924 2924 2967 par
2979 2926 3057 2958 ces
3119 2915 3349 2968 bureaux,
3392 2924 3452 2955 on
3509 2911 3580 2954 est
3620 2908 3735 2952 sorti
3765 2907 3973 2964 complè¬

2836 2985 3013 3027 tement
3052 2986 3108 3028 de
3149 2988 3269 3030 cette
3319 2983 3611 3042 prévention.
3654 2980 3867 3024 L’estime
3908 2979 3971 3022 du

2836 3054 2993 3110 public
3012 3059 3083 3099 est
3105 3056 3405 3100 absolument
3419 3054 3609 3112 acquise
3629 3064 3727 3096 aux
3744 3063 3968 3107 agences,

2836 3138 2953 3182 pour
2975 3126 3019 3170 la
3040 3128 3200 3172 raison
3229 3128 3340 3174 bien
3373 3127 3556 3186 simple,
3581 3136 3672 3182 que
3692 3124 3759 3168 les
3780 3122 3972 3166 affaires

2833 3196 3027 3242 traitées
3048 3210 3135 3255 par
3168 3198 3293 3255 elles,
3320 3199 3361 3243 le
3400 3200 3508 3243 sont
3529 3198 3636 3255 plus
3672 3194 3969 3252 rapidement

2833 3271 2877 3312 et
2917 3268 3024 3326 plus
3063 3274 3323 3323 sûrement,
3347 3274 3392 3314 et
3432 3283 3492 3314 on
3535 3271 3644 3327 peut
3680 3267 3779 3311 dire
3816 3278 3904 3323 que
3929 3264 3969 3308 le

2833 3339 2939 3396 plus
2957 3342 3113 3395 grand
3153 3343 3351 3386 nombre
3393 3342 3475 3384 des
3511 3342 3767 3395 mariages,
3818 3342 3969 3380 même

2832 3411 3003 3464 riches,
3023 3414 3103 3455 ont
3124 3412 3197 3455 été
3215 3412 3319 3468 plus
3340 3423 3400 3456 ou
3419 3412 3575 3456 moins
3596 3412 3685 3455 mis
3705 3423 3787 3454 sur
3808 3408 3851 3452 la
3868 3407 3968 3451 voie

2836 3496 2920 3540 par
2940 3496 3027 3528 nos
3053 3495 3276 3540 agences.
3311 3484 3443 3528 Nous
3464 3495 3585 3526 nous
3604 3482 3889 3526 efforcerons
3911 3478 3967 3522 de

2833 3558 3024 3599 mériter
3044 3559 3165 3599 cette
3185 3558 3351 3599 estime
3371 3555 3433 3598 du
3459 3555 3615 3610 public
3637 3567 3696 3596 en
3712 3552 3968 3610 apportant

2832 3626 2952 3668 dans
3000 3626 3044 3668 la
3100 3624 3373 3668 conclusion
3415 3624 3499 3667 des
3547 3623 3737 3668 affaires
3778 3624 3821 3667 la
3863 3622 3968 3679 plus

2829 3696 3012 3751 grande
3048 3695 3343 3750 délicatesse,
3369 3695 3412 3738 la
3447 3695 3553 3751 plus
3575 3695 3759 3750 grande
3783 3694 3964 3752 probité

2829 3770 2875 3810 et
2895 3767 2940 3810 la
2961 3767 3216 3811 discrétion
3237 3767 3281 3810 la
3311 3767 3417 3823 plus
3439 3766 3651 3810 absolue.

2889 3852 2976 3895 Les
3028 3851 3180 3895 beaux
3228 3850 3453 3894 résultats
3513 3863 3604 3907 que
3657 3863 3779 3894 nous
3816 3860 3965 3893 avons

2829 3923 3031 3968 obtenus
3087 3934 3208 3967 nous
3240 3924 3484 3978 engagent
3521 3923 3548 3964 à
3583 3922 3807 3978 persister
3845 3919 3965 3963 dans

2831 3998 2952 4042 cette
2985 3996 3105 4050 voie,
3141 3995 3365 4052 espérant
3403 4006 3493 4051 que
3527 3994 3567 4036 le
3599 3992 3755 4050 public
3787 3990 3964 4035 voudra

2831 4070 2939 4112 bien
2960 4080 3081 4111 nous
3101 4067 3351 4111 continuer
3372 4078 3449 4110 ses
3469 4066 3661 4110 faveurs
3696 4067 3741 4107 et
3760 4075 3813 4106 sa
3844 4074 3964 4104 con¬

2830 4139 3000 4180 fiance.

2888 4224 2952 4267 Le
2984 4223 3111 4266 Lien
3152 4222 3220 4266 du
3255 4222 3492 4279 Mariage
3525 4224 3596 4266 est
3635 4220 3676 4264 le
3707 4219 3817 4263 trait
3860 4218 3964 4262 d’u¬

2829 4294 2941 4336 nion
2980 4292 3064 4336 des
3096 4292 3313 4345 familles,
3337 4304 3432 4336 non
3468 4291 3729 4339 seulement
3751 4290 3808 4332 de
3829 4291 3964 4331 notre

2829 4364 2952 4420 ville,
2978 4364 3100 4408 mais
3132 4376 3301 4410 encore
3339 4364 3423 4408 des
3448 4362 3731 4422 principales
3753 4359 3884 4406 villes
3905 4358 3963 4402 de

2829 4440 3009 4482 France
3044 4440 3088 4482 et
3123 4438 3179 4480 de
3221 4436 3476 4490 l’étranger
3511 4436 3572 4478 où
3607 4435 3740 4476 notre
3779 4430 3911 4475 office
3933 4443 3961 4471 a

2831 4510 2913 4554 des
2947 4507 3347 4563 correspondants
3379 4506 3591 4547 discrets.
3616 4506 3747 4547 Nous
3772 4502 3965 4558 présen¬

2831 4582 2937 4622 tons
2957 4579 3077 4620 donc
3100 4590 3191 4619 aux
3219 4578 3353 4631 pères
3380 4575 3436 4616 de
3455 4572 3631 4616 famille
3660 4572 3883 4615 soucieux
3905 4570 3963 4614 de

2829 4648 3024 4691 l’avenir
3045 4647 3100 4690 de
3127 4647 3251 4688 leurs
3271 4644 3460 4687 enfants
3481 4647 3588 4687 tous
3608 4643 3673 4686 les
3696 4644 3960 4696 avantages

2828 4718 2967 4774 qu’ils
2988 4728 3045 4759 ne
3067 4715 3312 4759 sauraient
3341 4718 3529 4759 trouver
3555 4712 3652 4758 s’ils
3692 4712 3800 4756 sont
3823 4714 3965 4756 livrés

2828 4790 2855 4832 à
2876 4791 3164 4832 eux-mêmes
3185 4790 3231 4831 et
3252 4787 3373 4831 dans
3397 4787 3437 4831 le
3457 4784 3607 4830 cercle
3629 4784 3685 4828 de
3705 4784 3832 4828 leurs
3852 4798 3963 4828 con¬

2828 4860 3105 4904 naissances
3125 4871 3136 4914 ;
3173 4872 3231 4903 en
3253 4859 3376 4912 effet,
3407 4856 3860 4914 indépendamment
3881 4856 3964 4900 des

2829 4935 3095 4978 références
3115 4934 3367 4986 certaines,
3397 4931 3451 4975 ils
3487 4932 3569 4972 ont
3591 4930 3631 4972 le
3652 4930 3788 4972 choix
3813 4927 3962 4984 parmi

2829 5007 2871 5050 le
2892 5006 3047 5062 grand
3069 5004 3265 5047 nombre
3305 5002 3361 5046 de
3385 5002 3705 5059 propositions
3728 5012 3817 5056 que
3845 5011 3963 5042 con¬

2828 5078 3040 5118 tiennent
3080 5075 3145 5116 les
3181 5072 3407 5116 colonnes
3436 5072 3492 5115 de
3529 5075 3661 5115 notre
3676 5070 3883 5126 journal,
3909 5070 3965 5114 ils

2827 5148 3031 5203 peuvent
3047 5146 3164 5188 faire
3185 5146 3385 5199 épouser
3408 5144 3434 5186 à
3453 5143 3580 5186 leurs
3597 5143 3787 5186 enfants
3805 5142 3849 5184 la
3869 5155 3965 5199 per¬

2825 5228 2975 5262 sonne
2993 5215 3131 5272 qu’ils
3147 5215 3355 5258 désirent
3367 5215 3457 5256 soit
3476 5226 3660 5258 comme
3681 5214 3960 5271 profession,

2825 5288 3029 5339 fortune,
3065 5286 3324 5338 caractère,
3364 5284 3567 5342 position
3608 5283 3780 5328 sociale
3819 5286 3865 5328 et
3907 5283 3963 5327 ils

2825 5374 2883 5404 ne
2917 5360 3241 5415 s’exposeront
3279 5370 3365 5412 pas
3403 5359 3429 5399 à
3469 5356 3569 5399 leur
3604 5355 3721 5399 faire
3759 5356 3961 5411 épouser

2825 5444 2917 5476 une
2951 5442 3184 5488 personne
3207 5427 3284 5484 qui
3324 5427 3423 5470 leur
3459 5439 3564 5470 sera
3605 5424 3955 5482 antipathique,

2824 5504 2915 5547 soit
2933 5515 3019 5559 par
3040 5514 3127 5543 son
3149 5503 3253 5552 âge,
3275 5499 3364 5540 soit
3400 5508 3519 5552 pour
3553 5500 3660 5540 tous
3691 5499 3851 5539 autres
3875 5496 3963 5538 dé¬

2827 5575 2951 5616 fauts
2972 5571 3048 5627 qui
3088 5571 3195 5612 sont
3229 5570 3397 5611 autant
3437 5567 3493 5610 de
3531 5579 3699 5611 causes
3739 5566 3795 5610 de
3819 5566 3957 5610 désu¬

2824 5646 2936 5687 nion
2957 5642 3077 5684 dans
3099 5640 3139 5683 le
3161 5640 3376 5691 mariage
3397 5640 3443 5683 et
3476 5638 3689 5682 finissent
3716 5650 3801 5695 par
3823 5650 3961 5682 ame¬

2824 5727 2907 5759 ner
2928 5714 2969 5757 le
2991 5712 3177 5755 divorce
3200 5712 3244 5754 et
3269 5710 3312 5752 la
3335 5710 3631 5767 séparation.

2883 5800 3011 5842 Dans
3043 5795 3109 5838 les
3141 5794 3361 5838 colonnes
3392 5794 3453 5836 du
3487 5794 3608 5836 Lien
3640 5792 3708 5835 du
3732 5791 3961 5846 Mariage

2823 5882 2881 5913 ou
2905 5870 2931 5912 à
2953 5867 3168 5912 l’Office
3188 5864 3468 5918 Mondonet,
3492 5864 3519 5907 6
3525 5866 3535 5916 ,
3559 5866 3592 5907 B
3595 5862 3608 5883 d
3628 5862 3744 5907 delà
3767 5859 3960 5915 Magde¬

2823 5940 2959 5991 leine,
2991 5951 3051 5982 on
3075 5939 3183 5994 peut
3205 5939 3395 5980 trouver
3423 5934 3691 5978 facilement
3733 5944 3793 5974 un
3833 5943 3959 5984 gen¬

2823 6012 2921 6064 dre,
2947 6024 3009 6055 un
3048 6011 3199 6066 époux
3220 6022 3279 6052 ou
3300 6020 3393 6052 une
3415 6008 3589 6063 épouse
3619 6007 3644 6048 à
3684 6015 3767 6047 son
3796 6002 3881 6058 gré
3915 6006 3960 6046 et

2821 6096 2880 6127 en
2920 6085 3017 6126 tout
3059 6082 3188 6139 point
3227 6079 3465 6123 conforme
3509 6090 3601 6120 aux
3636 6075 3785 6119 désirs
3821 6074 3876 6118 de
3915 6072 3959 6116 la

2827 6166 3069 6212 personne
3088 6154 3115 6196 à
3135 6151 3328 6195 marier.
