4728 7228
1976 611 2057 658 LE
2095 610 2247 659 LIEN
2283 610 2371 656 DU
2408 607 2706 656 MARIAGE

639 961 694 1000 Le
734 961 839 999 Lien
876 959 928 999 du
965 959 1150 1011 Mariage
1188 970 1231 998 se
1272 956 1379 996 vend
1416 967 1471 995 au
1515 954 1604 1004 prix
1651 953 1703 993 de

568 1016 616 1057 10
636 1014 844 1054 centimes
876 1013 982 1054 dans
1015 1018 1107 1052 tous
1138 1011 1199 1051 les
1235 1011 1436 1062 kiosques
1455 1008 1506 1047 de
1531 1008 1568 1047 la
1590 1007 1702 1047 Ville

563 1076 604 1109 et
624 1070 647 1107 à
670 1069 710 1107 la
731 1068 960 1116 Direction,
986 1067 1023 1116 6,
1047 1066 1072 1104 B
1074 1065 1088 1086 ,J
1110 1067 1162 1105 de
1183 1064 1224 1104 la
1247 1062 1520 1114 Magdeleine.

615 1151 727 1192 Dans
766 1151 826 1191 les
866 1150 1094 1202 prochains
1130 1148 1349 1197 numéros,
1372 1157 1482 1186 nous
1508 1147 1699 1186 réserve¬

560 1218 660 1246 rons
680 1216 740 1245 un
760 1204 862 1244 tiers
881 1203 931 1243 de
954 1214 1059 1254 page
1090 1214 1197 1254 pour
1227 1201 1288 1240 les
1319 1199 1702 1240 annonces-récla¬

564 1271 667 1308 mes,
692 1258 800 1297 mais
823 1269 931 1298 nous
952 1258 1271 1306 n’accepterons
1296 1260 1338 1294 et
1367 1252 1696 1293 recommande¬

562 1324 659 1353 rons
678 1324 762 1363 que
783 1311 914 1351 celles
944 1310 1020 1362 qui
1052 1312 1302 1348 émaneront
1330 1307 1403 1347 des
1438 1306 1627 1346 maisons
1648 1306 1698 1345 de

562 1366 799 1407 confiance.
855 1399 867 1410 ,

616 1481 753 1520 Noire
776 1479 909 1534 Office
929 1491 955 1518 a
967 1478 1071 1530 pria
1083 1491 1204 1530 pour
1223 1476 1373 1515 devise
1395 1489 1408 1514 :
1431 1475 1476 1513 la
1498 1472 1696 1512 Probité.

560 1536 652 1575 Nos
672 1534 830 1573 clients
850 1535 1044 1585 peuvent
1082 1535 1172 1571 être
1199 1530 1446 1582 persuadés
1487 1528 1699 1566 d’avance

559 1602 640 1642 que
660 1600 769 1626 nous
790 1600 842 1626 ne
862 1599 1048 1625 sommes
1063 1599 1147 1636 pas
1168 1584 1244 1623 des
1264 1583 1494 1623 brasseurs
1516 1580 1698 1634 d’affai¬

559 1655 642 1685 res,
666 1655 726 1681 au
747 1640 898 1693 risque
919 1639 972 1678 de
992 1639 1114 1691 faire
1135 1638 1211 1676 des
1230 1636 1524 1676 malheureux
1544 1648 1560 1682 ;
1600 1638 1698 1672 tous

558 1708 635 1735 nos
677 1695 826 1747 efforts
870 1693 1078 1733 tendront
1127 1691 1335 1743 toujours
1379 1703 1403 1728 ci
1451 1687 1572 1740 faire
1621 1688 1698 1727 des

558 1749 772 1798 heureux,
798 1751 934 1788 même
968 1760 1027 1786 au
1064 1745 1303 1784 détriment
1323 1744 1378 1782 de
1407 1755 1482 1781 nos
1506 1754 1698 1794 propres

558 1803 752 1842 intérêts.
803 1801 961 1840 Toutes
999 1812 1076 1838 nos
1112 1798 1294 1852 affaires
1331 1799 1477 1836 seront
1516 1795 1698 1834 traitées

556 1869 660 1896 avec
682 1856 726 1895 la
738 1856 849 1909 plus
864 1854 1038 1906 grande
1054 1852 1309 1892 délicatesse
1324 1854 1364 1890 et
1382 1851 1420 1890 le
1427 1850 1535 1902 plus
1547 1847 1696 1900 grand

558 1908 986 1949 désintéressement.

600 2131 743 2194 Avis
782 2130 815 2191 à
855 2144 952 2191 nos
999 2128 1198 2190 clients
1238 2126 1298 2187 de
1343 2123 1658 2187 l’extérieur

612 2302 670 2341 La
708 2301 920 2340 Direction
962 2300 1114 2339 envoie
1151 2298 1314 2346 franco,
1336 2307 1436 2336 sous
1466 2294 1699 2344 enveloppe

560 2355 775 2405 cachetée,
811 2365 908 2395 sans
946 2364 1090 2392 aucun
1130 2351 1251 2401 signe
1291 2349 1518 2396 extérieur,
1553 2354 1699 2387 contre

555 2411 611 2448 ■00
632 2420 668 2450 c.
706 2420 759 2448 en
798 2407 1130 2458 timbres-poste,
1170 2415 1225 2443 un
1269 2414 1539 2455 programme
1579 2400 1699 2439 indi¬

559 2467 695 2514 quant
718 2462 775 2502 les
795 2460 1039 2502 conditions
1070 2459 1120 2498 de
1162 2457 1315 2496 l’Office
1338 2463 1377 2496 et
1397 2466 1456 2496 un
1478 2454 1698 2506 question¬

561 2515 678 2556 naire
699 2516 804 2555 écrit
834 2514 992 2566 auquel
1033 2514 1212 2552 devront
1251 2510 1459 2560 répondre
1504 2508 1563 2547 les
1607 2520 1699 2559 per¬

559 2581 714 2609 sonnes
732 2568 810 2620 qui
832 2568 1083 2607 s'adressent
1104 2568 1128 2604 h
1152 2576 1259 2604 nous
1280 2570 1320 2603 et
1340 2563 1419 2615 qui
1444 2562 1620 2602 veulent
1655 2572 1698 2600 se

559 2622 734 2663 marier.

614 2676 691 2716 Les
712 2686 942 2727 personnes
960 2674 1038 2724 qui
1060 2684 1111 2712 ne
1132 2675 1227 2712 sont
1250 2682 1322 2720 pas
1352 2670 1580 2718 abonnées,
1604 2671 1698 2707 sont

559 2730 698 2782 priées
718 2729 769 2768 de
789 2727 958 2779 joindre
981 2730 1006 2766 à
1027 2726 1121 2766 leur
1146 2725 1266 2764 lettre
1290 2735 1347 2763 un
1391 2723 1697 2772 timbre-poste

560 2795 668 2834 pour
690 2783 730 2822 la
749 2786 943 2832 réponse,
966 2780 1050 2819 afin
1074 2776 1289 2818 d’obtenir
1327 2776 1388 2815 les
1429 2782 1572 2815 autres
1595 2787 1695 2814 ren¬

559 2836 848 2888 seignements
867 2834 999 2887 qu’ils
1020 2840 1208 2883 peuvent
1230 2831 1407 2870 désirer.

614 2891 690 2930 Les
712 2899 940 2940 personnes
959 2887 1206 2936 étrangères
1242 2886 1264 2923 à
1306 2883 1346 2923 la
1386 2882 1486 2922 ville
1524 2882 1602 2934 qui
1645 2892 1698 2921 ne

563 2943 814 2983 voudraient
835 2954 908 2992 pas
928 2940 1035 2979 faire
1060 2951 1116 2979 un
1142 2948 1303 2989 voyage
1321 2938 1344 2976 à
1363 2935 1575 2976 Marseille
1594 2946 1699 2986 pour

560 3003 702 3036 entrer
739 3008 788 3035 en
827 2995 1031 3035 relations
1066 3003 1167 3032 avec
1211 2991 1248 3030 la
1278 3000 1494 3040 pevsonne
1532 2988 1696 3028 choisie

559 3051 667 3090 dans
687 3050 747 3090 les
766 3048 970 3089 colonnes
989 3046 1045 3086 du
1065 3046 1174 3085 Lien
1194 3044 1247 3084 du
1265 3044 1453 3096 Mariage
1459 3075 1469 3091 ,
1487 3043 1699 3082 voudront

563 3105 663 3144 bien
703 3114 811 3142 nous
848 3102 1040 3141 adresser
1073 3100 1167 3139 leur
1203 3096 1542 3148 photographie;
1590 3106 1700 3135 nous

562 3156 656 3198 leur
678 3155 958 3208 indiquerons
977 3166 1054 3204 par
1075 3152 1179 3194 écrit
1204 3151 1240 3191 le
1263 3162 1423 3202 moyen
1438 3149 1624 3188 d’entrer
1646 3159 1699 3188 en

563 3210 767 3251 relations
784 3220 886 3248 avec
910 3208 948 3246 la
970 3216 1179 3258 personne
1200 3204 1366 3244 choisie
1382 3215 1436 3243 ou
1460 3214 1560 3242 avec
1583 3208 1650 3241 tou
1662 3208 1699 3241 te

563 3270 683 3304 autre
704 3273 910 3312 personne
932 3260 983 3299 de
1004 3271 1080 3299 nos
1103 3259 1338 3299 nombreux
1360 3256 1563 3303 abonnés,
1597 3255 1699 3295 dont

564 3316 700 3368 grand
720 3316 899 3356 nombre
919 3326 975 3354 ne
993 3314 1183 3364 figurent
1202 3323 1276 3363 pas
1295 3311 1402 3350 dans
1425 3309 1462 3349 le
1482 3308 1667 3361 journal.

633 3539 907 3612 AUX
981 3533 1635 3609 FAMILLES

619 3717 735 3759 Nous
755 3727 807 3755 ne
828 3715 1022 3755 donnons
1042 3723 1211 3753 aucune
1234 3712 1344 3751 suite
1366 3722 1448 3751 aux
1468 3709 1702 3750 demandes

563 3771 638 3811 des
659 3780 887 3820 personnes
907 3767 1141 3816 divorcées,
1164 3765 1200 3806 si
1224 3764 1262 3804 le
1282 3763 1506 3815 jugement
1528 3763 1598 3802 n’a
1628 3774 1700 3812 pas

564 3824 631 3866 été
651 3823 863 3874 prononcé
883 3820 1158 3862 absolument
1182 3830 1235 3858 en
1256 3818 1351 3858 leur
1368 3817 1535 3857 faveur.

619 3895 736 3936 Nous
773 3907 826 3934 ne
862 3904 971 3934 nous
1008 3900 1223 3942 occupons
1255 3902 1339 3942 que
1370 3888 1443 3929 des
1472 3898 1703 3939 personnes

567 3947 823 3990 nonorables
843 3952 882 3987 et
903 3946 934 3984 il
956 3951 1019 3986 est
1044 3943 1199 3984 inutile
1225 3943 1276 3982 de
1298 3955 1340 3983 se
1362 3943 1578 3994 présenter
1599 3940 1699 3981 chez

566 4014 675 4044 nous
695 4014 750 4042 ou
771 4002 823 4042 de
847 4011 956 4041 nous
976 3999 1082 4039 faire
1103 3995 1276 4050 appeler
1296 3998 1320 4036 à
1343 3994 1546 4036 domicile
1576 3994 1612 4035 si
1647 4006 1700 4035 on

566 4068 618 4096 ne
638 4055 791 4096 réalise
815 4066 886 4106 pas
906 4058 1014 4094 cette
1035 4051 1271 4092 condition.

620 4127 699 4168 Les
735 4135 967 4178 personnes
998 4123 1076 4175 qui
1109 4122 1363 4163 s’adressent
1391 4122 1415 4160 à
1451 4120 1492 4159 la
1532 4119 1699 4159 maison

567 4186 662 4222 sont
676 4180 815 4232 priées
829 4179 880 4219 de
894 4178 1060 4230 joindre
1080 4188 1136 4216 un
1152 4176 1307 4215 timbre
1321 4187 1432 4226 pour
1448 4173 1487 4213 la
1502 4175 1678 4224 réponse
1692 4186 1700 4222 ;

567 4239 683 4276 toute
706 4232 826 4274 lettre
848 4243 934 4272 non
954 4230 1190 4271 affranchie
1212 4234 1272 4268 est
1294 4227 1486 4268 refusée.*

623 4306 683 4347 On
722 4310 782 4344 est
820 4302 913 4354 prié
946 4302 998 4340 de
1028 4300 1196 4351 joindre
1230 4304 1378 4339 autant
1407 4310 1491 4351 que
1521 4296 1703 4348 possible

571 4370 654 4399 une
675 4354 986 4409 photographie
1007 4360 1047 4394 et
1063 4354 1115 4394 de
1136 4354 1298 4394 donner
1317 4352 1528 4404 quelques
1550 4350 1705 4391 détails

569 4424 644 4454 sur
683 4411 723 4451 la
756 4408 960 4451 situation
993 4407 1044 4448 de
1079 4407 1251 4448 fortune
1282 4407 1333 4446 de
1369 4406 1408 4446 la
1445 4416 1652 4456 personne
1681 4405 1705 4443 à

572 4465 742 4506 marier.

626 4544 736 4583 Pour
756 4552 866 4582 nous
884 4539 1018 4582 éviter
1039 4539 1112 4579 des
1142 4536 1410 4587 recherches,
1436 4535 1496 4576 les
1528 4547 1704 4587 person¬

572 4608 647 4638 nes
684 4596 762 4648 qui
795 4595 934 4636 feront
971 4606 1026 4632 un
1060 4592 1187 4632 choix
1207 4591 1312 4631 dans
1335 4590 1394 4631 les
1423 4590 1626 4631 colonnes
1646 4589 1704 4629 du

574 4652 681 4691 Lien
711 4648 764 4688 du
794 4647 983 4699 Mariage
988 4679 999 4695 ,
1022 4646 1139 4686 n’ont
1159 4645 1260 4698 qu’à
1291 4655 1400 4684 nous
1432 4643 1626 4695 rappeler
1666 4643 1706 4683 le

574 4704 755 4745 numéro
775 4702 851 4754 qui
875 4700 1048 4752 précède
1073 4700 1111 4739 la
1133 4696 1411 4751 proposition.

626 4768 739 4810 Tous
776 4767 836 4807 les
878 4766 1240 4816 renseignements
1280 4764 1443 4804 donnés
1483 4774 1556 4814 par
1600 4771 1708 4801 nous

572 4828 667 4864 sont
688 4822 882 4872 gratuits.

627 4899 682 4940 La
718 4896 1078 4950 correspondance
1118 4899 1178 4936 est
1215 4895 1406 4935 adressée
1439 4904 1539 4933 sous
1579 4904 1708 4932 enve¬

573 4952 698 5006 loppe
717 4952 947 5001 ordinaire,
971 4962 1068 4991 sans
1103 4960 1273 4991 aucune
1305 4948 1560 4998 inscription
1595 4948 1708 4987 exté¬

572 5008 714 5048 rieure
735 5011 855 5046 autre
875 5016 959 5057 que
982 5004 1179 5043 l’adresse
1200 5002 1252 5042 de
1272 5003 1312 5042 la
1338 5012 1559 5052 personne.

628 5078 702 5119 Les
735 5077 924 5118 abonnés
954 5075 1068 5115 seuls
1099 5078 1172 5114 ont
1203 5072 1312 5114 droit
1334 5074 1358 5112 à
1388 5083 1471 5112 une
1503 5071 1706 5111 insertion

573 5132 624 5172 de
654 5131 753 5182 cinq
787 5131 936 5180 lignes,
959 5128 1090 5181 qu’ils
1123 5126 1363 5176 rédigeront
1383 5128 1406 5166 à
1433 5125 1526 5165 leur
1556 5136 1710 5164 conve¬

573 5197 726 5226 nance.

628 5258 704 5296 Les
726 5255 1055 5307 photographies
1074 5260 1114 5293 et
1137 5259 1279 5292 autres
1314 5252 1454 5302 pièces
1482 5251 1667 5290 confiées
1687 5250 1710 5289 à

575 5311 615 5351 la
638 5310 795 5351 Maison
816 5314 911 5350 sont
932 5307 1116 5348 rendues
1150 5318 1231 5347 aux
1267 5304 1494 5347 intéressés
1522 5304 1642 5355 après
1668 5303 1708 5342 la

574 5363 835 5406 célébration
857 5363 914 5403 du
937 5360 1142 5411 mariage.

627 5442 704 5482 Les
727 5451 952 5492 personnes
971 5439 1048 5491 qui
1069 5443 1163 5479 sont
1184 5436 1413 5478 satisfaites
1434 5435 1484 5476 de
1514 5448 1587 5475 nos
1614 5447 1708 5475 ser¬

578 5496 690 5536 vices
711 5495 920 5535 voudront
940 5492 1040 5534 bien
1055 5491 1391 5543 communiquer
1412 5495 1528 5529 notre
1543 5490 1711 5529 adresse

575 5551 599 5590 à
620 5550 735 5589 leurs
755 5548 879 5598 amis,
903 5551 1160 5599 promettant
1180 5545 1231 5584 de
1255 5544 1431 5596 remplir
1460 5542 1500 5584 le
1537 5542 1712 5583 mandat

575 5602 683 5655 qu’il
732 5612 842 5642 nous
888 5599 1147 5650 donneront,
1198 5610 1252 5638 au
1299 5598 1447 5639 mieux
1495 5596 1547 5636 de
1599 5596 1712 5638 leurs

577 5658 769 5697 intérêts.

630 5732 799 5774 Ouvert
835 5735 935 5771 tous
971 5728 1031 5771 les
1053 5730 1188 5783 jours
1219 5728 1275 5767 de
1305 5730 1336 5767 2
1359 5730 1387 5767 à
1409 5729 1436 5767 8
1458 5726 1616 5767 heures
1648 5727 1712 5767 du

572 5788 668 5827 soir
673 5800 683 5838 ,
704 5790 746 5827 et
768 5788 830 5826 les
849 5783 1108 5826 dimanches
1118 5782 1307 5836 jusqu’à
1331 5780 1448 5822 midi

614 5963 1053 6041 FORMALITÉS
1100 5968 1277 6037 POUR
1324 5967 1675 6036 MARIAGES

630 6150 706 6190 Les
754 6148 1040 6200 publications
1079 6148 1130 6187 de
1171 6145 1362 6195 mariage
1408 6144 1582 6186 doivent
1628 6144 1714 6184 être

576 6205 702 6244 faites
722 6204 746 6243 à
768 6206 808 6243 la
827 6202 973 6244 Mairie
992 6202 1102 6242 deux
1134 6199 1388 6240 dimanches
1409 6199 1459 6239 de
1480 6199 1591 6239 suite
1615 6203 1655 6238 et
1676 6198 1714 6238 le

577 6258 767 6307 mariage
807 6270 859 6298 ne
901 6262 1000 6307 peut
1039 6255 1161 6295 avoir
1197 6253 1283 6294 lieu
1324 6265 1409 6304 que
1447 6264 1549 6292 onze
1595 6251 1718 6302 jours

578 6312 721 6352 francs
740 6312 861 6362 après
885 6310 923 6351 la
947 6311 1154 6360 première
1176 6305 1463 6358 publication-,

1831 784 1871 823 Si
1898 783 1932 823 le
1955 783 2160 823 domicile
2182 783 2287 822 n’est
2309 794 2380 831 pas
2415 779 2547 822 établi
2583 791 2658 831 par
2696 779 2759 819 six
2799 778 2908 818 mois

1775 836 1826 876 de
1848 837 2081 885 résidence,
2099 838 2159 878 les
2180 835 2468 887 publications
2486 834 2663 874 devront
2678 834 2764 872 être
2784 831 2909 871 faites

1775 892 1799 930 à
1838 891 1878 930 la
1916 890 2217 940 municipalité
2255 888 2314 927 du
2354 888 2523 928 dernier
2555 885 2759 926 domicile
2784 891 2824 924 et
2854 896 2905 924 en

1776 951 1896 983 outre
1934 955 1987 983 au
2026 943 2230 983 domicile
2262 942 2313 980 de
2347 954 2452 982 ceux
2480 952 2579 980 sous
2612 939 2652 979 la
2684 938 2907 990 puissance

1775 998 1972 1049 desquels
1991 1009 2034 1036 se
2075 1002 2270 1036 trouvent
2308 995 2366 1035 les
2398 994 2552 1046 parties
2580 998 2904 1033 contractantes.

1828 1086 1971 1127 Pièces
1991 1087 2014 1124 à
2036 1086 2235 1136 produire
2256 1086 2280 1123 à
2299 1083 2339 1122 la
2362 1083 2506 1123 Mairie
2523 1095 2531 1122 :

1832 1175 1865 1212 1°
1896 1175 2031 1214 L’acte
2052 1174 2102 1214 de
2120 1172 2340 1213 naissance
2357 1172 2430 1211 des
2444 1172 2555 1211 deux
2570 1170 2714 1210 futurs
2727 1169 2907 1208 dûment

1777 1227 1974 1278 légalises
1997 1240 2006 1275 ;

1826 1294 1864 1332 2°
1886 1294 1940 1333 Le
1960 1297 2279 1333 consentement
2302 1291 2462 1331 notarié
2482 1290 2555 1330 des
2571 1290 2690 1340 pères
2710 1294 2750 1328 et
2771 1287 2908 1326 mères

1772 1346 1850 1398 qui
1891 1360 1940 1386 ne
1982 1352 2166 1398 peuvent
2208 1346 2243 1384 le
2276 1346 2440 1384 donner
2478 1343 2767 1382 verbalement
2803 1343 2827 1379 à
2870 1340 2908 1378 la

1774 1399 1918 1440 Mairie
1939 1411 1994 1439 au
2016 1406 2207 1439 moment
2228 1399 2279 1438 de
2302 1399 2422 1438 l’acte
2443 1398 2500 1436 du
2524 1395 2712 1446 mariage
2735 1408 2744 1444 ;

1826 1466 1863 1504 3°
1893 1466 1936 1506 Si
1956 1464 1996 1504 le
2018 1467 2115 1515 père
2135 1468 2176 1504 et
2199 1464 2238 1504 la
2259 1466 2376 1503 mère
2395 1467 2491 1503 sont
2519 1461 2714 1510 décédés,
2737 1471 2790 1499 ou
2818 1458 2907 1498 l’un

1772 1518 1911 1567 d’eux,
1936 1518 1967 1557 il
1987 1519 2079 1558 faut
2100 1517 2267 1558 fournir
2287 1517 2380 1556 leur
2400 1523 2492 1556 acte
2508 1515 2559 1554 de
2580 1515 2704 1555 décès
2724 1515 2907 1553 dûment

1772 1571 1950 1622 légalisé
1974 1585 1983 1621 ;

1826 1631 1863 1670 4°
1894 1632 2003 1671 Dans
2022 1631 2060 1671 le
2081 1643 2151 1671 cas
2171 1631 2222 1671 de
2243 1631 2366 1671 décès
2386 1630 2458 1670 des
2491 1630 2586 1679 père
2616 1633 2656 1667 et
2686 1628 2815 1674 mère,
2839 1626 2905 1664 s’il

1771 1684 1900 1724 existe
1943 1696 1999 1724 un
2039 1684 2293 1735 grand-père
2325 1695 2378 1722 ou
2422 1695 2503 1723 une
2531 1680 2816 1731 grand’mère,
2850 1691 2905 1718 ou

1770 1738 1927 1778 arrière
1966 1738 2224 1788 grand-père
2259 1743 2298 1776 et
2327 1736 2484 1776 arrière
2503 1734 2787 1785 grand’mère,
2813 1732 2908 1771 leur

1771 1797 2092 1831 consentement
2115 1798 2174 1831 est
2195 1790 2447 1831 nécessaire.

1827 1844 1934 1884 Pour
1968 1857 2026 1883 un
2059 1844 2234 1884 mineur
2256 1858 2264 1883 :

1832 1916 1862 1954 1°
1900 1916 1932 1955 Il
1974 1915 2066 1955 faut
2107 1916 2146 1955 la
2184 1916 2380 1967 présence
2416 1927 2471 1954 ou
2511 1913 2546 1953 le
2582 1916 2907 1953 consentement

1774 1970 1936 2010 notarié
1962 1970 2020 2008 du
2040 1975 2186 2010 tuteur
2205 1983 2215 2019 ;

1825 2028 1863 2067 2°
1895 2028 1982 2067 Une
2018 2028 2299 2068 délibération
2342 2028 2396 2067 du
2443 2026 2607 2067 Conseil
2647 2026 2697 2064 de
2739 2024 2907 2064 famille

1774 2081 1964 2134 lorsqu’il
1996 2082 2118 2131 s’agit
2151 2082 2253 2122 d’un
2287 2079 2484 2132 orphelin
2506 2080 2556 2119 de
2580 2080 2677 2130 père
2699 2084 2739 2118 et
2759 2090 2844 2129 que
2870 2079 2905 2118 la

1772 2136 1887 2175 mère
1906 2147 1962 2175 ou
1986 2134 2158 2175 l’aïeule
2179 2139 2273 2175 sont
2296 2135 2471 2174 tutrices
2495 2147 2504 2182 ;

1825 2188 1935 2228 Dans
1958 2200 2100 2228 aucun
2122 2200 2206 2238 cas,
2232 2199 2291 2227 un
2312 2187 2486 2228 mineur
2507 2198 2559 2226 ne
2582 2191 2682 2236 peut
2711 2187 2907 2225 contrac¬

1774 2248 1833 2282 ter
1854 2242 2043 2293 mariage
2064 2254 2162 2282 sans
2186 2242 2221 2281 le
2243 2244 2562 2281 consentement
2583 2240 2634 2278 de
2654 2250 2719 2279 ses
2742 2243 2909 2289 parents

1772 2307 1823 2334 ou
1851 2300 2030 2337 tuteurs.

1826 2350 1863 2387 5°
1894 2350 1971 2390 Les
1994 2348 2114 2388 veufs
2135 2348 2306 2387 doivent
2329 2348 2526 2399 produire
2551 2346 2671 2386 l’acte
2702 2346 2752 2384 de
2783 2344 2907 2384 décès

1775 2402 1950 2451 légalisé
1970 2402 2020 2441 de
2044 2402 2135 2442 leur
2156 2402 2347 2454 conjoint
2370 2401 2526 2442 décédé
2552 2412 2560 2449 ;

1826 2462 1863 2500 6°
1894 2462 1956 2502 Un
1994 2462 2199 2502 certificat
2237 2461 2287 2500 de
2328 2460 2350 2499 6
2391 2460 2500 2500 mois
2539 2459 2590 2498 de
2630 2458 2846 2499 résidence
2883 2458 2907 2496 à

1773 2515 1997 2566 Marseille,
2019 2514 2182 2555 délivré
2203 2526 2276 2566 par
2296 2514 2333 2554 le
2354 2512 2651 2554 commissaire
2677 2512 2728 2551 de
2754 2510 2904 2563 police,

1772 2580 1880 2618 pour
1900 2568 1960 2608 les
1981 2580 2210 2619 personnes
2228 2567 2306 2619 qui
2328 2568 2400 2619 n'y
2422 2572 2515 2607 sont
2537 2578 2608 2615 pas
2631 2567 2730 2604 nées
2751 2578 2760 2614 ;

1824 2628 1862 2667 7°
1883 2628 1943 2668 On
1963 2628 2051 2667 doit
2071 2627 2255 2679 justifier
2275 2627 2324 2666 de
2344 2639 2390 2667 sa
2411 2626 2639 2667 libération
2660 2624 2719 2663 du
2740 2623 2904 2664 service

1772 2682 1994 2728 militaire,
2016 2682 2096 2722 soit
2119 2694 2191 2732 par
2210 2692 2286 2721 son
2307 2680 2455 2730 congé,
2478 2679 2559 2719 soit
2583 2691 2655 2729 par
2687 2690 2744 2718 un
2776 2678 2906 2716 certi¬

1772 2735 1871 2775 ficat
1891 2735 1942 2775 de
1963 2734 2191 2775 libération
2216 2748 2226 2785 ;

1824 2795 1862 2834 8°
1892 2795 1952 2834 En
1971 2801 2094 2834 outre
2114 2795 2188 2835 des
2210 2795 2348 2845 pièces
2367 2793 2576 2832 énoncées
2597 2791 2826 2838 ci-dessus,
2848 2790 2911 2830 les

1772 2860 2003 2898 personnes
2022 2848 2240 2888 divorcées
2260 2847 2439 2887 devront
2462 2846 2659 2896 produire
2682 2856 2740 2884 un
2759 2843 2909 2884 extrait

1771 2903 1826 2940 du
1850 2902 2072 2952 jugement
2092 2902 2302 2954 ainsique
2322 2900 2440 2940 l’acte
2456 2900 2514 2939 du
2536 2899 2706 2939 divorce
2724 2899 2910 2939 dûment

1772 2956 2002 3005 enregistré
2024 2962 2063 2994 et
2088 2955 2280 2995 transcrit
2300 2956 2319 2993 à
2347 2955 2387 2992 la
2411 2952 2554 2992 Mairie
2578 2965 2587 3003 ;

1824 3015 1862 3054 9°
1894 3015 2075 3066 Lorsque
2117 3014 2177 3054 les
2216 3018 2383 3067 parents
2430 3012 2618 3052 refusent
2666 3011 2718 3051 de
2747 3010 2910 3050 donner

1771 3067 1867 3107 leur
1890 3073 2209 3108 consentement
2228 3079 2284 3108 au
2306 3067 2495 3115 mariage
2531 3065 2660 3104 d’une
2704 3074 2908 3114 personne

1774 3120 1979 3172 majeure,
2004 3122 2031 3159 il
2068 3127 2166 3171 peut
2207 3123 2294 3160 être
2331 3121 2450 3171 passé
2480 3125 2600 3158 outre
2622 3131 2674 3156 an
2699 3116 2906 3166 mariage,

1772 3176 1894 3226 après
1912 3175 2006 3215 leur
2023 3175 2142 3214 avoir
2163 3174 2240 3215 fait
2262 3175 2334 3214 des
2356 3179 2468 3212 actes
2490 3172 2542 3212 de
2562 3177 2724 3222 respect
2746 3170 2910 3208 variant

1772 3228 1823 3267 de
1846 3240 1902 3267 un
1925 3230 1947 3267 à
1971 3228 2070 3267 trois
2103 3235 2142 3267 et
2178 3229 2298 3268 s’être
2324 3226 2542 3266 conformé
2576 3236 2659 3264 aux
2699 3223 2908 3275 prescrip¬

1775 3280 1884 3322 tions
1904 3282 1977 3322 des
1995 3287 2072 3322 art.
2102 3280 2172 3320 144
2195 3286 2234 3321 et
2260 3280 2330 3319 154
2352 3280 2407 3319 du
2432 3278 2534 3319 code
2555 3278 2658 3318 civil
2685 3290 2694 3327 ;

1831 3336 1891 3374 10°
1919 3336 2031 3375 Pour
2052 3335 2091 3374 la
2110 3334 2308 3386 question
2326 3334 2400 3374 des
2419 3331 2685 3373 cérémonies
2706 3329 2908 3380 religieu¬

1772 3400 1851 3439 ses,
1874 3388 2096 3428 s’adresser
2116 3388 2287 3428 suivant
2318 3387 2356 3427 le
2387 3386 2502 3426 culte
2523 3386 2546 3424 à
2569 3384 2608 3424 la
2630 3384 2830 3435 paroisse,
2851 3394 2906 3423 au

1772 3442 2019 3483 consistoire
2040 3446 2271 3494 protestant
2291 3454 2347 3480 ou
2368 3452 2422 3480 au
2446 3439 2559 3480 culte
2581 3438 2783 3478 Israélite.

1826 3520 1997 3560 L’Office
2015 3519 2254 3569 Mondonet,
2272 3519 2310 3569 6,
2328 3519 2356 3558 B
2358 3518 2374 3538 J
2384 3518 2435 3558 de
2451 3516 2488 3557 la
2507 3515 2782 3567 Magdeleine,
2807 3519 2908 3564 peut

1771 3584 1815 3614 se
1847 3574 2023 3624 charger
2059 3574 2108 3612 de
2143 3578 2279 3612 toutes
2315 3572 2373 3612 les
2403 3570 2641 3611 formalités
2679 3568 2830 3610 civiles
2869 3574 2909 3607 et

1775 3627 2023 3676 religieuses
2043 3627 2078 3666 si
2103 3627 2160 3667 les
2179 3626 2332 3667 clients
2354 3624 2417 3664 lui
2438 3623 2624 3664 confient
2644 3635 2691 3663 ce
2712 3621 2820 3662 soin.

1830 3680 1993 3721 L’office
2015 3680 2238 3720 Mondonet
2269 3691 2320 3719 ne
2351 3678 2510 3731 perçoit
2548 3676 2622 3717 des
2661 3674 2908 3716 honoraires

1771 3735 1967 3786 qu’après
1991 3733 2030 3774 la
2051 3734 2311 3774 célébration
2334 3732 2391 3771 du
2415 3731 2619 3780 mariage.

1881 3896 2431 3964 RENSEIGNEMENTS
2483 3887 2797 3962 GENERAUX

1775 4000 2122 4042 concernant
2159 3998 2235 4039 les
2268 3996 2503 4039 Veuves
2535 3995 2908 4050 pensionnées

1829 4155 1947 4194 Gand
1965 4155 2143 4195 nombre
2163 4154 2213 4192 de
2234 4153 2380 4192 dames
2399 4152 2608 4203 jouissant
2628 4152 2759 4191 d’une
2801 4163 2908 4202 pen¬

1775 4208 1868 4248 sion
1890 4208 1940 4248 de
1964 4207 2131 4248 retraite
2154 4219 2227 4256 par
2247 4206 2359 4246 suite
2379 4206 2436 4245 du
2458 4206 2582 4246 décès
2602 4206 2654 4244 de
2679 4205 2772 4244 leur
2799 4206 2908 4244 mari

1775 4267 1870 4302 sont
1907 4262 2163 4314 persuadées
2199 4258 2378 4311 qu’elles
2418 4258 2656 4310 perdraient
2690 4270 2760 4299 ces
2780 4258 2912 4299 droits

1778 4317 1800 4355 à
1819 4315 1860 4355 la
1882 4315 2050 4355 retraite
2080 4316 2115 4354 si
2150 4312 2253 4352 elles
2284 4311 2592 4352 contractaient
2626 4322 2708 4351 une
2730 4313 2910 4352 seconde

1778 4370 1927 4408 union.
1968 4368 2073 4408 G’est
2108 4379 2190 4407 une
2223 4366 2427 4418 profonde
2454 4376 2599 4406 erreur
2619 4364 2655 4404 si
2676 4376 2746 4406 ces
2766 4366 2912 4406 dames

1777 4428 1871 4463 sont
1907 4422 2188 4474 pensionnées
2224 4420 2275 4459 de
2314 4419 2435 4459 l’Etat
2459 4432 2468 4470 ;
2500 4430 2571 4460 car
2608 4423 2714 4459 cette
2734 4419 2910 4471 pension

1778 4476 1883 4516 n’est
1922 4487 1996 4527 pas
2036 4486 2119 4514 une
2159 4474 2324 4522 faveur,
2367 4474 2467 4512 c’est
2506 4484 2563 4510 un
2596 4472 2708 4512 droit
2732 4472 2915 4524 qu’elles

1780 4531 1971 4570 tiennent
1991 4540 2043 4567 en
2067 4532 2183 4567 vertu
2207 4526 2335 4567 d’une
2368 4526 2440 4567 loi.
2484 4525 2539 4565 La
2568 4523 2625 4565 loi
2646 4524 2704 4565 du
2726 4525 2914 4576 mariage

1778 4584 1894 4623 étant
1931 4580 2294 4623 essentiellement
2322 4579 2498 4630 morale,
2523 4591 2574 4618 ne
2615 4584 2714 4630 peut
2755 4579 2915 4620 édicter

1778 4638 1852 4676 des
1890 4635 2255 4688 empêchements,
2278 4634 2350 4674 des
2375 4631 2583 4674 obstacles
2615 4644 2670 4671 au
2706 4632 2912 4684 mariage,

1779 4702 1848 4730 ces
1868 4688 2218 4740 empêchements
2252 4687 2434 4727 seraient
2474 4686 2716 4727 considérés
2744 4698 2914 4727 comme

1780 4743 2023 4783 immoraux
2044 4748 2083 4782 et
2105 4754 2180 4794 par
2200 4743 2463 4791 conséquent
2484 4739 2717 4780 contraires
2735 4742 2759 4780 à
2775 4739 2814 4779 la
2839 4740 2911 4780 loi.

1782 4796 1858 4836 Les
1898 4808 2054 4837 veuves
2092 4794 2411 4847 pensionnaires
2442 4794 2492 4835 de
2523 4793 2644 4834 l’Etat
2666 4806 2716 4834 ne
2739 4793 2915 4846 perdent

1781 4851 1887 4891 donc
1926 4850 2020 4891 leur
2059 4850 2235 4900 pension
2272 4847 2318 4887 ni
2347 4859 2423 4898 par
2463 4858 2522 4888 un
2562 4847 2731 4898 second,
2772 4849 2815 4886 ni
2858 4859 2915 4887 un

1783 4903 1998 4944 troisième
2020 4902 2223 4952 mariage.

1836 4958 1914 4998 Les
1934 4967 2090 4998 veuves
2111 4955 2392 5007 pensionnées
2412 4967 2486 5006 par
2510 4953 2572 4994 les
2600 4955 2918 5004 départements

1783 5016 1970 5062 peuvent
2006 5010 2147 5050 seules
2186 5007 2278 5048 voir
2314 5008 2556 5059 supprimer
2594 5014 2700 5047 cette
2740 5008 2916 5059 pension

1783 5076 1856 5116 par
1879 5075 1936 5104 un
1956 5066 2110 5104 second
2151 5062 2339 5111 mariage
2376 5063 2483 5102 dans
2515 5060 2698 5101 certains
2730 5072 2800 5101 cas
2820 5067 2860 5100 et
2880 5060 2916 5102 si

1782 5123 1889 5158 cette
1922 5118 2096 5168 pension
2134 5130 2157 5156 a
2186 5115 2253 5156 été
2282 5115 2482 5156 accordée
2503 5115 2528 5154 à
2552 5114 2645 5154 titre
2666 5115 2716 5155 de
2747 5126 2918 5155 secours

1783 5171 2050 5222 temporaire.

1838 5224 2074 5274 D’ailleurs,
2102 5223 2138 5263 le
2159 5222 2255 5264 titre
2276 5222 2326 5263 de
2349 5223 2523 5274 pension
2548 5227 2662 5273 porte
2683 5233 2734 5262 en
2756 5234 2915 5274 marge,

1783 5289 1837 5319 en
1859 5283 1996 5319 toutes
2019 5277 2174 5326 lettres,
2202 5287 2270 5316 ces
2290 5278 2490 5316 réserves.

1787 5459 2164 5563 OFFRES
2247 5461 2356 5561 DE
2435 5456 2916 5560 MARIAGES

1959 5652 2380 5698 DEMOISELLES
2418 5655 2484 5698 ET
2516 5654 2748 5697 VEUVES

1839 5798 1931 5840 435,
1956 5822 2000 5830 —
2025 5798 2295 5847 Demoiselle,
2336 5799 2386 5839 26
2419 5811 2510 5847 ans,
2547 5798 2644 5838 bien
2668 5799 2826 5847 élevée,
2852 5796 2920 5838 fa¬

1786 5852 1907 5892 mille
1947 5854 2028 5895 très
2068 5851 2315 5901 honorable,
2355 5851 2426 5891 dot
2463 5851 2611 5901 65,000
2632 5852 2704 5900 fr.,
2739 5851 2922 5902 grandes

1787 5907 2034 5958 espérances
2051 5907 2171 5956 après
2191 5917 2256 5947 ses
2276 5912 2458 5958 parents,
2482 5906 2722 5957 épouserait
2739 5906 2919 5955 notaire,

1786 5961 1937 6008 avoué,
1978 5960 2179 6011 employé
2218 5958 2275 6000 du
2315 5967 2653 6010 gouvernement
2692 5970 2792 6000 avec
2815 5959 2922 5999 bons

1787 6016 2147 6064 appointements.

1839 6090 1916 6131 435
1935 6090 2019 6131 bis.
2042 6113 2092 6119 —
2131 6090 2403 6140 Demoiselle,
2432 6092 2483 6131 20
2504 6102 2594 6136 ans,
2627 6090 2715 6131 fille
2738 6090 2918 6143 unique,

1788 6144 1888 6184 bien
1925 6144 2084 6192 élevée,
2122 6143 2239 6195 jolie,
2284 6143 2355 6183 dot
2408 6144 2576 6192 100,000
2616 6143 2688 6192 fr.,
2740 6144 2922 6194 grandes

1788 6200 2048 6248 espérances,
2100 6196 2339 6248 épouserait
2388 6197 2600 6238 Monsieur
2647 6210 2698 6236 en
2750 6203 2922 6248 rapport

1787 6250 1923 6302 d’âge,
1944 6251 2216 6291 d’éducation
2238 6255 2278 6291 et
2306 6250 2358 6290 de
2378 6251 2550 6291 fortune
2571 6263 2624 6291 ou
2647 6251 2848 6303 employé
2870 6251 2921 6291 de

1791 6304 1928 6346 l’Etat.

3035 778 3127 818 436.
3154 802 3202 807 —
3224 775 3496 822 Demoiselle,
3512 776 3563 816 22
3579 787 3671 824 ans,
3695 775 3814 827 jolie,
3838 774 3936 814 bien
3960 774 4120 821 élevée,

2982 832 3052 871 dot
3075 832 3195 879 5,000
3217 832 3270 872 fr.
3311 831 3362 870 de
3400 836 3551 878 rentes,
3576 830 3818 880 épouserait
3839 827 4052 868 Monsieur
4070 838 4122 868 en

2980 891 3150 936 rapport
3172 886 3291 938 d’âge
3316 890 3355 923 et
3378 884 3428 924 de
3451 884 3642 923 fortune.

3035 980 3126 1020 441.
3147 1004 3195 1010 —
3212 979 3480 1028 Demoiselle,
3498 980 3546 1020 34
3563 991 3655 1028 ans,
3674 979 3843 1018 fortune
3859 978 4035 1026 900,000
4055 978 4126 1024 fr.,

2983 1035 3223 1087 épouserait
3248 1034 3462 1074 Monsieur
3488 1045 3540 1072 en
3566 1040 3735 1084 rapport
3759 1032 3896 1082 d’âge,
3919 1038 4051 1083 ayant
4074 1030 4127 1070 de

2982 1090 3004 1128 2
3026 1090 3050 1127 à
3072 1087 3246 1136 300,000
3267 1088 3303 1127 fr
3328 1118 3337 1134 ,
3376 1086 3603 1126 donnerait
3626 1087 3664 1124 la
3688 1087 3931 1136 préférence
3954 1087 3978 1124 à
4000 1086 4122 1124 Mon¬

2981 1143 3098 1182 sieur
3115 1147 3247 1192 ayant
3271 1151 3327 1180 un
3351 1140 3446 1179 titre
3471 1138 3734 1180 nobilliaire.

3040 1235 3127 1275 442.
3159 1259 3200 1266 —
3234 1236 3388 1283 Veuve,
3431 1247 3527 1275 sans
3567 1234 3750 1280 enfants,
3792 1235 3840 1275 40
3882 1246 3971 1283 ans,
4012 1233 4123 1274 belle

2983 1300 3204 1340 personne,
3238 1290 3407 1329 fortune
3437 1287 3584 1338 50,000
3619 1288 3686 1337 fr.,
3730 1290 3971 1339 épouserait
4002 1288 4122 1326 Mon¬

2980 1343 3098 1383 sieur
3118 1355 3168 1382 en
3194 1347 3358 1392 rapport
3380 1342 3499 1391 d’âge
3522 1346 3562 1381 et
3584 1341 3760 1380 d’avoir.

3035 1431 3126 1472 443.
3150 1455 3200 1460 —
3241 1431 3509 1480 Demoiselle,
3544 1431 3592 1471 22
3627 1442 3719 1477 ans,
3749 1430 3859 1470 belle
3895 1443 4121 1482 personne,

2982 1486 3052 1526 dot
3071 1486 3247 1536 200,000
3270 1486 3338 1534 fr.,
3360 1484 3600 1536 épouserait
3622 1484 3785 1524 notaire
3808 1495 3860 1523 ou
3886 1488 4039 1524 avoué.

3035 1587 3126 1627 444.
3162 1611 3196 1616 —
3222 1587 3491 1635 Demoiselle,
3516 1587 3556 1627 21
3583 1599 3675 1636 ans,
3703 1588 3771 1626 dot
3819 1587 3959 1633 12,000
3982 1587 4033 1627 fr.
4070 1587 4120 1626 de

2983 1646 3134 1690 rentes,
3167 1640 3406 1692 épouserait
3431 1641 3642 1680 Monsieur
3663 1651 3715 1679 en
3737 1644 3908 1691 rapport
3936 1640 4056 1690 d’âge
4082 1645 4122 1678 et

2981 1695 3032 1735 de
3055 1694 3242 1736 fortune.

3034 1778 3126 1819 459.
3150 1802 3199 1808 —
3223 1778 3491 1827 Demoiselle,
3512 1778 3563 1818 26
3584 1790 3675 1827 ans,
3695 1778 3815 1828 jolie,
3835 1777 3933 1816 bien
3955 1776 4117 1825 élevée,

2982 1832 3128 1878 20.000
3151 1832 3202 1872 fr,
3243 1833 3295 1872 de
3335 1832 3406 1870 dot
3435 1836 3475 1871 et
3507 1834 3771 1882 espérances,
3795 1830 4034 1880 épouserait
4058 1842 4116 1868 un

2982 1892 3271 1938 commerçant
3294 1884 3393 1924 bien
3415 1884 3562 1924 établi.

3034 1978 3127 2019 465.
3154 2002 3198 2011 —
3222 1979 3380 2028 Veuve,
3413 1982 3515 2028 âgée
3554 1978 3606 2018 de
3644 1978 3696 2018 38
3733 1991 3824 2029 ans,
3864 1978 3979 2018 belle
4022 1990 4116 2028 per¬

2981 2043 3127 2083 sonne,
3149 2032 3248 2072 bien
3290 2031 3448 2080 élevée,
3477 2032 3649 2072 fortune
3671 2034 3862 2083 présente
3891 2032 4039 2082 30,000
4063 2032 4114 2071 fr.

2982 2091 3022 2127 et
3042 2087 3304 2136 espérances,
3327 2086 3568 2136 épouserait
3602 2084 3815 2126 Monsieur
3854 2096 3906 2123 en
3947 2091 4118 2136 rapport

2982 2139 3115 2190 d’âge,
3139 2145 3269 2191 ayant
3290 2139 3422 2190 avoir,
3446 2139 3650 2190 employé
3671 2151 3726 2179 ou
3748 2137 3920 2179 rentier.

3034 2234 3126 2275 468.
3162 2258 3210 2263 —
3251 2234 3523 2285 Demoiselle,
3544 2234 3593 2274 23
3616 2246 3707 2284 ans,
3744 2235 3842 2275 bien
3866 2234 4025 2286 élevée,
4067 2235 4118 2275 de

2984 2290 3122 2328 bonne
3137 2288 3504 2336 famille,fortune
3521 2287 3788 2339 personnelle
3807 2288 3955 2338 22,000
3976 2288 4050 2334 fr.,
4070 2289 4120 2328 de

2982 2354 3047 2383 ses
3083 2348 3250 2393 parents
3291 2342 3463 2392 100,000
3504 2342 3572 2390 fr.,
3614 2339 3856 2392 épouserait
3906 2340 4122 2380 Monsieur

2986 2396 3083 2435 bien
3104 2395 3240 2444 élevé,
3282 2400 3412 2446 ayant
3435 2396 3574 2435 bonne
3598 2395 3778 2444 position
3820 2406 3872 2434 ou
3898 2394 4119 2444 employé,

2983 2459 3034 2488 en
3059 2454 3231 2499 rapport
3251 2448 3387 2498 d’âge.

3036 2550 3128 2590 469.
3155 2574 3200 2579 —
3244 2548 3513 2598 Demoiselle,
3536 2548 3588 2587 28
3608 2560 3700 2598 ans,
3727 2550 3809 2588 très
3833 2548 3932 2587 bien
3956 2548 4116 2598 élevée,

2985 2604 3154 2644 fortune
3193 2603 3342 2652 90,000
3391 2604 3460 2651 fr.,
3506 2600 3750 2655 épouserait
3804 2607 4115 2655 commerçant,

2983 2662 3115 2710 ayant
3140 2656 3247 2696 belle
3270 2655 3475 2697 situation
3508 2668 3564 2696 ou
3604 2656 3806 2708 employé
3827 2656 3878 2695 de
3902 2656 4039 2707 l’Etat,
4064 2667 4116 2696 en

2984 2716 3154 2762 rapport
3175 2711 3310 2760 d’âge.

3036 2799 3128 2840 475.
3160 2823 3201 2827 —
3241 2799 3512 2848 Demoiselle,
3543 2798 3592 2838 27
3634 2811 3724 2847 ans,
3764 2799 4006 2852 orpheline,
4046 2800 4119 2839 dot

2984 2854 3131 2903 70.000
3167 2852 3238 2902 fr.,
3280 2853 3379 2892 bien
3423 2852 3582 2900 élevée,
3624 2851 3865 2903 épouserait
3902 2852 4119 2893 Monsieur

2984 2912 3115 2959 ayant
3136 2907 3319 2958 position
3342 2911 3383 2946 et
3403 2918 3455 2946 en
3479 2912 3647 2958 rapport
3667 2907 3786 2956 d’âge
3808 2911 3848 2946 et
3870 2906 4047 2947 d’avoir.

3036 3002 3127 3042 482.
3151 3026 3200 3031 —
3240 3003 3398 3050 Veuve,
3420 3012 3518 3042 sans
3539 3001 3723 3051 enfants,
3747 3004 3847 3051 âgée
3869 3000 3920 3040 de
3942 3000 3991 3039 47
4022 3013 4116 3050 ans,

2984 3056 3155 3095 fortune
3190 3055 3336 3106 80,000
3371 3055 3422 3095 fr.
3458 3067 3510 3094 en
3550 3055 3828 3103 immeubles,
3872 3055 4120 3106 épouserait

2986 3110 3199 3150 Monsieur
3219 3121 3270 3148 en
3292 3114 3457 3159 rapport
3479 3108 3599 3160 d’âge
3620 3114 3660 3148 et
3680 3108 3855 3148 d’avoir.

3036 3206 3128 3246 495.
3148 3228 3196 3235 —
3219 3204 3488 3252 Demoiselle,
3519 3203 3562 3243 19
3600 3215 3691 3251 ans,
3723 3203 3823 3244 bien
3863 3203 4026 3251 élevée,
4051 3204 4122 3243 dot

2983 3260 3130 3310 80.000
3149 3259 3218 3307 fr.,
3242 3259 3490 3311 espérances
3510 3259 3562 3297 de
3580 3267 3646 3296 ses
3662 3263 3831 3307 parents
3852 3258 4028 3307 300,000
4048 3259 4118 3306 fr.,

2983 3314 3224 3365 épouserait
3256 3311 3457 3363 employé
3477 3312 3528 3351 de
3554 3311 3672 3350 l’Etat
3691 3316 3824 3362 ayant
3846 3311 3958 3351 belle
3978 3312 4119 3352 situa¬

2986 3368 3087 3416 tion,
3108 3379 3161 3407 ou
3201 3366 3413 3406 Monsieur
3432 3369 3563 3416 ayant
3591 3364 3760 3414 150,000
3782 3364 3851 3413 fr.,
3873 3375 3924 3404 en
3947 3370 4118 3416 rapport

2983 3421 3116 3471 d’âge,

3035 3509 3126 3550 496.
3142 3531 3194 3538 —
3214 3507 3482 3556 Demoiselle,
3522 3508 3572 3548 25
3611 3519 3702 3558 ans,
3744 3506 3984 3559 orpheline,
4019 3508 4119 3548 bien

2982 3563 3142 3611 élevée,
3186 3563 3256 3602 dot
3300 3563 3475 3604 200.000
3527 3562 3597 3608 fr.,
3647 3561 3887 3611 épouserait
3933 3563 4118 3610 notaire,

2982 3617 3133 3665 avoué,
3158 3619 3306 3656 avocat
3341 3615 3558 3663 distingué
3595 3627 3649 3652 ou
3692 3615 3907 3663 employé,
3937 3615 4037 3652 chef
4066 3616 4119 3654 de

2982 3668 3142 3710 service
3162 3668 3290 3708 d’une
3311 3667 3654 3708 administration
3678 3666 3728 3707 de
3754 3667 3890 3707 l’Etat.

3034 3759 3126 3799 497.
3151 3782 3195 3787 —
3233 3757 3502 3803 Demoiselle,
3532 3758 3632 3808 âgée
3653 3758 3703 3795 de
3723 3756 3772 3796 28
3794 3769 3883 3805 ans,
3907 3758 4050 3807 pieuse
4075 3763 4115 3799 et

2982 3811 3231 3860 charitable,
3263 3816 3395 3863 ayant
3439 3810 3727 3859 1,100,000'fr.
3750 3810 3800 3850 de
3822 3810 3908 3859 dot,
3933 3811 4119 3860 épouse¬

2983 3867 3064 3907 rait
3095 3866 3324 3914 Monsieur,
3345 3863 3528 3911 sérieux,
3550 3862 3619 3904 bel
3646 3863 3840 3912 homme,
3863 3863 4118 3911 honorable,

2983 3920 3083 3960 bien
3103 3919 3236 3968 élevé,
3259 3924 3388 3970 ayant
3428 3930 3482 3958 au
3511 3916 3652 3957 moins
3674 3918 3848 3966 300,000
3873 3918 3926 3958 fr.
3951 3918 4000 3958 de
4023 3918 4120 3959 for¬

2986 3979 3102 4014 tune.

3035 4055 3126 4095 498.
3144 4079 3195 4083 —
3216 4052 3484 4103 Demoiselle,
3516 4054 3558 4092 21
3605 4066 3695 4103 ans,
3736 4053 3848 4094 belle
3889 4064 4116 4104 personne,

2985 4111 3083 4150 bien
3104 4108 3263 4158 élevée,
3284 4107 3355 4147 dot
3375 4108 3524 4156 80,000
3546 4108 3616 4156 fr.,
3639 4107 3880 4158 épouserait
3902 4107 4118 4147 Monsieur

2986 4175 3038 4203 en
3060 4168 3227 4212 rapport
3248 4162 3367 4211 d’âge
3388 4167 3429 4200 et
3449 4161 3627 4202 d’avoir.

3040 4245 3130 4285 499.
3152 4267 3202 4274 —
3243 4243 3510 4293 Demoiselle,
3550 4243 3596 4283 21
3623 4255 3714 4292 ans,
3736 4244 3836 4284 bien
3858 4243 4022 4292 élevée,
4046 4245 4119 4284 dot

2992 4299 3160 4346 100.000
3200 4298 3250 4338 fr.
3282 4303 3322 4337 et
3359 4296 3539 4347 grandes
3575 4298 3838 4347 espérances,
3879 4297 4122 4348 épouserait

2989 4351 3199 4392 Monsieur
3219 4352 3402 4401 élégant,
3423 4362 3474 4390 en
3496 4356 3668 4402 rapport
3689 4351 3808 4402 d’âge
3830 4356 3870 4391 et
3889 4352 4063 4391 d’avoir.

3040 4443 3116 4482 505
3156 4439 3496 4489 —Demoiselle,
3539 4440 3587 4479 23
3627 4452 3718 4488 ans,
3760 4440 3871 4480 belle
3912 4452 4120 4490 personne

2991 4501 3087 4542 bien
3108 4500 3267 4547 élevée,
3290 4499 3360 4539 dot
3379 4499 3552 4546 200,000
3566 4498 3890 4551 fr.,épouserait
3907 4499 4123 4540 Monsieur

2988 4567 3039 4596 en
3062 4560 3230 4606 rapport
3251 4555 3370 4604 d'âge
3391 4559 3431 4594 et
3448 4552 3624 4595 d’avoir.

3041 4638 3133 4679 507.
3173 4660 3221 4667 —
3264 4636 3536 4685 Demoiselle,
3582 4638 3687 4688 âgée
3724 4638 3776 4678 de
3815 4637 3864 4677 23
3915 4650 4008 4684 ans,
4048 4638 4122 4676 dot

2992 4692 3162 4742 150.000
3184 4692 3253 4742 fr.,
3295 4692 3543 4742 espérances
3580 4690 3910 4740 considérables,
3934 4691 4116 4742 épouse¬

2989 4746 3070 4785 rait
3108 4744 3420 4786 fonctionnaire
3459 4758 3514 4784 ou
3554 4743 3804 4796 dignitaire,
3858 4756 3908 4783 en
3950 4750 4121 4795 rapport

2990 4799 3124 4850 d’âge.

3042 4877 3132 4915 512.
3152 4899 3196 4906 —
3219 4875 3487 4926 Demoiselle,
3523 4875 3572 4915 27
3595 4887 3685 4924 ans,
3726 4876 3797 4915 dot
3840 4875 4014 4923 100,000
4050 4875 4122 4921 fr.,

2990 4930 3229 4983 épouserait
3251 4929 3465 4970 Monsieur
3483 4942 3536 4970 en
3558 4934 3727 4979 rapport
3763 4928 3816 4967 de
3855 4927 4027 4968 fortune
4068 4940 4123 4968 ou

2991 4983 3192 5034 employé
3214 4983 3264 5023 de
3286 4983 3423 5023 l’Etat.

3044 5074 3135 5114 514.
3154 5096 3203 5103 —
3224 5074 3370 5123 Dame,
3403 5072 3545 5123 noble,
3568 5071 3666 5114 bien
3691 5072 3932 5119 conservée,
3959 5072 4007 5112 50
4030 5083 4124 5120 ans,

2992 5139 3143 5176 veuve,
3183 5135 3315 5179 ayant
3352 5128 3474 5176 2,000
3513 5127 3564 5168 fr.
3603 5126 3654 5166 de
3694 5132 3846 5172 rentes,
3880 5126 4127 5178 épouserait

2994 5182 3206 5222 Monsieur
3244 5180 3346 5220 bien
3383 5180 3518 5229 élevé,
3541 5184 3674 5231 ayant
3711 5180 3763 5219 de
3803 5180 3852 5220 50
3894 5181 3919 5218 à
3952 5182 4003 5218 70
4033 5191 4127 5227 ans,

2992 5238 3134 5275 même
3172 5247 3272 5274 avec
3310 5233 3541 5275 infirmités
3579 5238 3619 5272 et
3662 5232 3882 5283 possédant
3920 5232 3971 5272 de
4014 5232 4064 5272 40
4107 5235 4128 5274 à

2992 5288 3139 5338 60.000
3160 5288 3213 5330 fr.
3248 5287 3299 5328 de
3335 5286 3504 5328 fortune
3544 5299 3599 5327 ou
3643 5287 3772 5337 partie
3808 5299 3859 5327 en
3896 5287 4051 5336 capital
4084 5295 4126 5328 et

2995 5342 3125 5395 partie
3147 5354 3199 5382 en
3223 5340 3398 5392 pension
3420 5340 3471 5380 de
3495 5339 3679 5380 retraite.

3046 5431 3135 5471 517.
3171 5455 3222 5460 —
3263 5430 3518 5472 Demoiselle
3555 5436 3687 5482 ayant
3727 5430 3799 5471 des
3842 5429 3957 5470 titres
3998 5431 4127 5472 nobi-

2996 5486 3132 5535 lières,
3168 5487 3268 5538 âgée
3308 5486 3359 5525 de
3398 5486 3447 5524 20
3490 5496 3581 5534 ans,
3631 5484 3870 5536 orpheline,
3910 5483 4124 5534 1,000,000

2993 5540 3046 5580 de
3078 5539 3162 5588 dot,
3204 5539 3446 5590 épouserait
3498 5538 3706 5589 marquis,
3752 5538 3835 5577 duc
3888 5550 3942 5577 ou
3983 5545 4124 5579 comte

2994 5605 3045 5634 en
3068 5599 3238 5644 rapport
3259 5592 3394 5643 d’âge,
3418 5603 3518 5632 avec
3539 5591 3671 5631 avoir.

3047 5683 3136 5723 521.
3162 5706 3211 5712 —
3242 5680 3511 5730 Demoiselle,
3551 5680 3601 5720 27
3640 5692 3731 5731 ans,
3766 5680 3939 5730 200,000
3980 5680 4031 5720 fr.
4075 5681 4127 5720 de

2994 5738 3080 5786 dot,
3138 5734 3378 5787 épouserait
3418 5735 3631 5775 Monsieur
3686 5747 3738 5775 en
3796 5740 3967 5786 rapport
4007 5733 4128 5786 d’âge

2995 5799 3036 5832 et
3056 5791 3232 5831 d’avoir.

3048 5874 3139 5914 523.
3182 5896 3231 5902 —
3267 5872 3543 5921 Demoiselle,
3596 5871 3646 5911 22
3686 5883 3782 5920 ans,
3821 5871 3910 5911 fille
3944 5872 4124 5924 unique,

2995 5929 3066 5968 dot
3090 5928 3319 5978 1,000.000,
3362 5925 3601 5978 épouserait
3634 5926 3846 5966 Monsieur
3877 5936 3928 5964 en
3962 5932 4129 5976 rapport

2995 5983 3115 6031 d’âge
3134 5986 3268 6032 ayant
3287 5981 3464 6030 400,000
3486 5980 3540 6019 fr.

3048 6066 3139 6107 52-*.
3166 6088 3212 6094 —
3243 6063 3514 6114 Demoiselle,
3554 6062 3603 6102 24
3643 6074 3732 6114 ans,
3772 6063 3842 6103 dot
3881 6063 4028 6113 50,000
4071 6064 4123 6103 fr.

2995 6119 3238 6171 épouserait
3262 6118 3478 6168 employé.

3050 6198 3208 6238 531.—
3234 6195 3503 6244 Demoiselle,
3527 6197 3575 6237 23
3614 6208 3703 6246 ans,
3742 6196 3812 6236 dot
3848 6194 4023 6243 200,000
4055 6194 4126 6245 fr.,

2995 6252 3235 6303 épouserait
3272 6251 3586 6292 fonctionnaire
3627 6250 3775 6302 public
3813 6254 3946 6300 ayant
3983 6248 4128 6290 situa¬

2999 6305 3087 6346 tion
3108 6315 3159 6344 en
3183 6308 3368 6355 rapport.
