4717 7064
4 13 10 58 !

992 1325 1644 1420 DÉLICATESSE,
1704 1328 2412 1420 HONORABILITÉ,
2470 1329 2866 1403 PROBITÉ
2922 1345 2978 1403 &
3032 1334 3584 1411 DISCRÉTION

584 1588 687 1638 lO
719 1583 963 1636 Cent,
995 1582 1038 1634 le
1064 1582 1286 1636 Numéro

1874 1583 2168 1635 OFFICE
2226 1586 2698 1636 MONDONET

3286 1591 3390 1640 ÎO
3424 1594 3670 1644 Oerrfc.
3700 1592 3744 1644 le
3772 1592 3996 1647 Numéro

551 1698 670 1730 Envoi
690 1696 806 1737 gratis
824 1696 912 1730 hors
930 1695 967 1730 la
985 1696 1080 1730 Ville
1102 1699 1137 1728 et
1158 1697 1179 1727 à
1199 1693 1359 1727 l’Etran¬

507 1750 572 1780 ger
611 1740 631 1771 à
662 1742 764 1772 toute
803 1748 988 1783 personne
1026 1739 1088 1779 qui
1134 1746 1178 1768 en
1223 1735 1288 1767 fait
1322 1734 1356 1767 la

507 1782 691 1815 demande
710 1791 776 1824 par
796 1783 903 1816 lettre
927 1779 1139 1816 affranchie,
1167 1780 1203 1808 et
1228 1778 1355 1807 franco

505 1831 594 1856 sous
615 1826 818 1868 enveloppe
838 1823 1009 1856 cachetée
1030 1823 1156 1852 contre
1180 1818 1235 1849 30
1256 1820 1353 1849 cent,

507 1875 550 1899 en
574 1868 739 1900 timbres.

1524 1672 1590 1719 6,
1623 1672 2047 1714 Boulevard
2083 1674 2176 1714 de
2219 1675 2284 1714 la
2327 1675 2786 1727 IVLacjdeleine
2828 1675 2919 1725 (au
2959 1675 2983 1714 1
2992 1682 3027 1703 er
3034 1675 3047 1727 )

2094 1758 2474 1802 MARSEILLE

1467 1835 1617 1871 Ouvert
1639 1836 1728 1870 tous
1747 1830 1800 1870 les
1812 1832 1932 1881 jours
1947 1832 1994 1871 de
2008 1834 2035 1871 2
2049 1830 2088 1871 h.
2107 1832 2131 1871 à
2148 1835 2172 1872 S
2188 1831 2224 1872 h.
2244 1834 2299 1872 du
2312 1835 2411 1882 soir,
2432 1839 2471 1874 et
2488 1833 2523 1874 le
2540 1833 2756 1876 dimanche
2776 1835 2823 1875 de
2844 1836 2866 1875 9
2890 1831 2926 1874 h.
2953 1832 2978 1873 à
2999 1835 3103 1874 midi

3254 1712 3432 1753 Mariages
3448 1712 3567 1747 riches
3581 1724 3672 1756 pour
3686 1720 3810 1750 toutes
3828 1716 3880 1750 les
3900 1719 4066 1752 fortunes

3212 1758 3248 1786 et
3278 1758 3402 1787 toutes
3432 1755 3486 1787 les
3519 1759 3712 1798 positions.
3746 1758 3796 1790 La
3834 1760 3979 1793 maison
4019 1771 4067 1794 ne

3212 1795 3379 1836 s’occupe
3395 1806 3466 1838 que
3487 1797 3552 1830 des
3568 1799 3704 1832 unions
3724 1801 3906 1840 possibles
3923 1805 3960 1835 et
3976 1812 4066 1836 sans

3211 1836 3330 1870 tâche.

505 2021 581 2129 ta
605 2013 849 2126 Mission
877 2010 913 2126 fl
913 2030 953 2126 tt
989 2050 1013 2106 «
1053 2006 1189 2122 Lien
1221 2006 1293 2123 flü
1333 2007 1577 2143 Mariage
1605 2047 1633 2103 »

583 2235 766 2279 Notre
792 2230 900 2271 but
928 2226 1023 2267 est
1052 2220 1563 2265 essentiellement

507 2310 711 2359 moral,
747 2303 1003 2348 honnête
1031 2300 1089 2342 et
1115 2295 1638 2352 philanthropique

564 2432 693 2473 Dans
719 2428 853 2471 notre
873 2424 937 2468 fin
963 2423 1019 2464 de
1057 2418 1195 2463 siècle
1238 2419 1297 2463 où
1320 2420 1422 2462 tout
1445 2416 1637 2462 marche

504 2504 531 2546 à
570 2502 611 2544 la
636 2511 828 2558 vapeur,
854 2499 899 2540 et
933 2495 994 2538 où
1028 2491 1072 2536 la
1106 2491 1278 2536 société
1302 2492 1366 2535 vit
1404 2491 1524 2534 dans
1547 2503 1638 2534 une

460 2572 464 2579 ’
504 2575 694 2622 activité
715 2570 971 2613 dévorante
995 2579 1006 2622 ;
1034 2567 1100 2611 les
1120 2564 1288 2622 jeunes
1310 2575 1428 2618 gens
1450 2562 1636 2606 sérieux

504 2650 582 2704 qui
604 2641 860 2687 cherchent
882 2643 908 2685 à
928 2654 979 2686 se
995 2642 1124 2684 créer
1148 2648 1236 2680 une
1262 2635 1464 2692 position
1487 2647 1638 2678 avan¬

503 2724 701 2775 tageuse
724 2716 867 2775 parle
890 2712 1075 2763 travail,
1099 2710 1260 2754 vivant
1284 2710 1405 2752 dans
1434 2707 1499 2751 les
1523 2709 1635 2764 pré¬

503 2791 812 2848 occupations
831 2786 1107 2831 constantes
1140 2780 1252 2826 d’un
1284 2782 1447 2825 labeur
1469 2780 1636 2825 ardent

503 2878 621 2923 pour
642 2861 819 2906 arriver
840 2860 867 2902 à
886 2860 1007 2902 cette
1026 2855 1109 2908 fin,
1147 2854 1393 2910 négligent
1426 2852 1492 2898 les
1514 2854 1635 2897 rela¬

503 2939 626 2980 tions
663 2932 862 2976 sociales
899 2931 977 2987 qui
1018 2927 1292 2986 pourraient
1330 2926 1395 2971 les
1436 2938 1634 2983 pousser

503 3020 607 3052 vers
630 3006 671 3050 le
712 3006 943 3059 mariage.
982 3004 1208 3056 Lorsque,
1234 2999 1376 3050 enfin,
1402 2999 1582 3042 arrivés
1606 2999 1632 3040 à

500 3083 652 3124 trente
679 3091 736 3122 ou
767 3078 1000 3135 quarante
1023 3086 1126 3126 ans,
1152 3071 1207 3115 ils
1236 3074 1318 3115 ont
1340 3070 1506 3126 acquis
1540 3081 1632 3111 une

500 3154 704 3207 position
744 3151 823 3204 qui
846 3148 946 3191 leur
980 3146 1160 3202 permet
1188 3142 1244 3187 de
1283 3142 1488 3199 respirer
1510 3143 1554 3184 et
1576 3139 1632 3183 de

498 3220 726 3275 regarder
766 3219 792 3261 à
833 3218 932 3260 leur
983 3218 1153 3259 entour
1200 3227 1319 3273 pour
1375 3212 1632 3268 compléter

498 3292 595 3336 leur
637 3290 839 3335 carrière
869 3300 955 3344 par
994 3300 1057 3330 un
1098 3287 1330 3340 mariage,
1357 3285 1412 3327 ils
1442 3286 1632 3326 sentent

487 3367 538 3411 •le
566 3363 670 3410 vide
690 3366 860 3406 autour
879 3360 1019 3402 d’eux
1048 3360 1094 3400 et
1110 3358 1219 3399 sont
1243 3368 1362 3412 pour
1390 3354 1509 3396 ainsi
1531 3354 1631 3396 dire

496 3438 787 3480 désorientés
808 3448 866 3478 ne
888 3435 1112 3477 trouvant
1131 3442 1363 3488 personne
1382 3428 1438 3472 de
1460 3439 1631 3472 conve¬

494 3504 634 3548 nable
666 3504 787 3546 dans
808 3504 850 3547 le
883 3504 1031 3546 cercle
1054 3504 1136 3543 des
1171 3503 1398 3543 relations
1422 3503 1480 3543 où
1506 3500 1560 3542 ils
1582 3512 1632 3542 se

494 3579 602 3622 sont
622 3587 727 3619 mus
747 3567 1052 3631 jusqu’alors.

552 3663 762 3710 Souvent
800 3658 1108 3714 découragés,
1164 3654 1219 3699 ils
1276 3652 1492 3698 finissent
1544 3662 1630 3708 par

494 3743 721 3774 renoncer
743 3743 803 3772 au
844 3730 1056 3779 mariage
1077 3729 1116 3768 si
1146 3739 1237 3768 une
1270 3726 1400 3768 main
1423 3724 1548 3766 amie
1571 3735 1630 3766 ne

494 3803 621 3847 vient
654 3800 720 3844 les
742 3800 871 3844 aider
892 3800 936 3842 et
974 3796 1041 3840 les
1062 3795 1228 3851 guider
1262 3795 1383 3838 dans
1418 3794 1458 3838 le
1492 3794 1629 3836 choix

494 3868 632 3918 d’une
654 3883 920 3932 compagne
943 3870 1022 3928 qui
1043 3868 1140 3913 doit
1163 3870 1386 3926 partager
1410 3864 1510 3910 leur
1534 3864 1622 3917 vie,

499 3948 624 3995 leurs
642 3948 760 4007 joies
778 3951 823 3994 et
844 3947 970 3992 leurs
990 3946 1166 4004 peines.

558 4036 679 4080 C’est
706 4034 747 4077 le
787 4035 870 4076 but
899 4044 990 4086 que
1022 4030 1134 4072 s’est
1170 4028 1370 4083 proposé
1419 4027 1459 4070 le
1505 4027 1631 4068 Lien

500 4107 570 4150 du
608 4103 846 4158 Mariage
879 4115 887 4140 :
924 4102 1034 4142 Pitre
1060 4098 1204 4143 l’ami,
1228 4097 1271 4139 le
1287 4096 1428 4150 guide
1459 4098 1504 4138 et
1524 4095 1629 4136 l’in¬

499 4178 712 4220 dicateur
750 4171 834 4215 des
874 4170 1045 4212 unions
1084 4167 1315 4210 honnêtes
1347 4167 1392 4208 et
1415 4164 1630 4207 honora¬

498 4247 611 4288 bles.
642 4244 787 4288 Notre
807 4243 891 4287 but
910 4243 979 4284 est
1011 4238 1410 4284 essentiellement
1434 4235 1630 4294 philan¬

496 4316 748 4375 thropique
775 4318 820 4361 et
842 4312 1238 4361 essentiellement
1262 4310 1426 4356 moral.

556 4407 620 4447 La
660 4402 937 4459 population
972 4400 1149 4443 décroît
1184 4410 1324 4455 parce
1346 4410 1435 4455 que
1458 4396 1498 4440 le
1521 4410 1630 4440 ma¬

495 4475 627 4528 riage
648 4477 718 4516 est
736 4472 920 4527 négligé
941 4484 950 4524 ;
971 4475 1016 4515 et
1039 4471 1079 4515 le
1101 4472 1314 4528 mariage
1332 4472 1403 4516 est
1419 4470 1627 4527 négligé,

495 4555 635 4600 parce
658 4555 748 4599 que
773 4543 995 4585 l’homme
1015 4545 1228 4599 emporté
1264 4556 1348 4600 par
1370 4544 1410 4587 le
1434 4544 1631 4587 tourbil¬

494 4615 571 4660 lon
595 4615 678 4659 des
709 4613 918 4666 affaires,
944 4614 1020 4656 n’a
1038 4626 1125 4670 pas
1147 4614 1187 4656 le
1208 4616 1364 4670 temps
1384 4615 1440 4656 de
1459 4614 1628 4656 s’arrê¬

494 4691 563 4735 ter
583 4700 702 4747 pour
723 4687 964 4731 combiner
985 4688 1031 4728 et
1059 4684 1285 4729 chercher
1315 4684 1418 4728 telle
1442 4698 1499 4728 ou
1524 4684 1628 4729 telle

496 4764 642 4806 union
664 4761 742 4818 qui
768 4760 980 4820 pourrait
1006 4758 1066 4802 lui
1091 4759 1332 4803 convenir.

552 4846 587 4887 Il
611 4846 687 4887 n’a
711 4861 796 4900 pas
816 4850 858 4892 le
880 4852 1034 4906 temps
1055 4852 1099 4892 et
1140 4862 1198 4892 ne
1219 4851 1330 4906 peut
1366 4862 1528 4906 passer
1547 4848 1630 4891 des

494 4915 615 4960 mois
635 4920 679 4958 et
702 4919 943 4970 peut-être
964 4920 1048 4960 des
1066 4921 1244 4963 années
1266 4923 1293 4963 à
1315 4922 1503 4964 décider
1524 4920 1630 4964 telle

496 4996 727 5050 personne
767 4986 793 5027 à
834 4988 1059 5039 partager
1091 4999 1144 5027 sa
1175 4988 1244 5031 vie
1268 5000 1279 5040 ;
1304 4990 1333 5030 il
1360 5003 1415 5032 ne
1436 4995 1630 5036 connaît

495 5076 582 5118 pas
603 5060 711 5106 bien
747 5055 791 5100 la
824 5055 1050 5097 situation
1085 5055 1141 5098 de
1180 5060 1300 5100 cette
1323 5071 1572 5113 personne,
1599 5062 1624 5103 il

492 5134 641 5175 hésite
675 5135 721 5176 et
758 5130 858 5175 finit
886 5139 970 5186 par
1000 5138 1227 5169 renoncer
1251 5142 1310 5170 au
1347 5131 1562 5184 mariage
1579 5135 1627 5174 et

492 5214 542 5243 se
563 5200 778 5252 résigner
799 5204 826 5246 à
850 5203 976 5245 vivre
1007 5195 1240 5240 d’amitiés
1263 5202 1562 5252 passagères.

551 5282 670 5330 Mais
690 5292 743 5324 ce
772 5285 847 5336 qui
888 5286 1042 5328 arrive
1064 5294 1183 5342 pour
1210 5279 1276 5325 les
1295 5279 1463 5336 jeunes
1484 5294 1620 5338 gens,

494 5359 646 5406 arrive
668 5352 774 5398 bien
800 5352 903 5408 plus
934 5365 1103 5401 encore
1124 5368 1240 5411 pour
1263 5354 1328 5398 les
1366 5367 1623 5411 personnes

494 5435 572 5488 qui
598 5430 742 5489 ayant
779 5423 850 5470 été
888 5422 1023 5464 unies
1058 5437 1151 5468 une
1180 5427 1410 5482 première
1447 5427 1536 5468 fois
1574 5439 1623 5470 se

492 5506 712 5550 trouvent
736 5500 835 5547 tout
858 5496 883 5542 à
905 5504 1024 5548 coup
1063 5492 1284 5542 désunies
1316 5511 1402 5555 par
1425 5496 1465 5542 le
1484 5496 1623 5540 décès

493 5574 550 5620 de
572 5575 698 5620 l'une
721 5574 895 5620 d’elles.

548 5660 702 5712 Après
730 5662 870 5702 s'être
902 5654 1168 5710 longtemps
1191 5647 1400 5691 abîmées
1423 5652 1544 5696 dans
1578 5652 1622 5695 la

490 5727 686 5771 douleur
714 5730 758 5769 et
792 5732 922 5774 avoir
956 5726 1075 5786 payé
1119 5734 1180 5767 un
1214 5715 1338 5777 juste
1380 5720 1524 5763 tribut
1567 5723 1620 5767 de

487 5798 662 5843 larmes
683 5798 710 5839 à
736 5795 920 5852 l’époux
955 5814 1014 5844 ou
1039 5800 1066 5843 à
1096 5796 1299 5854 l’épouse
1322 5788 1538 5843 décédée,
1564 5791 1620 5834 ils

487 5871 674 5918 sentent
710 5867 815 5926 plus
839 5869 1072 5915 vivement
1110 5870 1148 5914 le
1171 5869 1274 5912 vide
1296 5862 1372 5923 qui
1404 5859 1512 5904 s’est
1534 5860 1618 5902 fait

486 5949 659 5990 autour
695 5942 756 5986 du
796 5940 1059 5991 survivant,
1103 5942 1158 5984 ils
1190 5944 1269 5984 ont
1308 5934 1469 5983 besoin
1507 5929 1617 5974 d’un

487 6028 620 6059 cœur
641 6017 734 6059 ami
771 6012 848 6073 qui
890 6010 956 6054 les
987 6011 1177 6053 console
1210 6025 1271 6055 ou
1306 6012 1372 6055 les
1406 6006 1611 6066 protège.

486 6084 550 6130 Ils
570 6088 781 6140 aspirent
802 6089 830 6131 à
851 6086 970 6131 cette
998 6082 1068 6124 vie
1087 6083 1339 6136 tranquille
1356 6079 1552 6138 paisible
1574 6079 1618 6123 et

486 6156 740 6208 ntérieure,
774 6160 888 6203 faite
916 6151 1191 6202 d’intimités
1212 6153 1258 6194 et
1277 6151 1334 6194 de
1358 6152 1618 6195 confiden¬

1713 2016 1790 2048 ces
1818 2016 1907 2062 que
1946 2004 1990 2048 la
2026 2008 2150 2050 mort
2187 2020 2214 2051 a
2252 2019 2466 2064 rompue.
2503 2009 2634 2051 Dans
2675 2020 2727 2051 ce
2764 2019 2847 2050 cas

1714 2077 1934 2122 l’homme
1974 2091 2000 2122 a
2049 2079 2212 2123 besoin
2252 2080 2391 2124 d’une
2434 2079 2556 2123 amie
2595 2079 2747 2136 pleine
2788 2079 2844 2122 de

1712 2148 1842 2191 soins
1870 2151 1914 2192 et
1942 2149 1998 2192 de
2028 2150 2367 2194 dévouements
2390 2162 2400 2204 ;
2422 2151 2464 2194 la
2484 2151 2623 2195 dame
2644 2150 2844 2195 cherche

1714 2231 1776 2260 un
1798 2220 1999 2272 soutien,
2027 2233 2090 2263 un
2115 2224 2380 2279 protecteur
2420 2224 2466 2264 et
2490 2235 2553 2264 un
2576 2223 2698 2267 aide.
2726 2223 2845 2266 Mais

1712 2291 1772 2332 où
1812 2292 2000 2335 trouver
2022 2291 2067 2335 la
2110 2305 2343 2349 personne
2376 2291 2456 2350 qui
2490 2293 2702 2336 réunisse
2738 2296 2844 2336 tous

1711 2360 1779 2407 les
1818 2363 2088 2408 désidérata
2107 2365 2129 2408 ?
2151 2368 2215 2410 La
2235 2368 2359 2409 mort
2376 2366 2455 2423 qui
2478 2378 2506 2408 a
2526 2365 2566 2408 si
2600 2366 2843 2422 brusque¬

1712 2439 1840 2479 ment
1879 2438 2171 2495 interrompu
2214 2438 2254 2483 le
2287 2451 2427 2483 cours
2463 2438 2519 2483 de
2556 2440 2676 2484 cette
2713 2438 2843 2482 exis¬

1712 2509 1846 2551 tence
1864 2507 2026 2551 n’était
2050 2522 2135 2566 pas
2156 2511 2316 2554 entrée
2339 2511 2459 2555 dans
2477 2511 2544 2555 les
2576 2511 2752 2555 calculs
2787 2510 2843 2554 de

1711 2579 1755 2623 la
1778 2580 1848 2624 vie
1883 2594 2150 2627 commune.
2192 2584 2260 2628 Où
2299 2586 2487 2628 trouver
2526 2583 2570 2627 la
2610 2596 2843 2642 personne

1711 2654 1982 2699 réunissant
2003 2655 2068 2700 les
2090 2656 2356 2703 conditions
2379 2670 2496 2715 pour
2518 2670 2611 2703 une
2642 2658 2843 2702 seconde

1712 2727 1875 2772 union.

1771 2815 1833 2856 Le
1847 2813 2039 2871 journal
2068 2814 2080 2859 1
2084 2827 2110 2859 e
2131 2815 2256 2860 Lien
2277 2815 2348 2859 du
2381 2815 2617 2874 Mariage
2655 2815 2771 2860 offre
2815 2816 2843 2859 à

1710 2887 1815 2928 tous
1839 2898 1929 2930 une
1965 2887 2192 2932 situation
2228 2887 2486 2931 semblable
2511 2891 2557 2931 et
2590 2888 2778 2944 lorsque
2799 2890 2841 2931 la

1708 2971 1939 3015 personne
1960 2959 2102 3016 qu’on
2141 2962 2294 3006 désire
2315 2974 2374 3006 ne
2410 2962 2478 3018 s’y
2496 2965 2662 3007 trouve
2683 2975 2787 3019 pas,
2814 2964 2839 3008 il

1707 3030 1783 3086 n’y
1800 3043 1826 3073 a
1843 3043 1904 3086 qu
1924 3044 1950 3074 a
1972 3032 2231 3077 s’adresser
2266 3035 2291 3076 à
2324 3034 2543 3078 l’Office
2578 3036 2842 3078 Mondonet

1707 3103 1784 3158 qui
1808 3115 1835 3146 a
1858 3116 1920 3146 un
1942 3104 2099 3159 grand
2122 3106 2316 3150 nombre
2336 3106 2392 3150 de
2423 3107 2742 3162 propositions
2760 3107 2838 3163 qui

1707 3187 1765 3218 ne
1784 3174 1991 3231 figurent
2012 3188 2099 3233 pas
2121 3176 2240 3222 dans
2262 3191 2339 3223 ces
2360 3178 2600 3222 colonnes.

1766 3260 1910 3302 Notre
1926 3258 2116 3314 journal
2152 3275 2179 3304 a
2202 3275 2320 3318 pour
2342 3263 2425 3306 but
2439 3262 2648 3307 d’ouvrir
2669 3264 2715 3306 la
2735 3263 2839 3307 voie

1704 3328 1960 3372 honorable
1995 3331 2051 3374 de
2088 3331 2131 3374 la
2168 3334 2343 3376 société
2379 3335 2405 3376 à
2450 3337 2576 3378 toute
2605 3347 2839 3391 personne

1704 3399 1781 3455 qui
1801 3412 1851 3444 se
1871 3402 2036 3446 trouve
2059 3401 2179 3447 dans
2199 3403 2390 3460 pareille
2410 3405 2655 3449 situation.

1788 3548 1930 3587 Rôle
1962 3548 2040 3588 du
2079 3566 2096 3586 «
2132 3551 2275 3592 Lien
2302 3552 2380 3594 du
2414 3551 2672 3606 Mariage
2711 3568 2728 3591 »

1760 3674 1894 3716 Nous
1915 3686 2178 3730 proposons
2214 3676 2280 3720 les
2320 3691 2580 3734 personnes
2600 3694 2715 3724 avec
2736 3682 2836 3724 leur

1702 3747 1928 3791 situation
1968 3746 2025 3791 de
2063 3747 2244 3791 fortune
2276 3752 2323 3792 et
2367 3750 2423 3792 de
2458 3751 2691 3804 moralité,
2715 3764 2834 3796 nous

1704 3818 1879 3862 faisons
1912 3820 1979 3863 les
2015 3820 2290 3876 demandes,
2320 3822 2597 3867 abouchons
2632 3824 2698 3867 les
2720 3836 2835 3880 per¬

1703 3904 1876 3937 sonnes
1915 3895 1960 3936 et
1999 3898 2206 3941 mettons
2235 3910 2292 3942 en
2316 3896 2539 3955 présence
2572 3895 2639 3940 les
2659 3896 2831 3940 futurs.

1704 3968 1835 4011 Nous
1855 3979 2062 4011 sommes
2084 3967 2150 4012 les
2186 3970 2562 4015 intermédiaires
2602 3970 2683 4015 des
2722 3983 2835 4028 pre¬

1707 4042 1874 4084 mières
1912 4044 2178 4096 entrevues,
2218 4042 2434 4099 toujours
2471 4044 2566 4087 très
2603 4047 2836 4100 gênantes

1704 4115 1750 4152 et
1788 4114 1881 4153 très
1903 4112 2124 4155 délicates
2147 4127 2265 4168 pour
2287 4114 2368 4155 des
2391 4126 2651 4167 personnes
2670 4116 2748 4170 qui
2784 4128 2835 4158 se

1703 4180 1861 4222 voient
1887 4192 2007 4235 pour
2028 4180 2072 4222 la
2112 4183 2344 4237 première
2381 4182 2482 4224 fois.
2517 4182 2648 4226 Nous
2681 4184 2832 4227 résol¬

1703 4263 1820 4294 vons
1865 4252 2032 4294 autant
2072 4263 2162 4307 que
2205 4251 2406 4308 possible
2464 4251 2531 4296 les
2582 4249 2834 4298 difficultés

1704 4326 1779 4383 qui
1804 4327 2009 4383 peuvent
2040 4336 2091 4369 se
2114 4326 2355 4383 présenter
2378 4327 2498 4371 dans
2534 4326 2578 4370 la
2606 4328 2831 4372 situation

1703 4397 1759 4440 de
1780 4399 1903 4443 l’une
1922 4396 2095 4442 d’elles.
2119 4398 2251 4443 Nous
2271 4412 2480 4446 sommes
2498 4400 2598 4446 leur
2622 4403 2835 4447 intermé¬

1704 4471 1851 4516 diaire
1880 4475 1924 4516 et
1964 4472 2063 4518 leur
2092 4475 2204 4518 ami.
2228 4475 2332 4528 Oui,
2359 4474 2456 4519 leur
2476 4475 2587 4528 ami,
2612 4488 2694 4519 car
2716 4490 2838 4527 nous

1704 4544 2010 4588 considérons
2031 4558 2214 4590 comme
2243 4547 2303 4590 tel
2341 4550 2474 4590 notre
2514 4547 2610 4591 rôle
2635 4561 2751 4605 pour
2771 4550 2837 4593 les

1703 4629 1963 4672 personnes
1992 4618 2071 4672 qui
2112 4630 2232 4660 nous
2268 4619 2500 4674 chargent
2538 4618 2599 4663 du
2638 4622 2742 4664 soin
2780 4623 2836 4666 de

1702 4688 1802 4732 leur
1824 4690 1983 4732 union.

1759 4774 1882 4818 Elles
1896 4776 2099 4831 peuvent
2112 4778 2324 4832 compter
2336 4790 2418 4822 sur
2430 4780 2564 4822 notre
2582 4777 2834 4822 discrétion

1702 4846 1911 4891 absolue.
1948 4847 2092 4891 Notre
2115 4847 2247 4893 office
2272 4854 2343 4894 est
2378 4863 2438 4892 un
2464 4848 2686 4892 tombeau
2716 4862 2835 4906 pour

1704 4918 1770 4962 les
1788 4920 1966 4963 secrets
1987 4920 2064 4975 qui
2088 4931 2208 4964 nous
2230 4926 2336 4965 sont
2359 4920 2548 4964 confiés.

1762 5006 1987 5058 Souvent,
2035 5007 2206 5058 même,
2248 5005 2292 5048 la
2323 5004 2554 5062 première
2590 5006 2836 5063 présenta¬

1703 5077 1799 5118 tion
1839 5088 1867 5118 a
1903 5076 1994 5118 lieu
2020 5087 2134 5118 sans
2163 5075 2432 5131 qu’aucune
2469 5076 2552 5120 des
2574 5076 2692 5121 deux
2730 5090 2835 5134 par¬

1700 5145 1787 5187 ties
1807 5146 2058 5187 connaisse
2079 5143 2122 5186 le
2144 5158 2255 5189 nom
2290 5146 2346 5191 de
2383 5147 2550 5192 l’autre
2571 5154 2615 5193 et
2636 5160 2756 5191 nous
2775 5159 2833 5191 ne

1700 5213 1766 5255 les
1786 5215 1965 5256 faisons
1983 5220 2230 5262 connaître
2255 5231 2346 5275 que
2371 5232 2453 5264 sur
2473 5219 2573 5263 leur
2592 5219 2824 5262 autorisa¬

1699 5284 1796 5327 tion
1819 5298 2058 5343 expresse.

1756 5374 1830 5416 Un
1846 5370 2035 5427 journal
2055 5385 2174 5427 pour
2190 5375 2430 5428 mariages
2447 5374 2568 5417 dans
2582 5386 2672 5418 une
2690 5374 2831 5430 petite

1698 5442 1802 5484 ville
1820 5443 1879 5484 où
1903 5444 2003 5484 tout
2024 5442 2063 5484 le
2092 5443 2263 5487 monde
2289 5456 2339 5487 se
2358 5447 2550 5488 connaît
2571 5448 2616 5490 et
2638 5448 2831 5489 connaît

1696 5510 1740 5552 la
1763 5512 1989 5554 situation
2011 5511 2067 5555 de
2088 5525 2175 5556 son
2213 5515 2382 5568 voisin,
2407 5515 2612 5560 n’aurait
2651 5530 2736 5573 pas
2775 5518 2831 5560 de

1695 5582 1854 5624 raison
1884 5582 2046 5636 d'être,
2070 5586 2191 5628 mais
2213 5584 2334 5627 dans
2370 5599 2463 5630 une
2502 5588 2685 5642 grande
2706 5587 2826 5640 ville,

1695 5664 1878 5696 comme
1911 5654 1956 5696 la
1993 5658 2142 5711 nôtre,
2182 5656 2241 5698 où
2279 5655 2464 5700 chacun
2504 5670 2650 5713 pense
2692 5663 2719 5702 à
2755 5671 2830 5702 ses

1694 5723 1884 5768 affaires
1904 5727 1950 5767 et
1979 5737 2074 5767 non
2096 5726 2123 5767 à
2139 5726 2278 5768 celles
2295 5726 2351 5770 de
2372 5740 2448 5771 ses
2468 5728 2647 5772 voisins
2671 5742 2682 5784 ;
2705 5734 2750 5774 et
2768 5731 2827 5774 où

1692 5795 1800 5836 bien
1822 5798 2022 5838 souvent
2043 5795 2108 5838 les
2134 5797 2378 5840 habitants
2398 5798 2454 5839 de
2474 5796 2519 5839 la
2543 5803 2696 5844 même
2714 5802 2828 5844 mai¬

1691 5874 1777 5904 son
1800 5876 1857 5906 ne
1890 5876 1940 5906 se
1977 5867 2282 5910 connaissent
2320 5879 2406 5922 pas
2424 5870 2556 5911 entre
2574 5880 2679 5923 eux,
2706 5872 2734 5914 il
2756 5875 2827 5915 est

1691 5931 1957 5975 nécessaire
1998 5935 2108 5977 d’un
2161 5939 2254 5979 ami
2300 5936 2512 5991 général,
2567 5939 2680 5984 d’un
2732 5942 2823 5983 ami

1689 6011 1912 6043 commun
1935 6004 2012 6056 qui
2035 6011 2276 6063 groupant
2318 6007 2439 6048 dans
2459 6021 2524 6050 un
2564 6015 2700 6054 vaste
2735 6024 2826 6055 en¬

1689 6070 1882 6123 semble,
1905 6070 1972 6114 les
2010 6073 2151 6117 offres
2188 6079 2233 6119 et
2272 6075 2339 6118 les
2379 6075 2659 6134 demandes,
2687 6095 2823 6126 com¬

1691 6146 1799 6192 bine
1818 6142 1880 6187 lui
1918 6144 2076 6186 même
2093 6142 2160 6187 les
2194 6146 2466 6202 situations,
2493 6148 2560 6192 les
2591 6155 2724 6207 âges,
2756 6152 2823 6197 les

2920 2010 3079 2063 goûts,
3120 2006 3186 2051 les
3220 2006 3414 2062 figures,
3471 2005 3538 2051 les
3588 2007 3802 2051 fortunes
3841 2010 3886 2052 et
3935 2010 4062 2055 fasse

2923 2079 2983 2122 lui
3022 2084 3175 2124 même
3200 2079 3266 2123 les
3288 2078 3607 2135 propositions
3640 2078 3707 2123 les
3747 2078 3854 2135 plus
3898 2084 4056 2126 sorta-

2920 2149 3036 2193 bles.

2976 2232 3058 2275 Cet
3080 2232 3172 2275 ami
3196 2244 3436 2283 commun,
3462 2231 3576 2276 c’est
3598 2232 3762 2276 l’office
3784 2235 4056 2290 Mondonet,

2919 2306 2962 2357 6,
2987 2307 3027 2348 B'
3028 2302 3036 2323 1
3073 2305 3128 2348 de
3149 2303 3192 2347 la
3216 2303 3527 2359 Magdeleine,
3564 2304 3678 2348 c’est
3711 2304 3750 2350 le
3786 2303 3975 2362 journal
4018 2307 4058 2352 le

2919 2374 3045 2418 Lie?i
3066 2375 3136 2419 du
3164 2374 3404 2432 Mariage
3424 2375 3502 2430 qui
3530 2378 3601 2419 est
3621 2387 3708 2419 son
3731 2376 3994 2423 auxiliaire.

2975 2459 3189 2503 Pendant
3211 2460 3483 2516 longtemps
3506 2459 3534 2502 il
3573 2472 3599 2503 a
3639 2459 3786 2504 existé
3823 2474 3915 2507 une
3952 2463 4058 2519 pré¬

2919 2531 3107 2576 vention
3131 2532 3226 2575 très
3256 2532 3482 2587 marquée
3515 2534 3678 2576 contre
3706 2531 3772 2576 les
3812 2533 4056 2588 mariages

2919 2604 3011 2649 dits
3026 2604 3082 2651 de
3104 2603 3412 2663 proposition,
3438 2615 3497 2646 on
3523 2604 3700 2648 voulait
3722 2616 3772 2650 se
3797 2607 4058 2662 persuader

2920 2676 3030 2734 qu’il
3062 2691 3120 2723 ne
3152 2678 3344 2735 pouvait
3364 2675 3504 2720 sortir
3524 2675 3606 2720 des
3624 2689 3832 2732 agences
3861 2690 3952 2735 que
3975 2679 4059 2724 des

2919 2750 3157 2806 mariages
3179 2750 3460 2807 disparates.

2975 2835 3047 2879 En
3070 2836 3172 2879 face
3191 2834 3275 2879 des
3303 2834 3530 2879 résultats
3568 2835 3832 2879 contraires
3851 2835 4057 2884 obtenus

2922 2919 3004 2963 par
3058 2920 3135 2951 ces
3199 2908 3427 2960 bureaux,
3471 2918 3531 2950 on
3590 2908 3662 2951 est
3701 2907 3817 2951 sorti
3847 2909 4055 2966 complè¬

2919 2982 3094 3023 tement
3132 2979 3188 3023 de
3227 2982 3348 3023 cette
3399 2979 3692 3035 prévention.
3736 2979 3950 3024 L’estime
3991 2980 4055 3025 du

2919 3050 3074 3106 public
3092 3054 3163 3094 est
3186 3050 3484 3094 absolument
3498 3052 3691 3108 acquise
3711 3064 3810 3095 aux
3827 3064 4052 3108 agences,

2919 3134 3035 3178 pour
3056 3123 3100 3166 la
3122 3124 3280 3166 raison
3311 3123 3418 3166 bien
3451 3123 3636 3180 simple,
3663 3136 3754 3179 que
3774 3124 3843 3167 les
3864 3123 4056 3168 affaires

2917 3193 3107 3238 traitées
3129 3206 3215 3250 par
3248 3192 3374 3246 elles,
3400 3192 3440 3236 le
3479 3196 3587 3237 sont
3610 3195 3716 3251 plus
3754 3194 4054 3251 rapidement

2914 3267 2959 3307 et
2999 3264 3104 3321 plus
3142 3267 3401 3315 sûrement,
3426 3267 3471 3307 et
3510 3278 3571 3308 on
3612 3270 3724 3322 peut
3760 3266 3860 3310 dire
3897 3279 3988 3323 que
4012 3267 4054 3312 le

2915 3335 3019 3391 plus
3038 3338 3192 3391 grand
3232 3336 3429 3380 nombre
3471 3335 3554 3380 des
3590 3338 3847 3392 mariages,
3898 3342 4051 3382 même

2914 3407 3082 3459 riches,
3102 3411 3182 3451 ont
3204 3408 3276 3450 été
3295 3407 3398 3463 plus
3419 3419 3478 3451 ou
3499 3408 3652 3451 moins
3675 3410 3867 3451 mis«ur
3888 3408 3931 3451 la
3949 3410 4051 3454 voie

2916 3490 2999 3534 par
3020 3491 3106 3523 nos
3132 3490 3354 3534 agences.
3389 3478 3521 3522 Nous
3542 3490 3663 3522 nous
3682 3478 3970 3523 efforcerons
3992 3480 4050 3524 de

2914 3551 3104 3595 mériter
3124 3553 3244 3595 cette
3264 3551 3431 3594 estime
3451 3550 3512 3592 du
3536 3550 3694 3605 public
3715 3563 3775 3592 en
3791 3554 4050 3606 apportant

2912 3620 3031 3662 dans
3080 3620 3123 3662 la
3179 3619 3451 3662 conclusion
3494 3618 3576 3662 des
3623 3619 3815 3663 affaires
3856 3620 3900 3662 la
3942 3620 4049 3676 plus

2908 3689 3091 3743 grande
3127 3688 3420 3742 délicatesse,
3447 3688 3490 3731 la
3524 3688 3630 3744 plus
3651 3689 3835 3743 grande
3859 3691 4043 3746 probité

2908 3763 2953 3803 et
2974 3759 3018 3803 la
3040 3759 3294 3804 discrétion
3315 3760 3359 3803 la
3389 3759 3494 3815 plus
3515 3759 3726 3804 absolue.

2966 3845 3054 3888 Les
3105 3844 3256 3887 beaux
3306 3843 3530 3887 résultats
3588 3855 3679 3900 que
3732 3855 3853 3887 nous
3891 3854 4043 3888 avons

2908 3915 3107 3960 obtenus
3164 3927 3286 3959 nous
3318 3917 3559 3970 engagent
3598 3915 3624 3958 à
3658 3915 3882 3971 persister
3920 3913 4043 3959 dans

2910 3991 3030 4035 cette
3063 3988 3183 4042 voie,
3218 3987 3440 4044 espérant
3479 3999 3568 4045 que
3602 3987 3643 4030 le
3673 3985 3830 4043 public
3860 3985 4042 4030 voudra

2911 4063 3017 4106 bien
3038 4074 3158 4106 nous
3179 4060 3427 4106 continuer
3447 4071 3524 4104 ses
3544 4059 3735 4103 faveurs
3771 4060 3817 4102 et
3835 4069 3888 4102 sa
3919 4067 4040 4102 con¬

2909 4134 3079 4176 fiance.

2966 4215 3028 4260 Le
3061 4216 3186 4260 Lien
3228 4215 3296 4258 du
3330 4214 3567 4272 Mariage
3599 4217 3671 4259 est
3710 4215 3750 4258 le
3780 4214 3892 4258 trait
3935 4215 4041 4260 d’u¬

2907 4287 3018 4330 nion
3058 4287 3139 4331 des
3171 4286 3388 4339 familles,
3412 4298 3506 4329 non
3543 4286 3805 4330 seulement
3827 4286 3884 4330 de
3907 4291 4043 4332 notre

2907 4358 3028 4414 ville,
3055 4359 3176 4403 mais
3208 4370 3376 4403 encore
3415 4358 3499 4403 des
3523 4358 3806 4418 principales
3828 4359 3962 4404 villes
3984 4360 4042 4405 de

2910 4432 3087 4478 France
3122 4434 3164 4478 et
3200 4431 3256 4476 de
3298 4430 3554 4488 l’étranger
3588 4432 3648 4476 où
3684 4434 3818 4475 notre
3856 4430 3990 4477 office
4014 4445 4040 4476 a

2910 4506 2992 4550 des
3026 4504 3425 4562 correspondants
3456 4504 3668 4548 discrets.
3696 4504 3826 4548 Nous
3852 4504 4044 4559 présen¬

2912 4580 3017 4621 tons
3038 4577 3158 4621 donc
3180 4589 3271 4620 aux
3298 4578 3433 4633 pères
3460 4575 3516 4620 de
3536 4575 3711 4619 famille
3740 4575 3963 4619 soucieux
3984 4574 4041 4618 de

2910 4648 3104 4691 l’avenir
3124 4648 3182 4691 de
3206 4648 3331 4691 leurs
3351 4647 3540 4691 enfants
3560 4651 3668 4691 tous
3688 4647 3753 4690 les
3774 4647 4039 4700 avantages

2909 4718 3047 4775 qu’ils
3067 4731 3126 4762 ne
3147 4718 3391 4762 sauraient
3419 4720 3610 4762 trouver
3635 4716 3731 4760 s’ils
3770 4718 3878 4760 sont
3899 4715 4042 4760 livrés

2908 4791 2935 4834 à
2956 4794 3243 4834 eux-mêmes
3264 4792 3310 4834 et
3332 4790 3453 4833 dans
3476 4789 3516 4833 le
3536 4787 3686 4832 cercle
3707 4787 3763 4831 de
3783 4787 3908 4830 leurs
3930 4799 4040 4831 con¬

2910 4863 3186 4907 naissances
3206 4872 3216 4916 ;
3252 4875 3311 4906 en
3332 4861 3455 4914 effet,
3486 4859 3936 4916 indépendamment
3958 4856 4040 4901 des

2910 4938 3174 4980 références
3196 4935 3446 4987 certaines,
3476 4932 3530 4975 ils
3566 4934 3647 4974 ont
3669 4931 3708 4974 le
3728 4930 3864 4974 choix
3890 4929 4038 4985 parmi

2911 5009 2951 5053 le
2974 5008 3127 5064 grand
3151 5007 3344 5050 nombre
3385 5003 3440 5046 de
3465 5002 3783 5059 propositions
3805 5011 3894 5056 que
3922 5012 4039 5043 con¬

2908 5080 3120 5122 tiennent
3160 5078 3225 5119 les
3261 5075 3485 5118 colonnes
3513 5074 3571 5116 de
3606 5075 3739 5115 notre
3753 5070 3959 5127 journal,
3984 5070 4041 5114 ils

2907 5151 3111 5206 peuvent
3127 5147 3243 5190 faire
3264 5147 3463 5202 épouser
3486 5145 3511 5187 à
3532 5144 3657 5187 leurs
3673 5142 3862 5186 enfants
3880 5140 3924 5183 la
3944 5154 4042 5198 per¬

2904 5231 3054 5263 sonne
3073 5216 3210 5274 qu’ils
3226 5216 3432 5259 désirent
3446 5215 3535 5257 soit
3554 5226 3736 5256 comme
3756 5211 4035 5270 profession,

2904 5291 3108 5341 fortune,
3144 5286 3402 5338 caractère,
3442 5284 3644 5340 position
3686 5282 3856 5327 sociale
3896 5285 3943 5327 et
3983 5283 4038 5327 ils

2904 5375 2963 5406 ne
2996 5360 3321 5417 s’exposeront
3358 5369 3444 5414 pas
3483 5358 3508 5399 à
3548 5356 3648 5399 leur
3683 5355 3800 5399 faire
3835 5355 4038 5411 épouser

2906 5446 2996 5478 une
3031 5443 3263 5490 personne
3286 5429 3363 5485 qui
3402 5427 3500 5471 leur
3536 5440 3643 5471 sera
3684 5424 4034 5483 antipathique,

2903 5505 2994 5548 soit
3012 5516 3098 5560 par
3119 5515 3205 5546 son
3228 5503 3332 5554 âge,
3354 5499 3442 5542 soit
3478 5510 3596 5555 pour
3630 5500 3738 5542 tous
3767 5501 3928 5541 autres
3951 5496 4038 5539 dé¬

2904 5576 3029 5619 fauts
3050 5575 3128 5631 qüi
3166 5572 3274 5615 sont
3308 5571 3477 5613 autant
3515 5568 3572 5612 de
3608 5582 3777 5614 causes
3815 5567 3872 5611 de
3895 5566 4034 5611 désu¬

2903 5647 3014 5690 nion
3036 5644 3156 5688 dans
3178 5643 3218 5687 le
3240 5642 3454 5694 mariage
3475 5643 3520 5684 et
3554 5640 3767 5684 finissent
3792 5650 3877 5696 par
3898 5647 4035 5682 ame¬

2902 5730 2986 5762 ner
3007 5718 3048 5761 le
3070 5716 3256 5760 divorce
3279 5715 3322 5758 et
3348 5711 3391 5755 la
3412 5712 3706 5769 séparation.

2960 5804 3088 5845 Dans
3121 5799 3188 5843 les
3219 5796 3438 5842 colonnes
3468 5795 3530 5840 du
3563 5796 3684 5839 Lien
3714 5794 3783 5838 du
3807 5792 4035 5848 Mariage

2900 5886 2959 5916 ou
2983 5874 3010 5915 à
3031 5872 3246 5916 l’Office
3267 5868 3546 5920 Mondonet,
3568 5868 3611 5919 6,
3635 5868 3668 5910 B
3671 5864 3684 5886 d
3704 5866 3759 5910 de
3775 5864 3818 5906 la
3842 5862 4034 5917 Magde¬

2900 5943 3036 5994 leine,
3068 5955 3128 5984 on
3151 5943 3260 5998 peut
3283 5942 3471 5982 trouver
3500 5937 3766 5981 facilement
3808 5946 3868 5976 un
3907 5943 4032 5986 gen¬

2899 6014 2998 6065 dre,
3023 6026 3086 6056 un
3123 6015 3275 6070 époux
3295 6024 3355 6055 ou
3375 6023 3470 6054 une
3490 6011 3664 6067 épouse
3691 6010 3719 6051 à
3755 6018 3839 6050 son
3867 6004 3952 6059 gré
3986 6008 4031 6048 et

2897 6097 2955 6131 en
2995 6087 3093 6128 tout
3134 6084 3264 6143 point
3302 6082 3540 6126 conforme
3584 6094 3676 6124 aux
3707 6078 3857 6122 désirs
3891 6075 3946 6120 de
3983 6075 4029 6120 U

2898 6167 3140 6211 personne
3164 6157 3190 6199 à
3212 6155 3405 6198 marier.
