4717 7064
472 447 528 495 N‘
556 446 635 494 13.
663 471 720 479 —
750 442 1018 490 Troisième
1054 435 1239 486 Année.

1838 428 2190 480 Edition
2232 428 2324 479 IV!
2332 444 2440 480 en
2448 445 2545 480 su
2551 430 2710 478 elle

3276 431 3406 478 Mois
3424 442 3484 478 de
3505 430 3719 480 Janvier
3747 428 3890 478 1892.

888 1318 1540 1406 DÉLICATESSE,
1600 1307 2312 1399 HONORABILITÉ,
2368 1306 2764 1381 PROBITÉ
2820 1319 2876 1379 &
2930 1304 3480 1379 DISCRÉTION

1770 1566 2069 1620 OFFICE
2124 1566 2599 1620 MONDONET

1420 1659 1486 1706 6,
1519 1655 1944 1697 Boulevard
1982 1656 2074 1696 de
2116 1658 2183 1696 la.
2227 1655 2687 1708 HVlacjdeleine
2730 1654 2822 1703 (au
2862 1651 2887 1691 1
2894 1659 2928 1679 er
2932 1651 2947 1702 )

1991 1740 2372 1784 MARSEILLE

1364 1821 1515 1859 Ouvert
1537 1822 1627 1857 tous
1644 1814 1698 1856 les
1710 1818 1830 1867 jours
1846 1819 1892 1857 de
1906 1819 1934 1857 2
1947 1815 1987 1857 h.
2006 1818 2031 1857 à
2047 1819 2071 1858 8
2087 1816 2123 1859 h.
2143 1818 2198 1859 du
2210 1819 2311 1867 soir,
2331 1823 2369 1859 et
2387 1816 2422 1859 le
2439 1814 2655 1859 dimanche
2675 1816 2721 1855 de
2743 1816 2764 1855 9
2789 1809 2826 1854 h.
2852 1811 2877 1851 à
2901 1811 3002 1851 midi

3186 1563 3291 1612 ÎO
3323 1559 3568 1614 Cent,
3598 1559 3643 1610 le
3669 1556 3893 1610 Numéro

3152 1686 3334 1726 Mariages
3347 1684 3466 1718 riches
3479 1694 3571 1726 pour
3586 1686 3710 1718 toutes
3726 1682 3779 1715 les
3798 1682 3964 1715 fortunes

3111 1730 3148 1759 et
3176 1730 3300 1760 toutes
3329 1728 3383 1760 les
3415 1727 3610 1768 positions.
3643 1726 3695 1759 La
3730 1724 3878 1758 maison
3915 1734 3962 1756 ne

3111 1768 3279 1811 s’occupe
3296 1779 3367 1811 que
3387 1769 3454 1802 des
3468 1768 3607 1802 unions
3627 1767 3811 1810 possibles
3828 1770 3866 1799 et
3883 1775 3902 1799 s
3914 1775 3962 1799 an

3111 1811 3231 1848 tâche.

479 1588 584 1638 ÎO
613 1575 859 1632 Cent,
890 1575 933 1627 le
959 1571 1181 1626 Numéro

448 1694 567 1729 Envoi
586 1692 702 1733 gratis
719 1690 808 1723 hors
827 1690 862 1722 la
881 1688 978 1723 Ville
998 1691 1034 1723 et
1055 1690 1075 1721 à
1096 1687 1256 1719 l’Etran¬

406 1747 468 1778 ger
507 1737 528 1767 â
559 1738 662 1768 toute
699 1742 884 1776 personne
923 1734 986 1775 qui
1031 1740 1076 1763 en
1120 1728 1187 1760 fait
1219 1726 1254 1756 la

404 1778 588 1812 demande
607 1786 672 1818 par
694 1776 800 1810 lettre
824 1775 1036 1811 affranchie,
1065 1774 1102 1803 et
1127 1770 1252 1800 franco

404 1830 494 1854 sous
514 1820 716 1863 enveloppe
737 1819 908 1853 cachetée
928 1818 1056 1849 contre
1079 1811 1134 1843 30
1155 1810 1251 1840 cent,

406 1872 449 1896 en
472 1863 638 1896 timbres.

405 2020 485 2129 ta
505 2003 749 2128 Wisslnn
777 2003 853 2119 to
889 2043 917 2099 «
953 2002 1089 2119 lien
1121 1998 1197 2114 lu
1229 1997 1481 2137 Bariaas
1505 2037 1533 2093 »

482 2228 667 2274 Notre
694 2226 801 2269 but
830 2223 924 2266 est
954 2215 1464 2263 essentiellement

406 2308 612 2356 moral,
648 2300 904 2346 honnête
932 2298 991 2340 et
1016 2290 1539 2350 philanthropique

466 2430 595 2472 Dans
623 2424 755 2467 notre
775 2420 839 2464 fin
866 2420 923 2464 de
959 2417 1099 2463 siècle
1139 2416 1199 2459 où
1223 2417 1323 2460 tout
1347 2414 1539 2459 marche

408 2502 435 2544 à
472 2499 515 2541 la
540 2508 733 2555 vapeur,
758 2498 803 2539 et
838 2494 897 2536 où
931 2490 976 2535 la
1009 2490 1182 2535 société
1204 2489 1270 2535 vit
1307 2488 1428 2533 dans
1450 2500 1541 2531 une

407 2571 597 2616 activité
619 2568 874 2614 dévorante
899 2576 908 2619 ;
939 2564 1003 2609 les
1024 2562 1192 2622 jeunes
1214 2574 1332 2618 gens
1354 2560 1539 2604 sérieux

407 2646 486 2704 qui
507 2642 763 2688 cherchent
783 2639 810 2682 à
832 2651 882 2683 se
899 2639 1028 2683 créer
1052 2648 1140 2680 une
1166 2634 1367 2691 position
1390 2644 1539 2676 avan¬

407 2723 603 2771 tageuse
626 2711 770 2772 parle
792 2713 978 2764 travail,
1002 2710 1164 2755 vivant
1186 2708 1308 2751 dans
1336 2706 1402 2750 les
1425 2707 1538 2763 pré¬

407 2787 716 2846 occupations
736 2785 1010 2830 constantes
1043 2779 1156 2824 d’un
1186 2780 1351 2824 labeur
1374 2779 1540 2823 ardent

407 2874 526 2920 pour
546 2860 724 2906 arriver
744 2858 771 2900 à
791 2858 911 2900 cette
930 2854 1014 2909 fin,
1050 2854 1296 2910 négligent
1330 2852 1395 2896 les
1418 2854 1539 2896 rela¬

407 2935 531 2979 tions
568 2929 766 2976 sociales
803 2930 880 2986 qui
923 2927 1198 2986 pourraient
1234 2926 1300 2971 les
1343 2935 1538 2983 pousser

410 3018 514 3052 vers
536 3003 576 3048 le
618 3003 850 3058 mariage.
887 3004 1114 3058 Lorsque,
1140 2999 1282 3050 enfin,
1307 2999 1487 3043 arrivés
1511 2999 1538 3040 à

406 3079 558 3122 trente
583 3088 643 3120 ou
671 3078 906 3134 quarante
927 3086 1032 3125 ans,
1056 3070 1113 3115 ils
1141 3074 1224 3115 ont
1245 3068 1412 3127 acquis
1446 3079 1539 3111 une

407 3151 611 3207 position
652 3148 731 3204 qui
754 3147 852 3191 leur
887 3146 1067 3202 permet
1095 3143 1151 3186 de
1190 3143 1395 3198 respirer
1415 3142 1460 3183 et
1483 3139 1539 3182 de

407 3220 634 3274 regarder
672 3220 700 3260 à
742 3216 840 3259 leur
890 3218 1060 3259 entour
1107 3226 1224 3271 pour
1280 3211 1539 3270 compléter

406 3291 504 3335 leur
544 3290 747 3334 carrière
776 3299 862 3343 par
902 3299 964 3330 un
1007 3286 1238 3339 mariage,
1264 3284 1320 3328 ils
1350 3284 1538 3327 sentent

405 3364 446 3411 le
474 3362 579 3410 vide
597 3364 770 3408 autour
787 3359 928 3403 d'eux
955 3360 1003 3401 et
1019 3359 1127 3400 sont
1151 3368 1269 3414 pour
1298 3354 1417 3399 ainsi
1438 3354 1539 3396 dire

406 3438 696 3479 désorientés
719 3447 775 3478 ne
798 3436 1022 3478 trouvant
1039 3444 1271 3491 personne
1290 3429 1347 3474 de
1368 3440 1540 3474 conve¬

404 3503 543 3550 nable
575 3504 696 3548 dans
719 3503 759 3547 le
791 3504 940 3547 cercle
963 3505 1046 3547 des
1080 3504 1307 3547 relations
1330 3504 1390 3546 où
1414 3503 1470 3544 ils
1490 3515 1540 3546 se

403 3580 512 3624 sont
531 3588 638 3622 mus
656 3575 962 3634 jusqu’alors.

463 3666 673 3711 Souvent
711 3661 1020 3718 découragés,
1075 3658 1131 3703 ils
1187 3656 1404 3703 finissent
1453 3667 1540 3714 par

406 3746 634 3778 renoncer
655 3748 716 3776 au
756 3735 968 3784 mariage
990 3733 1028 3774 si
1059 3743 1148 3774 une
1184 3732 1312 3772 main
1336 3730 1459 3771 amie
1482 3740 1540 3771 ne

407 3806 534 3852 vient
567 3803 634 3850 les
655 3803 783 3848 aider
804 3806 848 3847 et
886 3802 952 3846 les
972 3800 1140 3856 guider
1174 3800 1295 3843 dans
1331 3798 1370 3843 le
1403 3799 1540 3842 choix

407 3877 546 3923 d’une
567 3887 833 3936 compagne
855 3875 933 3932 qui
955 3873 1052 3919 doit
1074 3875 1298 3931 partager
1322 3870 1422 3916 leur
1444 3871 1532 3923 vie,

409 3952 536 3999 leurs
551 3951 672 4012 joies
689 3954 735 3999 et
755 3951 881 3997 leurs
899 3950 1076 4008 peines.

468 4039 591 4084 C’est
618 4039 658 4083 le
698 4038 780 4081 but
811 4048 901 4092 que
932 4035 1044 4078 s’est
1080 4032 1280 4088 proposé
1330 4031 1368 4074 le
1416 4031 1540 4074 Lien

412 4109 481 4155 du
520 4108 758 4164 Mariage
790 4121 798 4147 :
835 4107 944 4148 Etre
972 4103 1115 4150 l’ami,
1140 4102 1182 4144 le
1198 4102 1339 4156 guide
1370 4103 1415 4143 et
1432 4100 1539 4143 l’in¬

410 4181 622 4227 dicateur
661 4178 743 4221 des
784 4175 954 4219 unions
993 4173 1223 4216 honnêtes
1255 4174 1300 4215 et
1323 4170 1539 4214 honora¬

409 4253 523 4296 bles.
552 4251 699 4294 Notre
718 4248 803 4292 but
819 4250 891 4291 est
922 4244 1321 4291 essentiellement
1344 4242 1540 4301 philan¬

408 4322 660 4382 thropique
686 4323 731 4367 et
751 4319 1148 4368 essentiellement
1172 4317 1338 4363 moral.

468 4410 532 4454 La
572 4408 848 4467 population
884 4407 1060 4451 décroît
1095 4416 1235 4462 parce
1256 4416 1346 4462 que
1368 4403 1408 4447 le
1432 4416 1539 4448 ma¬

407 4482 538 4535 riage
559 4484 630 4523 est
648 4479 832 4534 négligé
852 4490 862 4531 ;
883 4482 928 4522 et
951 4479 990 4522 le
1014 4479 1226 4535 mariage
1243 4480 1314 4523 est
1330 4476 1538 4534 négligé,

407 4562 549 4608 parce
570 4563 660 4607 que
686 4548 907 4593 l’homme
927 4551 1140 4606 emporté
1176 4563 1260 4607 par
1281 4550 1323 4595 le
1346 4551 1543 4594 tourbil¬

407 4622 484 4667 lon
508 4622 591 4667 des
622 4621 830 4673 affaires,
857 4620 932 4664 n’a
954 4632 1038 4676 pas
1059 4620 1100 4663 le
1124 4623 1278 4676 temps
1296 4621 1354 4664 de
1371 4621 1542 4663 s’arrê¬

408 4700 476 4742 ter
498 4708 615 4755 pour
636 4694 878 4739 combiner
899 4695 944 4736 et
972 4691 1198 4736 chercher
1229 4692 1331 4736 telle
1354 4703 1412 4735 ou
1437 4691 1540 4736 telle

410 4771 556 4814 union
578 4770 654 4826 qui
683 4768 894 4828 pourrait
920 4766 979 4810 lui
1006 4766 1246 4811 convenir.

467 4854 503 4897 Il
524 4854 602 4896 n’a
624 4868 711 4908 pas
731 4855 772 4898 le
794 4859 948 4912 temps
969 4860 1014 4900 et
1054 4870 1111 4900 ne
1133 4859 1243 4914 peut
1279 4868 1443 4913 passer
1461 4856 1543 4900 des

411 4926 531 4972 mois
551 4930 594 4968 et
616 4926 858 4980 peut-être
879 4927 962 4968 des
980 4929 1159 4970 années
1180 4931 1206 4970 à
1230 4928 1417 4972 décider
1440 4928 1544 4972 telle

412 5008 643 5060 personne
683 4996 708 5039 à
750 4996 974 5050 partager
1006 5007 1058 5038 sa
1088 4997 1159 5039 vie
1182 5008 1194 5050 ;
1220 4997 1247 5039 il
1274 5010 1330 5041 ne
1351 5004 1543 5044 connaît

412 5086 498 5128 pas
518 5072 626 5116 bien
664 5070 706 5113 la
740 5064 965 5110 situation
1000 5065 1056 5107 de
1095 5070 1215 5110 cette
1238 5080 1488 5122 personne,
1514 5068 1539 5111 il

410 5143 559 5186 hésite
591 5147 638 5186 et
673 5142 775 5187 finit
803 5151 888 5198 par
918 5149 1144 5180 renoncer
1167 5148 1228 5179 au
1264 5139 1479 5194 mariage
1498 5143 1545 5183 et

411 5225 460 5258 se
480 5212 696 5266 résigner
717 5214 743 5255 à
768 5214 895 5256 vivre
926 5208 1159 5254 d’amitiés
1182 5210 1480 5263 passagères.

471 5296 590 5345 Mais
610 5307 662 5339 ce
691 5294 767 5351 qui
806 5296 960 5340 arrive
984 5307 1103 5352 pour
1128 5291 1196 5337 les
1215 5290 1383 5348 jeunes
1404 5303 1539 5347 gens,

414 5374 567 5419 arrive
588 5370 695 5415 bien
719 5364 823 5425 plus
855 5378 1023 5410 encore
1044 5380 1162 5422 pour
1184 5366 1250 5410 les
1287 5376 1544 5423 personnes

413 5446 493 5499 qui
518 5447 663 5502 ayant
699 5439 772 5487 été
810 5436 945 5480 unies
980 5448 1072 5479 une
1100 5439 1332 5492 première
1369 5435 1457 5479 fois
1494 5448 1545 5479 se

416 5516 634 5558 trouvent
659 5518 757 5561 tout
779 5514 805 5558 à
828 5521 946 5565 coup
984 5507 1206 5551 désunies
1239 5522 1324 5564 par
1348 5508 1388 5552 le
1408 5508 1546 5551 décès

416 5586 472 5631 de
495 5584 620 5628 l'une
643 5587 818 5632 d’elles.

474 5666 624 5724 Après
654 5668 792 5711 s'être
826 5670 1094 5726 longtemps
1115 5662 1326 5706 abîmées
1347 5662 1468 5706 dans
1502 5664 1546 5706 la

416 5742 612 5787 douleur
639 5738 684 5780 et
717 5742 848 5783 avoir
881 5743 1002 5799 payé
1046 5751 1108 5784 un
1139 5734 1264 5795 juste
1306 5732 1452 5777 tribut
1492 5733 1547 5776 de

416 5815 590 5860 larmes
611 5811 638 5852 à
665 5807 847 5863 l’époux
883 5823 940 5854 ou
967 5815 992 5856 à
1023 5811 1228 5868 l’épouse
1251 5804 1466 5858 décédée,
1492 5803 1547 5846 ils

416 5887 602 5934 sentent
639 5880 743 5942 plus
766 5878 999 5924 vivement
1036 5883 1075 5927 le
1098 5885 1202 5928 vide
1224 5880 1303 5940 qui
1332 5875 1442 5923 s’est
1463 5874 1547 5918 fait

417 5964 589 6005 autour
626 5958 686 6003 du
726 5950 986 6000 survivant,
1032 5952 1086 5994 ils
1118 5959 1198 5998 ont
1238 5951 1400 5998 besoin
1438 5947 1547 5992 d’un

418 6043 550 6076 cœur
570 6031 664 6074 ami
702 6027 779 6088 qui
819 6022 885 6068 les
916 6020 1106 6063 console
1139 6035 1199 6066 ou
1235 6025 1301 6068 les
1335 6024 1543 6080 protège.

418 6103 480 6151 Ils
500 6102 711 6158 aspirent
732 6102 760 6143 à
782 6099 902 6146 cette
928 6092 998 6138 vie
1019 6092 1270 6146 tranquille
1287 6095 1484 6148 paisible
1506 6096 1551 6139 et

416 6175 670 6226 ntérieure,
704 6172 818 6215 faite
848 6163 1124 6215 d’intimités
1147 6163 1192 6206 et
1211 6161 1268 6204 de
1295 6164 1550 6208 confiden¬

1612 2003 1690 2035 ces
1718 2006 1808 2050 que
1847 1992 1891 2037 la
1927 1995 2051 2038 mort
2087 2006 2115 2038 a
2154 2004 2367 2050 rompue.
2407 1994 2536 2035 Dans
2576 2002 2628 2034 ce
2666 2002 2747 2032 cas

1614 2067 1835 2114 l’homme
1875 2082 1902 2112 a
1950 2067 2114 2112 besoin
2154 2068 2294 2111 d’une
2335 2065 2458 2110 amie
2496 2062 2650 2121 pleine
2690 2062 2746 2104 de

1613 2140 1743 2184 soins
1770 2145 1814 2186 et
1842 2141 1898 2184 de
1929 2140 2268 2184 dévouements
2291 2147 2302 2191 ;
2323 2139 2366 2182 la
2386 2137 2524 2181 dame
2546 2132 2746 2179 cherche

1615 2223 1679 2255 un
1700 2212 1901 2266 soutien,
1929 2223 1991 2255 un
2018 2214 2284 2270 protecteur
2323 2209 2368 2252 et
2391 2222 2456 2252 un
2479 2207 2600 2252 aide.
2628 2206 2748 2251 Mais

1612 2284 1672 2327 où
1712 2285 1902 2329 trouver
1923 2282 1967 2327 la
2012 2293 2244 2341 personne
2279 2279 2358 2338 qui
2392 2279 2604 2323 réunisse
2640 2280 2747 2320 tous

1614 2355 1680 2402 les
1720 2356 1990 2403 désidérata
2010 2356 2032 2402 ?
2053 2358 2119 2402 La
2139 2357 2262 2400 mort
2279 2354 2358 2411 qui
2382 2366 2408 2398 a
2430 2352 2469 2397 si
2503 2351 2746 2407 brusque¬

1615 2435 1743 2476 ment
1782 2432 2075 2487 interrompu
2116 2430 2157 2474 le
2190 2439 2330 2473 cours
2366 2426 2422 2471 de
2458 2427 2579 2471 cette
2615 2423 2746 2467 exis¬

1616 2505 1748 2547 tence
1767 2503 1930 2547 n’était
1953 2513 2039 2559 pas
2060 2502 2220 2546 entrée
2243 2500 2363 2543 dans
2380 2499 2448 2544 les
2480 2496 2658 2543 calculs
2691 2495 2748 2539 de

1615 2575 1658 2619 la
1680 2576 1751 2620 vie
1786 2587 2054 2620 commune.
2096 2575 2164 2620 Où
2203 2575 2391 2618 trouver
2430 2572 2474 2616 la
2514 2582 2747 2628 personne

1615 2648 1885 2695 réunissant
1906 2648 1972 2694 les
1994 2648 2260 2694 conditions
2283 2659 2399 2706 pour
2422 2658 2514 2691 une
2545 2643 2747 2690 seconde

1615 2723 1779 2768 union.

1677 2811 1736 2855 Le
1752 2808 1943 2868 journal
1973 2808 1984 2853 t
1990 2823 2015 2855 e,
2038 2808 2161 2854 Lien
2183 2807 2251 2852 du
2287 2805 2522 2864 Mariage
2562 2803 2677 2847 offre
2720 2803 2748 2846 à

1616 2884 1720 2927 tous
1744 2895 1835 2928 une
1871 2882 2098 2927 situation
2134 2878 2391 2925 semblable
2416 2881 2463 2922 et
2496 2876 2683 2932 lorsque
2704 2876 2747 2918 la

1615 2970 1846 3014 personne
1867 2955 2008 3014 qu'on
2047 2955 2199 2999 désire
2223 2964 2280 2998 ne
2316 2952 2383 3010 s’y
2403 2955 2567 2996 trouve
2590 2962 2693 3007 pas,
2719 2951 2746 2995 il

1612 3028 1689 3083 n'y
1706 3042 1731 3071 a
1749 3028 1854 3084 qu'à
1878 3027 2138 3072 s'adresser
2171 3027 2198 3071 à
2230 3024 2449 3070 l'Office
2484 3026 2747 3067 Mondonet

1614 3102 1691 3156 qui
1715 3114 1742 3144 a
1765 3114 1827 3144 un
1849 3100 2004 3157 grand
2029 3100 2224 3143 nombre
2243 3098 2299 3141 de
2330 3094 2648 3154 propositions
2667 3092 2745 3148 qui

1614 3185 1672 3216 ne
1691 3171 1898 3230 figurent
1920 3184 2007 3230 pas
2028 3171 2148 3215 dans
2170 3182 2247 3216 ces
2268 3168 2507 3214 colonnes.

1674 3259 1816 3302 Notre
1834 3256 2023 3312 journal
2060 3271 2086 3300 a
2110 3268 2228 3314 pour
2250 3255 2332 3299 but
2348 3251 2555 3297 d’ouvrir
2576 3248 2622 3293 la
2643 3247 2746 3293 voie

1612 3327 1869 3371 honorable
1903 3328 1959 3371 de
1995 3328 2039 3370 la
2077 3327 2251 3371 société
2288 3327 2314 3368 h
2358 3328 2484 3368 toute
2514 3334 2747 3379 personne

1613 3399 1691 3456 qui
1710 3411 1759 3444 se
1780 3402 1947 3445 trouve
1968 3399 2088 3443 dans
2109 3395 2299 3456 pareille
2320 3396 2564 3442 situation.

1698 3548 1838 3588 Rôle
1871 3548 1949 3588 du
1988 3564 2006 3585 «
2043 3546 2184 3590 Lien
2212 3545 2291 3589 du
2323 3543 2582 3598 Mariage
2620 3556 2639 3579 »

1670 3678 1804 3722 Nous
1825 3687 2088 3734 proposons
2123 3674 2192 3718 les
2232 3686 2492 3730 personnes
2512 3686 2627 3716 avec
2647 3672 2748 3715 leur

1612 3751 1839 3796 situation
1879 3748 1936 3794 de
1975 3747 2155 3792 fortune
2187 3747 2232 3789 et
2278 3745 2335 3788 de
2371 3742 2603 3796 moralité,
2627 3755 2747 3787 nous

1615 3822 1791 3866 faisons
1824 3823 1890 3867 les
1927 3820 2202 3874 demandes,
2232 3816 2510 3862 abouchons
2544 3816 2610 3859 les
2632 3828 2746 3872 per¬

1614 3908 1787 3942 sonnes
1826 3898 1871 3940 et
1910 3897 2116 3939 mettons
2145 3908 2203 3940 en
2227 3892 2450 3951 présence
2483 3889 2550 3935 les
2571 3887 2742 3932 futurs.

1613 3970 1746 4016 Nous
1766 3981 1972 4015 sommes
1994 3967 2060 4012 les
2095 3966 2474 4012 intermédiaires
2512 3962 2595 4007 des
2634 3974 2747 4019 pre¬

1617 4044 1784 4087 mières
1823 4047 2090 4096 entrevues,
2128 4037 2346 4097 toujours
2383 4040 2478 4083 très
2515 4038 2748 4094 gênantes

1614 4116 1660 4156 et
1699 4116 1792 4158 très
1812 4115 2035 4158 délicates
2058 4127 2176 4168 pour
2198 4114 2280 4155 des
2303 4122 2563 4167 personnes
2583 4110 2660 4163 qui
2698 4121 2747 4151 se

1615 4183 1771 4226 voient
1799 4195 1918 4239 pour
1939 4183 1983 4226 la
2024 4183 2255 4238 première
2295 4179 2395 4222 fois.
2430 4180 2560 4222 Nous
2594 4178 2744 4220 résol¬

1615 4267 1732 4300 vons
1776 4255 1945 4298 autant
1983 4264 2075 4310 que
2117 4250 2319 4309 possible
2377 4250 2444 4295 les
2494 4247 2748 4295 difficultés

1615 4331 1692 4389 qui
1716 4330 1920 4388 peuvent
1952 4339 2002 4372 se
2027 4326 2268 4384 présenter
2290 4324 2411 4368 dans
2446 4323 2490 4368 la
2519 4322 2744 4367 situation

1614 4403 1671 4447 de
1691 4403 1815 4447 l’une
1832 4398 2007 4447 d’elles.
2031 4399 2163 4445 Nous
2183 4410 2392 4444 sommes
2411 4396 2510 4442 leur
2534 4395 2748 4440 intermé¬

1615 4476 1762 4521 diaire
1791 4479 1836 4522 et
1876 4476 1975 4522 leur
2004 4475 2116 4519 ami.
2142 4474 2244 4527 Oui,
2271 4472 2370 4519 leur
2387 4471 2499 4526 ami,
2525 4483 2606 4515 car
2628 4482 2750 4515 nous

1614 4548 1923 4594 considérons
1943 4560 2128 4592 comme
2157 4546 2216 4591 tel
2255 4547 2387 4590 notre
2427 4544 2524 4588 rôle
2547 4555 2664 4600 pour
2683 4542 2723 4586 le
2727 4545 2751 4575 s

1616 4634 1876 4679 personnes
1907 4622 1984 4678 qui
2026 4631 2147 4664 nous
2182 4618 2414 4672 chargent
2451 4615 2511 4659 du
2548 4615 2655 4658 soin
2694 4615 2750 4660 de

1615 4694 1715 4739 leur
1736 4694 1899 4738 union.

1674 4779 1795 4823 Elles
1811 4779 2014 4836 peuvent
2027 4779 2239 4835 compter
2251 4787 2331 4822 sur
2346 4779 2479 4822 notre
2495 4774 2748 4819 discrétion

1615 4851 1825 4896 absolue.
1862 4851 2008 4897 Notre
2030 4850 2164 4895 office
2187 4852 2259 4895 est
2293 4862 2354 4895 un
2379 4848 2600 4893 tombeau
2631 4855 2751 4900 pour

1619 4925 1684 4970 les
1704 4927 1880 4970 secrets
1903 4924 1980 4982 qui
2004 4935 2125 4968 nous
2146 4927 2252 4968 sont
2275 4920 2464 4967 confiés.

1676 5014 1902 5064 Souvent,
1951 5013 2122 5062 même,
2166 5008 2207 5052 la
2240 5006 2469 5064 première
2506 5003 2751 5060 présenta¬

1619 5086 1714 5126 tion
1755 5096 1782 5126 a
1820 5084 1910 5126 lieu
1938 5094 2050 5124 sans
2080 5080 2348 5136 qu’aucune
2386 5076 2468 5120 des
2490 5075 2610 5119 deux
2647 5087 2751 5131 par¬

1618 5154 1706 5195 ties
1724 5153 1976 5195 connaisse
1997 5150 2040 5192 le
2062 5163 2175 5194 nom
2207 5150 2265 5192 de
2302 5148 2468 5194 l’autre
2487 5152 2532 5191 et
2554 5159 2675 5190 nous
2691 5157 2751 5188 ne

1619 5222 1684 5264 les
1704 5223 1883 5264 faisons
1902 5224 2147 5264 connaître
2173 5234 2264 5278 que
2291 5234 2372 5266 sur
2392 5220 2492 5264 leur
2512 5216 2724 5263 autorisa

1619 5293 1715 5337 tion
1738 5305 1976 5350 expresse.

1675 5381 1749 5424 Un
1766 5376 1954 5434 journal
1975 5390 2094 5431 pour
2110 5376 2350 5430 mariages
2367 5376 2488 5419 dans
2503 5387 2592 5419 une
2610 5374 2752 5431 petite

1619 5450 1723 5495 ville
1742 5451 1800 5492 où
1824 5450 1924 5491 tout
1944 5447 1984 5489 le
2011 5447 2184 5489 monde
2210 5459 2261 5489 se
2278 5449 2472 5491 connaît
2493 5448 2538 5492 et
2559 5450 2754 5490 connaît

1619 5520 1662 5563 la
1684 5519 1911 5562 situation
1932 5516 1988 5559 de
2010 5528 2096 5559 son
2135 5516 2304 5568 voisin,
2329 5518 2534 5563 n’aurait
2572 5530 2659 5574 pas
2698 5519 2754 5562 de

1619 5591 1776 5636 raison
1807 5588 1968 5642 d’être,
1992 5587 2115 5630 mais
2136 5588 2256 5632 dans
2294 5600 2386 5632 une
2424 5588 2608 5643 grande
2630 5589 2751 5643 ville,

1619 5674 1802 5708 comme
1835 5662 1879 5704 la
1918 5662 2065 5714 nôtre,
2106 5659 2164 5702 où
2202 5656 2388 5702 chacun
2430 5662 2574 5715 pense
2616 5662 2644 5703 à
2680 5672 2755 5703 ses

1619 5735 1811 5780 affaires
1830 5736 1876 5777 et
1903 5744 2000 5775 non
2022 5732 2048 5774 à
2063 5728 2204 5774 celles
2221 5727 2277 5772 de
2298 5742 2376 5774 ses
2394 5730 2574 5774 voisins
2596 5742 2607 5784 ;
2630 5734 2676 5775 et
2694 5734 2755 5776 où

1620 5807 1727 5849 bien
1748 5806 1949 5850 souvent
1971 5803 2036 5847 les
2060 5802 2304 5846 habitants
2324 5800 2381 5843 de
2402 5799 2445 5843 la
2470 5803 2623 5844 même
2640 5803 2755 5846 mai¬

1619 5888 1704 5919 son
1727 5888 1786 5919 ne
1819 5888 1868 5919 se
1904 5874 2210 5919 connaissent
2248 5883 2334 5927 pas
2352 5872 2483 5915 entre
2500 5881 2606 5924 eux,
2632 5872 2660 5915 il
2684 5876 2755 5918 est

1620 5946 1886 5989 nécessaire
1926 5943 2037 5988 d’un
2090 5945 2182 5987 ami
2229 5940 2440 5998 général,
2495 5939 2607 5984 d’un
2660 5944 2752 5987 ami

1620 6027 1842 6063 commun
1866 6014 1942 6071 qui
1965 6020 2206 6072 groupant
2249 6013 2368 6056 dans
2390 6023 2453 6055 un
2494 6015 2628 6058 vaste
2664 6027 2755 6058 en¬

1623 6087 1815 6142 semble,
1839 6087 1905 6130 les
1942 6084 2084 6130 offres
2122 6090 2166 6130 et
2206 6086 2272 6128 les
2313 6083 2590 6136 demandes,
2618 6095 2756 6129 com¬

1624 6166 1731 6210 bine
1751 6159 1815 6207 lui
1853 6161 2006 6204 même
2027 6156 2094 6202 les
2128 6155 2398 6210 situations,
2426 6154 2492 6200 les
2522 6157 2656 6210 âges,
2690 6155 2756 6199 les

2822 1988 2980 2041 goûts,
3022 1983 3087 2028 les
3120 1980 3314 2036 figures,
3372 1979 3439 2024 les
3490 1978 3704 2022 fortunes
3742 1978 3787 2019 et
3836 1976 3962 2022 fasse

2823 2058 2884 2101 lui
2922 2060 3076 2100 même
3100 2054 3167 2099 les
3188 2051 3508 2111 propositions
3541 2048 3607 2094 les
3647 2048 3754 2106 plus
3798 2051 3959 2092 sorta-

2822 2128 2938 2172 bles.

2879 2212 2960 2256 Cet
2983 2211 3075 2254 ami
3099 2220 3339 2259 commun,
3365 2206 3479 2252 c’est
3500 2204 3665 2251 l’office
3687 2204 3960 2259 Mondonet,

2820 2285 2864 2337 6,
2891 2286 2923 2327 B
2925 2282 2939 2303 d
2975 2283 3031 2327 de
3052 2282 3095 2326 la
3119 2279 3428 2336 Magdeleine,
3467 2278 3580 2323 c’est
3612 2278 3651 2322 le
3687 2275 3878 2335 journal
3920 2276 3962 2321 le

2822 2354 2948 2398 Lien
2971 2355 3038 2398 du
3068 2351 3306 2410 Mariage
3327 2350 3406 2408 qui
3434 2352 3504 2394 est
3526 2362 3612 2394 son
3636 2350 3900 2394 auxiliaire.

2879 2439 3093 2483 Pendant
3115 2438 3386 2493 longtemps
3409 2432 3439 2478 il
3477 2447 3504 2478 a
3543 2434 3690 2478 existé
3727 2446 3819 2478 une
3855 2434 3964 2491 pré¬

2824 2512 3012 2558 vention
3036 2511 3130 2555 très
3161 2510 3387 2566 marquée
3420 2509 3583 2551 contre
3611 2506 3679 2551 les
3717 2506 3963 2560 mariages

2823 2586 2915 2630 dits
2930 2586 2986 2630 de
3010 2582 3316 2643 proposition,
3342 2593 3403 2624 on
3428 2579 3604 2625 voulait
3627 2592 3678 2624 se
3702 2578 3963 2636 persuader

2824 2659 2934 2717 qu’il
2967 2672 3024 2703 ne
3055 2656 3249 2716 pouvait
3270 2655 3410 2699 sortir
3430 2652 3511 2696 des
3530 2664 3740 2708 agences
3767 2664 3858 2710 que
3880 2652 3963 2697 des

2824 2732 3062 2787 mariages
3082 2730 3363 2787 disparates.

2882 2819 2952 2860 En
2975 2816 3076 2860 face
3099 2814 3180 2859 des
3211 2814 3435 2858 résultats
3475 2812 3739 2856 contraires
3760 2811 3966 2856 obtenus

2827 2902 2911 2946 par
2964 2902 3042 2934 ces
3104 2887 3334 2942 bureaux,
3376 2897 3439 2929 on
3496 2887 3567 2928 est
3607 2883 3724 2928 sorti
3752 2883 3964 2940 complè¬

2824 2964 3000 3006 tement
3038 2961 3095 3004 de
3134 2962 3255 3003 cette
3306 2958 3600 3015 prévention.
3643 2956 3858 3001 L’estime
3899 2955 3962 2999 du

2826 3032 2980 3088 public
2999 3035 3069 3075 est
3091 3030 3390 3074 absolument
3404 3029 3597 3086 acquise
3618 3040 3715 3071 aux
3732 3039 3959 3082 agences,

2825 3115 2940 3159 pour
2963 3103 3005 3146 la
3028 3103 3186 3146 raison
3217 3102 3324 3144 bien
3359 3099 3543 3158 simple,
3569 3111 3660 3155 que
3681 3099 3748 3143 les
3770 3098 3963 3142 affaires

2822 3174 3014 3216 traitées
3035 3184 3120 3231 par
3154 3171 3280 3226 elles,
3308 3171 3347 3215 le
3387 3172 3495 3214 sont
3516 3170 3623 3226 plus
3660 3168 3962 3224 rapidement

2820 3248 2864 3290 et
2907 3246 3010 3302 plus
3050 3246 3307 3294 sûrement,
3332 3244 3378 3286 et
3416 3254 3476 3284 on
3520 3243 3631 3296 peut
3667 3240 3767 3283 dire
3804 3252 3895 3296 que
3919 3239 3959 3283 le

2822 3318 2927 3374 plus
2946 3319 3099 3372 grand
3140 3315 3336 3359 nombre
3379 3311 3459 3356 des
3496 3312 3755 3367 mariages,
3806 3315 3959 3355 même

2822 3390 2991 3443 riches,
3011 3392 3090 3434 ont
3112 3390 3185 3431 été
3203 3387 3306 3444 plus
3327 3399 3386 3431 ou
3407 3386 3560 3428 moins
3582 3385 3672 3428 mis
3692 3395 3775 3428 sur
3796 3382 3839 3426 la
3856 3383 3959 3427 voie

2826 3474 2907 3519 par
2930 3474 3015 3506 nos
3042 3471 3263 3516 agences.
3296 3459 3428 3503 Nous
3451 3468 3572 3499 nous
3591 3455 3880 3499 efforcerons
3902 3454 3959 3498 de

2823 3535 3014 3580 mériter
3034 3535 3154 3580 cette
3174 3534 3339 3578 estime
3359 3531 3422 3575 du
3447 3528 3603 3587 public
3624 3542 3683 3573 en
3700 3528 3959 3584 apportant

2823 3607 2942 3650 dans
2991 3607 3034 3648 la
3090 3604 3362 3648 conclusion
3404 3602 3486 3644 des
3534 3600 3724 3643 affaires
3765 3599 3810 3642 la
3852 3598 3960 3654 plus

2820 3678 3003 3732 grande
3038 3675 3332 3727 délicatesse,
3356 3672 3400 3716 la
3435 3671 3540 3727 plus
3562 3669 3745 3724 grande
3768 3669 3956 3726 probité

2820 3751 2864 3791 et
2886 3747 2930 3791 la
2952 3747 3206 3791 discrétion
3227 3746 3271 3788 la
3300 3744 3407 3800 plus
3428 3742 3639 3786 absolue.

2879 3834 2966 3876 Les
3016 3832 3168 3876 beaux
3218 3828 3442 3874 résultats
3499 3838 3590 3883 que
3642 3835 3762 3868 nous
3800 3835 3951 3867 avons

2819 3904 3019 3948 obtenus
3076 3914 3196 3946 nous
3229 3899 3471 3956 engagent
3507 3898 3535 3942 à
3570 3896 3792 3954 persister
3834 3894 3955 3938 dans

2822 3979 2942 4022 cette
2975 3976 3095 4031 voie,
3130 3974 3352 4032 espérant
3391 3983 3480 4031 que
3513 3971 3555 4014 le
3586 3968 3742 4027 public
3775 3966 3955 4011 voudra

2822 4052 2930 4096 bien
2951 4063 3071 4095 nous
3091 4048 3339 4095 continuer
3360 4057 3437 4091 ses
3458 4045 3647 4088 faveurs
3684 4043 3730 4087 et
3748 4051 3802 4084 sa
3834 4051 3950 4083 con¬

2822 4123 2990 4166 fiance.

2879 4208 2942 4251 Le
2975 4207 3101 4250 Lien
3143 4206 3211 4248 du
3245 4204 3482 4260 Mariage
3515 4203 3586 4246 est
3624 4201 3666 4245 le
3696 4199 3807 4245 trait
3851 4199 3955 4243 d’u¬

2822 4278 2932 4322 nion
2972 4278 3055 4322 des
3087 4275 3303 4328 familles,
3328 4287 3422 4319 non
3458 4272 3720 4316 seulement
3742 4271 3799 4316 de
3822 4273 3958 4315 notre

2822 4348 2942 4404 ville,
2970 4349 3090 4392 mais
3122 4359 3291 4392 encore
3330 4346 3412 4391 des
3435 4344 3720 4404 principales
3743 4343 3875 4389 villes
3898 4342 3954 4386 de

2822 4423 3000 4467 France
3036 4424 3079 4467 et
3115 4419 3171 4466 de
3214 4419 3470 4475 l’étranger
3506 4419 3566 4462 où
3600 4419 3734 4462 notre
3772 4415 3906 4459 office
3931 4427 3959 4456 a

2823 4495 2905 4542 des
2939 4492 3339 4552 correspondants
3370 4492 3582 4535 discrets.
3607 4491 3739 4534 Nous
3766 4487 3960 4543 présen¬

2824 4571 2931 4612 tons
2950 4568 3071 4611 donc
3094 4578 3184 4609 aux
3211 4566 3347 4621 pères
3373 4563 3429 4605 de
3447 4560 3623 4603 famille
3651 4558 3875 4603 soucieux
3896 4556 3954 4599 de

2824 4640 3018 4683 l’avenir
3039 4639 3095 4681 de
3120 4636 3245 4679 leurs
3266 4635 3453 4678 enfants
3475 4635 3580 4674 tous
3602 4631 3666 4674 les
3688 4630 3956 4682 avantages

2823 4708 2960 4767 qu’ils
2983 4720 3040 4752 ne
3062 4706 3306 4751 sauraient
3334 4706 3523 4747 trouver
3548 4700 3646 4744 s’ils
3684 4702 3792 4744 sont
3814 4698 3960 4742 livrés

2823 4783 2850 4826 à
2871 4783 3158 4826 eux-mêmes
3179 4779 3224 4820 et
3247 4776 3367 4820 dans
3391 4775 3431 4818 le
3451 4772 3600 4818 cercle
3622 4771 3678 4815 de
3698 4770 3823 4814 leurs
3842 4782 3958 4814 con¬

2823 4854 3100 4898 naissances
3119 4860 3130 4904 ;
3166 4862 3224 4892 en
3246 4848 3370 4903 effet,
3400 4844 3856 4902 indépendamment
3878 4840 3960 4885 des

2824 4927 3089 4971 références
3111 4923 3362 4977 certaines,
3392 4921 3446 4963 ils
3482 4919 3563 4962 ont
3586 4918 3624 4960 le
3646 4915 3783 4960 choix
3808 4912 3959 4971 parmi

2826 5012 2867 5056 je
2890 4999 3043 5057 grand
3067 4996 3260 5041 nombre
3302 4994 3358 5036 de
3380 4990 3699 5048 propositions
3722 4999 3810 5043 que
3838 4998 3958 5030 con¬

2824 5073 3035 5115 tiennent
3075 5070 3139 5111 les
3175 5066 3399 5109 colonnes
3427 5062 3484 5104 de
3519 5063 3654 5104 notre
3668 5056 3874 5115 journal,
3903 5055 3960 5099 ils

2824 5143 3028 5201 peuvent
3043 5139 3160 5183 faire
3180 5136 3380 5192 épouser
3402 5135 3428 5177 h
3447 5134 3573 5175 leurs
3589 5131 3779 5175 enfants
3796 5129 3840 5171 la
3861 5140 3962 5184 per¬

2824 5226 2972 5259 sonne
2991 5211 3128 5268 qu’ils
3144 5208 3350 5252 désirent
3363 5206 3452 5250 soit
3471 5216 3654 5247 comme
3675 5200 3954 5260 profession,

2826 5286 3027 5335 fortune,
3063 5279 3322 5332 caractère,
3363 5275 3564 5334 position
3606 5271 3776 5318 sociale
3818 5273 3862 5315 et
3904 5270 3962 5314 ils

2826 5372 2883 5403 ne
2918 5355 3241 5414 s’exposeront
3280 5363 3367 5408 pas
3404 5351 3428 5393 à
3470 5348 3570 5392 leur
3604 5347 3722 5391 faire
3758 5346 3962 5401 épouser

2827 5443 2919 5475 une
2954 5438 3187 5487 personne
3207 5424 3284 5480 qui
3324 5422 3422 5466 leur
3459 5431 3565 5463 sera
3605 5415 3958 5474 antipathique,

2827 5503 2916 5547 soit
2936 5514 3020 5559 par
3042 5511 3128 5543 son
3151 5499 3255 5551 âge,
3276 5495 3364 5536 soit
3402 5503 3519 5549 pour
3553 5494 3660 5534 tous
3691 5491 3852 5533 autres
3877 5487 3965 5532 dé¬

2830 5575 2954 5618 fauts
2974 5572 3051 5630 qui
3091 5570 3199 5614 sont
3232 5567 3400 5608 autant
3440 5562 3495 5607 de
3532 5574 3700 5606 causes
3740 5559 3798 5603 de
3822 5558 3963 5603 désu¬

2828 5647 2940 5690 nion
2962 5644 3082 5688 dans
3103 5638 3143 5685 le
3164 5638 3378 5691 mariage
3399 5637 3445 5680 et
3478 5632 3692 5678 finissent
3718 5643 3802 5689 par
3826 5643 3959 5675 ame¬

2828 5731 2911 5763 ner
2932 5718 2974 5762 le
2995 5715 3182 5760 divorce
3204 5712 3248 5756 et
3274 5710 3318 5754 la
3339 5707 3634 5767 séparation.

2888 5804 3018 5847 Dans
3050 5799 3115 5848 les
3147 5796 3366 5842 colonnes
3396 5792 3458 5836 du
3491 5792 3612 5835 Lien
3643 5789 3712 5834 du
3736 5788 3967 5843 Mariage

2828 5886 2887 5916 ou
2911 5875 2938 5916 à
2960 5872 3176 5919 l’Office
3195 5864 3474 5918 Mondonet,
3496 5864 3524 5907 6
3530 5866 3540 5918 ,
3564 5866 3598 5907 B
3600 5862 3614 5883 d
3632 5863 3690 5907 de
3706 5860 3750 5904 la
3774 5856 3964 5914 Magde¬

2828 5943 2966 5995 leine,
2998 5956 3058 5987 on
3082 5944 3191 6000 peut
3214 5944 3402 5986 trouver
3430 5935 3696 5980 facilement
3740 5943 3800 5975 un
3838 5940 3964 5983 gen¬

2828 6014 2928 6067 dre,
2952 6016 3015 6060 un
3054 6016 3207 6072 époux
3227 6023 3286 6066 Où
3307 6023 3400 6056 une
3421 6011 3595 6067 épouse
3623 6009 3650 6052 à
3687 6016 3770 6050 son
3800 6002 3885 6058 gré
3922 6004 3966 6044 et

2828 6098 2887 6129 en
2927 6090 3024 6130 tout
3067 6087 3196 6145 point
3235 6086 3474 6138 conforme
3518 6095 3608 6126 aux
3642 6078 3791 6123 désirs
3827 6072 3880 6119 de
3917 6072 3965 6118 la

2830 6168 3071 6212 personne
3091 6159 3118 6204 à
3139 6158 3335 6205 marier.
