4712 7064
2180 426 2260 470 LE
2299 424 2451 470 LIEN
2487 422 2575 469 DU
2613 420 2908 467 MARIAGE

819 606 891 646 481
908 605 991 646 bis.
1011 628 1053 634 —
1082 604 1207 655 Veuf,
1249 604 1325 654 âgé
1364 602 1414 642 de
1454 602 1502 640 55
1541 611 1631 650 ans,
1656 599 1895 651 négociant,

764 659 1005 708 épouserait
1042 670 1176 698 veuve
1217 670 1269 697 en
1309 664 1478 707 rapport
1498 655 1634 704 d’âge,
1656 664 1758 694 avec
1781 652 1899 691 avoir

768 715 820 752 de
848 713 987 763 15,000
1010 712 1063 752 fr.

816 802 906 841 483.
931 823 973 831 —
994 799 1262 846 Célibataire,
1304 800 1380 849 âgé
1402 799 1451 837 de
1474 798 1522 836 40
1547 808 1638 844 ans,
1682 806 1898 836 commer¬

762 860 874 899 cant,
924 855 1166 903 épouserait
1223 851 1490 902 demoiselle,
1554 852 1603 890 30
1652 860 1743 896 ans,
1794 858 1896 886 avec

764 908 912 958 20,000
936 906 986 945 fr.

815 1000 905 1040 484.
927 1023 976 1031 —
1014 999 1280 1051 Célibataire,
1311 1000 1387 1051 âgé
1408 999 1459 1037 de
1480 999 1530 1036 27
1553 1008 1644 1044 ans,
1668 993 1892 1046 bijoutier,

762 1055 931 1094 fortune
954 1054 1100 1100 30,000
1119 1054 1187 1102 fr.,
1212 1054 1451 1105 épouserait
1474 1050 1724 1090 demoiselle
1763 1051 1898 1099 ayant

764 1107 883 1147 avoir
902 1108 953 1147 de
974 1107 1120 1156 25,000
1142 1107 1197 1148 fr.

815 1196 907 1236 486.
931 1219 974 1225 —
1005 1196 1127 1246 Veuf,
1151 1198 1227 1244 âgé
1248 1196 1299 1234 de
1319 1194 1368 1234 58
1388 1203 1478 1239 ans,
1515 1196 1646 1243 ayant
1692 1189 1808 1237 1,800
1843 1189 1893 1228 fr.

762 1251 814 1290 de
835 1250 1002 1290 retraite
1039 1255 1078 1288 et
1116 1248 1264 1296 40,000
1296 1248 1347 1287 fr.
1372 1246 1422 1285 de
1443 1246 1632 1295 fortune,
1655 1242 1896 1295 épouserait

760 1315 911 1351 veuve,
935 1314 1031 1342 sans
1052 1300 1238 1350 enfants,
1262 1311 1364 1340 avec
1386 1299 1520 1338 avoir.

814 1390 906 1431 488.
928 1413 958 1420 -
975 1388 1244 1438 Célibataire,
1270 1386 1554 1434 mécanicien,
1579 1384 1627 1423 34
1647 1396 1737 1434 ans,
1762 1393 1896 1432 gagne

761 1444 784 1483 8
805 1444 855 1484 fr.
882 1456 954 1495 par
975 1442 1087 1492 jour,
1130 1442 1251 1490 4,000
1275 1442 1326 1480 fr.
1358 1439 1660 1486 d'économies,
1699 1447 1896 1486 espéran¬

762 1510 831 1537 ces
850 1498 900 1537 de
921 1507 986 1537 ses
1006 1503 1175 1547 parents
1194 1494 1343 1544 25,000
1365 1492 1435 1539 fr.,
1458 1491 1698 1539 épouserait
1727 1488 1898 1528 demoi¬

763 1550 865 1591 selle
884 1563 933 1591 en
956 1555 1127 1600 rapport
1147 1548 1281 1598 d’âge,
1303 1551 1435 1599 ayant
1462 1546 1604 1595 12,000
1627 1544 1679 1583 fr.

816 1640 908 1680 490.
926 1662 975 1668 —
995 1636 1263 1687 Célibataire,
1286 1636 1335 1675 27
1354 1647 1444 1683 ans,
1470 1636 1783 1674 contre-maître
1812 1643 1896 1672 aux

764 1693 1106 1744 appointements
1126 1691 1176 1730 de
1199 1691 1319 1738 6,o00
1343 1690 1411 1736 fr.,
1451 1687 1692 1739 épouserait
1730 1686 1896 1726 demoi¬

764 1746 867 1786 selle
887 1751 1019 1796 ayant
1038 1744 1107 1783 dot
1127 1743 1178 1783 de
1196 1742 1343 1791 50,000
1364 1742 1415 1781 fr.

816 1828 908 1868 494.
926 1850 977 1857 —
998 1826 1263 1875 Célibataire,
1302 1826 1351 1865 27
1374 1836 1463 1874 ans,
1488 1824 1689 1876 employé
1711 1822 1894 1863 d’admi¬

763 1882 1004 1931 nistration,
1028 1881 1136 1920 beau
1155 1891 1324 1932 garçon,
1349 1879 1532 1930 élégant,
1551 1878 1896 1930 appointements

764 1936 886 1984 2,500
908 1935 979 1982 fr.,
1000 1934 1240 1984 épouserait
1259 1932 1505 1974 demoiselle
1528 1938 1658 1984 ayant
1680 1930 1827 1979 60,000
1843 1928 1892 1968 fr.

819 2019 908 2059 501.
927 2041 977 2048 —
998 2016 1262 2067 Célibataire,
1287 2016 1334 2056 34
1357 2027 1446 2066 ans,
1476 2015 1678 2066 employé
1699 2014 1750 2053 de
1772 2023 1899 2051 com¬

767 2084 924 2120 merce,
948 2072 1068 2119 3,600
1091 2071 1143 2110 fr.
1182 2070 1580 2123 d’appointements,
1607 2068 1778 2107 fortune
1800 2078 1898 2117 per¬

766 2125 956 2166 sonnelle
978 2124 1098 2172 8,000
1119 2123 1190 2172 fr.,
1228 2123 1467 2175 épouserait
1500 2120 1750 2162 demoiselle
1772 2119 1823 2159 de
1846 2120 1895 2160 28

766 2180 788 2219 à
807 2180 855 2219 35
878 2190 966 2226 ans,
990 2183 1119 2230 ayant
1140 2179 1211 2218 dot
1231 2178 1281 2217 de
1304 2176 1447 2224 18,000
1470 2175 1522 2216 fr.

818 2261 910 2303 504.
931 2284 962 2291 -
999 2260 1263 2310 Célibataire,
1279 2259 1355 2311 âgé
1378 2259 1428 2299 de
1450 2259 1499 2298 30
1521 2271 1611 2310 ans,
1634 2265 1765 2310 ayant
1782 2255 1897 2307 posi¬

766 2315 854 2355 tion
881 2320 919 2355 et
940 2314 1106 2354 maison
1138 2312 1439 2354 commerciale
1478 2314 1620 2352 valant
1653 2311 1801 2358 60,000
1824 2308 1895 2347 fr..

767 2368 1006 2420 épouserait
1044 2367 1307 2419 demoiselle,
1331 2367 1380 2407 de
1420 2371 1544 2417 goûts
1580 2366 1803 2414 modestes,
1846 2362 1897 2403 de

764 2422 1008 2474 préférence
1030 2422 1270 2474 orpheline,
1294 2426 1425 2472 ayant
1447 2419 1593 2467 50,000
1614 2418 1663 2459 fr.

820 2508 911 2548 505.
930 2528 979 2536 —
1000 2506 1166 2546 Officier
1195 2503 1450 2544 ministériel
1479 2508 1610 2555 ayant
1652 2513 1734 2540 une
1771 2499 1896 2539 étude

766 2560 825 2600 lui
870 2566 1111 2611 rapportant
1144 2556 1470 2598 annuellement
1490 2556 1638 2603 40,000
1662 2556 1731 2602 fr.,
1755 2554 1894 2603 épou¬

763 2616 890 2654 serait
910 2611 1159 2653 demoiselle
1181 2620 1311 2663 ayant
1331 2610 1402 2651 dot
1423 2610 1474 2650 de
1495 2608 1669 2658 500,000
1691 2607 1746 2648 fr.

822 2696 912 2736 508.
931 2718 982 2725 —
1003 2695 1268 2744 Célibataire,
1287 2695 1338 2734 29
1359 2704 1451 2742 ans,
1485 2696 1728 2743 protestant,
1766 2694 1896 2739 ayant

768 2762 853 2791 une
875 2749 1100 2799 industrie,
1132 2748 1302 2788 fortune
1323 2758 1372 2787 en
1400 2746 1630 2796 propriétés
1649 2743 1798 2794 20,000
1820 2742 1893 2790 fr.,

767 2803 1006 2855 épouserait
1030 2800 1279 2842 demoiselle
1300 2802 1350 2840 de
1372 2802 1514 2839 même
1536 2798 1731 2848 religion,
1766 2802 1898 2847 ayant

767 2856 818 2896 de
844 2858 888 2898 10
910 2859 934 2896 à
959 2855 1102 2904 12,000
1125 2855 1178 2895 fr.

822 2939 912 2980 509.
931 2961 980 2968 —
1002 2938 1216 2987 Horloger,
1240 2938 1290 2976 28
1311 2947 1400 2980 ans,
1425 2934 1571 2984 établi,
1598 2935 1703 2974 beau
1726 2943 1894 2984 garçon,

767 2991 1009 3043 épouserait
1028 2991 1277 3031 demoiselle
1299 2994 1429 3041 ayant
1459 2988 1600 3035 10,000
1623 2988 1675 3028 fr.
1699 2987 1750 3027 de
1771 2986 1856 3026 dot.

819 3076 910 3115 515.
930 3098 979 3104 —
999 3074 1267 3120 Célibataire,
1290 3072 1339 3112 35
1362 3083 1451 3119 ans,
1475 3075 1606 3122 ayant
1627 3082 1708 3110 une
1731 3068 1896 3107 maison

768 3128 968 3170 meublée
1016 3132 1056 3167 et
1091 3126 1329 3179 liquoriste,
1371 3124 1611 3175 épouserait
1648 3120 1900 3163 demoiselle

768 3183 991 3232 possédant
1012 3182 1063 3220 de
1084 3182 1106 3220 3
1132 3186 1154 3219 à
1176 3179 1298 3227 4,000
1323 3179 1374 3218 fr.

823 3270 914 3311 516.
939 3291 980 3299 —
1006 3268 1272 3316 Célibataire,
1304 3267 1354 3307 35
1375 3276 1463 3313 ans,
1488 3263 1695 3315 pâtissier,
1719 3264 1900 3313 épouse-

767 3324 894 3363 serait
932 3320 1181 3362 demoiselle
1222 3332 1274 3359 ou
1319 3330 1467 3365 veuve,
1510 3316 1679 3367 jusqu’à
1719 3316 1768 3355 40
1807 3326 1898 3364 ans,

772 3383 903 3427 ayant
924 3375 974 3415 de
996 3375 1046 3414 30
1067 3375 1091 3412 à
1113 3373 1260 3423 60,000
1282 3372 1332 3411 fr.

825 3591 956 3634 Nous
1000 3587 1216 3631 donnons
1267 3584 1532 3630 ci-dessous
1578 3582 1803 3626 l'adresse
1847 3580 1904 3624 de

767 3657 878 3699 MM.
920 3654 988 3699 les
1023 3654 1230 3697 notaires
1263 3652 1319 3696 de
1355 3651 1400 3694 la
1431 3650 1536 3694 ville
1563 3648 1619 3692 de
1651 3646 1900 3703 Marseille,

767 3722 846 3778 qui
878 3731 1051 3776 pourra
1079 3723 1176 3763 être
1208 3718 1319 3763 utile
1350 3728 1468 3774 pour
1498 3715 1563 3759 les
1600 3715 1812 3758 contrats
1847 3713 1903 3756 de

768 3787 983 3842 mariage
1006 3800 1014 3828 :

820 3907 916 3946 MM.
954 3903 1159 3951 Sabatier,
1181 3915 1259 3942 rue
1279 3901 1464 3950 Paradis,
1495 3902 1555 3939 17.

957 3956 1179 4008 Raynaud,
1200 3967 1276 3994 rue
1300 3953 1484 3994 Paradis.
1506 3951 1573 3991 24.

954 4010 1131 4058 Gaudet,
1156 4019 1232 4047 rue
1256 4006 1438 4050 Paradis,
1461 4004 1527 4043 46.

955 4063 1154 4114 Gasquet,
1175 4072 1251 4099 rue
1269 4057 1454 4103 Paradis,
1479 4056 1544 4095 57.

954 4115 1155 4163 Ferraud,
1179 4124 1254 4152 rue
1276 4110 1460 4155 Paradis,
1484 4108 1550 4148 59.

955 4170 1109 4216 Brezet,
1134 4179 1207 4206 rue
1231 4163 1415 4211 Paradis,
1440 4163 1506 4202 68.

955 4223 1006 4262 de
1031 4222 1167 4271 Laget,
1190 4231 1266 4259 rue
1288 4215 1612 4262 Saint-Ferréol,
1638 4216 1678 4256 7.

955 4274 1227 4324 Delanglade,
1250 4284 1326 4312 rue
1344 4268 1671 4318 Saint-Ferréol,
1698 4269 1763 4309 29.

954 4330 1098 4376 Benet,
1120 4339 1197 4366 rue
1218 4326 1331 4363 Saint
1358 4323 1540 4368 Ferréol,
1563 4324 1629 4362 30.

956 4378 1201 4431 Provençal,
1225 4389 1299 4416 rue
1320 4374 1648 4423 Saint-Ferréol,
1674 4375 1744 4414 50.

955 4431 1178 4480 Bouteille,
1203 4442 1276 4468 rue
1297 4426 1619 4475 Saint-Ferréol,
1648 4427 1715 4466 52.

954 4486 1194 4535 Estrangin,
1218 4495 1292 4523 rue
1312 4479 1639 4528 Saint-Ferréol,
1663 4478 1732 4519 54.

956 4540 1158 4588 Jourdan,
1179 4550 1252 4578 rue
1275 4532 1599 4578 Saint-Ferréol,
1624 4532 1689 4574 59.

956 4596 1113 4647 Sayou,
1136 4604 1214 4632 rue
1234 4587 1560 4635 Saint-Ferréol,
1587 4587 1650 4627 78.

956 4648 1116 4695 Perrin,
1140 4660 1214 4687 rue
1238 4642 1499 4694 Montgrand,
1526 4642 1592 4683 38.

955 4700 1292 4749 Taxil-Fortoul,
1316 4711 1390 4739 rue
1415 4698 1675 4748 Montgrand,
1702 4696 1766 4736 48.

956 4757 1100 4806 Alliés,
1125 4767 1202 4796 rue
1220 4751 1482 4803 Montgrand,
1505 4751 1569 4791 62.

955 4812 1089 4858 Azaïs,
1114 4823 1188 4850 rue
1210 4809 1260 4849 de
1284 4807 1323 4846 la
1343 4806 1483 4852 Darse,
1507 4804 1543 4844 5.

955 4864 1151 4914 Laugier,
1175 4875 1251 4903 rue
1271 4862 1323 4901 de
1347 4859 1386 4899 la
1408 4858 1548 4907 Darse,
1572 4858 1640 4899 29.

958 4918 1182 4970 Raynaud,
1206 4928 1279 4956 rue
1300 4911 1502 4959 Noailles,
1526 4914 1566 4954 7.

838 4975 930 5015 MM.
960 4970 1180 5019 Dessuard,
1204 4981 1280 5010 rue
1300 4966 1502 5014 Noailles,
1532 4967 1590 5007 18.

959 5024 1150 5075 Laugier,
1174 5036 1247 5063 rue
1267 5021 1539 5067 Cantiebière,
1565 5022 1603 5062 5.

954 5078 1183 5126 Decormis,
1208 5088 1283 5116 rue
1303 5076 1505 5124 Grignan,
1531 5075 1596 5115 56.

954 5131 1079 5180 Lalil,
1103 5143 1179 5171 rue
1199 5130 1358 5176 Sainte,
1387 5128 1419 5167 1.

955 5184 1149 5233 Giraudi,
1171 5196 1296 5224 cours
1313 5182 1602 5232 Saint-Louis,
1627 5181 1664 5224 3.

956 5239 1097 5286 Blanc,
1118 5250 1192 5276 rue
1214 5239 1264 5276 de
1288 5236 1463 5283 l’Arbre,
1486 5236 1526 5274 9.

959 5290 1179 5337 Roubaud,
1204 5300 1279 5327 rue
1299 5290 1350 5327 de
1372 5287 1412 5326 la
1434 5287 1722 5338 République,
1750 5286 1812 5326 15.

956 5343 1103 5393 Gavot,
1127 5354 1202 5382 rue
1223 5341 1279 5380 du
1304 5342 1490 5390 Bausset,
1514 5339 1552 5379 4.

767 5830 796 5867 Il
819 5835 874 5866 est
895 5834 1031 5875 temps,
1054 5828 1171 5872 jeune
1192 5827 1283 5867 ülle.
1304 5828 1328 5863 il
1351 5827 1435 5863 faut
1455 5840 1528 5872 que
1552 5832 1594 5863 tu
1617 5832 1652 5864 te
1675 5830 1789 5871 lèves,

767 5891 829 5926 Dis
849 5890 960 5926 adieu
980 5898 1072 5934 pour
1092 5888 1264 5935 toujours
1279 5898 1354 5923 aux
1375 5887 1535 5932 plaisirs,
1555 5899 1631 5923 aux
1653 5887 1780 5924 beaux
1800 5886 1907 5922 rêves

960 5948 1014 5983 l)u
1038 5948 1143 5992 foyer
1163 5948 1336 5991 paternel
1361 5945 1369 5979 !

769 6008 896 6051 Quitte
919 6018 1014 6055 pour
1035 6007 1088 6043 les
1112 6006 1251 6047 soucis,
1276 6011 1314 6039 ta
1335 6003 1436 6050 gaîté
1459 6006 1542 6040 vive
1564 6010 1602 6042 et
1623 6005 1792 6049 franche,

768 6067 866 6104 Orne
890 6073 951 6103 ton
971 6067 1073 6102 front
1091 6066 1138 6100 de
1159 6064 1275 6099 fleurs
1295 6068 1331 6100 et
1354 6069 1450 6099 mets
1468 6070 1506 6099 ta
1528 6066 1614 6101 robe
1636 6063 1799 6100 blanche
1823 6074 1830 6098 :

962 6126 1124 6166 Marche,
1148 6124 1303 6160 marche
1324 6125 1345 6158 à
1364 6123 1495 6158 l’autel
1515 6123 1522 6156 !

1972 598 2139 640 Marche,
2163 596 2326 630 n’hésite
2350 595 2499 640 point...
2522 591 2658 638 abrège
2677 598 2713 626 ta
2736 591 2859 638 prière
2883 603 2891 633 ;

1972 656 2139 698 Marche,
2162 666 2203 690 va
2226 655 2406 700 jusqu’au
2433 653 2531 692 bout,
2553 663 2639 686 sans
2658 652 2755 696 jeter
2776 660 2822 686 en
2847 648 2987 684 arrière

2163 714 2240 750 Une
2262 715 2408 760 plainte
2431 723 2475 747 en
2499 712 2650 747 chemin
2675 711 2683 746 !

1972 776 2121 811 L’autel
2144 774 2456 820 resplendissant,
2476 771 2526 805 du
2548 770 2670 816 prêtre
2691 772 2822 807 attend
2847 769 2979 805 l’ulïice
3000 780 3008 809 ;

1972 836 2138 882 Regarde
2156 835 2163 870 !
2185 846 2226 870 ce
2247 835 2338 868 n’est
2362 844 2428 879 pas
2448 833 2547 867 celui
2570 830 2619 865 du
2639 831 2804 866 sacrifice
2826 843 2832 866 :

2160 894 2259 929 C’est
2278 894 2378 927 celui
2402 892 2447 927 de
2470 890 2656 936 l’hymen.

1971 996 2045 1031 Ton
2071 996 2245 1030 heureux
2274 992 2394 1027 fiancé
2415 991 2505 1040 déjà
2524 990 2646 1026 s’offre
2671 990 2690 1023 à
2712 991 2747 1024 la
2778 990 2891 1028 foule,

1970 1055 1995 1090 Il
2016 1060 2167 1099 compte
2187 1054 2242 1087 les
2262 1052 2427 1087 instants
2447 1051 2493 1084 de
2518 1050 2664 1084 l’heure
2686 1050 2750 1094 qui
2771 1049 2938 1083 s’écoule

2160 1112 2204 1147 Et
2223 1111 2286 1158 qui
2308 1122 2400 1146 aura
2424 1110 2499 1144 vite
2523 1110 2591 1144 fui.

1971 1174 1998 1207 11
2023 1177 2056 1207 te
2084 1170 2249 1207 cherche
2272 1169 2337 1204 des
2356 1180 2471 1214 yeux,
2491 1168 2614 1203 craint
2635 1167 2679 1201 de
2704 1172 2736 1200 te
2762 1164 2893 1210 perdre
2915 1174 3064 1206 encore,

1970 1231 2062 1266 Mais
2083 1240 2132 1265 un
2155 1234 2232 1263 mot
2254 1228 2388 1263 sortira
2407 1227 2452 1262 de
2480 1232 2518 1262 ta
2542 1226 2686 1261 bouche
2704 1235 2839 1259 sonore

2158 1288 2203 1323 Et
2224 1292 2263 1323 tu
2284 1298 2386 1323 seras
2408 1288 2428 1322 à
2451 1287 2522 1322 lui.

1971 1390 1998 1423 A
2020 1389 2087 1432 lui,
2112 1387 2402 1433 comprends-tu
2424 1386 2511 1422 bien
2534 1384 2551 1420 ?
2574 1395 2639 1430 par
2660 1394 2806 1426 amour,
2831 1394 2919 1419 sans
2940 1382 3050 1418 envie
3071 1394 3078 1423 ;

1968 1450 1997 1483 A
2018 1448 2087 1491 lui,
2110 1446 2175 1482 dès
2198 1450 2257 1482 cet
2279 1448 2435 1487 instant,
2461 1446 2482 1479 à
2503 1445 2641 1490 jamais
2662 1454 2759 1488 pour
2780 1444 2814 1478 la
2839 1443 2898 1478 vie

2158 1507 2211 1542 Tu
2233 1516 2296 1540 vas
2314 1511 2546 1551 appartenir.

1969 1569 1996 1603 A
2013 1568 2099 1614 quoi
2118 1567 2188 1603 bon
2208 1570 2355 1608 mettre,
2376 1566 2524 1604 enfant,
2544 1568 2608 1599 ton
2626 1572 2731 1599 cœur
2748 1562 2844 1598 dans
2862 1563 2898 1596 la
2915 1560 3071 1597 balance
3086 1559 3104 1594 ?

1969 1627 2202 1672 Qu’importe
2224 1626 2257 1660 le
2278 1624 2430 1671 mépris,
2454 1624 2488 1659 le
2508 1623 2623 1666 désir,
2644 1623 2679 1658 la
2700 1622 2915 1658 soulïranee

2159 1686 2222 1720 S’il
2244 1684 2364 1720 t’offre
2388 1695 2438 1719 un
2460 1694 2606 1720 avenir.

1970 1788 2202 1834 Qu’importe
2223 1787 2268 1822 de
2288 1791 2348 1823 ton
2372 1797 2478 1823 cœur
2506 1788 2556 1822 les
2578 1795 2712 1831 songes
2734 1783 2856 1831 pleins
2878 1783 3072 1827 d’ivresse,

1971 1848 1998 1884 11
2020 1851 2077 1884 est
2098 1847 2214 1890 riche,
2238 1847 2263 1882 il
2286 1846 2403 1891 suffit,
2428 1852 2581 1892 accepte
2604 1846 2639 1880 la
2659 1844 2856 1880 tendresse

2158 1907 2270 1944 Cette
2294 1906 2408 1942 fièvre
2429 1907 2614 1943 d’amour.

1971 1970 2026 2004 Du
2051 1967 2187 2005 monde
2204 1979 2291 2002 sans
2313 1968 2423 2008 mari,
2447 1975 2490 2001 tu
2510 1966 2626 2000 serais
2648 1966 2682 1999 la
2710 1964 2819 2004 risée,

1970 2027 2104 2068 Jeune,
2126 2035 2215 2060 avec
2239 2036 2288 2059 un
2310 2023 2420 2066 mari,
2447 2027 2486 2056 tu
2510 2032 2592 2057 sera
2608 2032 2615 2055 i
2635 2022 2835 2060 courtisée,

2162 2086 2227 2120 Ris
2244 2084 2295 2119 du
2319 2083 2458 2119 monde
2478 2083 2499 2119 à
2527 2088 2591 2119 ton
2616 2086 2712 2118 tour.

1972 2190 2022 2224 De
2043 2188 2167 2224 beaux
2188 2187 2355 2227 enfants,
2384 2186 2487 2222 rêvés
2508 2185 2602 2222 dans
2624 2189 2679 2220 tes
2697 2194 2851 2220 amours
2870 2182 3063 2228 candides,

1979 2278 2007 2287 ..
2027 2278 2034 2286 .
2067 2246 2355 2287 Reviendroont.,
2375 2258 2422 2282 au
2446 2248 2539 2285 sein,
2564 2244 2610 2279 de
2635 2250 2690 2279 tes
2710 2255 2850 2279 ennuis
2871 2243 3103 2290 splendides,

2160 2307 2309 2343 T’offrir
2330 2307 2415 2342 leur
2435 2306 2548 2341 blond
2570 2306 2700 2339 trésor.

1972 2368 2039 2404 Par
2059 2369 2159 2404 suite
2181 2378 2231 2402 un
2255 2371 2330 2402 sort
2353 2367 2515 2400 brillant
2535 2364 2616 2400 doit
2640 2363 2800 2399 t’échoir
2818 2372 2864 2398 en
2888 2366 3040 2408 partage
3063 2374 3070 2404 ;

1970 2428 2024 2463 Tu
2048 2439 2115 2462 vas
2136 2427 2240 2461 avoir
2256 2426 2413 2471 joyaux,
2436 2426 2568 2467 valets,
2593 2427 2736 2466 meute,
2762 2423 2962 2468 équipage,

2162 2486 2224 2522 Un
2246 2485 2343 2522 beau
2363 2484 2515 2524 litre...
2540 2489 2578 2520 et
2600 2483 2646 2518 de
2666 2484 2744 2519 l’or.

2022 2704 2212 2759 L’Office
2243 2703 2482 2743 Mondonet
2502 2703 2563 2740 est
2591 2704 2744 2739 ouvert
2767 2703 2865 2738 tous
2891 2699 2953 2737 les
2971 2698 3111 2749 jours

1971 2774 2024 2811 de
2042 2775 2071 2812 2
2092 2772 2249 2810 heures
2270 2772 2295 2807 à
2319 2770 2345 2807 8
2367 2766 2523 2807 heures
2543 2766 2604 2806 du
2635 2767 2727 2804 soir
2754 2768 2792 2803 et
2832 2766 2892 2803 les
2930 2762 3110 2802 diman¬

1971 2836 2067 2876 ches
2088 2839 2127 2875 et
2147 2834 2256 2887 fêtes
2276 2834 2330 2872 de
2354 2830 2378 2872 9
2400 2830 2555 2872 heures
2575 2834 2600 2869 à
2624 2830 2742 2868 midi
2747 2862 2755 2870 .

2033 3041 2445 3116 THÉÂTRES
2503 3050 2595 3111 ET
2655 3047 3051 3108 CONCERTS

2029 3257 2490 3298 Gran<l-Tliéâtre.
2515 3276 2564 3283 —
2596 3254 2647 3292 Le
2680 3252 2827 3292 drame
2859 3252 2908 3292 de
2930 3251 3107 3302 Sardou,

1976 3314 2059 3351 mis
2090 3324 2139 3351 en
2182 3310 2382 3360 musique
2416 3320 2488 3358 par
2527 3306 2760 3352 Palhadile,
2791 3306 2956 3356 Patrie,
2976 3306 3055 3358 qui
3084 3319 3108 3346 a

1975 3367 2042 3404 été
2062 3363 2195 3415 repris
2216 3363 2370 3411 depuis
2391 3362 2547 3399 bientôt
2568 3361 2723 3410 quinze
2743 3359 2878 3407 jours,
2915 3373 2938 3397 a
2958 3361 3026 3398 été
3051 3371 3107 3398 un

1978 3428 2172 3456 nouveau
2195 3415 2342 3455 succès
2363 3424 2468 3463 pour
2491 3410 2763 3460 l’intelligent
2792 3411 3007 3448 directeur
3027 3415 3067 3448 et
3086 3422 3108 3447 a

1978 3471 2195 3508 vivement
2231 3466 2434 3506 intéressé
2472 3463 2509 3502 le
2533 3463 2705 3514 -public.
2748 3462 2783 3500 Il
2822 3462 2879 3501 lui
2906 3475 2928 3502 a
2951 3462 3110 3513 permis

1977 3521 2208 3562 d’attendre
2263 3519 2303 3558 la
2361 3516 2611 3567 disparition
2673 3516 2724 3556 de
2782 3515 3108 3569 l’indisposition

1978 3578 2028 3616 de
2050 3576 2100 3615 M.
2128 3574 2308 3622 Alvarez,
2331 3571 2407 3623 qui
2429 3584 2451 3611 a
2472 3570 2636 3611 relardé
2671 3570 2709 3611 la
2731 3571 2886 3623 reprise
2926 3572 2981 3613 du
3026 3572 3113 3614 Roi

1980 3630 2097 3678 d'Ys,
2122 3628 2246 3680 opéra
2267 3627 2316 3666 de
2342 3626 2452 3674 halo,
2475 3627 2550 3679 qui
2572 3625 2659 3665 doit,
2690 3627 2807 3666 avoir
2830 3626 2913 3666 lieu
2936 3639 2983 3666 ce
3006 3627 3090 3664 soir

1982 3686 2028 3724 M.
2070 3683 2242 3723 Alvarez
2286 3680 2512 3732 reprendra
2552 3679 2588 3719 le
2630 3679 2716 3719 rôle
2756 3680 2810 3718 de
2843 3679 2987 3728 Myllo,
3011 3678 3108 3716 Mlle

1976 3736 2160 3778 Armand
2174 3735 2287 3776 celui
2306 3736 2355 3774 de
2374 3735 2587 3784 Margaret,
2610 3731 2803 3776 Ferrand,
2816 3730 2927 3768 celui
2943 3730 2998 3768 du
3014 3730 3090 3768 Roi

2030 3792 2084 3832 Le
2123 3791 2255 3832 début
2295 3790 2346 3827 de
2386 3787 2482 3826 Mlle
2523 3788 2630 3824 Marc
2638 3795 2684 3832 y.
2726 3782 2829 3820 dans
2873 3781 3027 3820 Bornéo
3070 3788 3107 3822 et

1978 3847 2168 3893 Juliette,
2192 3851 2252 3883 est
2273 3842 2375 3880 d’un
2400 3841 2590 3878 heureux
2618 3835 2786 3884 présage
2806 3847 2815 3884 ;
2840 3841 2955 3875 notre
2978 3836 3106 3875 chan¬

1979 3904 2093 3938 teuse
2115 3898 2252 3944 légère
2275 3891 2449 3942 possède
2491 3900 2547 3927 un
2587 3899 2742 3935 organe
2779 3890 2861 3927 très
2892 3888 3040 3937 souple
3068 3894 3108 3926 et

1981 3952 2060 3990 très
2080 3948 2184 3988 frais
2203 3959 2212 3995 ;
2235 3946 2335 3986 c’est
2349 3939 2563 3994 plusqu’il
2579 3939 2674 3979 n’en
2696 3940 2787 3979 faut
2809 3952 2912 3990 pour
2932 3939 3106 3981 réussir.

2034 4051 2315 4094 Gymnase.
2339 4064 2388 4070 —
2423 4042 2470 4080 M.
2495 4038 2856 4079 Simon-Jalabert
2876 4051 2899 4078 a
2919 4038 3106 4078 encaissé

1980 4100 2031 4140 de
2067 4100 2314 4139 fabuleuses
2352 4100 2527 4135 recettes
2564 4092 2666 4132 avec
2707 4091 2862 4131 Michel
2887 4092 3079 4143 8trogoiT
3094 4104 3102 4142 ;

1980 4155 2099 4206 après
2120 4157 2251 4192 trente
2274 4147 2627 4200 représentations
2651 4146 2687 4186 le
2708 4146 2854 4196 public
2872 4159 2922 4187 ne
2938 4158 2980 4187 se
3001 4147 3104 4186 lasse

1983 4219 2053 4259 pas
2090 4204 2319 4246 d’admirer
2359 4202 2418 4242 les
2458 4199 2700 4240 merveilles
2739 4199 2788 4239 de
2830 4200 2868 4239 la
2910 4203 3015 4240 mise
3054 4211 3106 4239 en

1979 4263 2102 4300 scène
2122 4266 2162 4300 et
2183 4258 2256 4296 des
2275 4258 2421 4295 décors
2442 4260 2481 4294 et
2501 4254 2721 4304 applaudit
2744 4254 2939 4305 l’hymne
2957 4254 3103 4299 Russe,

1979 4314 2081 4363 joué
2102 4315 2124 4350 à
2147 4312 2187 4349 la
2206 4311 2266 4347 fin
2286 4309 2338 4346 de
2363 4307 2403 4346 la
2427 4310 2556 4358 pièce.

2037 4368 2063 4406 A
2091 4364 2312 4404 l'occasion
2344 4360 2395 4399 de
2419 4358 2735 4399 l'anniversaire
2755 4359 2807 4398 de
2828 4358 2868 4396 la
2891 4359 3110 4399 naissance

1982 4419 2034 4456 de
2070 4416 2211 4456 Victor
2248 4415 2384 4462 Hugo,
2420 4411 2716 4462 aujourd’hui,
2742 4411 2933 4451 dernière
2968 4411 3110 4460 repré¬

1982 4472 2192 4511 sentation
2214 4468 2264 4507 de
2290 4464 2524 4519 liuy-Blas.

2035 4524 2123 4563 Aux
2160 4522 2362 4573 premiers
2394 4519 2526 4568 jours,
2555 4517 2591 4558 le
2631 4517 2848 4566 Capitaine
2882 4516 3104 4568 Valabran,

1987 4578 2099 4628 pièce
2122 4588 2172 4617 en
2192 4576 2214 4615 5
2235 4581 2362 4619 actes,
2382 4574 2432 4614 de
2456 4574 2504 4612 M.
2526 4572 2712 4622 Auguste
2728 4571 2883 4622 Marin;
2907 4574 2928 4611 à
2954 4571 3108 4611 l’étude

1983 4632 2020 4672 le
2074 4632 2176 4679 Répi
2182 4634 2315 4676 ment,
2364 4627 2499 4680 qu’un
2548 4628 2695 4667 succès
2740 4638 2838 4667 sans
2886 4626 3108 4679 précédent

1981 4683 2190 4727 accueille
2212 4684 2235 4722 à
2259 4682 2385 4722 Paris.

2036 4791 2299 4830 Variétés.
2325 4784 2371 4823 —
2394 4782 2570 4832 1/Aïoli,
2605 4782 2655 4822 de
2700 4784 2786 4823 MM.
2823 4782 3038 4823 Feautrier
3067 4788 3107 4823 et

1980 4847 2098 4898 Giry,
2126 4845 2164 4885 la
2184 4854 2314 4883 revue
2335 4839 2384 4879 de
2405 4839 2463 4877 fin
2487 4837 2678 4886 d’année,
2695 4848 2718 4874 a
2739 4848 2790 4875 eu
2818 4849 2872 4876 un
2899 4835 2980 4876 réel
3006 4847 3108 4875 suc¬

1980 4902 2071 4948 cès;
2111 4899 2168 4940 les
2206 4893 2538 4940 bouffonneries,
2583 4891 2642 4930 les
2680 4896 2790 4930 mots
2826 4888 2998 4941 d’esprit
3034 4890 3110 4942 qui

1983 4954 2174 5004 pétillent
2194 4952 2298 4990 dans
2318 4961 2386 4990 ces
2404 4952 2554 4999 quatre
2574 4949 2688 4983 actes
2720 4949 2792 4982 ont
2832 4944 2984 4983 amené
3023 4949 3111 4982 tout

1981 5004 2190 5048 Marseille
2211 5018 2291 5044 aux
2319 5002 2522 5043 Variétés.

2032 5062 2167 5109 Enfin,
2208 5058 2402 5098 dernière
2422 5056 2472 5096 de
2495 5053 2535 5095 la
2561 5052 2758 5100 Mascole,
2783 5052 2960 5092 tournée
2983 5049 3033 5090 de
3059 5050 3108 5091 M.

1979 5112 2149 5164 Simon;
2173 5112 2200 5151 Y
2204 5116 2273 5151 art
2294 5112 2343 5148 de
2366 5116 2560 5160 tromper
2600 5107 2662 5146 les
2706 5107 2902 5146 Femmes
2933 5110 2972 5145 et
3009 5104 3113 5143 chez

1982 5168 2180 5210 l’Avocat
2186 5199 2194 5218 ,
2238 5164 2411 5209 tournée
2448 5160 2639 5202 Frédéric
2678 5160 2842 5202 Achard
2867 5160 2876 5210 ;
2924 5158 3112 5199 Madame

1980 5222 2231 5276 Mongodm,
2255 5220 2292 5260 le
2325 5217 2459 5268 grand
2491 5215 2639 5255 succès
2676 5215 2735 5254 du
2777 5214 3028 5253 Vaudeville
3059 5214 3110 5252 de

1980 5276 2107 5325 Paris,
2132 5272 2503 5315 Cendrillounette
2540 5267 2580 5308 et
2624 5267 2703 5307 Mis
2739 5267 2908 5318 Üelyett
2914 5297 2923 5314 ,
2959 5267 3106 5314 opéras

1979 5330 2215 5380 comiques.

2034 5434 2279 5467 Aleazar.
2306 5450 2354 5455 —
2402 5427 2433 5465 À
2472 5427 2495 5467 8
2535 5422 2702 5474 heures,
2746 5422 2835 5462 Sur
2871 5420 2934 5460 les
2980 5419 3108 5467 Toits,

1981 5483 2137 5531 grande
2159 5480 2422 5532 pantomime
2442 5482 2466 5519 à
2487 5487 2615 5528 trucs,
2632 5478 2758 5528 jouée
2782 5488 2853 5526 par
2874 5474 2936 5515 les
2957 5472 3111 5513 Lauri-

1980 5535 2151 5584 Lauris;
2175 5535 2212 5573 Il
2231 5540 2296 5574 est
2319 5534 2367 5572 de
2388 5542 2426 5571 la
2450 5534 2613 5578 Police,
2657 5528 2912 5568 vaudeville.
2957 5527 3112 5568 Succès

1980 5588 2036 5627 du
2063 5589 2162 5638 petit
2183 5589 2279 5638 Bob,
2320 5587 2371 5626 de
2394 5586 2426 5623 M
2432 5591 2476 5607 me>
2496 5584 2646 5634 Taber,
2669 5580 2849 5630 Tullini,
2880 5582 2996 5621 Demi
3006 5592 3075 5619 ma
3100 5592 3109 5630 ;

1980 5642 2031 5680 de
2052 5643 2127 5680 MM
2164 5642 2311 5691 Castel,
2334 5640 2465 5688 Augé,
2490 5638 2666 5687 Moirou,
2692 5643 2771 5675 etc.

2032 5742 2546 5782 Palals-de-Crlstal.
2571 5759 2620 5767 —
2655 5734 2852 5775 Dernière
2888 5733 3110 5784 représen¬

1982 5795 2127 5842 tation,
2154 5800 2188 5831 le
2222 5792 2437 5832 Werbeck
2440 5824 2450 5842 ,
2486 5793 2525 5832 le
2558 5791 2619 5830 roi
2662 5791 2735 5828 des
2766 5787 3078 5826 illusionnistes
3098 5798 3106 5834 ;

1980 5848 2103 5887 Bruet
2124 5852 2164 5885 et
2183 5846 2348 5886 Rivière
2370 5847 2428 5886 les
2448 5844 2670 5885 duettistes
2691 5847 2786 5882 sont
2807 5839 3000 5889 toujours
3027 5839 3107 5879 très

1978 5902 2140 5944 aimés;
2166 5899 2324 5940 Marthe
2360 5900 2543 5950 Marlhy,
2595 5895 2843 5939 Frou-frou,
2888 5895 3100 5944 Fougère;

1979 5955 2040 5995 les
2078 5952 2319 5999 Dharviers,
2361 5952 2573 6001 Michelix,
2600 5950 2802 5999 comique
2827 5959 2836 5996 ;
2874 5954 3025 5999 troupe
3055 5950 3107 5988 de

1982 6006 2244 6059 pantomime
2262 6006 2402 6047 Blanc.
2428 6004 2462 6044 Il
2488 6018 2512 6057 y
2535 6016 2559 6043 a
2581 6004 2631 6042 de
2653 6003 2759 6042 bons
2779 6000 2959 6043 artistes.

3178 593 3423 706 ARMES
3474 593 3555 709 DE
3610 592 3871 709 CHASSE
3918 600 4007 708 ET
4066 600 4151 712 DE
4186 599 4311 711 TIR

3296 746 3598 808 /Réparations,
3639 738 3890 811 (Échanges,
3919 751 4188 814 Nettoyages

3186 843 3724 911 BERPiûBO
3778 864 3888 902 rue
3918 851 4198 911 Paradis,
4236 855 4310 905 32

3544 1022 4114 1083 Vendre

3184 1118 3424 1226 UNE
3512 1120 3848 1225 JOLIE
3944 1127 4312 1232 VILLA

3435 1258 3500 1298 Au
3535 1260 4048 1303 VALLON-DE-L’ORIOL

3178 1328 3238 1367 Au
3264 1331 3643 1375 rez-de-chaussée
3675 1348 3683 1375 :
3715 1335 3896 1384 cuisine,
3942 1336 4075 1386 salon,
4119 1339 4222 1380 salle
4263 1342 4314 1382 de

3232 1383 3368 1431 bains,
3404 1387 3529 1434 petite
3562 1387 3766 1431 chambre
3786 1390 3837 1431 de
3859 1391 4072 1439 débarras,
4098 1391 4208 1431 belle
4231 1400 4315 1434 ter¬

3231 1447 3343 1475 rasse
3366 1443 3405 1475 et
3427 1438 3575 1479 lavoir.

3178 1488 3240 1527 Ail
3266 1489 3451 1538 premier
3473 1504 3481 1530 :
3507 1494 3607 1532 trois
3627 1496 3808 1544 grandes
3828 1497 4056 1539 chambres
4082 1504 4120 1539 et
4143 1498 4313 1539 cabinet

3231 1544 3254 1580 à
3293 1543 3400 1589 côté,
3432 1543 3672 1595 poulailler,
3719 1549 3924 1600 lapinière
3958 1559 3996 1591 et
4040 1552 4227 1600 latrines,
4261 1564 4313 1591 en

3231 1596 3322 1636 face
3362 1597 3462 1636 trois
3500 1598 3636 1637 beaux
3676 1603 3799 1648 petits
3836 1602 3998 1647 jardins
4044 1606 4313 1656 complantés

3232 1651 3418 1691 d’arbres
3439 1650 3628 1692 fruitiers
3648 1659 3687 1692 et
3711 1652 3883 1702 treilles,
3908 1658 4038 1706 prises
4058 1660 4310 1711 d’arrosage.

3410 1730 3591 1770 Prix
3630 1739 3639 1772 :
3686 1730 3955 1779 14,000
3987 1735 4074 1775 fr.

3418 1885 3502 1931 A
3550 1887 4071 1936 VENDRE

3185 1971 3739 2044 petite
3837 1978 4307 2053 villa

3500 2072 3560 2112 Au
3595 2074 3994 2116 Vallon-de-l'Oriol

3411 2146 3617 2186 Prix
3648 2160 3659 2186 :
3694 2147 3955 2196 7,000
3994 2152 4090 2190 f*r.

3372 2290 3490 2343 A
3553 2292 3675 2344 V
3683 2294 4123 2352 endre

3191 2377 3475 2510 UNE
3531 2381 4315 2520 CAMPAGNE

3466 2534 3734 2584 QUARTIER
3766 2528 4030 2586 PÉRICARD

3215 2614 3322 2652 Aux
3346 2614 3542 2654 Plaines
3567 2616 3622 2655 de
3646 2615 3919 2664 Vergatier,
3943 2620 4122 2660 terroir
4143 2619 4282 2661 d’Aix

3235 2694 3501 2734 Contenance
3522 2707 3531 2734 :
3550 2696 3698 2744 22,000
3719 2698 3880 2738 mètres
3901 2698 4168 2750 complantés
4203 2704 4319 2743 d'ar¬

3183 2746 3279 2786 bres
3307 2746 3554 2788 amandiers
3587 2755 3627 2788 et
3650 2751 3795 2791 arbres
3824 2751 4034 2794 fruitiers.
4071 2754 4231 2793 Maison
4266 2758 4316 2795 de

3183 2811 3360 2850 paysan.
3383 2801 3590 2852 Arrosage
3612 2814 3686 2852 par
3708 2804 3746 2843 le
3768 2806 3910 2846 Canal.

3378 2954 3463 3023 A
3523 2956 4106 3031 VENDRE

3182 3056 3484 3111 TLTixe
3544 3070 4311 3126 campagne

3432 3147 3480 3208 A
3534 3148 4068 3215 SAINT-MARCEL

3286 3233 3581 3276 Ancienne
3632 3238 3880 3293 fabrique
3932 3243 3999 3284 de
4054 3245 4214 3287 tuiles

3488 3312 3594 3352 JOLI
3627 3315 3778 3355 POINT
3808 3316 3871 3353 DE
3904 3316 4002 3354 VUE

3187 3376 3387 3415 Très
3436 3379 3592 3415 fc>on
3642 3392 3849 3428 p»oTj.r
3903 3380 3975 3419 la
4031 3383 4318 3424 chasse

3282 3446 3688 3494 CONTENANCE
3723 3460 3731 3488 :
3767 3451 3936 3498 2-500
3970 3445 4215 3503 MÈTRES

3186 3514 3290 3570 Près
3314 3515 3351 3571 le
3374 3517 3559 3574 château
3583 3519 3633 3575 de
3659 3520 3715 3584 M,
3744 3521 3782 3578 le
3812 3524 4000 3592 marquis
4040 3526 4091 3579 de
4124 3527 4319 3580 Coriolis

3383 3676 3499 3730 -A-
3550 3678 4119 3740 Vendre

3191 3775 3473 3848 UNE
3533 3780 4307 3858 CAMPAGNE

3458 3875 3487 3915 A
3534 3876 4038 3922 SAINTE-MARTHE

3346 3941 3542 3980 Prix
3583 3952 3591 3982 :
3644 3943 4024 3986 100.000
4068 3948 4151 3987 fr.

3496 4104 3551 4168 A
3602 4104 3991 4174 VENDRE

3182 4204 3407 4253 Jolie
3434 4207 3662 4255 Villa
3692 4212 3742 4256 à
3770 4211 3851 4257 la
3883 4212 4311 4266 Corniche

3234 4287 3387 4327 Portail
3410 4293 3450 4327 et
3470 4288 3594 4336 grille
3625 4302 3675 4328 en
3711 4291 3774 4330 fer
3805 4291 3933 4342 forgé,
3969 4294 4158 4335 donnant
4191 4302 4316 4338 accès

3183 4350 3236 4378 au
3258 4339 3400 4390 jardin
3423 4340 3564 4391 planté
3579 4342 3628 4382 de
3646 4354 3740 4392 gros
3755 4345 3896 4386 arbres
3918 4344 4108 4387 formant
4128 4360 4309 4399 avenue,

3183 4403 3235 4430 au
3260 4393 3412 4432 milieu
3432 4392 3492 4444 jet
3512 4395 3539 4434 d
3555 4407 3634 4435 eau
3652 4412 3660 4443 ;
3687 4400 3710 4435 à
3731 4397 3879 4446 droite,
3907 4411 3963 4438 un
3985 4402 4093 4441 beau
4138 4403 4314 4453 pigeon¬

3184 4444 3278 4483 nier
3298 4451 3338 4484 et
3359 4445 3565 4496 bipinière
3584 4462 3594 4496 ;
3618 4448 3723 4489 dans
3747 4463 3828 4491 une
3858 4463 3962 4494 cour
3983 4455 4315 4508 indépendante,

3184 4499 3316 4548 grand
3358 4499 3584 4551 poulailler
3624 4508 3663 4542 et
3702 4506 3903 4555 greniers.
3939 4508 4184 4552 Habitation
4219 4526 4228 4553 :
4262 4526 4318 4554 au

3184 4552 3555 4595 rez-de-chaussée
3596 4568 3679 4597 une
3718 4560 3875 4608 grande
3915 4563 4098 4612 cuisine,
4123 4575 4206 4603 une
4236 4566 4318 4606 dé¬

3186 4618 3326 4659 pense,
3351 4619 3435 4648 lino
3455 4616 3630 4660 cavette,
3652 4623 3735 4654 une
3759 4615 3886 4665 petite
3907 4616 4024 4666 pièce
4047 4627 4152 4667 pour
4172 4616 4310 4667 bains,

3186 4674 3244 4700 un
3263 4663 3473 4704 vestibule
3494 4666 3749 4706 conduisant
3782 4679 3835 4707 au
3870 4670 3986 4707 salon
4027 4681 4127 4708 avec
4150 4669 4317 4708 chemi-

3184 4715 3342 4755 minée.
3383 4716 3444 4753 Au
3486 4720 3683 4766 premier,
3706 4719 3818 4758 deux
3846 4722 4027 4768 grailles
4058 4721 4198 4770 pièces
4219 4734 4316 4772 per¬

3184 4768 3279 4807 cées
3299 4768 3348 4807 de
3371 4769 3467 4819 cinq
3491 4768 3686 4818 fenêtres,
3717 4783 3800 4810 une
3836 4772 4040 4812 chambre
4074 4774 4125 4814 de
4162 4774 4318 4828 bonne,

3190 4820 3224 4859 le
3252 4826 3341 4859 tout
3375 4833 3424 4859 en
3459 4822 3611 4871 parfait
3649 4826 3747 4864 état.
3791 4823 3979 4875 Terrain,
4023 4829 4200 4872 environ
4240 4832 4319 4872 220

3188 4875 3355 4923 mètres,
3396 4874 3552 4922 grande
3600 4876 3844 4928 vérandha,
3894 4879 4052 4924 citerne
4100 4894 4138 4924 et
4187 4886 4319 4935 prises

3186 4926 3419 4975 d’arrosage
3436 4927 3492 4970 du
3516 4930 3652 4972 canal.
3675 4955 3726 4962 —
3747 4932 3842 4974 Prix
3866 4947 3872 4975 :
3903 4938 4079 4988 15,000
4104 4938 4158 4979 fr.

3188 5125 3279 5205 ON
3318 5124 3662 5208 DEMANDE

3187 5214 3243 5256 47,
3267 5224 3338 5250 rue
3358 5214 3408 5250 de
3431 5216 3470 5250 la
3490 5215 3648 5262 Darse).

3702 5123 3727 5158 à
3746 5123 3885 5167 placer
3907 5119 4039 5154 10,000
4059 5119 4108 5154 fr.
4131 5129 4180 5155 en
4203 5124 4316 5159 rente

3703 5170 3879 5213 viagère.
3914 5166 4047 5212 (Office
4083 5168 4312 5215 Mondonet,

3197 5332 3222 5368 h
3276 5321 3504 5385 PÉnCD
3550 5315 3704 5361 DÉBIT
3736 5327 3803 5363 DE
3832 5327 3968 5375 VINS,
4003 5332 4164 5369 chemin
4199 5328 4319 5366 d’En-

3192 5368 3228 5408 H
3276 5367 3506 5410 ULUlIi
3550 5374 3712 5416 doume,
3734 5378 3854 5421 après
3888 5379 4063 5418 fortune,
4099 5378 4204 5411 balle
4239 5378 4322 5411 ins¬

3186 5420 3383 5458 tallation,
3418 5419 3496 5454 bail
3528 5420 3551 5454 à
3582 5422 3756 5467 volonté,
3790 5426 3900 5471 loyer
3927 5427 3994 5460 450
4015 5424 4082 5467 fr.,
4117 5422 4136 5458 4
4163 5424 4315 5470 pièces,

3188 5468 3275 5512 prix
3299 5467 3407 5504 1.500
3423 5466 3475 5502 fr.
3498 5466 3625 5504 Office
3647 5471 3867 5510 Mondonet

3192 5611 3330 5691 UNE
3390 5612 3663 5696 MAISON

3710 5587 3733 5620 à
3767 5582 3916 5619 vendre
3951 5583 3975 5616 à
4012 5587 4124 5620 rente
4154 5587 4317 5634 viagère

3708 5639 3778 5665 sur
3812 5639 3889 5663 une
3918 5631 4031 5666 seule
4062 5632 4154 5681 tête,
4182 5638 4206 5672 à
4238 5638 4316 5672 En¬

3708 5678 3872 5711 dormie.

3190 5839 3328 5919 UNE
3390 5834 3663 5914 MAISON

3265 5940 3293 5959 m

3707 5806 3731 5840 à
3771 5806 3921 5843 vendre
3950 5810 3974 5846 à
4008 5815 4120 5848 rente
4150 5811 4314 5853 viagère

3707 5860 3779 5888 sur
3810 5863 3887 5890 une
3914 5859 4027 5894 seule
4047 5863 4142 5901 tète,
4163 5858 4186 5890 à
4206 5856 4267 5890 Me
4273 5866 4314 5890 ri¬

3708 5902 3831 5944 pent!.

3828 6018 3876 6050 Le
3898 6015 4034 6056 gérant
4054 6023 4065 6046 :
4089 6014 4234 6048 Bonal.

3184 6106 3295 6146 lmpr.
3312 6105 3470 6147 spéciale
3495 6108 3544 6143 du
3560 6111 3654 6144 Lien
3683 6114 3736 6144 du
3754 6109 3927 6149 Mariage
3930 6131 3939 6148 ,
3955 6110 4003 6146 11,
4019 6119 4083 6143 rue
4095 6112 4139 6144 de
4163 6114 4200 6147 la
4215 6114 4320 6146 Paix.
