4712 7064
2215 445 2294 492 LE
2332 444 2483 492 LIEN
2516 444 2604 491 DU
2640 443 2933 490 MARIAGE

878 619 968 659 484.
988 643 1038 648 —
1075 618 1338 667 Célibataire,
1367 618 1443 667 âgé
1463 616 1512 656 de
1532 616 1582 656 27
1604 627 1694 667 ans,
1718 615 1936 668 bijoutier,

824 674 995 712 fortune
1016 673 1160 718 30,000
1180 671 1247 720 fr.,
1271 672 1506 723 épouserait
1527 670 1772 711 demoiselle
1808 675 1942 722 ayant

827 726 943 766 avoir
963 726 1012 765 de
1033 725 1179 774 25,000
1200 724 1254 764 fr.

880 806 1302 856 4S8,—Célibataire,
1326 807 1604 857 mécanicien,
1628 807 1675 847 34
1695 819 1783 857 ans,
1808 818 1940 856 gagne

828 861 851 900 8
871 860 920 899 fr.
947 872 1018 911 par
1036 860 1148 911 jour,
1188 859 1307 908 4,000
1329 860 1379 901 fr.
1410 861 1707 910 d'économies,
1744 871 1939 911 espéran¬

828 925 896 954 ces
916 914 966 952 de
984 925 1048 954 ses
1070 921 1232 963 parents
1252 915 1395 965 25,000
1419 915 1486 963 fr.,
1510 913 1746 964 épouserait
1776 911 1943 952 demoi¬

830 966 931 1006 selle
948 978 996 1006 en
1020 972 1186 1018 rapport
1204 967 1335 1019 d’âge,
1358 974 1487 1021 ayant
1514 968 1654 1018 12,000
1676 968 1727 1007 fr.

882 1050 971 1090 494.
989 1074 1038 1079 —
1059 1050 1318 1102 Célibataire,
1355 1053 1403 1092 27
1426 1063 1514 1100 ans,
1538 1051 1736 1104 employé
1757 1047 1939 1090 d’admi¬

829 1104 1064 1155 nistration,
1087 1104 1194 1144 beau
1211 1116 1378 1159 garçon,
1402 1105 1582 1156 élégant,
1601 1104 1942 1156 appointements

829 1158 948 1206 2,500
970 1158 1039 1207 fr.,
1060 1159 1294 1209 épouserait
1312 1159 1556 1200 demoiselle
1579 1163 1707 1211 ayant
1728 1156 1875 1204 60,000
1890 1154 1941 1194 fr.

882 1240 971 1282 504.
994 1264 1035 1271 —
1058 1241 1320 1292 Célibataire,
1335 1241 1411 1295 âgé
1432 1242 1482 1282 de
1503 1242 1552 1282 30
1574 1254 1664 1291 ans,
1686 1247 1815 1291 ayant
1832 1236 1947 1288 posi¬

831 1294 919 1335 tion
943 1300 982 1335 et
1003 1295 1165 1336 maison
1195 1295 1492 1336 commerciale
1528 1295 1672 1336 valant
1704 1292 1850 1340 60,000
1874 1291 1944 1328 fr..

830 1350 1064 1399 épouserait
1103 1348 1362 1400 demoiselle,
1386 1350 1435 1388 de
1474 1352 1596 1399 goûts
1631 1347 1853 1394 modestes,
1895 1343 1947 1380 de

830 1402 1069 1453 préférence
1090 1403 1327 1455 orpheline,
1350 1408 1479 1455 ayant
1500 1403 1646 1451 50,000
1666 1400 1716 1441 fr.

882 1487 971 1527 505.
990 1510 1038 1515 —
1059 1486 1223 1527 Officier
1251 1486 1503 1527 ministériel
1531 1490 1662 1536 ayant
1704 1492 1787 1522 une
1822 1476 1947 1519 étude

831 1539 891 1580 lui
931 1546 1170 1592 rapportant
1202 1540 1523 1580 annuellement
1542 1538 1690 1586 40,000
1716 1535 1783 1580 fr.,
1807 1534 1945 1582 épou¬

828 1595 952 1634 serait
972 1594 1216 1635 demoiselle
1238 1604 1366 1646 ayant
1386 1594 1456 1633 dot
1476 1594 1527 1632 de
1550 1588 1722 1639 500,000
1746 1586 1799 1626 fr.

883 1676 971 1717 508.
990 1700 1039 1706 —
1059 1675 1322 1728 Célibataire,
1342 1676 1391 1717 29
1413 1687 1503 1724 ans,
1538 1673 1779 1724 protestant,
1819 1668 1949 1715 ayant

832 1742 916 1770 une
935 1730 1159 1780 industrie,
1187 1731 1356 1770 fortune
1377 1742 1430 1769 en
1454 1727 1683 1779 propriétés
1703 1720 1850 1769 20,000
1874 1719 1946 1764 fr.,

831 1784 1066 1834 épouserait
1088 1784 1335 1824 demoiselle
1355 1784 1405 1823 de
1427 1783 1568 1820 même
1590 1775 1785 1827 religion,
1820 1778 1952 1823 ayant

832 1836 883 1876 de
906 1838 951 1877 10
972 1839 995 1876 à
1020 1838 1162 1886 12,000
1184 1838 1238 1878 fr.

884 1919 974 1961 509.
990 1943 1039 1949 —
1060 1919 1274 1971 Horloger,
1296 1919 1347 1959 28
1368 1928 1458 1966 ans,
1483 1912 1630 1963 établi,
1655 1914 1763 1952 beau
1783 1918 1950 1959 garçon,

831 1974 1068 2023 épouserait
1088 1972 1335 2015 demoiselle
1357 1975 1487 2023 ayant
1516 1967 1659 2015 10,000
1682 1966 1734 2004 fr.
1758 1962 1808 2001 de
1828 1960 1914 1999 dot.

883 2058 972 2098 515.
990 2080 1039 2087 —
1059 2056 1327 2104 Célibataire,
1348 2054 1399 2095 35
1419 2063 1511 2100 ans,
1535 2051 1666 2100 ayant
1686 2056 1767 2086 une
1790 2042 1954 2081 maison

835 2111 1029 2152 meublée
1077 2116 1116 2150 et
1151 2110 1387 2162 liquoriste,
1432 2101 1672 2155 épouserait
1710 2095 1956 2137 demoiselle

832 2166 1051 2215 possédant
1072 2165 1122 2204 de
1143 2164 1164 2203 3
1190 2170 1212 2203 à
1234 2162 1356 2211 4,000
1379 2160 1431 2198 fr.

886 2248 972 2288 520.
1034 2270 1082 2278 —
1138 2244 1406 2291 Célibataire,
1448 2239 1498 2279 22
1539 2250 1643 2286 ans,
1692 2235 1862 2275 fortune
1906 2244 1956 2271 en

834 2303 1059 2352 propriétés
1098 2299 1271 2347 200,000
1294 2296 1364 2345 fr.,
1406 2294 1541 2334 désire
1579 2292 1758 2341 épouser
1795 2287 1958 2326 demoi¬

831 2355 932 2395 selle
950 2359 1079 2407 ayant
1106 2352 1275 2402 100,000
1299 2351 1352 2391 fr.

886 2439 975 2478 525.
999 2460 1048 2466 —
1079 2434 1343 2482 Célibataire,
1382 2430 1428 2470 34
1447 2439 1536 2475 ans,
1572 2424 1759 2471 caissier,
1776 2422 1894 2471 3,000
1909 2422 1956 2470 f.,

832 2491 1211 2543 d’appointements
1234 2519 1243 2536 ,
1290 2479 1532 2536 épouserait
1571 2475 1819 2519 demoiselle
1857 2486 1956 2514 avec

834 2544 980 2595 50.000
1000 2544 1056 2584 fr.

886 2629 975 2669 526.
1027 2648 1075 2656 —
1124 2622 1396 2671 Célibataire,
1447 2627 1599 2670 garçon
1650 2615 1699 2655 de
1751 2611 1955 2662 magasin,

834 2682 880 2722 33
903 2692 993 2730 ans,
1018 2679 1093 2719 150
1114 2678 1165 2718 fr.
1206 2688 1283 2728 par
1321 2673 1446 2722 mois,
1486 2668 1727 2720 épouserait
1764 2668 1958 2707 ouvrière

834 2747 930 2786 sage
951 2737 1080 2787 ayant
1096 2743 1170 2772 son
1192 2728 1410 2770 mobilier.

887 2819 976 2858 530.
1035 2838 1083 2844 —
1139 2811 1368 2862 Ingénieur
1407 2804 1672 2846 mécanicien
1695 2836 1704 2852 ,
1754 2803 1802 2842 35
1850 2814 1951 2851 ans,

832 2878 962 2923 ayant
999 2868 1108 2908 belle
1147 2863 1352 2906 situation
1378 2893 1386 2911 ,
1443 2858 1658 2910 plusieurs
1703 2856 1866 2896 brevets
1902 2856 1951 2895 de

834 2928 1002 2975 rapport
1039 2927 1079 2962 et
1115 2918 1303 2959 d’avenir
1346 2912 1635 2955 considérable
1659 2943 1668 2960 ,
1718 2910 1954 2961 épouserait

834 2975 1081 3018 demoiselle
1097 2984 1199 3014 avec
1219 2970 1339 3010 avoir
1358 2968 1408 3007 de
1430 2966 1576 3014 50,000
1598 2964 1649 3003 fr.

889 3056 980 3095 535.
1004 3077 1051 3083 —
1099 3050 1210 3091 Veuf
1232 3079 1241 3096 ,
1280 3047 1331 3084 52
1367 3054 1442 3084 ans
1466 3074 1475 3091 ,
1515 3042 1656 3091 12,000
1678 3041 1748 3088 fr.,
1784 3039 1959 3091 pension

836 3110 912 3150 600
945 3108 1022 3154 fr.,
1072 3114 1207 3156 gagne
1251 3100 1273 3139 5
1319 3099 1371 3137 fr.
1423 3107 1495 3146 par
1540 3095 1638 3146 jour
1662 3126 1671 3143 ,
1723 3094 1959 3144 épouserait

838 3174 971 3203 veuve
992 3171 1090 3200 sans
1110 3156 1278 3198 enfants
1295 3161 1396 3192 avec
1416 3148 1546 3189 avoir.

890 3244 979 3286 536.
1019 3265 1066 3271 —
1115 3236 1276 3278 Ancien
1307 3231 1532 3284 capitaine,
1566 3231 1614 3270 53
1654 3240 1742 3278 ans,
1787 3230 1959 3279 pension

836 3300 911 3340 550
932 3299 1001 3346 fr.,
1042 3303 1175 3345 gagne
1211 3289 1288 3328 700
1310 3287 1382 3336 fr.,
1423 3283 1659 3335 épouserait
1696 3282 1824 3334 petite
1864 3294 1959 3323 ren¬

834 3354 938 3394 tière
962 3360 1059 3391 sans
1078 3346 1261 3386 enfants.

891 3435 966 3475 537
1015 3455 1064 3460 _
1112 3424 1360 3467 Célibataire
1399 3420 1560 3467 établi,
1606 3420 1654 3460 35
1692 3430 1767 3460 ans
1792 3451 1799 3466 ,
1852 3419 1959 3460 beau

836 3486 1062 3538 magasin,
1098 3482 1268 3519 fortune
1302 3475 1450 3520 20,000
1482 3474 1551 3520 fr.,
1602 3471 1840 3522 épouserait
1888 3472 1963 3511 de¬

838 3538 1033 3583 moiselle
1054 3547 1106 3576 en
1128 3535 1296 3583 rapport
1316 3529 1434 3579 d’âge
1455 3534 1495 3566 et
1516 3524 1690 3564 d’avoir.

889 3626 981 3664 53g.
1003 3643 1054 3650 —
1091 3606 1362 3662 Célibataire,’
1395 3611 1445 3650 26
1467 3620 1558 3658 ans,
1599 3612 1887 3660 commerçant
1907 3619 1956 3647 en

839 3690 935 3730 gros
958 3710 966 3726 ,
1022 3672 1262 3725 épouserait
1299 3662 1545 3705 demoiselle
1586 3662 1784 3702 instruite
1830 3667 1962 3714 ayant

846 3731 988 3783 12.000
1010 3730 1062 3768 fr.

892 3814 982 3854 543.
1006 3834 1056 3841 —
1083 3802 1350 3849 Célibataire,
1391 3801 1466 3850 âgé
1506 3799 1556 3839 de
1592 3799 1639 3839 33
1663 3811 1752 3848 ans,
1794 3798 1963 3840 fortune

843 3867 988 3918 70.000
1017 3866 1087 3911 fr.,
1119 3870 1255 3911 gagne
1299 3855 1440 3903 10,000
1471 3854 1520 3894 fr.
1564 3866 1638 3904 par
1676 3866 1744 3900 an,
1786 3855 1964 3904 épouse¬

840 3922 919 3960 rait
939 3915 1187 3960 demoiselle
1208 3915 1340 3962 ayant
1360 3907 1507 3955 80,000
1534 3908 1583 3948 Ir.

898 4004 1044 4044 549._
1065 3994 1331 4040 Célibataire,
1355 3989 1406 4030 26
1426 3999 1516 4036 ans,
1539 3988 1708 4027 fortune
1728 3987 1875 4026 25.000
1896 3986 1965 4032 fr.,

843 4059 1087 4108 espérances
1120 4048 1279 4091 60.000
1299 4046 1368 4092 fr.,
1407 4046 1707 4092 commerçant,
1731 4039 1968 4088 épouserait

844 4108 1091 4152 demoiselle
1122 4101 1435 4152 commerçante
1456 4100 1586 4147 ayant
1619 4092 1760 4133 15.000
1782 4092 1832 4131 fr.

898 4195 988 4235 552.
1012 4216 1060 4223 —
1091 4187 1251 4230 Ancien
1272 4179 1499 4234 capitaine,
1523 4176 1643 4216 4.200
1666 4175 1718 4215 fr.
1742 4174 1792 4214 de
1814 4180 1966 4226 rentes,

847 4248 894 4288 56
931 4260 1022 4295 ans,
1062 4240 1300 4295 épouserait
1343 4246 1474 4277 veuve
1514 4242 1610 4272 sans
1647 4229 1826 4279 enfants,
1866 4242 1967 4271 avec

846 4303 963 4342 avoir
982 4310 1021 4340 et
1042 4299 1140 4340 bien
1163 4295 1322 4336 élevée.

900 4387 974 4427 553
1015 4407 1064 4415 _
1103 4379 1226 4428 Veuf,
1251 4378 1300 4418 65
1320 4387 1408 4423 ans,
1432 4368 1695 4423 agriculteur
1714 4367 1764 4408 de
1789 4367 1971 4418 premier

848 4442 964 4480 ordre
1003 4440 1174 4479 fortune
1195 4431 1343 4472 60.000
1364 4430 1434 4478 fr.,
1458 4423 1698 4476 épouserait
1716 4434 1850 4460 veuve
1871 4422 1971 4471 âgée

848 4495 898 4534 de
920 4494 1015 4544 plus
1035 4492 1086 4532 de
1107 4490 1156 4530 50
1176 4498 1266 4536 ans,
1290 4489 1419 4536 ayant
1439 4480 1560 4520 2.000
1587 4476 1638 4518 fr.
1670 4476 1720 4516 de
1744 4479 1894 4522 rentes,
1916 4486 1968 4512 ou

851 4559 980 4587 veuve
1018 4550 1148 4599 ayant
1183 4542 1234 4580 de
1266 4537 1446 4591 grandes
1476 4532 1719 4586 propriétés,
1743 4530 1884 4570 même
1918 4539 1971 4567 en

848 4600 1036 4652 Afrique.

903 4683 992 4724 558.
1017 4708 1065 4715 —
1103 4679 1351 4722 Célibataire
1376 4680 1507 4728 ayant
1531 4671 1762 4726 profession
1800 4666 1973 4710 libérale

855 4736 933 4775 très
967 4735 1187 4786 lucrative,
1227 4735 1398 4774 fortune
1440 4728 1587 4770 50.000
1620 4727 1692 4776 fr,,
1734 4723 1973 4777 épouserait

854 4788 1096 4830 demoiselle
1116 4795 1247 4842 ayant
1268 4788 1339 4828 dot
1363 4784 1531 4826 100.000
1552 4783 1604 4822 fr.

908 4871 997 4912 562.
1023 4896 1067 4902 —
1106 4872 1368 4921 Célibataire,
1392 4867 1442 4908 40
1463 4878 1551 4916 ans,
1575 4870 1706 4916 ayant
1739 4862 1972 4914 profession

858 4925 1030 4966 libérale
1051 4927 1130 4966 très
1149 4926 1371 4973 lucrative,
1389 4922 1628 4974 épouserait
1649 4915 1896 4959 demoiselle
1919 4927 1971 4955 en

855 4984 1022 5030 rapport
1040 4979 1171 5030 d’âge,
1195 4986 1323 5031 ayant
1345 4976 1518 5019 100.000
1538 4975 1591 5015 fr.

902 5081 1262 5089 -
1262 5075 1283 5096 >
1289 5080 1294 5092 .
1309 5076 1360 5095 ^
1360 5068 1451 5100 100
1451 5068 1464 5096 8
1466 5072 1564 5091 *-^
1564 5074 1912 5084 -

912 5140 1040 5183 Nous
1083 5139 1296 5183 donnons
1346 5137 1607 5183 ci-dessous
1652 5132 1874 5176 l’adresse
1916 5131 1972 5176 de

856 5199 966 5242 MM.
1007 5200 1071 5243 les
1107 5200 1310 5244 notaires
1342 5199 1398 5243 de
1431 5198 1477 5242 la
1506 5195 1610 5242 ville
1636 5195 1692 5239 de
1722 5192 1969 5250 Marseille,

857 5259 934 5310 qui
964 5270 1134 5311 pourra
1162 5262 1258 5300 être
1287 5259 1397 5300 utile
1428 5270 1542 5311 pour
1571 5255 1636 5298 les
1671 5256 1882 5298 contrats
1915 5254 1971 5296 de

859 5316 1069 5370 mariage
1091 5330 1100 5356 :

911 5398 1006 5436 MM.
1042 5398 1241 5447 Sabatier,
1263 5411 1338 5438 rue
1359 5397 1540 5447 Paradis,
1570 5396 1628 5434 17.

1044 5451 1259 5500 Raynaud,
1280 5464 1355 5491 rue
1376 5450 1556 5495 Paradis,
1579 5447 1644 5488 24.

1042 5503 1215 5551 Gaudet,
1238 5516 1311 5543 rue
1333 5504 1512 5550 Paradis,
1536 5503 1602 5543 46.

1043 5556 1236 5606 Gasquet,
1256 5570 1330 5595 rue
1348 5556 1529 5604 Paradis,
1553 5558 1618 5595 57.

1042 5608 1238 5656 Ferrand,
1260 5620 1334 5648 rue
1354 5608 1536 5655 Paradis,
1559 5608 1623 5648 59.

1044 5663 1194 5710 Brezet,
1218 5672 1291 5699 rue
1311 5662 1492 5711 Paradis,
1517 5663 1580 5700 68.

1044 5716 1092 5753 de
1118 5714 1252 5764 Laget,
1274 5724 1347 5752 rue
1370 5714 1687 5760 Saint-Ferréol,
1710 5715 1750 5754 7.

1046 5766 1311 5815 Delanglade,
1334 5777 1408 5805 rue
1424 5766 1746 5815 Saint-Ferréol,
1770 5767 1838 5808 29.

1044 5822 1124 5860 Ben
1131 5824 1184 5868 et,
1207 5831 1282 5858 rue
1303 5818 1616 5864 Saint-Ferréol,
1640 5820 1703 5859 30.

1043 5871 1285 5924 Provençal,
1307 5883 1382 5911 rue
1402 5870 1723 5922 Saint-Ferréol,
1747 5873 1815 5914 50.

1043 5926 1263 5974 Bouteille,
1284 5936 1360 5963 rue
1379 5923 1695 5974 Saint-Ferréol,
1723 5926 1787 5965 52.

1044 5979 1278 6027 Estrangin,
1302 5989 1375 6015 rue
1395 5975 1715 6023 Saint-Ferréol,
1739 5978 1806 6018 54.

1045 6032 1244 6080 Jourdan,
1266 6042 1339 6070 rue
1360 6028 1678 6075 Saint-Ferréol,
1703 6027 1766 6070 59.

1044 6091 1199 6139 Sayou,
1222 6096 1296 6124 rue
1316 6081 1636 6130 Saint-Ferréol,
1662 6082 1724 6121 78.

1047 6141 1203 6191 Perrin,
1226 6150 1299 6178 rue
1323 6135 1580 6183 Montgrand,
1606 6135 1672 6174 38.

2083 618 2172 657 MM.
2196 614 2527 663 Taxil-Fortoul,
2551 626 2626 654 rue
2648 614 2907 664 Montgrand,
2931 613 2995 655 48.

2196 671 2339 718 Alliés,
2363 680 2440 708 rue
2458 666 2716 717 Montgrand,
2740 667 2802 707 62.

2197 726 2330 772 Azaïs,
2355 735 2429 762 rue
2451 722 2500 760 de
2523 719 2562 759 la
2582 721 2720 768 Darse,
2743 720 2779 759 5.

2198 778 2392 827 Laugier,
2414 787 2491 814 rue
2511 775 2562 812 de
2583 774 2623 812 la
2643 774 2780 822 Darse,
2803 774 2867 815 29.

2200 830 2423 882 Raynaud,
2447 839 2520 866 rue
2540 826 2737 872 Nouilles,
2762 830 2798 868 7.

2200 882 2419 930 Dessuard,
2443 891 2518 920 rue
2538 879 2735 927 Noailles,
2765 881 2822 922 18.

2204 936 2392 984 Laugier,
2416 946 2490 972 rue
2510 934 2775 981 Cannebière,
2800 937 2836 976 5.

2199 986 2427 1035 Decormis,
2450 998 2524 1026 rue
2544 987 2742 1039 Grignan,
2766 990 2829 1030 56.

2203 1041 2306 1080 Lat.il
2315 1073 2322 1087 ,
2349 1052 2421 1079 rue
2442 1040 2595 1088 Sainte,
2622 1043 2655 1084 1.

2202 1093 2394 1139 Giraudi,
2415 1104 2539 1132 cours
2554 1094 2836 1146 Saint-Louis,
2860 1098 2898 1139 3.

2203 1147 2343 1195 Blanc,
2363 1159 2436 1186 rue
2458 1147 2508 1186 de
2531 1147 2700 1198 l’Arbre,
2724 1151 2760 1190 9.

2207 1200 2423 1247 Roubaud,
2448 1212 2522 1240 rue
2542 1202 2591 1242 de
2612 1202 2651 1243 la
2672 1203 2955 1255 République,
2982 1202 3043 1240 15.

2204 1252 2350 1304 Gavot,
2374 1266 2447 1294 rue
2468 1254 2523 1294 du
2546 1255 2728 1307 Bausset,
2752 1258 2790 1299 4.

2127 1416 2278 1486 LE
2343 1417 2414 1488 P
2415 1419 2712 1493 RINT
2713 1419 3032 1492 EMPS
3169 1347 3178 1487 !

2181 1580 2255 1620 Les
2276 1580 2407 1622 beaux
2427 1582 2540 1634 jours
2562 1598 2602 1627 se
2623 1586 2863 1632 succèdent,

2182 1634 2234 1674 Le
2256 1635 2407 1675 monde
2428 1650 2479 1678 en
2499 1644 2558 1679 est
2579 1640 2736 1681 témoin
2756 1652 2764 1689 ;

2186 1687 2212 1726 A.
2234 1687 2395 1739 l’espoir
2415 1690 2475 1731 les
2495 1704 2630 1734 cœurs
2651 1693 2800 1734 cèdent
2825 1706 2834 1731 :

2183 1740 2235 1779 La
2258 1743 2487 1795 printemps
2506 1747 2610 1787 n’est
2631 1758 2703 1796 pas
2724 1744 2828 1784 loin.

2184 1795 2244 1833 Au
2267 1795 2368 1845 bois,
2391 1796 2430 1836 le
2450 1800 2579 1840 merle
2600 1800 2753 1840 chante

2184 1847 2234 1886 Sa
2254 1848 2424 1891 roulade
2447 1855 2671 1894 touchante
2698 1866 2706 1893 :

2185 1900 2300 1943 Voici
2323 1905 2454 1951 venir,
2476 1908 2584 1947 voici
2607 1907 2724 1947 venir

2187 1955 2260 1996 Les
2278 1956 2416 2008 fleurs,
2438 1959 2620 2000 l’amour
2640 1964 2680 2000 et
2699 1959 2738 1999 le
2759 1957 2919 2010 plaisir.

2183 2039 2283 2090 Déjà
2304 2040 2362 2080 les
2381 2042 2633 2091 primevères

2184 2092 2410 2134 Emaillent
2428 2095 2489 2136 les
2507 2108 2675 2148 gazons,

2186 2147 2259 2186 Les
2278 2159 2468 2190 mamans
2486 2173 2536 2180 —
2559 2150 2696 2190 moins
2716 2147 2895 2195 sévères,

2186 2198 2290 2240 Vont
2311 2203 2455 2243 ouvrir
2474 2203 2534 2244 les
2555 2204 2740 2244 maisons
2762 2212 2771 2250 ;

2185 2252 2274 2294 Aux
2293 2254 2451 2308 Pâques
2471 2260 2547 2308 qui
2567 2270 2608 2297 se
2630 2256 2776 2303 fêtent,

2186 2306 2259 2347 Les
2279 2307 2427 2359 jeunes
2447 2322 2546 2359 gens
2566 2311 2754 2361 répètent
2779 2319 2787 2346 :

2186 2359 2303 2400 Voici
2324 2362 2455 2412 venir,
2479 2364 2587 2406 voici
2610 2362 2730 2404 venir

2187 2412 2261 2452 Les
2279 2414 2419 2464 fleurs,
2446 2416 2623 2458 l’amour
2642 2420 2682 2456 et
2706 2415 2742 2454 le
2764 2412 2927 2464 plaisir.

2187 2495 2242 2535 De
2264 2495 2364 2546 loin,
2384 2510 2455 2538 sur
2475 2500 2636 2543 l’herbe
2659 2499 2819 2548 tendre,

2187 2550 2239 2588 Le
2260 2551 2436 2600 paisible
2456 2555 2626 2607 grillon,

2186 2603 2248 2642 Au
2270 2603 2388 2644 soleil
2411 2606 2486 2647 fait
2506 2609 2703 2650 entendre

2187 2656 2267 2696 Son
2287 2656 2400 2708 léger
2419 2663 2610 2704 carillon.

2187 2710 2369 2750 Roulant
2387 2723 2460 2751 son
2481 2716 2588 2756 onde
2611 2727 2731 2768 pure,

2187 2763 2241 2803 Le
2263 2764 2363 2805 frais
2380 2766 2568 2810 ruisseau
2592 2782 2815 2810 murmure
2839 2783 2847 2811 :

2190 2816 2304 2858 Voici
2326 2819 2456 2870 venir,
2477 2824 2586 2863 voici
2610 2823 2727 2863 venir

2188 2870 2263 2910 Les
2280 2871 2422 2922 fleurs,
2447 2874 2623 2916 l’amour
2644 2879 2684 2916 et
2704 2875 2740 2916 le
2762 2875 2922 2927 plaisir.

2187 2955 2250 2995 Au
2272 2956 2445 3007 bosquet
2463 2959 2666 3005 solitaire,

2187 3007 2338 3050 Courez
2358 3009 2507 3060 jeunes
2525 3020 2706 3062 amants,

2190 3067 2220 3100 A
2244 3063 2416 3103 l’ombre
2438 3065 2493 3103 du
2513 3068 2699 3118 mystère

2190 3115 2364 3166 Répéter
2386 3128 2456 3157 vos
2476 3126 2694 3159 serments.

2190 3168 2294 3208 Sous
2313 3170 2372 3209 les
2391 3171 2544 3219 arbres,
2567 3171 2608 3211 la
2628 3171 2739 3211 brise

2192 3220 2302 3262 Vous
2322 3224 2466 3262 souille
2486 3236 2585 3264 avec
2604 3224 2761 3276 reprise
2784 3240 2791 3266 :

2192 3274 2307 3315 Voici
2327 3277 2459 3325 venir,
2483 3278 2591 3318 voici
2612 3278 2732 3319 venir

2190 3327 2266 3368 Les
2284 3328 2423 3379 fleurs,
2444 3329 2628 3371 l'amour
2646 3338 2685 3372 et
2707 3331 2745 3372 le
2766 3332 2927 3384 plaisir.

2897 3410 2944 3447 N.
2970 3408 3016 3446 V.

2087 3555 2272 3608 L’Office
2303 3556 2536 3596 Mondonet
2555 3560 2616 3598 est
2643 3563 2795 3599 ouvert
2815 3560 2911 3599 tous
2938 3560 2998 3600 les
3016 3559 3154 3614 jours

2035 3622 2088 3662 de
2106 3624 2135 3662 2
2154 3622 2308 3662 heures
2328 3626 2353 3663 à
2376 3623 2402 3662 8
2423 3619 2575 3664 heures
2595 3625 2655 3664 du
2685 3627 2775 3666 soir
2801 3630 2839 3664 et
2878 3627 2938 3666 les
2974 3626 3152 3666 diman¬

2036 3687 2132 3727 ches
2152 3690 2191 3727 et
2208 3687 2316 3740 fêtes
2335 3688 2388 3728 de
2411 3691 2435 3729 9
2455 3687 2610 3730 heures
2628 3694 2654 3729 à
2676 3690 2791 3730 midi
2796 3722 2805 3730 .

2093 3847 2499 3910 THEATRES
2531 3845 2645 3945 JT
2703 3842 3095 3906 CONCERTS

2091 3994 2548 4031 Graml-Théâtre.
2564 3990 2616 4028 —
2635 3990 2818 4028 Samson
2838 3995 2879 4027 et
2904 3989 3038 4027 Dalila
3056 4000 3156 4028 con¬

2040 4046 2158 4086 tinue
2178 4056 2252 4084 son
2272 4044 2416 4083 succès
2436 4054 2534 4082 avec
2555 4041 2658 4082 salle
2679 4041 2845 4082 comble
2867 4046 2905 4082 et
2927 4042 3151 4082 continua¬

2043 4101 2130 4140 tion
2150 4099 2200 4139 de
2220 4099 2366 4139 succès
2398 4108 2504 4148 pour
2531 4107 2595 4136 ses
2624 4094 2850 4136 excellents
2882 4095 3147 4148 interprètes.

2043 4154 2116 4195 Les
2145 4154 2339 4204 Dragons
2362 4151 2408 4191 de
2439 4150 2587 4190 Villars
2626 4156 2696 4190 ont
2736 4150 2947 4202 remplacé
2982 4150 3020 4191 le
3060 4150 3151 4190 Pré

2040 4222 2123 4248 aux
2145 4207 2294 4248 Clercs
2311 4206 2386 4258 qui
2409 4206 2475 4246 n’a
2496 4216 2567 4256 pas
2586 4216 2639 4246 eu
2660 4209 2751 4245 tout
2771 4203 2809 4244 le
2830 4207 2974 4246 succès
2994 4206 3151 4244 désira¬

2041 4263 2123 4303 ble.
2148 4263 2263 4302 Nous
2299 4270 2427 4299 avons
2450 4271 2501 4299 eu
2527 4260 2562 4298 la
2585 4259 2791 4310 première
2820 4259 2924 4298 d’un
2954 4258 3082 4298 ballet
3102 4258 3153 4296 de

2044 4313 2214 4364 l'Opéra,
2258 4311 2600 4360 Gretna-Green,
2639 4312 2691 4351 de
2729 4312 2819 4350 MM.
2875 4311 3060 4351 Nulther
3115 4316 3155 4348 et

2045 4370 2239 4407 Merante.
2276 4364 2562 4412 Aujourd’hui
2608 4363 2812 4414 première
2867 4363 3063 4415 (reprise)
3104 4363 3155 4402 de

2047 4421 2210 4462 Robert
2232 4419 2272 4458 le
2295 4416 2455 4457 Diable.

2096 4475 2220 4515 Notre
2258 4472 2467 4512 directeur
2504 4470 2559 4510 du
2599 4468 2944 4510 Grand-Théâtre
2976 4481 3026 4508 va
3050 4468 3155 4508 faire

2046 4528 2176 4581 partie
2197 4528 2247 4567 de
2267 4523 2639 4567 l’administration
2659 4523 2709 4563 de
2730 4522 2986 4564 l'Académie
3007 4523 3155 4564 Natio¬

2047 4583 2139 4622 nale
2159 4583 2210 4622 de
2234 4582 2446 4632 musique.
2470 4578 2504 4618 Il
2523 4591 2613 4619 sera
2632 4590 2683 4619 en
2703 4577 2780 4618 fait
2815 4590 2871 4618 un
2903 4578 2975 4619 des
3011 4578 3155 4618 direc¬

2047 4643 2176 4687 teurs,
2193 4647 2292 4676 avec
2314 4634 2404 4675 MM.
2427 4634 2624 4674 Bertrand
2645 4637 2685 4675 et
2704 4631 2887 4674 Colonne
2908 4632 2959 4673 de
2978 4631 3152 4684 l’Opéra.

2100 4692 2156 4731 La
2179 4690 2318 4730 saison
2356 4687 2586 4738 prochaine
2624 4698 2715 4727 sera
2752 4687 2859 4726 donc
2899 4686 3076 4727 féconde
3107 4700 3156 4727 en

2046 4744 2255 4799 surprises
2274 4747 2311 4783 et
2335 4740 2394 4781 les
2415 4739 2647 4780 nombreux
2688 4739 2884 4780 habitués
2912 4740 2970 4779 du
2991 4739 3159 4780 Grand-

2046 4803 2224 4843 Théâtre
2262 4802 2332 4839 ont
2371 4792 2532 4835 félicité
2574 4794 2620 4833 M.
2654 4794 2926 4844 Campocasso
2966 4794 3015 4833 de
3055 4798 3159 4832 cette

2046 4858 2258 4898 heureuse
2282 4846 2563 4892 nomination.

2102 4943 2359 4979 Variétés.
2389 4931 2438 4972 —
2472 4928 2839 4972 Gendrillonnette
2846 4960 2855 4978 ,
2892 4931 3075 4980 opérette
3103 4930 3159 4968 du

2046 4995 2158 5048 jour,
2180 5004 2231 5034 en
2253 4992 2275 5031 4
2299 4988 2507 5035 tableaux,
2531 4986 2580 5024 de
2604 4982 2706 5022 Paul
2744 4982 2919 5031 Terrier,
2962 4983 3162 5034 musique

2047 5051 2098 5090 de
2134 5048 2284 5088 Gaston
2324 5045 2507 5093 Serpette
2544 5044 2584 5080 et
2616 5037 2756 5078 Victor
2794 5036 2927 5087 Roger
2966 5042 3025 5076 est
3060 5048 3163 5087 pour

2047 5104 2155 5144 ainsi
2191 5100 2279 5140 dire
2311 5109 2370 5137 un
2391 5096 2535 5135 article
2555 5095 2604 5134 de
2626 5091 2754 5142 Paris,
2795 5103 2892 5131 sans
2930 5090 3060 5142 grand
3080 5103 3160 5130 en¬

2050 5156 2308 5199 thousiasme
2330 5154 2351 5191 à
2374 5147 2594 5189 Marseille.
2636 5146 2710 5187 Les
2747 5144 3094 5200 Mousquetaires
3115 5159 3161 5186 au

2050 5216 2254 5260 Couvent,
2275 5213 2347 5248 ont
2367 5204 2433 5246 été
2454 5212 2577 5243 revus
2596 5211 2696 5240 avec
2719 5199 2879 5250 plaisir.

2099 5264 2299 5306 Mercredi
2319 5275 2344 5302 a
2363 5271 2416 5299 eu
2458 5257 2542 5296 lieu
2582 5255 2621 5294 la
2655 5253 2816 5294 clôture
2855 5252 2906 5291 de
2947 5252 2984 5291 la
3022 5254 3163 5291 saison

2048 5319 2265 5368 théâtrale,
2307 5327 2379 5368 par
2418 5323 2501 5354 une
2536 5308 2671 5351 soirée
2710 5318 2766 5347 au
2807 5306 2995 5346 bénéfice
3034 5306 3084 5344 de
3111 5307 3160 5346 M.

2046 5376 2252 5415 Brouette.

2099 5470 2379 5515 Gymnase.
2419 5482 2468 5487 —
2508 5459 2563 5499 La
2615 5459 2747 5498 Dame
2804 5467 2887 5495 aux
2939 5450 3160 5500 Camélias,

2046 5522 2190 5561 drame
2230 5531 2281 5559 en
2322 5518 2343 5556 5
2383 5518 2507 5562 actes,
2541 5510 2814 5553 d’Alexandre
2854 5510 3012 5548 Dumas
3033 5511 3073 5547 et
3104 5506 3164 5546 les

2059 5573 2266 5614 Vivacités
2291 5572 2342 5610 du
2364 5567 2568 5619 capitaine
2614 5564 2695 5612 Tic,
2735 5562 2907 5602 attirent
2945 5563 2994 5601 de
3034 5572 3163 5600 nom¬

2047 5629 2176 5667 breux
2196 5630 2453 5678 spectateurs
2474 5621 2496 5659 à
2516 5620 2558 5659 la
2577 5617 2682 5659 salle
2701 5616 2775 5655 des
2798 5614 2948 5655 Allées.

2100 5707 2606 5748 PaIais-«le-CrIstal.
2634 5698 2679 5738 —
2702 5698 2812 5738 Tous
2854 5695 2911 5735 les
2950 5694 3054 5735 soirs
3085 5696 3108 5734 à
3140 5695 3164 5735 8

2048 5763 2200 5803 heures
2238 5776 2246 5803 :
2283 5762 2428 5803 succès
2480 5768 2576 5796 sans
2634 5752 2856 5804 précédent
2894 5750 2944 5790 de
2983 5747 3162 5789 Sévérus

2048 5816 2244 5863 Schaffer,
2268 5816 2303 5855 le
2324 5814 2422 5866 plus
2456 5811 2537 5850 fort
2559 5806 2827 5860 équilibriste
2848 5803 2906 5842 du
2930 5802 3098 5851 monde,
3123 5808 3163 5842 et

2047 5870 2097 5910 de
2119 5870 2383 5918 Esmeralda,
2406 5864 2562 5915 grande
2580 5856 3010 5914 pantomime-ballet,
3035 5855 3160 5908 jouée

2047 5922 2182 5975 parla
2218 5928 2365 5973 troupe
2401 5917 2607 5960 Chiarini.
2631 5939 2680 5944 —
2699 5914 2861 5962 Troupe
2898 5911 3067 5964 lyrique
3106 5912 3156 5954 de

2049 5976 2232 6027 premier
2251 5976 2387 6014 ordre.
2408 5997 2458 6004 —
2477 5970 2694 6011 Orchestre
2715 5967 2860 6004 Trave.

2102 6027 2311 6069 Vendredi
2340 6028 2371 6067 l*
2376 6034 2385 6046 r
2404 6032 2443 6067 et
2463 6022 2626 6066 samedi
2647 6022 2668 6060 2
2691 6019 2792 6066 mai,
2835 6020 2943 6062 deux
2982 6021 3161 6073 grandes

2050 6080 2396 6133 représentations
2434 6079 2619 6120 données
2655 6086 2730 6127 par
2768 6072 2818 6114 M,
2842 6071 3078 6123 Kam-Hill,
3120 6072 3159 6110 le

2050 6135 2178 6185 grand
2199 6134 2407 6175 chanteur
2426 6132 2644 6174 mondain.

3255 622 3605 721 (Maisons
3667 623 4271 711 (Recommandées

3223 851 3435 980 LE
3539 851 4311 993 CHINOIS

3353 1016 3659 1067 CHAPEAUX
3692 1019 3763 1068 EN
3796 1022 3936 1071 TOUS
3971 1024 4182 1074 GENRES

3233 1095 3504 1138 COIFFURES
3542 1099 3674 1139 POUR
3714 1099 3989 1142 MESSIEURS
4031 1105 4096 1143 ET
4136 1103 4301 1143 DAMES

3513 1183 3783 1220 FRAICHEURS,
3814 1184 3891 1211 BON
3921 1183 4027 1212 GOUT

3299 1236 3446 1278 Haute
3467 1239 3724 1282 Nouveauté
3747 1243 3800 1282 de
3818 1244 3978 1296 forme,
4002 1234 4235 1298 Élégance,

3634 1306 3907 1359 Originalité

3500 1376 3715 1416 Spécialité
3738 1379 3787 1411 de
3812 1379 3851 1412 la
3874 1381 4031 1415 Maison

3210 1432 3392 1478 Coiffures
3413 1435 3536 1481 riches
3557 1436 3778 1483 d’intérieur
3796 1443 3836 1484 et
3856 1442 3902 1486 de
3923 1442 4066 1487 Bureau
4096 1452 4232 1500 (Dernières
4244 1456 4331 1502 Mod»)

3615 1508 3714 1548 Prix
3743 1510 3936 1552 Modérés

3286 1571 3404 1619 26,
3447 1572 3608 1612 Rue
3655 1575 4122 1628 Cannebière,
4159 1580 4259 1622 26

3213 1735 3454 1851 ARMES
3501 1739 3582 1851 1E
3637 1738 3898 1854 CHASSE
3941 1741 4030 1854 ET
4085 1745 4170 1853 DE
4209 1748 4338 1860 TIR

3327 1891 3626 1954 Réparations,
3667 1883 3914 1959 (Échanges,
3942 1896 4210 1960 Nettoyages

3218 1989 3751 2056 BERNARD
3802 2010 3912 2046 rue
3940 1996 4218 2061 Paradis,
4255 1995 4328 2048 32

3418 2167 3534 2224 A
3574 2168 4140 2226 Vendre

3215 2268 3455 2375 UNE
3539 2274 3875 2379 JOLIE
3963 2272 4331 2381 VILLA

3468 2406 3534 2447 Au
3567 2408 4076 2451 VALLON-DE-L’OMOL

3216 2491 3276 2531 Au
3299 2495 3674 2536 rez-de-chaussée
3704 2508 3712 2536 :
3744 2498 3924 2547 cuisine,
3967 2496 4100 2547 salon,
4144 2499 4247 2538 salle
4288 2499 4339 2540 de

3268 2546 3403 2596 bains,
3434 2551 3559 2599 petite
3591 2549 3794 2591 chambre
3814 2551 3863 2590 de
3884 2552 4096 2603 débarras,
4120 2550 4231 2591 belle
4254 2556 4336 2591 ter¬

3268 2611 3379 2640 rasse
3400 2608 3440 2642 et
3459 2603 3607 2646 lavoir.

3216 2662 3279 2701 Au
3302 2666 3483 2712 premier
3506 2682 3513 2707 :
3539 2671 3637 2711 trois
3656 2671 3835 2720 grandes
3855 2668 4081 2710 chambres
4106 2678 4146 2711 et
4167 2672 4336 2712 cabinet

3271 2727 3294 2754 a
3331 2718 3436 2764 côté,
3467 2720 3704 2772 poulailler,
3751 2723 3955 2776 lapinière
3988 2730 4027 2763 et
4069 2723 4254 2773 latrines,
4287 2737 4339 2764 en

3271 2768 3360 2808 face
3399 2771 3498 2810 trois
3535 2772 3671 2813 beaux
3709 2779 3831 2826 petits
3866 2778 4027 2830 jardins
4075 2776 4340 2827 complantés

3272 2822 3454 2863 d’arbres
3474 2823 3660 2866 fruitiers
3680 2834 3719 2867 et
3742 2831 3912 2880 treilles,
3934 2832 4066 2884 prises
4086 2831 4338 2880 d’arrosage.

3664 2924 3674 2955 :
3720 2918 3988 2965 14,000
4020 2922 4107 2962 fr.

3458 3072 3540 3118 A
3588 3070 4106 3118 VENDRE

3227 3162 3773 3233 PETITE
3871 3162 4339 3236 VILLA

3536 3263 3599 3304 Au
3630 3261 4027 3304 Vallon-de-l’Oriol

3449 3338 3649 3378 Prix
3680 3350 3693 3376 :
3726 3335 3987 3383 7,000
4025 3335 4123 3372 fr.

3414 3476 3502 3548 A
3560 3475 4138 3551 VENDRE

3224 3580 3526 3639 Une
3582 3590 4344 3645 campagne

3470 3682 3519 3744 A
3570 3679 4103 3745 SAINT-MARCEL

3328 3774 3619 3818 Ancienne
3670 3776 3916 3831 fabrique
3967 3778 4034 3818 de
4087 3778 4246 3820 tuiles

3531 3862 3634 3899 JOLI
3666 3862 3816 3901 POINT
3846 3863 3910 3900 DE
3939 3862 4037 3902 VUE

3231 3936 3428 3975 Très
3476 3938 3630 3975 bon
3679 3948 3885 3987 pour
3938 3936 4010 3975 la
4063 3938 4347 3979 chasse

3324 4019 3726 4066 CONTENANCE
3760 4031 3768 4059 :
3803 4022 3971 4067 2-500
4003 4012 4247 4067 MÈTRES

3226 4100 3328 4156 Près
3352 4102 3390 4155 le
3412 4103 3595 4156 château
3619 4103 3670 4156 de
3695 4102 3750 4164 Kl,
3779 4103 3815 4158 le
3846 4103 4031 4175 marquis
4072 4103 4122 4159 de
4156 4102 4347 4159 Coriolis

3536 4280 3593 4344 A
3640 4279 4025 4347 VENDRE

3230 4388 3449 4436 «Jolie
3473 4389 3702 4436 "Villa,
3731 4390 3779 4436 à.
3807 4390 3888 4438 la
3918 4390 4350 4440 Corniche

3282 4490 3432 4531 Portail
3456 4495 3495 4531 et
3515 4491 3638 4542 grille
3667 4503 3719 4531 en
3751 4491 3815 4533 fer
3843 4494 3974 4547 forgé,
4008 4495 4196 4538 donnant
4230 4498 4351 4539 accès

3230 4556 3283 4584 au
3304 4544 3444 4596 jardin
3463 4544 3606 4596 planté
3619 4546 3669 4586 de
3686 4556 3779 4597 gros
3792 4550 3932 4590 arbres
3952 4550 4140 4590 formant
4159 4563 4342 4599 avenue,

3230 4611 3283 4639 au
3305 4598 3456 4639 milieu
3475 4599 3534 4650 jet,
3554 4600 3674 4641 d’eau
3691 4615 3700 4650 ;
3726 4602 3749 4639 à
3767 4600 3916 4652 droite,
3940 4614 3998 4643 un
4019 4603 4126 4642 beau
4168 4603 4346 4652 pigeon¬

3231 4655 3324 4694 nier
3343 4659 3383 4694 et
3403 4654 3607 4706 lapinière
3625 4668 3634 4704 ;
3657 4655 3762 4695 dans
3784 4668 3866 4696 une
3895 4668 3997 4696 cour
4017 4655 4346 4706 indépendante,

3232 4707 3362 4756 grand
3401 4707 3626 4756 poulailler
3663 4714 3703 4745 et
3739 4710 3940 4757 greniers.
3975 4707 4217 4745 Habitation
4253 4719 4262 4746 :
4294 4718 4350 4745 au

3231 4758 3599 4799 rez-de-chaussée
3636 4770 3720 4798 une
3758 4759 3914 4807 grande
3952 4758 4132 4808 cuisine,
4156 4771 4238 4799 une
4268 4758 4350 4802 dé¬

3235 4823 3372 4862 pense,
3396 4823 3480 4850 une
3500 4816 3674 4859 cavette,
3694 4823 3778 4851 une
3798 4812 3926 4862 petite
3944 4812 4060 4863 pièce
4080 4826 4187 4866 pour
4203 4815 4340 4867 bains,

3235 4876 3294 4903 un
3311 4863 3518 4904 vestibule
3539 4864 3790 4904 conduisant
3822 4876 3876 4904 au
3909 4864 4024 4907 salon
4063 4879 4162 4911 avec
4183 4870 4349 4911 chemi-

3234 4917 3389 4958 minée.
3430 4918 3491 4958 Au
3530 4918 3724 4970 premier,
3748 4918 3858 4960 deux
3886 4922 4064 4972 grandes
4094 4923 4233 4975 pièces
4254 4932 4349 4972 per¬

3235 4972 3328 5011 cées
3346 4970 3396 5010 de
3417 4971 3514 5025 cinq
3535 4974 3728 5024 fenêtres,
3757 4987 3840 5015 une
3876 4976 4078 5018 chambre
4111 4978 4162 5016 de
4196 4978 4351 5021 bonne,

3238 5024 3273 5064 le
3298 5031 3388 5065 tout
3420 5039 3469 5066 en
3501 5028 3653 5078 parfait
3691 5031 3787 5070 état.
3830 5028 4016 5078 Terrain,
4059 5030 4236 5067 environ
4275 5023 4352 5064 220

3235 5082 3402 5130 mètres,
3443 5080 3596 5130 grande
3643 5083 3883 5133 vérandha,
3931 5083 4088 5123 citerne
4134 5087 4172 5118 et
4219 5079 4350 5130 prises

3235 5134 3464 5186 d’arrosage
3482 5134 3538 5176 du
3559 5135 3695 5177 canal.
3716 5160 3766 5167 —
3787 5139 3880 5176 Prix
3903 5138 3912 5175 :
3939 5131 4115 5182 15,000
4138 5131 4190 5173 fr.

3427 5327 3542 5382 A-
3603 5325 4166 5385 Vendre

3635 5437 3700 5478 AU
3735 5439 3951 5483 R0UBI0N

3242 5538 3485 5629 UNE
3556 5539 3915 5634 JOLIE
3984 5532 4347 5628 VILLA

3287 5672 3512 5726 Composée
3531 5676 3582 5716 de
3604 5675 3703 5716 trois
3727 5671 3866 5720 pièces
3887 5679 3939 5707 au
3976 5667 4352 5712 rez-de-chaussée

3238 5745 3276 5780 et
3311 5742 3408 5782 trois
3447 5742 3586 5794 pièces
3611 5750 3664 5777 au
3695 5732 3890 5783 premier,
3924 5731 4026 5773 d’un
4067 5734 4171 5778 beau
4214 5735 4356 5790 jardin

3236 5819 3335 5850 avec
3355 5808 3514 5849 bassin.

3430 5891 3626 5932 Prix
3664 5899 3673 5927 :
3725 5887 4039 5935 15.000
4083 5894 4166 5931 fr*.

3870 6028 3919 6062 Le
3939 6024 4074 6067 gérant
4095 6031 4105 6053 :
4127 6020 4271 6056 Bonal.

3239 6120 3347 6162 lmpr.
3366 6118 3522 6162 spéciale
3546 6123 3594 6158 du
3611 6124 3702 6158 Lien
3731 6126 3784 6156 du
3803 6120 3971 6159 Mariage
3975 6139 3984 6157 ,
3998 6119 4047 6158 11,
4062 6127 4126 6151 rue
4138 6119 4182 6152 de
4198 6121 4231 6155 la
4247 6122 4354 6155 Paix.
