4712 7064
2234 436 2314 483 LE
2353 437 2504 484 LIEN
2539 438 2627 483 DU
2666 435 2963 483 MARIAGE

1172 610 1604 668 AVIS

893 777 948 819 Le
987 777 1094 817 Lien
1131 777 1183 817 du
1218 775 1405 830 Mariage
1441 788 1485 818 se
1523 775 1633 816 vend
1669 787 1726 816 au
1766 775 1859 826 prix
1905 774 1957 814 de

823 833 871 873 10
892 831 1100 872 centimes
1132 831 1238 871 dans
1268 835 1363 871 tous
1392 829 1453 871 les
1488 830 1691 881 kiosques
1710 830 1760 868 de
1786 828 1823 868 la
1844 827 1956 867 Ville

819 892 860 926 et
879 886 903 924 à
924 885 966 924 la
985 883 1215 934 Direction,
1237 883 1304 935 47,
1323 896 1399 924 rue
1419 885 1471 924 de
1491 883 1534 924 la
1553 883 1694 923 Darse.

871 969 984 1009 Dans
1023 967 1084 1008 les
1122 968 1351 1019 prochains
1384 969 1605 1016 numéros,
1629 978 1737 1006 nous
1763 967 1954 1007 réserve¬

815 1034 916 1063 rons
938 1034 996 1062 un
1017 1022 1118 1062 tiers
1137 1022 1187 1062 de
1207 1032 1314 1073 page
1343 1034 1452 1074 pour
1481 1020 1544 1061 les
1574 1019 1955 1060 annonces-récla¬

816 1087 923 1125 mes,
947 1075 1057 1116 mais
1078 1087 1187 1116 nous
1206 1076 1527 1126 n’accepterons
1552 1079 1594 1114 et
1620 1072 1950 1114 recommande¬

816 1140 914 1170 rons
933 1140 1018 1181 que
1038 1128 1167 1171 celles
1198 1129 1276 1182 qui
1305 1132 1556 1170 émaneront
1585 1127 1658 1168 des
1691 1127 1881 1167 maisons
1902 1127 1951 1167 de

816 1183 1053 1224 confiance.

871 1298 1009 1337 Noire
1032 1296 1165 1352 Office
1184 1311 1211 1336 a
1222 1297 1328 1350 pris
1337 1310 1460 1350 pour
1479 1297 1628 1337 devise
1649 1309 1663 1335 :
1687 1296 1731 1335 la
1751 1293 1949 1335 Probité.

814 1351 909 1391 Nos
926 1351 1084 1391 clients
1104 1354 1300 1404 peuvent
1336 1355 1428 1391 être
1451 1350 1701 1403 persuadés
1740 1349 1951 1388 d’avance

814 1419 894 1459 que
911 1418 1022 1444 nous
1043 1418 1095 1444 ne
1114 1418 1302 1444 sommes
1314 1416 1400 1456 pas
1420 1403 1496 1444 des
1518 1403 1747 1443 brasseurs
1768 1400 1951 1454 d’affai¬

811 1472 895 1503 res,
919 1471 979 1499 au
999 1457 1151 1512 risque
1172 1459 1226 1499 de
1245 1459 1367 1510 faire
1388 1458 1465 1499 des
1482 1458 1778 1498 malheureux
1798 1469 1813 1502 ;
1852 1458 1952 1492 tous

811 1526 888 1551 nos
931 1513 1079 1567 efforts
1122 1512 1331 1553 tendront
1380 1512 1588 1564 toujours
1631 1512 1658 1550 à
1706 1508 1827 1562 faire
1874 1507 1951 1547 des

811 1565 1012 1605 heureux
1015 1579 1025 1617 ,
1051 1568 1188 1605 même
1222 1579 1282 1605 au
1318 1566 1558 1605 détriment
1579 1564 1633 1603 de
1659 1575 1737 1602 nos
1759 1574 1952 1614 propres

811 1620 1006 1659 intérêts.
1056 1620 1214 1659 Toutes
1252 1632 1330 1659 nos
1365 1619 1547 1672 affaires
1585 1618 1731 1656 seront
1770 1614 1950 1655 traitées

811 1686 914 1712 avec
936 1674 980 1712 la
991 1673 1103 1724 plus
1118 1673 1291 1723 grande
1307 1672 1563 1712 délicatesse
1579 1674 1618 1711 et
1636 1671 1676 1711 le
1680 1670 1788 1722 plus
1799 1667 1951 1722 grand

810 1725 1238 1767 désintéressement.

850 1947 994 2010 Avis
1031 1947 1066 2009 à
1104 1963 1204 2010 nos
1247 1947 1448 2008 clients
1486 1946 1547 2007 de
1590 1944 1907 2007 l’extérieur

862 2116 920 2156 La
958 2116 1171 2157 Direction
1210 2118 1363 2157 envoie
1398 2117 1561 2165 franco,
1583 2127 1683 2156 sous
1712 2115 1945 2169 enveloppe

810 2170 1024 2219 cachetée,
1059 2182 1158 2211 sans
1193 2182 1339 2211 aucun
1377 2170 1498 2220 signe
1537 2170 1763 2220 extérieur,
1799 2177 1944 2211 contre

810 2224 859 2263 60
880 2235 917 2264 c.
953 2236 1007 2263 en
1042 2223 1376 2274 timbres-poste,
1415 2235 1469 2263 un
1513 2235 1783 2276 programme
1822 2223 1944 2263 indi¬

806 2282 943 2328 quant
966 2278 1024 2317 les
1043 2277 1287 2317 conditions
1315 2276 1367 2316 de
1407 2276 1560 2319 l’Office
1582 2284 1622 2318 et
1643 2291 1700 2318 un
1722 2277 1943 2329 question¬

808 2330 926 2371 naire
945 2330 1050 2370 écrit
1080 2330 1239 2383 auquel
1277 2330 1456 2372 devront
1495 2331 1703 2383 répondre
1747 2331 1807 2370 les
1851 2342 1943 2380 per¬

806 2394 960 2423 sonnes
979 2384 1056 2435 qui
1077 2383 1328 2426 s’adressent
1348 2387 1372 2424 à
1394 2397 1503 2425 nous
1524 2391 1563 2424 et
1583 2384 1663 2436 qui
1686 2384 1864 2424 veulent
1897 2395 1940 2425 se

807 2436 982 2477 marier.

860 2490 937 2531 Les
959 2502 1187 2540 personnes
1205 2491 1283 2543 qui
1305 2503 1356 2531 ne
1375 2495 1472 2531 sont
1492 2503 1565 2541 pas
1593 2491 1823 2540 abonnées,
1846 2494 1942 2529 sont

806 2543 945 2595 priées
963 2544 1016 2584 de
1034 2543 1203 2595 joindre
1226 2548 1251 2583 à
1271 2542 1367 2584 leur
1388 2543 1511 2584 lettre
1532 2556 1589 2585 un
1631 2544 1941 2592 timbre-poste

807 2609 914 2648 pour
937 2599 975 2636 la
996 2601 1188 2648 réponse,
1211 2598 1295 2638 alin
1318 2598 1532 2639 d’obtenir
1569 2598 1631 2636 les
1670 2602 1815 2636 aulree
1838 2607 1940 2635 ren¬

803 2650 1094 2700 seignements
1111 2651 1243 2702 qu’ils
1263 2660 1451 2704 peuvent
1471 2651 1650 2692 désirer.

859 2705 935 2745 Les
956 2715 1183 2755 personnes
1203 2706 1448 2755 étrangères
1483 2706 1507 2742 à
1547 2703 1588 2743 la
1627 2702 1728 2742 ville
1767 2701 1844 2753 qui
1887 2712 1940 2741 ne

806 2758 1057 2797 voudraient
1078 2770 1152 2809 pas
1171 2759 1279 2797 faire
1300 2770 1359 2796 un
1381 2767 1545 2808 aoyage
1562 2758 1587 2795 à
1603 2755 1818 2796 Marseille
1835 2766 1941 2803 pour

802 2816 942 2850 entrer
979 2822 1030 2850 en
1067 2811 1271 2851 relations
1307 2822 1407 2850 avec
1450 2811 1489 2848 la
1520 2819 1734 2860 pevsonne
1771 2807 1937 2847 choisie

801 2864 907 2904 dans
928 2863 988 2903 les
1008 2864 1210 2904 colonnes
1229 2863 1286 2904 du
1306 2863 1415 2903 Lien
1434 2862 1488 2902 du
1506 2862 1695 2913 Mariage
1700 2892 1709 2908 ,
1727 2860 1940 2899 voudront

800 2917 901 2957 bien
942 2928 1050 2957 nous
1088 2918 1279 2956 adresser
1312 2916 1407 2955 leur
1442 2914 1756 2965 photographie
1774 2926 1783 2959 ;
1829 2923 1940 2952 nous

800 2970 895 3010 leur
916 2969 1196 3022 indiquerons
1216 2981 1292 3020 par
1314 2968 1419 3010 écrit
1443 2968 1480 3007 le
1503 2978 1663 3018 moyen
1679 2967 1864 3006 d’entrer
1886 2976 1938 3004 en

799 3023 1006 3063 relations
1022 3034 1125 3063 avec
1146 3023 1188 3062 la
1207 3033 1419 3073 personne
1438 3020 1605 3060 choisie
1619 3031 1676 3060 ou
1697 3031 1800 3059 avec
1821 3024 1939 3058 toute

799 3083 919 3117 autre
942 3087 1147 3126 personne
1168 3075 1219 3115 de
1242 3086 1318 3115 nos
1339 3074 1576 3114 nombreux
1598 3072 1802 3120 abonnés,
1835 3071 1938 3111 dont

799 3129 935 3180 grand
955 3131 1135 3170 nombre
1154 3139 1212 3168 ne
1230 3128 1418 3179 figurent
1438 3138 1513 3179 pas
1532 3126 1640 3166 dans
1662 3126 1700 3166 le
1718 3124 1907 3176 journal.

864 3351 1141 3425 AUX
1214 3347 1869 3422 FAMILLES

850 3526 967 3567 Nous
987 3536 1040 3565 ne
1060 3526 1255 3564 donnons
1274 3535 1444 3564 aucune
1465 3526 1576 3564 suite
1597 3536 1679 3564 aux
1700 3525 1932 3566 demandes

793 3579 868 3619 des
890 3588 1119 3628 personnes
1138 3578 1373 3627 divorcées,
1395 3579 1431 3619 si
1455 3578 1492 3619 le
1511 3577 1736 3631 jugement
1757 3579 1826 3619 n’a
1858 3591 1930 3631 pas

792 3633 860 3673 été
880 3632 1092 3682 prononcé
1112 3631 1387 3675 absolument
1410 3644 1464 3674 en
1484 3632 1580 3675 leur
1596 3632 1765 3676 faveur.

845 3703 962 3744 Nous
1000 3715 1052 3743 ne
1088 3716 1198 3746 nous
1234 3716 1450 3757 occupons
1482 3717 1565 3757 que
1596 3706 1668 3747 des
1698 3718 1928 3758 personnes

791 3756 1049 3799 Honorables
1068 3763 1109 3798 et
1129 3758 1160 3798 il
1182 3764 1245 3800 est
1269 3758 1426 3800 inutile
1450 3759 1502 3799 de
1522 3771 1566 3800 se
1586 3763 1803 3812 présenter
1823 3761 1924 3803 chez

792 3822 902 3851 nous
920 3824 976 3851 ou
998 3812 1048 3853 de
1072 3824 1182 3855 nous
1202 3813 1308 3854 faire
1328 3813 1502 3865 appeler
1522 3815 1546 3855 à
1567 3814 1770 3857 domicile
1800 3816 1836 3857 si
1870 3829 1924 3858 on

790 3875 844 3905 ne
863 3866 1017 3907 réalise
1039 3878 1111 3917 pas
1130 3871 1239 3907 cette
1259 3867 1494 3909 condition.

845 3936 923 3978 Les
960 3949 1191 3988 personnes
1223 3939 1300 3989 qui
1334 3939 1586 3980 s’adressent
1615 3942 1639 3981 à
1675 3941 1715 3979 la
1756 3941 1924 3980 maison

788 3995 884 4031 sont
898 3991 1037 4042 priées
1051 3991 1102 4030 de
1114 3990 1283 4042 joindre
1301 4003 1357 4031 un
1374 3991 1528 4032 timbre
1543 4006 1655 4044 pour
1669 3994 1709 4032 la
1722 3994 1921 4043 réponse;

786 4048 902 4084 toute
924 4043 1045 4084 lettre
1067 4055 1153 4083 non
1174 4043 1411 4084 affranchie
1432 4050 1493 4084 est
1514 4046 1696 4088 refusée.

839 4114 899 4156 On
939 4120 1000 4154 est
1038 4114 1132 4164 prié
1164 4114 1216 4153 de
1247 4114 1416 4164 joindre
1448 4120 1598 4155 autant
1626 4128 1711 4168 que
1739 4115 1924 4167 possible

787 4179 871 4208 une
891 4167 1203 4219 photographie
1224 4173 1264 4207 et
1280 4168 1332 4208 de
1352 4167 1515 4208 donner
1534 4170 1747 4223 quelques
1767 4169 1923 4211 détails

783 4231 859 4260 sur
898 4221 939 4261 la
969 4221 1177 4262 situation
1210 4221 1261 4260 de
1297 4222 1468 4262 fortune
1498 4221 1550 4263 de
1586 4223 1625 4262 la
1662 4234 1870 4275 personne
1897 4225 1922 4263 à

786 4273 956 4314 marier.

837 4351 948 4391 Pour
967 4362 1078 4390 nous
1096 4351 1232 4391 éviter
1251 4351 1327 4390 des
1354 4352 1624 4399 recherches,
1650 4353 1712 4392 les
1742 4364 1919 4403 person¬

782 4414 858 4444 nes
895 4404 974 4455 qui
1006 4403 1147 4442 feront
1182 4414 1240 4442 un
1274 4402 1401 4442 choix
1420 4404 1527 4443 dans
1548 4403 1609 4442 les
1638 4403 1842 4443 colonnes
1860 4404 1920 4443 du

782 4458 892 4496 Lien
922 4456 975 4495 du
1006 4455 1210 4508 Mariage,
1235 4454 1353 4495 n’ont
1373 4456 1474 4506 qu’à
1505 4466 1614 4494 nous
1646 4455 1843 4506 rappeler
1880 4456 1920 4495 le

782 4510 964 4551 numéro
983 4508 1060 4560 qui
1086 4507 1260 4558 précède
1283 4508 1323 4546 la
1344 4506 1623 4558 proposition.

832 4575 948 4617 Tous
984 4574 1047 4615 les
1086 4572 1453 4623 renseignements
1490 4571 1655 4615 donnés
1693 4585 1769 4626 par
1809 4585 1921 4615 nous

779 4635 874 4671 sont
895 4629 1090 4680 gratuits.

831 4707 888 4747 La
922 4706 1288 4758 correspondance
1326 4707 1388 4744 est
1423 4705 1615 4747 adressée
1646 4718 1748 4747 sous
1785 4719 1915 4750 enve¬

776 4758 902 4813 loppe
922 4760 1152 4810 ordinaire,
1176 4770 1275 4801 sans
1310 4768 1480 4798 aucune
1512 4760 1766 4811 inscription
1800 4764 1914 4804 exté¬

774 4816 918 4856 rieure
938 4819 1060 4853 autre
1079 4826 1164 4866 que
1186 4813 1387 4853 l’adresse
1407 4812 1459 4851 de
1479 4813 1519 4852 la
1543 4824 1764 4863 personne.

826 4887 904 4927 Les
935 4886 1128 4926 abonnés
1156 4883 1274 4926 seuls
1303 4887 1378 4924 ont
1407 4883 1519 4923 droit
1539 4884 1563 4922 à
1591 4895 1676 4924 une
1707 4884 1911 4927 insertion

771 4939 823 4980 de
852 4940 953 4992 cinq
986 4939 1137 4991 lignes,
1159 4938 1292 4991 qu’ils
1324 4936 1568 4988 rédigeront
1587 4938 1611 4976 à
1636 4938 1730 4979 leur
1759 4951 1914 4980 conve¬

771 5005 924 5036 nance.

825 5067 903 5107 Les
923 5065 1256 5118 photographies
1275 5072 1316 5104 et
1338 5071 1483 5104 autres
1514 5064 1656 5115 pièces
1683 5065 1869 5105 confiées
1888 5067 1913 5106 à

770 5117 812 5158 la
834 5119 991 5160 Maison
1014 5125 1108 5161 sont
1130 5118 1315 5160 rendues
1348 5130 1431 5159 aux
1466 5118 1694 5160 intéressés
1723 5120 1843 5169 après
1870 5119 1911 5159 la

769 5172 1031 5215 célébration
1051 5175 1111 5215 du
1132 5173 1340 5226 mariage.

821 5249 899 5289 Les
920 5263 1147 5300 personnes
1167 5252 1243 5306 qui
1264 5257 1359 5292 sont
1380 5251 1611 5292 satisfaites
1631 5252 1683 5291 de
1711 5263 1786 5291 nos
1814 5262 1908 5291 ser¬

769 5301 883 5342 vices
904 5305 1113 5344 voudront
1133 5305 1234 5347 bien
1249 5306 1587 5358 communiquer
1607 5310 1724 5345 notre
1739 5306 1908 5344 adresse

766 5354 792 5394 à
810 5355 927 5397 leurs
945 5357 1070 5408 amis,
1094 5364 1352 5410 promettant
1373 5359 1424 5400 de
1446 5358 1626 5411 remplir
1655 5358 1695 5399 le
1731 5357 1908 5399 mandat

766 5408 875 5459 qu’il
922 5422 1032 5452 nous
1078 5412 1339 5464 donneront,
1387 5427 1444 5454 au
1492 5414 1641 5454 mieux
1689 5412 1740 5452 de
1791 5412 1908 5452 leurs

766 5459 960 5503 intérêts.

821 5536 990 5577 Ouvert
1025 5541 1125 5579 tous
1161 5540 1220 5581 les
1242 5543 1377 5596 jours
1407 5544 1463 5583 de
1493 5545 1525 5585 2
1548 5547 1576 5584 à
1597 5546 1626 5583 8
1646 5543 1808 5584 heures
1839 5542 1904 5583 du

763 5591 859 5631 soir
864 5603 872 5639 ,
896 5595 936 5631 et
959 5593 1020 5631 les
1039 5594 1296 5636 dimanches
1306 5596 1498 5652 jusqu’à
1518 5598 1636 5639 midi

803 5771 1242 5846 FORMALITÉS
1287 5780 1462 5849 POUR
1509 5784 1860 5854 MARIAGES

814 5958 891 5998 Les
938 5954 1227 6008 publications
1264 5954 1316 5996 de
1356 5956 1546 6008 mariage
1592 5962 1766 6003 doivent
1811 5963 1898 6004 être

759 6010 884 6051 faites
903 6012 928 6051 à
950 6012 992 6051 la
1010 6008 1158 6051 Mairie
1176 6007 1286 6048 deux
1317 6009 1572 6052 dimanches
1591 6016 1641 6056 de
1662 6015 1774 6058 suite
1795 6022 1836 6058 et
1857 6015 1896 6057 le

758 6064 947 6115 mariage
987 6076 1039 6104 ne
1079 6067 1181 6114 peut
1220 6063 1341 6103 avoir
1378 6063 1462 6103 lieu
1506 6078 1589 6116 que
1627 6081 1730 6108 onze
1777 6071 1897 6121 jours

757 6117 900 6159 francs
919 6119 1040 6169 après
1063 6116 1102 6158 la
1124 6118 1334 6168 première
1355 6115 1639 6167 publication.

2085 606 2126 645 Si
2151 606 2188 646 le
2209 606 2415 648 domicile
2436 607 2542 647 n’est
2562 619 2635 658 pas
2670 607 2801 648 établi
2838 618 2912 659 par
2950 607 3014 646 six
3054 606 3163 647 mois

2030 660 2081 700 de
2103 661 2338 709 résidence,
2355 662 2415 702 les
2435 660 2724 711 publications
2739 662 2919 702 devront
2932 661 3020 699 être
3038 659 3164 699 faites

2031 715 2054 752 à
2093 712 2133 752 la
2172 714 2474 765 municipalité
2512 712 2569 752 du
2610 715 2779 755 dernier
2811 713 3015 755 domicile
3040 719 3080 752 et
3110 723 3161 752 en

2030 773 2150 807 outre
2187 780 2240 807 au
2280 767 2485 808 domicile
2517 767 2567 806 de
2600 779 2706 808 ceux
2733 780 2832 809 sous
2866 769 2906 808 la
2938 768 3161 818 puissance

2029 820 2226 871 desquels
2244 832 2288 863 se
2326 826 2524 861 trouvent
2560 819 2619 860 les
2650 822 2805 871 parties
2834 826 3156 863 contractantes.

2081 908 2224 950 Pièces
2244 911 2267 950 à
2289 910 2490 961 produire
2510 910 2534 948 à
2551 907 2592 947 la
2615 907 2759 948 Mairie
2776 922 2786 950 :

2083 998 2119 1036 1°
2147 998 2286 1038 L’acte
2305 998 2357 1037 de
2374 998 2595 1038 naissance
2610 998 2685 1037 des
2698 996 2809 1036 deux
2825 997 2967 1039 futurs
2979 1000 3160 1040 dûment

2027 1050 2226 1100 légalisés
2250 1064 2260 1100 ;

2078 1115 2118 1154 2°
2138 1116 2194 1155 Le
2214 1121 2535 1157 consentement
2554 1115 2718 1156 notarié
2735 1115 2811 1155 des
2825 1116 2944 1167 pères
2963 1122 3004 1156 et
3023 1118 3161 1158 mères

2024 1169 2103 1221 qui
2144 1182 2194 1208 ne
2235 1176 2419 1221 peuvent
2460 1170 2496 1211 le
2528 1170 2694 1210 donner
2730 1170 3020 1209 verbalement
3056 1172 3079 1208 à
3120 1171 3159 1209 la

2026 1221 2171 1263 Mairie
2191 1235 2246 1262 au
2268 1230 2461 1264 moment
2481 1222 2532 1262 de
2552 1223 2675 1263 l’acte
2696 1222 2752 1262 du
2775 1223 2965 1271 mariage
2987 1235 2997 1271 ;

2078 1287 2116 1326 3°
2145 1288 2189 1328 Si
2208 1287 2248 1329 le
2271 1291 2367 1339 père
2387 1294 2428 1329 et
2451 1288 2490 1329 la
2512 1290 2628 1328 mère
2648 1293 2743 1330 sont
2771 1287 2967 1337 décédés,
2990 1299 3044 1326 ou
3068 1286 3159 1327 l'un

2024 1340 2163 1389 d’eux,
2187 1341 2219 1380 il
2239 1342 2331 1383 faut
2351 1341 2520 1383 fournir
2538 1342 2633 1383 leur
2652 1347 2744 1383 acte
2759 1342 2812 1382 de
2831 1340 2956 1383 décès
2975 1342 3160 1380 dûment

2026 1395 2202 1444 légalisé
2226 1408 2234 1444 ;

2075 1459 2114 1498 4°
2143 1461 2254 1503 Dans
2273 1461 2311 1502 le
2330 1474 2403 1503 cas
2421 1462 2472 1501 de
2493 1461 2617 1503 décès
2637 1462 2710 1502 des
2741 1464 2839 1512 père
2867 1467 2908 1501 et
2937 1463 3067 1510 mère,
3089 1459 3156 1500 s’il

2024 1514 2155 1555 existe
2196 1527 2252 1555 un
2292 1516 2546 1567 grand-père
2578 1528 2630 1555 ou
2675 1527 2756 1555 une
2784 1515 3068 1564 grand'mère,
3101 1526 3156 1554 ou

2024 1567 2179 1608 arrière
2220 1569 2478 1620 grand-père
2512 1575 2550 1607 et
2580 1570 2736 1609 arrière
2756 1570 3039 1620 grand’mère,
3063 1567 3158 1608 leur

2023 1628 2344 1662 consentement
2365 1630 2425 1663 est
2446 1622 2698 1664 nécessaire.

2077 1674 2185 1715 Pour
2219 1688 2278 1715 un
2308 1675 2483 1715 mineur
2506 1688 2514 1716 :

2083 1746 2112 1783 P
2151 1746 2182 1784 II
2226 1746 2316 1785 faut
2357 1746 2396 1786 la
2432 1746 2630 1797 présence
2667 1759 2722 1788 ou
2759 1747 2797 1787 le
2832 1751 3156 1788 consentement

2023 1799 2186 1839 notarié
2211 1799 2267 1839 du
2290 1803 2435 1840 tuteur
2454 1812 2463 1851 ;

2073 1863 2111 1902 2°
2142 1864 2230 1906 Une
2265 1866 2547 1908 délibération
2589 1868 2643 1908 du
2690 1868 2854 1909 Conseil
2894 1868 2945 1908 de
2986 1867 3154 1908 famille

2023 1917 2213 1971 lorsqu’il
2245 1920 2367 1971 s’agit
2398 1922 2502 1963 d’un
2535 1922 2733 1972 orphelin
2754 1924 2806 1963 de
2829 1925 2927 1974 père
2948 1928 2988 1962 et
3007 1935 3093 1975 que
3116 1923 3153 1962 la

2020 1974 2135 2013 mère
2154 1986 2207 2014 ou
2232 1974 2406 2015 l'aïeule
2426 1980 2520 2015 sont
2543 1976 2719 2015 tutrices
2742 1989 2751 2023 ;

2071 2026 2183 2067 Dans
2204 2039 2347 2068 aucun
2370 2040 2454 2075 cas,
2479 2039 2536 2066 un
2560 2028 2732 2066 mineur
2754 2038 2806 2065 ne
2828 2031 2930 2076 peut
2959 2031 3154 2066 contrac¬

2019 2086 2079 2119 ter
2099 2080 2289 2131 mariage
2310 2091 2408 2119 sans
2431 2080 2467 2119 le
2488 2084 2810 2119 consentement
2830 2079 2881 2119 de
2901 2089 2967 2118 ses
2986 2084 3156 2128 parents

2018 2145 2070 2173 ou
2096 2139 2276 2173 tuteurs.

2070 2196 2109 2235 5"
2139 2196 2216 2237 Les
2238 2195 2361 2237 veufs
2380 2196 2552 2236 doivent
2575 2198 2775 2247 produire
2797 2196 2919 2238 Pacte
2948 2197 3000 2238 de
3030 2198 3155 2239 décès

2019 2249 2194 2299 légalisé
2214 2251 2265 2292 de
2288 2250 2380 2290 leur
2399 2251 2591 2300 conjoint
2613 2250 2770 2290 décédé
2795 2263 2804 2299 ;

2069 2316 2107 2355 6°
2137 2316 2200 2355 Un
2236 2315 2444 2357 certificat
2481 2314 2533 2355 de
2571 2314 2596 2352 6
2635 2314 2747 2352 mois
2783 2314 2836 2352 de
2872 2315 3093 2355 résidence
3128 2318 3154 2354 à

2016 2370 2241 2418 Marseille,
2264 2367 2427 2408 délivré
2450 2378 2522 2416 par
2541 2367 2579 2407 le
2600 2366 2898 2407 commissaire
2923 2367 2974 2406 de
3000 2367 3150 2416 police,

2014 2434 2123 2474 pour
2143 2423 2204 2460 les
2223 2431 2454 2472 personnes
2471 2420 2548 2472 qui
2570 2420 2643 2472 n'y
2663 2424 2758 2459 sont
2779 2430 2852 2468 pas
2871 2419 2972 2459 nées
2993 2432 3003 2470 ;

2067 2487 2106 2523 7*
2126 2486 2186 2526 On
2207 2484 2295 2525 doit
2315 2484 2499 2534 justifier
2519 2486 2569 2524 de
2590 2496 2635 2525 sa
2655 2484 2886 2525 libération
2908 2485 2964 2525 du
2987 2487 3151 2527 service

2014 2538 2240 2586 militaire,
2260 2538 2343 2579 soit
2363 2550 2437 2589 par
2454 2549 2532 2579 son
2551 2538 2703 2588 congé,
2724 2539 2808 2578 soit
2829 2551 2903 2591 par
2930 2551 2992 2579 un
3022 2541 3152 2581 certi¬

2015 2593 2114 2632 ficat
2135 2592 2186 2631 de
2206 2591 2435 2632 libération
2460 2605 2470 2642 ;

2066 2657 2104 2695 8°
2133 2658 2194 2696 En
2214 2663 2336 2697 outre
2356 2657 2431 2696 des
2452 2656 2592 2706 pièces
2611 2659 2821 2698 énoncées
2841 2658 3069 2707 ci-dessus,
3090 2659 3152 2700 les

2012 2722 2245 2761 personnes
2264 2710 2483 2750 divorcées
2503 2710 2683 2750 devront
2706 2711 2902 2760 produire
2926 2723 2983 2751 un
3001 2714 3150 2753 extrait

2012 2764 2068 2803 du
2090 2763 2316 2814 jugement
2336 2763 2545 2815 ainsique
2563 2763 2684 2803 l’acte
2699 2763 2757 2802 du
2779 2764 2949 2804 divorce
2968 2767 3150 2807 dûment

2012 2818 2243 2866 enregistré
2264 2822 2304 2855 et
2327 2816 2522 2856 transcrit
2541 2818 2560 2855 à
2586 2816 2628 2856 la
2651 2816 2794 2856 Mairie
2818 2830 2827 2868 ;

2065 2880 2103 2919 9°
2134 2881 2317 2932 Lorsque
2356 2880 2418 2920 les
2457 2886 2624 2933 parents
2670 2882 2858 2923 refusent
2905 2883 2957 2923 de
2987 2886 3150 2926 donner

2011 2932 2106 2972 leur
2129 2939 2451 2974 consentement
2469 2946 2523 2975 au
2546 2936 2735 2986 mariage
2771 2936 2900 2979 d’une
2943 2950 3147 2989 personne

2013 2985 2220 3036 majeure,
2243 2987 2274 3027 il
2306 2994 2407 3038 peut
2446 2990 2532 3028 être
2569 2991 2688 3040 passé
2718 2998 2838 3031 outre
2860 3005 2912 3032 au
2938 2992 3143 3045 mariage,

2010 3041 2132 3091 après
2150 3040 2244 3080 leur
2261 3040 2381 3081 avoir
2401 3042 2480 3081 fait
2499 3043 2572 3083 des
2594 3051 2706 3083 actes
2727 3045 2778 3084 de
2798 3052 2961 3098 respect
2981 3047 3145 3088 variant

2009 3093 2060 3133 de
2082 3105 2139 3134 un
2163 3096 2186 3134 à
2208 3094 2307 3135 trois
2340 3102 2379 3135 et
2414 3096 2535 3137 s’être
2562 3098 2779 3139 conformé
2812 3112 2894 3140 aux
2932 3102 3143 3155 prescrip¬

2010 3147 2123 3187 tions
2141 3148 2216 3187 des
2231 3154 2310 3188 art.
2336 3150 2411 3188 144
2431 3155 2472 3190 et
2496 3151 2568 3190 154
2587 3151 2645 3191 du
2667 3152 2772 3192 code
2789 3154 2893 3193 civil
2917 3166 2927 3203 ;

2067 3212 2127 3250 10°
2156 3212 2267 3253 Pour
2290 3213 2327 3252 la
2346 3214 2543 3267 question
2563 3215 2635 3257 des
2655 3218 2919 3260 cérémonies
2940 3220 3140 3272 religieu¬

2006 3275 2086 3315 ses,
2109 3266 2332 3308 s’adresser
2351 3270 2523 3310 suivant
2552 3270 2591 3311 le
2621 3271 2736 3312 culte
2757 3275 2780 3312 à
2804 3273 2843 3315 la
2864 3275 3062 3328 paroisse,
3083 3290 3139 3319 au

2007 3319 2253 3363 consistoire
2274 3327 2504 3374 protestant
2524 3338 2579 3366 ou
2600 3339 2654 3368 au
2678 3328 2792 3368 culte
2814 3329 3014 3372 Israélite.

2058 3398 2230 3440 L’Office
2251 3401 2488 3452 Mondonet,
2512 3404 2577 3453 47,
2601 3418 2676 3444 rue
2706 3405 2756 3444 de
2789 3406 2828 3444 la
2863 3407 3004 3455 Darse,
3038 3415 3140 3456 peut

2004 3464 2047 3491 se
2079 3452 2256 3502 charger
2291 3455 2340 3492 de
2375 3461 2511 3495 toutes
2544 3456 2604 3496 les
2634 3458 2872 3499 formalités
2910 3458 3060 3499 civiles
3098 3466 3139 3500 et

2005 3503 2255 3554 religieuses
2274 3507 2309 3546 si
2334 3506 2392 3548 les
2410 3507 2564 3550 clients
2584 3508 2647 3550 lui
2668 3511 2855 3553 confient
2874 3524 2921 3555 ce
2942 3512 3049 3556 soin.

2056 3558 2224 3600 L’office
2246 3561 2468 3603 Mondonet
2499 3575 2551 3603 ne
2582 3565 2740 3620 perçoit
2777 3567 2850 3609 des
2888 3568 3136 3612 honoraires

2000 3613 2197 3667 qu’après
2218 3614 2257 3656 la
2278 3615 2541 3659 célébration
2562 3619 2620 3660 du
2642 3622 2847 3674 mariage.

2104 3806 2657 3875 RENSEIGNEMENTS
2710 3798 3021 3877 GENERAUX

1996 3910 2344 3951 concernant
2380 3907 2459 3947 les
2491 3904 2727 3948 Veuves
2757 3907 3132 3960 pensionnées

2048 4059 2167 4100 Gand
2184 4059 2363 4101 nombre
2383 4059 2434 4100 de
2455 4059 2602 4101 dames
2620 4058 2831 4111 jouissant
2852 4059 2982 4102 d’une
3023 4072 3130 4111 pen¬

1994 4114 2087 4154 sion
2109 4114 2161 4155 de
2182 4114 2351 4154 retraite
2373 4126 2447 4165 par
2466 4114 2579 4155 suite
2598 4114 2656 4154 du
2678 4113 2803 4154 décès
2822 4114 2875 4154 de
2899 4114 2994 4155 leur
3019 4111 3131 4155 mari

1994 4174 2087 4209 sont
2126 4168 2380 4221 persuadées
2417 4166 2598 4220 qu’elles
2636 4166 2876 4219 perdraient
2908 4180 2978 4209 ces
2998 4168 3131 4210 droits

1995 4224 2019 4262 à
2036 4223 2079 4262 la
2099 4222 2268 4263 retraite
2298 4224 2335 4262 si
2367 4222 2472 4262 elles
2502 4222 2812 4264 contractaient
2843 4233 2928 4263 une
2947 4224 3129 4263 seconde

1995 4276 2144 4315 union.
2184 4275 2291 4314 G’est
2324 4287 2407 4314 une
2440 4275 2646 4323 profonde
2672 4287 2818 4316 erreur
2836 4276 2873 4316 si
2895 4287 2963 4316 ces
2983 4276 3130 4316 dames

1993 4334 2087 4367 sont
2122 4326 2406 4378 pensionnées
2442 4327 2492 4367 de
2531 4326 2652 4367 l’Etat
2675 4341 2684 4376 ;
2716 4340 2787 4367 car
2824 4334 2931 4368 cette
2950 4328 3126 4380 pension

1993 4380 2098 4418 n’est
2136 4390 2211 4427 pas
2251 4390 2335 4417 une
2374 4379 2540 4427 faveur,
2582 4382 2683 4419 c’est
2719 4391 2778 4419 un
2811 4380 2922 4420 droit
2947 4382 3128 4434 qu’elles

1994 4432 2186 4471 tiennent
2206 4442 2258 4470 en
2282 4436 2398 4471 vertu
2422 4430 2550 4471 d’une
2582 4431 2655 4473 loi.
2699 4431 2752 4472 La
2782 4431 2839 4472 loi
2859 4433 2917 4474 du
2939 4435 3126 4488 mariage

1991 4484 2109 4524 étant
2144 4483 2508 4525 essentiellement
2534 4484 2711 4534 morale,
2737 4498 2787 4526 ne
2827 4494 2928 4539 peut
2966 4490 3127 4532 édicter

1991 4535 2066 4577 des
2102 4538 2468 4590 empêchements,
2491 4538 2564 4578 des
2589 4538 2796 4580 obstacles
2827 4553 2882 4582 au
2918 4544 3122 4599 mariage,

1990 4602 2060 4632 ces
2079 4592 2429 4642 empêchements
2462 4591 2646 4633 seraient
2683 4594 2926 4639 considérés
2954 4611 3123 4643 comme

1990 4646 2233 4687 immoraux
2255 4652 2294 4687 et
2316 4659 2391 4698 par
2410 4648 2674 4698 conséquent
2695 4651 2927 4694 contraires
2944 4655 2968 4695 à
2984 4654 3023 4695 la
3047 4656 3118 4698 loi.

1988 4700 2065 4742 Les
2105 4711 2263 4740 veuves
2299 4699 2620 4750 pensionnaires
2650 4702 2701 4743 de
2730 4703 2852 4745 l’Etat
2871 4718 2924 4747 ne
2947 4709 3122 4760 perdent

1987 4755 2095 4796 donc
2118 4767 2191 4808 pas
2209 4754 2304 4796 leur
2326 4753 2503 4804 pension
2539 4754 2584 4793 ni
2614 4767 2691 4807 par
2721 4770 2780 4797 un
2801 4762 2972 4812 second,
2997 4765 3040 4802 ni
3063 4776 3122 4804 un

1989 4811 2204 4852 troisième
2227 4808 2430 4860 mariage.

2038 4866 2115 4907 Les
2135 4876 2292 4906 veuves
2314 4862 2595 4916 pensionnées
2615 4876 2690 4915 par
2714 4864 2776 4906 les
2804 4866 3120 4918 départements

1986 4926 2172 4968 peuvent
2208 4919 2348 4960 seules
2386 4918 2480 4958 voir
2516 4919 2760 4969 supprimer
2796 4927 2904 4960 cette
2943 4924 3119 4974 pension

1983 4983 2058 5023 par
2080 4984 2136 5012 un
2157 4975 2311 5014 second
2351 4972 2540 5023 mariage
2578 4971 2684 5012 dans
2716 4974 2899 5014 certains
2931 4987 3002 5016 cas
3022 4982 3062 5015 et
3082 4978 3118 5017 si

1983 5031 2090 5067 cette
2122 5027 2298 5079 pension
2334 5040 2358 5068 a
2387 5028 2454 5070 été
2482 5027 2684 5069 accordée
2705 5026 2730 5068 à
2753 5027 2847 5069 titre
2867 5028 2918 5069 de
2947 5041 3119 5072 secours

1984 5082 2251 5130 temporaire.

2036 5133 2273 5184 D’ailleurs,
2299 5132 2336 5173 le
2358 5133 2452 5174 litre
2472 5134 2523 5174 de
2547 5136 2722 5186 pension
2746 5142 2860 5190 porte
2882 5150 2932 5180 en
2954 5151 3114 5193 marge,

1982 5195 2035 5225 en
2056 5192 2193 5229 toutes
2215 5188 2370 5239 lettres,
2398 5198 2468 5228 ces
2486 5190 2687 5231 réserves.

1983 5374 2360 5482 OFFRES
2439 5383 2552 5483 DE
2627 5381 3112 5487 MARIAGES

2151 5571 2571 5619 DEMOISELLES
2608 5574 2675 5618 ET
2708 5574 2940 5618 VEUVES

2027 5721 2118 5763 401.
2143 5746 2193 5753 —
2231 5723 2504 5775 Demoiselle,
2536 5725 2587 5766 30
2625 5735 2716 5770 ans,
2756 5722 2973 5774 instruite,
3010 5724 3107 5764 bien

1973 5776 2135 5824 élevée,
2168 5777 2257 5819 fille
2280 5780 2458 5832 unique,
2481 5779 2643 5819 femme
2662 5775 2929 5826 d’intérieur,
2970 5778 3108 5828 possé¬

1971 5830 2074 5872 dant
2093 5830 2215 5879 2,000
2234 5832 2305 5883 fr.,
2330 5846 2389 5876 un
2408 5834 2516 5874 beau
2539 5837 2778 5879 trousseau,
2809 5831 3058 5880 espérances
3082 5833 3106 5873 à

1972 5884 2094 5927 venir
2113 5884 2260 5935 30,000
2280 5887 2352 5937 fr.,
2375 5900 2417 5928 se
2439 5884 2629 5927 mettrait
2648 5885 2672 5923 à
2696 5884 2735 5925 la
2755 5885 2838 5924 tête
2856 5884 2960 5927 d’un
2979 5898 3103 5928 com¬

1970 5950 2127 5980 merce.

2021 6016 2115 6059 402.
2140 6038 2188 6046 —
2207 6015 2479 6070 Demoiselle,
2499 6017 2552 6057 47
2570 6026 2663 6064 ans,
2691 6015 2865 6056 fortune
2888 6017 3008 6068 1,500
3027 6020 3101 6071 fr.,

1967 6076 2099 6122 ayant
2119 6082 2177 6110 un
2196 6081 2435 6112 commerce
2467 6074 2519 6113 de
2554 6068 2774 6119 mercerie,
2798 6082 2857 6111 un
2878 6071 2984 6115 beau
3010 6086 3102 6115 mo¬

1967 6125 2111 6176 bilier,
2131 6124 2374 6176 épouserait
2396 6138 2455 6166 un
2478 6124 2653 6167 ouvrier
2672 6135 2726 6164 ou
2748 6123 2924 6168 artisan.

3289 618 3382 659 406.
3404 643 3455 651 —
3479 620 3640 674 Veuve,
3681 623 3732 664 42
3764 636 3852 675 ans,
3880 630 4051 675 fortune
4091 635 4213 684 9,000
4232 637 4284 679 fr.
4323 651 4377 680 en

3234 672 3412 723 actions,
3436 676 3678 727 épouserait
3699 681 3803 731 petit
3820 683 3979 724 rentier
3998 699 4051 727 ou
4075 691 4251 734 artisan.

3288 753 3380 794 407.
3402 780 3452 787 —
3475 760 3746 815 Demoiselle,
3763 766 3815 808 46
3829 779 3919 816 ans,
3942 768 4113 813 fortune
4137 775 4286 827 12,000
4302 779 4375 832 fr.,

3237 807 3452 861 tailleuse,
3476 814 3720 863 épouserait
3742 831 3800 860 un
3823 822 3979 863 marin.

3286 896 3378 938 412.
3401 921 3452 928 —
3485 899 3643 952 Veuve,
3683 904 3733 946 49
3772 920 3864 958 ans,
3902 911 4150 963 cuisinière,
4200 917 4373 962 fortune

3238 950 3439 1002 1,500fr.,
3454 955 3695 1004 épouserait
3711 971 3770 1000 un
3785 962 3868 1004 bon
3886 968 4061 1008 ouvrier
4080 980 4135 1009 ou
4150 972 4368 1027 employé.

3286 1041 3378 1083 413.
3403 1066 3451 1073 —
3482 1044 3754 1098 Demoiselle,
3795 1050 3846 1090 45
3884 1066 3974 1104 ans,
4027 1059 4218 1101 titulaire
4267 1063 4371 1106 d’un

3234 1094 3397 1137 bureau
3419 1098 3471 1139 de
3491 1099 3628 1150 tabac,
3670 1102 3912 1153 épouserait
3943 1114 4146 1167 employé
4174 1127 4231 1156 ou
4266 1119 4373 1168 petit

3233 1151 3406 1191 rentier.

3285 1231 3376 1272 415.
3402 1256 3451 1264 —
3471 1236 3743 1291 Demoiselle,
3784 1243 3836 1285 35
3872 1256 3963 1295 ans,
4006 1248 4116 1291 belle
4139 1266 4367 1307 personne,

3232 1282 3332 1323 bien
3354 1286 3511 1339 élevée,
3551 1291 3720 1334 fortune
3755 1298 3876 1347 1,200
3898 1299 3967 1348 fr.,
3991 1311 4124 1351 gagne
4146 1307 4195 1347 80
4220 1310 4268 1351 fr.
4294 1322 4370 1362 par

3236 1336 3359 1387 mois,
3378 1339 3515 1384 désire
3533 1346 3713 1396 épouser
3732 1351 3838 1401 petit
3858 1354 4074 1407 employé.

3286 1424 3375 1466 416.
3400 1450 3451 1457 —
3482 1431 3750 1487 Demoiselle,
3792 1439 4067 1495 institutrice,
4092 1444 4140 1486 30
4162 1458 4252 1498 ans,
4276 1451 4369 1493 for¬

3234 1482 3335 1517 tune
3373 1484 3557 1523 actuelle
3611 1489 3727 1536 1,500
3773 1493 3823 1534 fr.
3878 1496 4179 1550 d’économies,
4229 1514 4368 1554 gagne

3234 1532 3351 1578 1,400
3374 1534 3423 1574 fr.
3448 1547 3519 1584 par
3540 1550 3608 1587 an,
3635 1543 3739 1582 beau
3766 1552 3998 1599 trousseau,
4034 1555 4182 1595 avenir
4200 1554 4252 1596 de
4290 1570 4368 1598 son

3233 1587 3328 1637 père
3346 1587 3495 1638 20,000
3516 1591 3566 1631 fr.
3592 1603 3644 1631 en
3667 1598 3913 1650 propriétés,
3936 1605 4074 1648 désire
4103 1611 4285 1660 épouser
4307 1623 4368 1653 un

3231 1641 3432 1696 employé
3455 1643 3551 1684 bien
3575 1644 3707 1687 élevé.

3282 1727 3374 1767 418.
3401 1751 3447 1760 —
3486 1729 3756 1783 Demoiselle,
3793 1735 3895 1784 âgée
3928 1737 3980 1778 de
4001 1740 4051 1780 50
4071 1754 4161 1794 ans,
4186 1748 4367 1791 institu¬

3230 1779 3334 1819 trice
3363 1779 3486 1831 libre,
3527 1791 3658 1836 ayant
3696 1799 3779 1828 une
3815 1789 4058 1832 institution
4098 1807 4200 1838 avec
4236 1815 4366 1844 sous-

3229 1835 3462 1876 maltresse.
3505 1848 3640 1888 gagne
3674 1841 3798 1888 2,000
3834 1842 3884 1886 fr.
3926 1857 4000 1896 par
4037 1858 4106 1898 an,
4148 1849 4271 1898 6,000
4310 1858 4363 1896 fr.

3227 1887 3528 1942 d’économies,
3546 1892 3654 1934 beau
3671 1897 3887 1948 mobilier,
3906 1900 4146 1952 épouserait
4162 1905 4364 1959 employé

3227 1953 3284 1980 ou
3305 1944 3477 1984 rentier.

3280 2023 3372 2063 420.
3395 2047 3443 2053 —
3465 2027 3735 2079 Demoiselle,
3764 2034 3807 2072 19
3828 2046 3919 2083 ans,
3942 2038 4059 2087 jolie,
4085 2042 4183 2083 bien
4202 2044 4363 2099 élevée,

3227 2075 3399 2116 fortune
3418 2079 3568 2126 30,000
3589 2082 3639 2122 fr.
3663 2094 3717 2123 en
3739 2087 3972 2135 propriétés
3991 2103 4047 2130 ou
4069 2095 4247 2146 actions,
4271 2100 4362 2141 fille

3228 2129 3406 2182 unique,
3431 2132 3672 2183 épouserait
3696 2149 3755 2177 un
3779 2139 3862 2179 bon
3882 2143 4100 2196 employé.

3280 2214 3370 2256 431.
3396 2239 3439 2246 —
3462 2218 3623 2266 Veuve,
3647 2222 3695 2263 47
3718 2235 3807 2272 ans,
3830 2225 3929 2267 bien
3951 2228 4110 2280 élevée,
4132 2231 4244 2272 belle
4263 2245 4362 2284 per¬

3226 2279 3373 2316 sonne,
3400 2271 3564 2312 fortune
3588 2275 3756 2323 100,000
3780 2280 3851 2329 fr.,
3874 2282 4116 2333 épouserait
4144 2286 4363 2331 Monsieur

3225 2331 3278 2358 en
3294 2331 3465 2371 rapport
3483 2325 3603 2375 d’âge
3625 2332 3667 2367 et
3686 2329 3735 2368 de
3757 2331 3943 2375 fortune.

3280 2401 3371 2443 435.
3395 2425 3440 2431 —
3464 2403 3735 2459 Demoiselle,
3776 2413 3827 2454 26
3860 2427 3951 2464 ans,
3988 2419 4085 2460 bien
4107 2424 4267 2478 élevée,
4292 2429 4362 2469 fa¬

3225 2455 3346 2496 mille
3386 2458 3467 2497 très
3507 2459 3754 2511 honorable,
3795 2466 3866 2507 dot
3902 2470 4050 2519 65,000
4072 2474 4143 2522 fr.,
4179 2483 4360 2527 grandes

3226 2511 3472 2561 espérances
3488 2516 3609 2564 après
3628 2527 3694 2556 ses
3714 2527 3896 2570 parents,
3918 2525 4159 2576 épouserait
4176 2534 4355 2586 notaire,

3223 2567 3374 2613 avoué,
3414 2568 3617 2622 employé
3654 2570 3711 2612 du
3751 2584 4089 2623 gouvernement
4127 2594 4227 2625 avec
4250 2586 4356 2627 bons

3224 2622 3583 2669 appointements.

3275 2703 3351 2744 435
3371 2705 3453 2747 bis.
3476 2730 3526 2736 —
3566 2710 3836 2766 Demoiselle,
3866 2716 3916 2757 20
3938 2728 4028 2763 ans,
4059 2719 4148 2759 fille
4171 2726 4351 2778 unique,

3224 2756 3323 2796 bien
3359 2759 3519 2810 élevée,
3555 2761 3673 2813 jolie,
3718 2767 3789 2807 dot
3842 2770 4012 2818 100,000
4051 2772 4123 2822 fr.,
4173 2780 4355 2826 grandes

3222 2814 3483 2860 espérances,
3534 2818 3772 2867 épouserait
3820 2824 4034 2867 Monsieur
4081 2840 4132 2869 en
4183 2839 4355 2882 rapport

3222 2863 3356 2915 d’âge,
3378 2866 3648 2911 d’éducation
3671 2878 3710 2912 et
3739 2874 3790 2914 de
3811 2876 3982 2920 fortune
4004 2894 4056 2921 ou
4080 2883 4282 2932 employé
4303 2885 4355 2927 de

3223 2916 3356 2958 l’Etat.

3273 3006 3364 3046 436.
3389 3030 3439 3037 —
3458 3007 3731 3059 Demoiselle,
3746 3011 3796 3050 22
3811 3025 3904 3061 ans,
3925 3014 4045 3066 jolie,
4070 3018 4169 3059 bien
4190 3023 4351 3072 élevée,

3218 3059 3289 3099 dot
3311 3061 3430 3107 5,000
3451 3062 3503 3104 fr.
3543 3062 3594 3103 de
3631 3069 3783 3112 rentes,
3806 3067 4047 3117 épouserait
4068 3071 4280 3113 Monsieur
4299 3088 4352 3115 en

3218 3123 3387 3167 rapport
3406 3116 3525 3169 d’âge
3550 3123 3590 3158 et
3611 3118 3661 3158 de
3684 3118 3871 3163 fortune.

3268 3198 3359 3239 441.
3379 3223 3427 3229 —
3443 3200 3712 3251 Demoiselle,
3728 3204 3777 3245 34
3792 3216 3883 3256 ans,
3902 3206 4070 3250 fortune
4086 3211 4260 3261 900,000
4278 3215 4350 3262 fr.,

3215 3254 3455 3307 épouserait
3478 3255 3691 3298 Monsieur
3716 3270 3770 3299 en
3793 3269 3962 3313 rapport
3984 3263 4122 3315 d’âge,
4143 3274 4277 3316 ayant
4297 3267 4351 3307 de

3213 3308 3235 3348 2
3258 3311 3280 3348 à
3303 3308 3475 3359 300,000
3495 3312 3532 3350 fr
3556 3342 3566 3360 ,
3603 3312 3829 3352 donnerait
3851 3315 3890 3352 la
3911 3316 4155 3364 préférence
4178 3319 4201 3356 à
4223 3319 4347 3357 Mon¬

3211 3362 3328 3402 sieur
3343 3370 3477 3412 ayant
3499 3376 3558 3403 un
3579 3366 3675 3402 titre
3699 3366 3959 3406 nobilliaire.

3264 3439 3356 3482 442.
3386 3464 3430 3471 —
3459 3442 3616 3491 Veuve,
3656 3454 3754 3484 sans
3791 3446 3975 3495 enfants,
4016 3447 4066 3491 40
4105 3463 4196 3504 ans,
4235 3454 4348 3497 belle

3210 3505 3432 3546 personne,
3463 3495 3635 3539 fortune
3662 3498 3811 3550 50,000
3842 3500 3911 3552 fr.,
3953 3504 4197 3555 épouserait
4223 3508 4347 3550 Mon¬

3208 3549 3324 3591 sieur
3344 3563 3396 3592 en
3419 3558 3586 3603 rapport
3606 3554 3726 3603 d’âge
3746 3560 3787 3593 et
3809 3555 3986 3596 d’avoir.

3261 3627 3352 3667 443.
3377 3648 3427 3654 —
3466 3626 3735 3676 Demoiselle,
3769 3627 3820 3666 22
3854 3640 3946 3678 ans,
3974 3629 4086 3672 belle
4119 3644 4345 3687 personne,

3207 3678 3279 3717 dot
3298 3678 3472 3729 200,000
3494 3679 3563 3730 fr.,
3586 3679 3827 3732 épouserait
3847 3683 4011 3726 notaire
4032 3697 4086 3727 ou
4110 3691 4263 3730 avoué.

3259 3754 3350 3798 444.
3377 3782 3422 3787 —
3445 3758 3715 3811 Demoiselle,
3740 3762 3787 3801 21
3808 3774 3899 3813 ans,
3927 3763 3999 3805 dot
4039 3765 4185 3814 12,000
4206 3769 4258 3810 fr.
4294 3770 4345 3811 de

3207 3816 3359 3860 rentes,
3391 3814 3632 3863 épouserait
3655 3814 3868 3855 Monsieur
3888 3829 3939 3855 en
3962 3825 4135 3869 rapport
4163 3823 4282 3874 d’âge
4305 3830 4346 3865 et

3204 3864 3256 3903 de
3278 3863 3467 3902 fortune.

3259 3942 3351 3981 445.
3379 3964 3425 3971 —
3464 3943 3734 3996 Demoiselle,
3771 3946 3822 3986 24
3858 3959 3949 4000 ans,
3988 3950 4060 3991 dot
4093 3952 4240 4003 50,000
4270 3955 4341 4008 fr.,

3205 3994 3445 4044 épouserait
3482 3996 3699 4039 Monsieur
3729 4007 3860 4054 ayant
3894 4003 4082 4056 position
4110 4012 4151 4047 et
4171 4007 4340 4055 fortune

3204 4046 3495 4099 équivalente.

3257 4148 3347 4191 453.
3376 4174 3422 4181 —
3460 4153 3729 4208 Demoiselle,
3767 4159 3816 4199 36
3854 4173 3944 4212 ans,
3984 4163 4055 4204 dot
4090 4167 4236 4218 18,000
4266 4167 4339 4220 fr.,

3203 4204 3444 4254 épouserait
3462 4218 3755 4264 commerçant
3774 4225 3830 4254 ou
3851 4216 4066 4267 employé.

3256 4286 3347 4330 454,
3371 4314 3419 4320 —
3450 4292 3722 4343 Demoiselle,
3757 4293 3806 4333 36
3839 4306 3930 4343 ans,
3960 4295 4058 4335 bien
4083 4298 4243 4350 élevée,
4268 4303 4341 4344 dot

3202 4340 3323 4391 5.000
3346 4345 3414 4394 fr,,
3435 4347 3678 4400 épouserait
3697 4347 3916 4400 employé.

3252 4428 3343 4472 456.
3364 4456 3411 4462 —
3430 4432 3700 4482 Demoiselle,
3721 4434 3771 4474 30
3786 4445 3876 4484 ans,
3894 4434 4034 4479 bonne
4047 4438 4336 4495 musicienne,

3198 4482 3271 4524 dot
3307 4485 3451 4535 15,000
3488 4487 3559 4538 fr.,
3594 4488 3835 4539 épouserait
3866 4492 4083 4545 employé,
4114 4506 4339 4538 commer¬

3198 4543 3295 4590 çant
3315 4552 3372 4580 ou
3394 4540 3566 4582 rentier.

3248 4616 3341 4660 459.
3364 4643 3414 4650 —
3436 4619 3707 4672 Demoiselle,
3727 4622 3779 4662 26
3800 4634 3891 4672 ans,
3911 4623 4031 4675 jolie,
4049 4625 4148 4666 bien
4170 4624 4333 4676 élevée,

3196 4671 3344 4719 20.000
3364 4674 3415 4713 fr.
3457 4674 3510 4714 de
3549 4674 3621 4715 dot
3649 4679 3690 4714 et
3721 4679 3984 4727 espérances,
4007 4679 4251 4728 épouserait
4271 4690 4334 4719 un

3195 4734 3488 4778 commerçant
3508 4727 3608 4766 bien
3629 4728 3779 4767 établi.

3247 4807 3339 4847 462.
3365 4830 3415 4836 —
3433 4807 3706 4853 Demoiselle,
3730 4808 3781 4848 24
3802 4820 3894 4859 ans,
3918 4810 4092 4854 fortune
4115 4812 4236 4866 3,000
4258 4817 4331 4871 fr.,

3194 4862 3304 4901 beau
3342 4866 3578 4909 trousseau,
3607 4863 3755 4903 avenir
3775 4862 3826 4904 de
3846 4875 3912 4904 ses
3935 4875 4124 4922 parents,
4146 4874 4331 4924 épouse¬

3195 4914 3275 4953 rait
3295 4924 3450 4967 garçon
3471 4915 3523 4955 de
3542 4916 3636 4958 café
3655 4929 3711 4958 ou
3732 4919 3839 4971 petit
3859 4923 4034 4964 rentier.

3245 4995 3322 5039 404
3339 4997 3475 5040 bis.—
3492 5000 3652 5052 Veuve,
3673 5005 3775 5054 âgée
3796 5004 3847 5047 de
3867 5004 3917 5047 47
3939 5019 4030 5058 ans,
4048 5008 4146 5047 bien
4168 5005 4328 5055 élevée,

3194 5053 3416 5101 possédant
3457 5054 3627 5103 120,000
3669 5056 3720 5098 fr.
3759 5070 3813 5098 en
3852 5061 4043 5105 valeurs,
4086 5059 4332 5107 épouserait

3193 5106 3406 5147 Monsieur
3443 5119 3498 5148 ou
3538 5109 3698 5151 rentier
3736 5119 3867 5164 ayant
3888 5111 4010 5159 3,000
4033 5109 4087 5151 fr.
4111 5109 4163 5151 de
4186 5118 4331 5156 rentes

3190 5172 3243 5201 au
3266 5163 3409 5203 moins
3427 5167 3468 5203 et
3488 5175 3540 5203 en
3564 5170 3736 5216 rapport
3755 5166 3892 5213 d’âge.

3240 5246 3333 5286 465.
3362 5269 3405 5275 —
3427 5246 3588 5295 Veuve,
3620 5250 3723 5295 âgée
3764 5245 3815 5283 de
3855 5243 3904 5282 38
3943 5257 4036 5299 ans,
4076 5251 4190 5292 belle
4233 5264 4330 5301 per¬

3187 5306 3333 5346 sonne,
3356 5298 3455 5336 bien
3495 5298 3656 5343 élevée,
3684 5298 3857 5338 fortune
3876 5303 4071 5351 présente
4100 5306 4249 5355 30,000
4271 5302 4324 5343 fr.

3187 5353 3228 5388 et
3247 5350 3511 5399 espérances,
3532 5350 3774 5401 épouserait
3808 5354 4020 5397 Monsieur
4060 5370 4112 5396 en
4152 5360 4327 5404 rapport

3186 5400 3320 5453 d’âge,
3343 5408 3475 5455 ayant
3494 5403 3627 5451 avoir,
3651 5404 3855 5461 employé
3876 5422 3930 5452 ou
3954 5410 4126 5450 rentier.

3238 5474 3331 5515 468.
3366 5497 3416 5503 —
3455 5474 3727 5530 Demoiselle,
3749 5479 3798 5520 23
3821 5492 3912 5528 ans,
3949 5479 4047 5518 bien
4070 5476 4228 5529 élevée,
4271 5480 4323 5524 de

3185 5527 3324 5568 bonne
3340 5526 3706 5576 famille,fortune
3722 5531 3990 5584 personnelle
4008 5528 4155 5579 22,000
4177 5532 4252 5584 fr.,
4271 5538 4322 5578 de

3183 5591 3249 5622 ses
3284 5585 3452 5632 parents
3492 5581 3664 5636 100,000
3704 5588 3774 5634 fr.,
3815 5581 4058 5634 épouserait
4106 5583 4323 5632 Monsieur

3186 5633 3283 5674 bien
3305 5633 3441 5686 élevé,
3480 5644 3612 5690 ayant
3634 5641 3774 5679 bonne
3798 5634 3981 5686 position
4019 5647 4071 5677 ou
4096 5643 4319 5695 employé,

3182 5698 3234 5727 en
3258 5695 3432 5741 rapport
3451 5691 3591 5744 d’âge.

3233 5776 3325 5819 469.
3352 5803 3398 5808 —
3439 5775 3712 5824 Demoiselle,
3735 5775 3786 5815 28
3807 5788 3898 5827 ans,
3923 5780 4007 5823 très
4031 5783 4134 5825 bien
4155 5785 4320 5833 élevée,

3180 5828 3351 5875 fortune
3389 5834 3539 5883 90,000
3588 5830 3658 5877 fr.,
3703 5830 3948 5880 épouserait
4002 5843 4318 5887 commerçant,

3179 5892 3311 5940 ayant
3335 5886 3444 5927 belle
3465 5882 3672 5923 situation
3705 5895 3762 5923 ou
3800 5887 4003 5943 employé
4025 5890 4076 5931 de
4099 5890 4239 5936 l’Etat,
4265 5898 4319 5928 en

3178 5946 3350 5991 rapport
3370 5938 3508 5987 d’âge.

3230 6021 3323 6060 475.
3351 6042 3396 6048 —
3434 6019 3704 6075 Demoiselle,
3736 6024 3786 6066 27
3826 6038 3918 6075 ans,
3957 6022 4200 6079 orpheline,
4243 6025 4317 6070 dot

3175 6073 3324 6122 70.000
3358 6072 3431 6121 fr.,
3472 6072 3572 6115 bien
3613 6075 3775 6127 élevée,
3815 6075 4057 6128 épouserait
4095 6078 4311 6123 Monsieur

3176 6130 3307 6178 ayant
3327 6126 3512 6178 position
3533 6134 3574 6172 et
3594 6143 3647 6171 en
3668 6138 3839 6183 rapport
3859 6130 3979 6180 d’âge
4000 6135 4040 6172 et
4062 6132 4242 6177 d’avoir.
