4720 7228
1879 575 2228 624 Edition
2270 576 2748 624 IVIensnelle

3392 583 3520 628 Mois
3558 583 3767 631 d’Avril
3806 583 3931 632 1892

863 1332 1179 1475 fcï-IVjBJ

949 1451 1601 1542 DÉLICATESSE,
1661 1451 2365 1543 HONORABILITÉ,
2423 1452 2821 1524 PROBITÉ
2875 1468 2929 1524 &
2985 1453 3535 1527 DISCRÉTION

506 1816 626 1850 Envoi
644 1818 762 1858 gratis
780 1818 867 1850 hors
885 1818 921 1850 la
940 1812 1035 1850 Ville
1056 1820 1092 1850 et
1114 1818 1134 1850 à
1154 1815 1314 1848 l’Etran¬

464 1868 527 1899 ger
566 1860 587 1891 à
619 1863 722 1892 toute
759 1867 943 1899 personne
982 1860 1044 1901 qui
1090 1868 1135 1891 en
1179 1859 1246 1890 fait
1279 1858 1313 1890 la

463 1902 648 1934 demande
667 1910 732 1942 par
752 1900 859 1933 Lettre
883 1900 1095 1940 affranchie,
1124 1904 1160 1932 et
1185 1902 1312 1932 franco

463 1951 552 1975 sous
572 1943 775 1983 enveloppe
796 1942 967 1975 cachetée
988 1946 1115 1975 contre
1138 1943 1193 1974 30
1215 1943 1311 1974 cent,

464 1993 508 2016 en
531 1984 698 2016 timbres.

1828 1707 2122 1758 OFFICE
2179 1707 2650 1758 MONDONET

1479 1796 1543 1842 6,
1579 1796 2002 1836 Boulevard
2039 1797 2131 1836 de
2174 1799 2238 1837 la.
2281 1796 2740 1850 IVLncjcledeine
2783 1797 2874 1847 (au
2914 1796 2938 1835 1
2946 1803 2980 1824 er
2983 1796 2999 1847 )

2048 1880 2426 1923 MARSEILLE

1424 1957 1574 1995 Ouvert
1596 1959 1686 1994 tous
1704 1952 1758 1994 les
1768 1955 1888 2006 jours
1904 1955 1950 1994 de
1964 1956 1991 1995 2
2006 1952 2044 1994 h.
2064 1954 2088 1996 à
2104 1957 2128 1996 S
2144 1954 2180 1996 h.
2201 1958 2255 1996 du
2267 1958 2366 2006 soir,
2386 1962 2423 1998 et
2442 1955 2476 1998 le
2494 1955 2710 1996 dimanche
2730 1956 2776 1996 de
2798 1958 2819 1996 0
2843 1952 2880 1995 h.
2908 1954 2930 1995 à
2953 1955 3056 1994 midi

3239 1711 3343 1759 lO
3376 1712 3620 1760 Cent,
3652 1708 3695 1759 le
3723 1708 3946 1762 Numéro

3207 1830 3387 1872 Mariages
3400 1831 3520 1864 riches
3534 1840 3626 1874 pour
3640 1835 3764 1866 toutes
3781 1833 3835 1866 les
3852 1834 4020 1868 fortunes

3166 1875 3202 1903 et
3230 1875 3354 1906 toutes
3383 1873 3436 1906 les
3469 1875 3664 1915 positions.
3698 1875 3748 1907 La
3786 1875 3931 1909 maison
3972 1887 4016 1910 ne

3164 1913 3332 1956 s’occupe
3350 1924 3420 1956 que
3441 1915 3506 1947 des
3522 1915 3660 1948 unions
3680 1916 3863 1957 possibles
3881 1921 3918 1950 et
3938 1926 3955 1950 s
3968 1927 4016 1951 an

3166 1955 3284 1994 tâche.

466 2135 542 2247 La
562 2131 806 2247 Mission
838 2131 910 2248 il
946 2176 974 2228 »
1014 2132 1146 2248 Lien
1178 2132 1254 2248 tii
1290 2132 1538 2269 lariap

539 2344 723 2387 Notre
750 2344 858 2387 but
886 2346 980 2388 est
1010 2343 1522 2388 essentiellement

463 2422 668 2471 moral,
704 2420 962 2464 honnête
990 2423 1047 2464 et
1075 2419 1598 2476 philanthropique

524 2542 654 2583 Dans
680 2543 814 2584 notre
834 2539 898 2584 fin
924 2541 980 2584 de
1018 2540 1156 2584 siècle
1199 2542 1258 2584 où
1282 2543 1382 2583 tout
1404 2540 1596 2584 marche

467 2612 493 2654 à
532 2611 574 2654 la
598 2624 791 2668 vapeur,
816 2615 860 2655 et
896 2614 955 2655 où
990 2612 1035 2655 la
1067 2612 1239 2655 société
1263 2612 1327 2656 vit
1366 2612 1486 2657 dans
1507 2627 1600 2658 une

466 2683 656 2726 activité
675 2682 933 2728 dévorante
957 2696 967 2738 ;
997 2684 1063 2728 les
1081 2682 1251 2740 jeunes
1270 2696 1391 2739 gens
1410 2685 1597 2731 sérieux

467 2755 545 2810 qui
567 2754 822 2796 cherchent
843 2755 868 2796 à
890 2767 940 2799 se
956 2756 1086 2799 créer
1110 2768 1199 2799 une
1223 2755 1425 2812 position
1448 2768 1598 2800 avan¬

466 2828 663 2879 tageuse
684 2838 771 2882 par
788 2825 828 2870 le
852 2827 1037 2880 travail,
1060 2828 1223 2872 vivant
1246 2828 1366 2871 dans
1395 2827 1459 2871 les
1483 2831 1596 2886 pré¬

466 2898 774 2954 occupations
795 2900 1067 2943 constantes
1102 2898 1214 2942 d’un
1244 2898 1408 2943 labeur
1431 2902 1598 2945 ardent

467 2980 584 3024 pour
604 2970 782 3014 arriver
803 2970 828 3013 à
848 2972 968 3014 cette
988 2970 1070 3023 fin,
1107 2971 1354 3026 négligent
1387 2971 1452 3015 les
1474 2974 1595 3017 rela¬

464 3042 588 3084 tions
626 3040 824 3085 sociales
862 3043 939 3099 qui
979 3043 1255 3099 pourraient
1291 3043 1356 3087 les
1399 3056 1595 3101 pousser

467 3126 569 3156 vers
592 3112 632 3156 le
675 3114 906 3168 mariage.
944 3116 1171 3171 Lorsque,
1196 3115 1339 3167 enfin,
1363 3117 1543 3160 arrivés
1568 3118 1595 3160 à

463 3188 614 3228 trente
640 3198 699 3228 ou
729 3189 962 3241 quarante
984 3199 1088 3240 ans,
1113 3187 1169 3230 ils
1198 3190 1280 3231 ont
1303 3187 1468 3243 acquis
1504 3200 1596 3231 une

464 3256 666 3311 position
707 3257 786 3312 qui
808 3256 908 3301 leur
941 3260 1122 3315 permet
1151 3258 1207 3302 de
1245 3259 1451 3315 respirer
1471 3262 1516 3303 et
1539 3259 1595 3303 de

462 3327 689 3380 regarder
728 3329 755 3370 à
795 3328 895 3372 leur
945 3332 1115 3374 entour
1162 3343 1280 3387 pour
1335 3331 1594 3387 compléter

463 3397 559 3440 leur
600 3399 803 3442 carrière
832 3411 917 3455 par
956 3414 1019 3444 un
1062 3402 1294 3456 mariage,
1320 3401 1375 3445 ils
1404 3404 1594 3445 sentent

460 3468 502 3513 le
530 3468 634 3514 vide
652 3474 826 3514 autour
843 3470 983 3516 d’eux
1012 3474 1057 3515 et
1075 3475 1182 3516 sont
1206 3486 1324 3530 pour
1354 3473 1475 3518 ainsi
1494 3475 1594 3518 dire

462 3542 751 3587 désorientés
774 3555 830 3587 ne
852 3546 1075 3589 trouvant
1092 3558 1326 3603 personne
1346 3546 1402 3590 de
1423 3559 1595 3592 conve¬

460 3615 599 3658 nable
631 3616 752 3659 dans
775 3616 814 3660 le
847 3616 996 3661 cercle
1019 3618 1102 3662 des
1135 3618 1362 3662 relations
1384 3619 1444 3663 où
1468 3620 1524 3663 ils
1544 3632 1594 3663 se

459 3691 567 3731 sont
586 3700 692 3731 mus
711 3690 1016 3745 jusqu’alors.

515 3772 724 3816 Souvent
763 3772 1072 3828 découragés,
1127 3774 1183 3818 ils
1240 3774 1455 3818 finissent
1507 3787 1594 3831 par

459 3856 684 3887 renoncer
706 3856 767 3887 au
808 3846 1019 3900 mariage
1040 3847 1079 3888 si
1110 3859 1200 3890 une
1235 3846 1364 3889 main
1388 3847 1511 3890 amie
1534 3859 1592 3890 ne

456 3915 582 3958 vient
617 3916 683 3959 les
703 3915 833 3959 aider
854 3920 898 3960 et
937 3916 1003 3960 les
1023 3918 1191 3972 guider
1224 3918 1345 3960 dans
1382 3918 1420 3961 le
1455 3918 1592 3961 choix

458 3986 596 4031 d’une
618 4000 883 4043 compagne
906 3989 983 4044 qui
1006 3990 1103 4032 doit
1123 3992 1349 4046 partager
1372 3987 1471 4032 leur
1496 3990 1584 4040 vie,

460 4058 586 4102 leurs
602 4058 720 4116 joies
738 4062 783 4103 et
804 4059 931 4104 leurs
950 4060 1126 4116 peines.

518 4143 640 4187 C’est
667 4143 707 4187 le
747 4144 830 4187 but
860 4156 950 4200 que
982 4144 1094 4187 s’est
1128 4145 1331 4200 proposé
1379 4144 1419 4189 le
1467 4144 1592 4188 Lien

459 4212 528 4255 du
568 4214 805 4272 Mariage
838 4228 847 4256 :
884 4217 994 4259 Etre
1020 4214 1166 4267 l’ami,
1188 4215 1230 4259 le
1247 4215 1388 4271 guide
1420 4218 1464 4259 et
1483 4216 1590 4259 l’in¬

460 4285 674 4330 dicateur
711 4286 794 4330 des
836 4288 1006 4331 unions
1044 4288 1275 4331 honnêtes
1308 4290 1353 4331 et
1376 4287 1592 4331 honora¬

460 4356 574 4400 bles.
603 4358 748 4401 Notre
770 4358 854 4401 but
871 4362 942 4403 est
974 4358 1372 4403 essentiellement
1396 4359 1592 4415 philan¬

459 4428 710 4486 thropique
736 4431 782 4474 et
802 4430 1199 4475 essentiellement
1223 4430 1388 4475 moral.

518 4515 581 4556 La
621 4512 898 4570 population
932 4514 1110 4558 décroît
1143 4527 1285 4570 parce
1306 4527 1395 4571 que
1418 4514 1458 4558 le
1482 4528 1590 4560 ma¬

455 4584 587 4640 riage
607 4590 678 4630 est
696 4586 881 4642 négligé
900 4598 910 4640 ;
931 4589 976 4631 et
999 4586 1038 4630 le
1061 4587 1274 4643 mariage
1292 4588 1362 4631 est
1378 4587 1587 4644 négligé,

456 4668 596 4712 parce
618 4670 708 4712 que
734 4657 955 4701 l’homme
975 4659 1188 4714 emporté
1223 4670 1307 4715 par
1328 4658 1371 4702 le
1394 4660 1591 4704 tourbil¬

455 4727 532 4770 lon
555 4727 638 4771 des
668 4727 878 4780 affaires,
904 4728 979 4772 n’a
999 4740 1084 4784 pas
1106 4728 1147 4772 le
1168 4731 1324 4786 temps
1344 4730 1402 4774 de
1419 4730 1590 4775 s’arrê¬

458 4800 524 4843 ter
544 4812 663 4856 pour
684 4800 924 4844 combiner
947 4803 992 4844 et
1020 4800 1246 4844 chercher
1276 4801 1380 4846 telle
1402 4815 1462 4846 ou
1484 4803 1590 4848 telle

458 4871 603 4914 union
624 4872 703 4927 qui
728 4875 940 4930 pourrait
967 4872 1027 4915 lui
1051 4874 1292 4916 convenir.

514 4960 548 5003 Il
572 4959 648 5004 n’a
671 4974 756 5016 pas
778 4962 818 5005 le
840 4963 995 5019 temps
1015 4964 1059 5004 et
1100 4974 1157 5006 ne
1179 4965 1289 5018 peut
1326 4975 1490 5018 passer
1507 4964 1589 5007 des

456 5033 575 5076 mois
596 5039 639 5076 et
662 5035 903 5090 peut-être
925 5035 1008 5078 des
1026 5035 1204 5078 années
1226 5035 1252 5078 à
1276 5035 1462 5078 décider
1485 5036 1589 5079 telle

455 5116 686 5160 personne
726 5107 752 5148 à
793 5109 1019 5162 partager
1050 5119 1103 5150 sa
1134 5107 1204 5150 vie
1227 5118 1238 5160 ;
1265 5107 1291 5148 il
1320 5119 1374 5150 ne
1395 5112 1587 5151 connaît

452 5187 538 5232 pas
559 5176 668 5220 bien
704 5176 748 5220 la
782 5178 1009 5222 situation
1044 5176 1100 5221 de
1139 5179 1259 5222 cette
1282 5190 1532 5234 personne,
1558 5175 1582 5221 il

451 5248 599 5292 hésite
633 5251 678 5292 et
714 5248 815 5291 finit
843 5262 929 5307 par
959 5263 1186 5294 renoncer
1212 5263 1271 5294 au
1307 5251 1521 5306 mariage
1542 5255 1587 5295 et

450 5331 499 5362 se
520 5320 735 5375 résigner
757 5322 784 5363 à
807 5320 935 5366 vivre
967 5320 1200 5364 d’amitiés
1224 5322 1523 5378 passagères.

508 5404 628 5447 Mais
648 5418 700 5448 ce
730 5406 808 5460 qui
847 5406 1001 5449 arrive
1024 5418 1143 5462 pour
1171 5406 1239 5450 les
1256 5403 1424 5462 jeunes
1447 5418 1580 5462 gens,

451 5476 604 5519 arrive
626 5476 734 5520 bien
758 5476 864 5534 plus
895 5489 1064 5522 encore
1084 5491 1203 5534 pour
1224 5478 1291 5521 les
1327 5490 1586 5534 personnes

452 5548 529 5603 qui
556 5551 700 5603 ayant
738 5550 810 5591 été
849 5549 984 5592 unies
1019 5562 1112 5593 une
1141 5549 1372 5606 première
1408 5548 1497 5592 fois
1535 5561 1584 5592 se

452 5623 671 5664 trouvent
693 5623 795 5665 tout
816 5622 843 5663 à
866 5633 985 5677 coup
1024 5620 1245 5666 désunies
1277 5633 1363 5678 par
1387 5619 1427 5664 le
1447 5620 1585 5665 décès

451 5691 507 5736 de
531 5694 655 5736 l'une
677 5692 851 5737 d’elles.

508 5776 659 5831 Après
688 5776 827 5820 s'être
860 5775 1131 5832 longtemps
1152 5776 1363 5820 abîmées
1386 5776 1506 5820 dans
1540 5776 1583 5819 la

448 5847 646 5891 douleur
671 5851 717 5891 et
751 5849 880 5891 avoir
915 5849 1035 5905 payé
1079 5860 1143 5891 un
1175 5846 1300 5903 juste
1343 5848 1488 5892 tribut
1530 5848 1583 5892 de

447 5919 622 5964 larmes
643 5922 670 5963 à
698 5920 879 5976 l’époux
915 5933 974 5964 ou
999 5922 1026 5963 à
1055 5919 1262 5976 l’épouse
1286 5919 1502 5976 décédée,
1528 5919 1583 5963 ils

446 5994 634 6035 sentent
670 5992 775 6048 plus
798 5992 1032 6036 vivement
1070 5991 1110 6035 le
1131 5992 1235 6035 vide
1258 5992 1336 6048 qui
1368 5991 1478 6036 s’est
1499 5992 1583 6035 fait

447 6067 619 6107 autour
655 6064 717 6107 du
756 6066 1019 6116 survivant,
1064 6064 1118 6107 ils
1151 6067 1231 6107 ont
1270 6063 1433 6107 besoin
1472 6063 1583 6107 d’un

448 6148 579 6180 cœur
600 6137 692 6179 ami
732 6135 808 6192 qui
850 6135 918 6179 les
950 6135 1139 6179 console
1174 6147 1234 6179 ou
1268 6135 1335 6179 les
1368 6136 1578 6191 protège.

447 6208 509 6251 Ils
530 6208 741 6264 aspirent
763 6207 790 6251 à
811 6210 931 6251 cette
960 6208 1031 6251 vie
1051 6207 1303 6263 tranquille
1319 6206 1517 6263 paisible
1539 6208 1584 6250 et

444 6280 699 6332 ntérieure,
734 6279 848 6323 faite
877 6279 1156 6323 d’intimités
1177 6282 1224 6323 et
1242 6279 1299 6323 de
1327 6277 1580 6323 confiden¬

1671 2140 1748 2171 ces
1775 2142 1864 2184 que
1903 2128 1947 2171 la
1983 2133 2106 2173 mort
2143 2144 2169 2174 a
2210 2144 2419 2188 rompue.
2459 2133 2588 2174 Dans
2630 2142 2681 2173 ce
2719 2142 2800 2173 cas

1671 2199 1683 2242 1
1703 2200 1891 2244 homme
1931 2214 1958 2244 a
2006 2202 2170 2246 besoin
2210 2203 2346 2247 d’une
2388 2203 2510 2246 amie
2549 2200 2702 2258 pleine
2743 2202 2799 2244 de

1671 2271 1800 2314 soins
1828 2275 1871 2315 et
1899 2273 1955 2316 de
1986 2273 2322 2318 dévouements
2344 2284 2355 2327 ;
2377 2274 2419 2318 la
2439 2274 2577 2316 dame
2599 2272 2799 2316 cherche

1674 2355 1735 2384 un
1758 2344 1958 2397 soutien,
1986 2358 2046 2387 un
2074 2348 2336 2403 protecteur
2376 2348 2422 2390 et
2444 2358 2509 2388 un
2532 2343 2652 2387 aide.
2682 2344 2800 2387 Mais

1672 2415 1731 2456 où
1772 2416 1958 2459 trouver
1980 2414 2023 2458 la
2067 2429 2298 2473 personne
2332 2416 2411 2474 qui
2446 2415 2659 2459 réunisse
2695 2418 2799 2458 tous

1672 2484 1739 2528 les
1778 2485 2045 2532 desiderata
2066 2489 2087 2532 ?
2109 2491 2174 2532 La
2194 2492 2314 2533 mort
2334 2490 2411 2546 qui
2435 2502 2462 2531 a
2484 2489 2523 2531 si
2558 2488 2800 2544 brusque¬

1672 2560 1800 2600 ment
1840 2559 2130 2616 interrompu
2172 2560 2212 2605 le
2246 2574 2384 2604 cours
2419 2560 2476 2603 de
2512 2562 2634 2603 cette
2670 2560 2800 2604 exis¬

1674 2632 1806 2672 tence
1825 2630 1986 2674 n’était
2009 2643 2094 2687 pas
2115 2634 2274 2675 entrée
2296 2632 2416 2675 dans
2434 2631 2501 2675 les
2534 2630 2711 2675 calculs
2744 2631 2800 2674 de

1672 2702 1716 2744 la
1739 2703 1810 2746 vie
1842 2715 2107 2748 commune.
2151 2706 2218 2748 Où
2255 2707 2444 2747 trouver
2481 2703 2527 2746 la
2565 2715 2800 2759 personne

1672 2774 1942 2819 réunissant
1962 2775 2027 2819 les
2050 2776 2313 2820 conditions
2335 2788 2452 2832 pour
2475 2788 2567 2819 une
2598 2775 2800 2820 seconde

1672 2846 1835 2891 union.

1734 2932 1792 2975 Le
1808 2931 1998 2988 journal
2028 2932 2068 2976 \q
2091 2932 2214 2976 Lien
2235 2932 2303 2975 du
2339 2931 2574 2990 Mariage
2612 2931 2728 2976 offre
2772 2932 2799 2975 à

1672 3004 1776 3046 tous
1800 3015 1890 3046 une
1926 3004 2151 3048 situation
2187 3003 2443 3048 semblable
2469 3006 2514 3047 et
2547 3002 2734 3060 lorsque
2756 3005 2798 3047 la

1671 3088 1902 3132 personne
1922 3076 2062 3134 qu’on
2102 3077 2252 3122 désire
2275 3090 2332 3122 ne
2367 3076 2436 3132 s’y
2455 3079 2619 3120 trouve
2642 3089 2744 3133 pas,
2771 3079 2796 3122 il

1668 3147 1746 3203 n'y
1762 3160 1789 3191 a
1804 3147 1910 3204 qu’à
1934 3149 2191 3194 s'adresser
2226 3151 2252 3192 à
2284 3148 2502 3194 l’Office
2536 3151 2799 3192 Mondonet

1670 3220 1746 3275 qui
1770 3232 1796 3262 a
1819 3232 1883 3262 un
1904 3221 2059 3275 grand
2083 3222 2277 3265 nombre
2296 3220 2352 3264 de
2381 3220 2700 3278 propositions
2719 3222 2797 3276 qui

1668 3303 1727 3334 ne
1745 3290 1953 3346 figurent
1974 3305 2061 3348 pas
2082 3294 2202 3336 dans
2223 3306 2299 3337 ces
2319 3292 2559 3336 colonnes.

1728 3376 1871 3418 Notre
1887 3374 2077 3431 journal
2114 3392 2139 3420 a
2163 3391 2279 3435 pour
2300 3378 2383 3420 but
2399 3376 2607 3420 d’ouvrir
2628 3375 2672 3419 la
2695 3375 2798 3420 voie

1667 3446 1924 3491 honorable
1959 3448 2014 3492 de
2051 3448 2095 3492 la
2131 3450 2303 3494 société
2339 3451 2366 3492 à
2410 3452 2536 3492 toute
2565 3459 2799 3504 personne

1668 3519 1745 3574 qui
1764 3531 1814 3562 se
1834 3522 2000 3564 trouve
2022 3520 2143 3565 dans
2162 3520 2350 3579 pareille
2371 3520 2616 3564 situation.

1751 3664 1892 3706 Rôle
1924 3664 2002 3706 du
2039 3665 2058 3707 <-
2095 3666 2235 3707 LïC'-'-i
2260 3665 2340 3707 du
2372 3663 2631 3718 Mariage
2670 3679 2694 3700 *

1724 3795 1856 3839 Nous
1878 3806 2141 3851 proposons
2176 3795 2243 3839 les
2283 3807 2542 3851 personnes
2562 3807 2676 3839 avec
2699 3795 2797 3839 leur

1666 3867 1892 3910 situation
1931 3866 1988 3910 de
2027 3867 2207 3910 fortune
2239 3871 2284 3910 et
2329 3868 2385 3910 de
2423 3866 2654 3919 moralité,
2679 3880 2798 3912 nous

1667 3938 1842 3982 faisons
1875 3938 1940 3982 les
1977 3938 2251 3992 demandes,
2283 3939 2559 3983 abouchons
2594 3939 2660 3984 les
2683 3952 2796 3996 per¬

1666 4023 1839 4055 sonnes
1877 4014 1922 4053 et
1962 4014 2167 4055 mettons
2194 4024 2252 4055 en
2275 4014 2500 4068 présence
2535 4012 2600 4055 les
2622 4011 2792 4056 futurs.

1663 4083 1796 4126 Nous
1816 4094 2023 4126 sommes
2044 4082 2111 4127 les
2146 4083 2522 4127 intermédiaires
2562 4083 2643 4127 des
2683 4096 2795 4140 pre¬

1667 4155 1834 4196 mières
1872 4156 2138 4207 entrevues,
2178 4152 2392 4210 toujours
2431 4156 2524 4198 très
2562 4158 2796 4210 gênantes

1666 4228 1711 4268 et
1750 4227 1842 4269 très
1863 4225 2084 4271 délicates
2108 4239 2223 4283 pour
2246 4227 2328 4270 des
2352 4239 2610 4283 personnes
2630 4228 2708 4284 qui
2744 4239 2795 4271 se

1668 4298 1823 4340 voient
1851 4310 1968 4354 pour
1991 4297 2034 4339 la
2075 4299 2305 4354 première
2344 4299 2444 4342 fois.
2479 4299 2610 4343 Nous
2643 4299 2794 4343 résol¬

1667 4382 1783 4412 vons
1828 4371 1996 4412 autant
2035 4382 2125 4426 que
2168 4370 2368 4427 possible
2427 4370 2493 4414 les
2544 4369 2796 4415 difficultés

1666 4443 1742 4498 qui
1767 4444 1971 4498 peuvent
2003 4454 2052 4485 se
2076 4443 2317 4499 présenter
2339 4443 2459 4486 dans
2496 4442 2539 4485 la
2568 4443 2793 4487 situation

1664 4512 1720 4555 de
1741 4512 1863 4556 l’une
1882 4512 2055 4556 d'elles.
2080 4515 2210 4556 Nous
2230 4527 2439 4558 sommes
2458 4514 2558 4557 leur
2580 4515 2795 4558 intermé¬

1664 4584 1810 4628 diaire
1839 4587 1884 4628 et
1925 4586 2022 4630 leur
2052 4587 2162 4629 ami.
2188 4587 2290 4639 Oui,
2316 4586 2415 4630 leur
2434 4586 2546 4638 ami,
2570 4597 2653 4630 car
2674 4599 2796 4630 nous

1663 4656 1970 4700 considérons
1991 4668 2174 4701 comme
2203 4658 2262 4701 tel
2302 4660 2433 4702 notre
2472 4658 2569 4702 rôle
2592 4670 2710 4715 pour
2730 4658 2796 4702 les

1664 4742 1923 4786 personnes
1954 4729 2031 4786 qui
2072 4742 2192 4773 nous
2227 4730 2459 4786 chargent
2496 4730 2556 4771 du
2596 4730 2700 4773 soin
2739 4731 2795 4774 de

1663 4803 1763 4847 leur
1786 4803 1946 4846 union.

1721 4887 1842 4932 Elles
1857 4889 2059 4944 peuvent
2072 4890 2283 4944 compter
2295 4900 2376 4932 sur
2390 4890 2523 4931 notre
2540 4886 2794 4932 discrétion

1662 4959 1871 5003 absolue.
1908 4960 2053 5003 Notre
2076 4960 2208 5004 office
2232 4963 2303 5003 est
2337 4972 2396 5003 un
2423 4959 2646 5002 tombeau
2676 4972 2796 5016 pour

1664 5031 1728 5074 les
1750 5032 1926 5075 secrets
1947 5031 2023 5087 qui
2048 5043 2169 5075 nous
2190 5035 2296 5075 sont
2319 5030 2508 5075 confiés.

1720 5118 1944 5167 Souvent,
1993 5118 2164 5169 même,
2207 5115 2250 5158 la
2282 5115 2511 5171 première
2547 5115 2794 5170 présenta¬

1660 5188 1758 5231 tion
1798 5199 1824 5231 a
1862 5187 1952 5231 lieu
1979 5198 2093 5231 sans
2123 5186 2390 5243 qu’aucune
2428 5186 2511 5230 des
2531 5185 2651 5230 deux
2690 5199 2794 5244 par¬

1661 5260 1747 5303 ties
1767 5259 2018 5302 connaisse
2040 5258 2082 5300 le
2104 5271 2215 5302 nom
2250 5259 2306 5302 de
2343 5258 2508 5302 l’autre
2529 5261 2574 5301 et
2594 5270 2716 5301 nous
2734 5270 2792 5300 ne

1660 5331 1726 5374 les
1746 5331 1926 5374 faisons
1944 5332 2188 5375 connaître
2214 5343 2304 5386 que
2331 5342 2412 5374 sur
2432 5328 2532 5374 leur
2554 5329 2765 5373 autorisa

1660 5403 1758 5447 tion
1779 5414 2017 5458 expresse.

1716 5490 1790 5532 Un
1806 5484 1995 5543 journal
2016 5499 2134 5542 pour
2149 5486 2390 5540 mariages
2407 5486 2528 5528 dans
2541 5496 2632 5528 une
2650 5484 2792 5541 petite

1660 5559 1763 5603 ville
1782 5559 1840 5602 où
1863 5560 1964 5602 tout
1986 5558 2024 5602 le
2052 5558 2223 5602 monde
2249 5570 2299 5600 se
2318 5558 2510 5600 connaît
2531 5558 2576 5600 et
2598 5559 2791 5598 connaît

1658 5631 1701 5674 la
1724 5630 1950 5674 situation
1972 5629 2028 5672 de
2050 5642 2135 5673 son
2175 5630 2341 5682 voisin,
2368 5628 2572 5671 n’aurait
2610 5639 2696 5683 pas
2735 5628 2791 5670 de

1657 5703 1815 5746 raison
1846 5700 2007 5755 d'être,
2031 5702 2153 5745 mais
2175 5701 2294 5744 dans
2331 5712 2423 5743 une
2462 5698 2646 5755 grande
2666 5698 2786 5751 ville,

1657 5786 1839 5818 comme
1874 5773 1918 5816 la
1956 5775 2103 5828 nôtre,
2143 5773 2203 5816 où
2240 5771 2425 5815 chacun
2466 5783 2610 5827 pense
2652 5772 2680 5813 à
2716 5782 2791 5813 ses

1656 5844 1847 5889 affaires
1867 5847 1912 5887 et
1942 5856 2036 5887 non
2059 5845 2085 5887 à
2102 5843 2239 5887 celles
2257 5843 2312 5887 de
2335 5855 2411 5887 ses
2430 5843 2609 5887 voisins
2632 5853 2642 5895 ;
2666 5843 2711 5886 et
2729 5843 2788 5884 où

1656 5918 1764 5960 bien
1786 5918 1984 5960 souvent
2006 5915 2071 5960 les
2097 5916 2340 5960 habitants
2362 5915 2418 5959 de
2438 5914 2483 5958 la
2506 5918 2658 5959 même
2675 5914 2790 5957 mai¬

1655 6000 1742 6032 son
1764 6000 1820 6031 ne
1855 5999 1904 6031 se
1940 5988 2246 6031 connaissent
2284 5999 2370 6044 pas
2388 5990 2520 6030 entre
2537 5998 2640 6039 eux,
2668 5985 2695 6028 il
2719 5987 2790 6029 est

1656 6060 1922 6104 nécessaire
1963 6059 2072 6103 d’un
2126 6060 2217 6103 ami
2265 6058 2476 6114 général,
2531 6058 2643 6101 d’un
2695 6058 2787 6101 ami

1656 6143 1879 6176 commun
1902 6130 1979 6187 qui
2002 6135 2242 6188 groupant
2284 6130 2404 6174 dans
2426 6143 2490 6174 un
2529 6131 2664 6174 vaste
2699 6142 2790 6172 en¬

1656 6203 1851 6256 semble,
1874 6203 1940 6247 les
1978 6203 2119 6248 offres
2156 6206 2200 6247 et
2241 6203 2308 6246 les
2348 6202 2625 6254 demandes,
2652 6213 2789 6245 com¬

1656 6276 1764 6320 bine
1785 6275 1848 6319 lui
1886 6279 2040 6319 même
2062 6275 2129 6320 les
2162 6274 2434 6330 situations,
2460 6274 2528 6319 les
2558 6276 2691 6329 âges,
2723 6272 2791 6317 les

778 6540 862 6644 fà
884 6559 906 6652 i.
938 6561 1019 6652 a

1287 6592 1319 6628 O

1340 6599 1428 6665 Qy

2875 2131 3033 2183 goûts,
3075 2126 3140 2170 les
3175 2126 3367 2180 figures,
3426 2123 3491 2167 les
3543 2123 3757 2167 fortunes
3796 2127 3842 2168 et
3891 2127 4016 2171 fasse

2878 2199 2938 2243 lui
2975 2202 3130 2242 même
3155 2198 3220 2241 les
3243 2196 3562 2254 propositions
3595 2194 3662 2239 les
3703 2195 3808 2251 plus
3854 2202 4014 2242 socia¬

2875 2270 2991 2313 bles.

2934 2352 3014 2395 Cet
3036 2351 3128 2394 ami
3152 2363 3394 2400 commun,
3419 2348 3534 2394 c’est
3558 2349 3720 2394 l’office
3743 2352 4015 2406 Mondonet,

2874 2424 2916 2476 6,
2944 2426 2976 2467 B
2978 2420 2992 2443 d
3028 2423 3084 2466 de
3106 2422 3150 2464 la
3174 2421 3484 2477 Magdeleine,
3522 2420 3634 2464 c’est
3668 2422 3707 2464 le
3744 2419 3934 2478 journal
3975 2423 4015 2468 le

2878 2492 3000 2536 Lien
3024 2492 3092 2536 du
3123 2491 3360 2550 Mariage
3383 2492 3459 2548 qui
3490 2494 3559 2535 est
3580 2504 3667 2536 son
3692 2494 3954 2539 auxiliaire.

2932 2576 3146 2620 Pendant
3168 2575 3440 2631 longtemps
3464 2575 3493 2618 il
3532 2587 3559 2618 a
3599 2575 3746 2619 existé
3784 2588 3875 2620 une
3911 2579 4016 2634 pré¬

2876 2650 3064 2692 vention
3089 2648 3183 2690 très
3213 2647 3439 2703 marquée
3473 2648 3636 2689 contre
3665 2646 3732 2690 les
3772 2648 4015 2702 mariages

2875 2720 2967 2763 dits
2982 2720 3038 2763 de
3061 2717 3368 2775 proposition,
3394 2730 3454 2760 on
3479 2716 3657 2760 voulait
3679 2731 3730 2762 se
3755 2720 4016 2775 persuader

2876 2791 2986 2848 qu’il
3018 2804 3075 2835 ne
3108 2791 3300 2847 pouvait
3320 2788 3462 2832 sortir
3482 2788 3563 2831 des
3582 2800 3790 2843 agences
3818 2803 3909 2846 que
3932 2791 4016 2836 des

2876 2864 3114 2918 mariages
3134 2861 3414 2918 disparates.

2933 2948 3003 2990 En
3026 2947 3127 2990 face
3150 2945 3231 2989 des
3262 2944 3484 2988 résultats
3524 2944 3788 2988 contraires
3810 2945 4014 2991 obtenus

2877 3031 2962 3076 par
3015 3031 3092 3062 ces
3155 3018 3384 3071 bureaux,
3426 3028 3487 3059 on
3546 3018 3616 3059 est
3656 3017 3773 3059 sorti
3803 3019 4007 3075 complè¬

2876 3094 3051 3134 tement
3090 3090 3146 3132 de
3186 3091 3306 3132 cette
3356 3088 3650 3143 prévention.
3695 3087 3908 3134 L’estime
3950 3091 4012 3134 du

2877 3162 3033 3218 public
3052 3164 3122 3205 est
3144 3160 3441 3204 absolument
3455 3159 3648 3215 acquise
3670 3171 3768 3203 aux
3784 3173 4012 3215 agences,

2877 3246 2992 3290 pour
3015 3232 3059 3276 la
3080 3234 3238 3275 raison
3268 3232 3376 3275 bien
3410 3230 3595 3287 simple,
3620 3243 3712 3287 que
3733 3232 3800 3275 les
3822 3232 4014 3276 affaires

2874 3304 3066 3347 traitées
3087 3315 3173 3360 par
3206 3302 3331 3356 elles,
3358 3302 3399 3346 le
3437 3304 3547 3344 sont
3567 3302 3675 3358 plus
3711 3302 4014 3358 rapidement

2872 3378 2916 3418 et
2959 3375 3062 3431 plus
3100 3377 3359 3424 sûrement,
3383 3376 3428 3416 et
3467 3386 3527 3416 on
3571 3376 3683 3430 peut
3719 3374 3819 3418 dire
3856 3388 3947 3432 que
3972 3376 4011 3419 le

2875 3446 2979 3503 plus
2998 3447 3151 3500 grand
3191 3446 3389 3490 nombre
3431 3444 3512 3488 des
3547 3446 3807 3500 mariages,
3859 3451 4011 3491 même

2874 3518 3043 3571 riches,
3062 3520 3142 3562 ont
3164 3518 3236 3560 été
3254 3518 3358 3575 plus
3379 3529 3439 3560 ou
3458 3516 3612 3560 moins
3634 3516 3724 3560 mis
3744 3529 3827 3560 sur
3850 3517 3891 3561 la
3910 3519 4012 3562 voie

2876 3603 2959 3644 par
2980 3602 3066 3632 nos
3092 3600 3314 3643 agences.
3348 3590 3480 3632 Nous
3502 3600 3624 3630 nous
3642 3586 3931 3632 efforcerons
3954 3588 4010 3632 de

2871 3660 3063 3703 mériter
3083 3662 3203 3703 cette
3224 3661 3388 3703 estime
3410 3659 3472 3700 du
3498 3658 3654 3714 public
3675 3671 3734 3700 en
3751 3663 4011 3714 apportant

2872 3730 2992 3773 dans
3042 3730 3084 3772 la
3140 3728 3412 3772 conclusion
3455 3727 3537 3771 des
3584 3726 3776 3771 affaires
3816 3727 3860 3771 la
3904 3729 4012 3784 plus

2871 3800 3053 3857 grande
3089 3799 3383 3854 délicatesse,
3408 3799 3451 3842 la
3487 3798 3592 3855 plus
3613 3798 3796 3853 grande
3820 3800 4004 3855 probité

2870 3876 2916 3917 et
2936 3872 2981 3916 la
3002 3872 3257 3916 discrétion
3278 3872 3323 3915 la
3351 3871 3457 3927 plus
3478 3870 3691 3914 absolue.

2931 3959 3016 4002 Les
3069 3958 3219 4000 beaux
3268 3954 3492 3999 résultats
3550 3966 3642 4010 que
3695 3966 3815 3998 nous
3854 3968 4006 4000 avons

2870 4030 3070 4072 obtenus
3127 4039 3247 4070 nous
3279 4028 3522 4080 engagent
3559 4026 3587 4067 à
3621 4026 3846 4080 persister
3887 4026 4008 4070 dans

2870 4102 2990 4144 cette
3024 4099 3143 4150 voie,
3178 4099 3402 4155 espérant
3440 4108 3530 4154 que
3564 4096 3604 4139 le
3636 4095 3794 4152 public
3827 4097 4007 4142 voudra

2870 4171 2976 4215 bien
2998 4182 3118 4214 nous
3139 4170 3387 4214 continuer
3408 4179 3484 4211 ses
3506 4168 3696 4211 faveurs
3734 4170 3779 4211 et
3799 4179 3852 4212 sa
3884 4180 4002 4212 con¬

2870 4242 3038 4286 fiance.

2930 4328 2991 4372 Le
3024 4327 3149 4371 Lien
3192 4326 3259 4370 du
3295 4326 3532 4383 Mariage
3564 4327 3635 4370 est
3675 4325 3716 4370 le
3748 4325 3859 4371 trait
3903 4327 4007 4371 d’u¬

2871 4402 2982 4444 nion
3021 4399 3103 4443 des
3136 4398 3352 4452 familles,
3376 4410 3471 4442 non
3507 4398 3771 4442 seulement
3792 4397 3850 4443 de
3872 4401 4008 4443 notre

2870 4471 2991 4526 ville,
3018 4471 3139 4514 mais
3170 4482 3340 4515 encore
3378 4469 3462 4514 des
3485 4468 3770 4527 principales
3791 4468 3926 4513 villes
3947 4470 4004 4514 de

2869 4544 3048 4586 France
3083 4545 3126 4586 et
3162 4542 3219 4585 de
3262 4541 3516 4596 l’étranger
3554 4542 3614 4583 où
3648 4542 3783 4584 notre
3822 4540 3956 4585 office
3979 4555 4007 4584 a

2869 4614 2951 4658 des
2985 4611 3386 4670 correspondants
3416 4611 3630 4655 discrets.
3657 4612 3789 4655 Nous
3815 4614 4009 4668 présen¬

2871 4688 2976 4728 tons
2996 4684 3118 4728 donc
3139 4696 3231 4727 aux
3258 4685 3394 4740 pères
3420 4683 3476 4726 de
3495 4682 3671 4726 famille
3700 4683 3926 4728 soucieux
3948 4684 4004 4727 de

2870 4756 3064 4802 l’avenir
3086 4756 3142 4799 de
3166 4755 3292 4799 leurs
3312 4755 3500 4799 enfants
3522 4757 3630 4799 tous
3649 4754 3715 4798 les
3736 4758 4003 4811 avantages

2870 4827 3007 4884 qu’ils
3029 4840 3087 4870 ne
3107 4827 3352 4871 sauraient
3379 4830 3570 4870 trouver
3595 4824 3692 4870 s’ils
3731 4829 3839 4870 sont
3862 4827 4004 4871 livrés

2869 4902 2896 4943 à
2918 4902 3204 4944 eux-mêmes
3226 4902 3271 4942 et
3293 4898 3414 4942 dans
3436 4896 3476 4942 le
3497 4896 3647 4942 cercle
3668 4896 3726 4940 de
3745 4896 3870 4942 leurs
3891 4910 4004 4942 con¬

2870 4972 3146 5015 naissances
3167 4981 3176 5023 ;
3212 4982 3271 5013 en
3292 4970 3415 5022 effet,
3447 4968 3901 5024 indépendamment
3922 4970 4004 5014 des

2870 5046 3135 5088 références
3155 5043 3407 5098 certaines,
3437 5042 3491 5084 ils
3527 5043 3608 5083 ont
3631 5041 3671 5084 le
3692 5040 3828 5084 choix
3855 5042 4004 5099 parmi

2867 5124 2911 5166 Je
2933 5116 3087 5171 grand
3111 5115 3306 5159 nombre
3347 5115 3402 5158 de
3426 5114 3746 5170 propositions
3769 5126 3858 5169 que
3886 5127 4003 5158 con¬

2866 5187 3080 5231 tiennent
3119 5187 3186 5230 les
3222 5186 3446 5231 colonnes
3474 5183 3531 5227 de
3566 5186 3702 5228 notre
3716 5182 3923 5240 journal,
3950 5184 4007 5230 ils

2867 5262 3072 5316 peuvent
3087 5258 3205 5302 faire
3226 5259 3426 5315 épouser
3448 5258 3475 5299 à
3494 5255 3620 5299 leurs
3636 5256 3827 5299 enfants
3846 5255 3890 5299 la
3911 5270 4010 5313 per¬

2866 5343 3015 5375 sonne
3035 5330 3172 5387 qu’ils
3188 5327 3498 5374 désirentsoit
3518 5339 3702 5371 comme
3723 5326 4002 5384 profession,

2866 5402 3070 5454 fortune,
3107 5401 3364 5451 caractère,
3404 5398 3607 5455 position
3648 5396 3820 5441 sociale
3860 5400 3906 5442 et
3947 5398 4004 5442 ils

2866 5486 2924 5518 ne
2958 5472 3283 5530 s’exposeront
3320 5483 3408 5527 pas
3446 5471 3471 5512 à
3512 5470 3612 5512 leur
3647 5468 3764 5514 faire
3800 5470 4004 5527 épouser

2867 5556 2956 5587 une
2994 5554 3224 5599 personne
3247 5543 3325 5598 qui
3364 5541 3463 5584 leur
3500 5552 3607 5583 sera
3648 5539 4000 5597 antipathique,

2864 5615 2955 5659 soit
2973 5627 3059 5671 par
3080 5626 3167 5656 son
3190 5615 3295 5668 âge,
3316 5612 3405 5656 soit
3442 5624 3560 5668 pour
3595 5614 3703 5656 tous
3732 5614 3894 5656 autres
3917 5612 4007 5656 dé¬

2865 5687 2990 5729 fauts
3010 5686 3089 5742 qui
3127 5686 3236 5727 sont
3270 5686 3440 5727 autant
3479 5683 3536 5727 de
3573 5695 3742 5727 causes
3779 5682 3838 5726 de
3860 5684 4002 5728 désu¬

2863 5758 2975 5802 nion
2997 5755 3118 5799 dans
3139 5755 3179 5799 le
3202 5756 3418 5811 mariage
3439 5759 3485 5800 et
3518 5755 3732 5800 finissent
3757 5767 3842 5811 par
3863 5768 3999 5800 ame¬

2863 5842 2946 5872 ner
2968 5828 3008 5872 le
3030 5827 3219 5871 divorce
3240 5831 3286 5872 et
3311 5827 3355 5872 la
3376 5828 3674 5884 séparation.

2923 5916 3051 5956 Dans
3083 5911 3151 5955 les
3180 5911 3403 5956 colonnes
3432 5911 3494 5955 du
3527 5911 3650 5954 Lien
3680 5910 3750 5954 du
3775 5911 4006 5970 Mariage

2863 5998 2922 6029 ou
2944 5986 2971 6027 à
2992 5983 3210 6028 l’Office
3230 5983 3510 6036 Mondonet,
3532 5983 3576 6035 6,
3600 5984 3635 6026 B
3636 5980 3651 6002 d
3670 5982 3726 6026 de
3742 5981 3786 6025 la
3810 5983 4003 6039 Magde¬

2863 6057 2999 6108 leine,
3031 6067 3091 6099 on
3114 6057 3224 6111 peut
3247 6057 3436 6099 trouver
3464 6054 3734 6098 facilement
3776 6067 3838 6098 un
3876 6067 4003 6110 gen¬

2863 6130 2962 6182 dre,
2986 6140 3050 6172 un
3087 6128 3239 6184 époux
3260 6140 3319 6172 ou
3342 6139 3436 6171 une
3456 6128 3632 6184 épouse
3660 6128 3686 6170 à
3724 6139 3808 6170 son
3838 6128 3923 6183 gré
3960 6132 4006 6171 et

2863 6214 2922 6246 en
2960 6203 3058 6246 tout
3098 6201 3231 6259 point
3268 6200 3508 6244 conforme
3552 6212 3645 6244 aux
3679 6199 3828 6243 désirs
3864 6200 3919 6244 de
3956 6199 4004 6244 la

2862 6286 3100 6332 personne
3117 6274 3146 6317 à
3164 6274 3367 6318 marier.

4409 397 4445 529 1
