4728 7228
2051 706 2132 752 LE
2171 704 2442 767 LIENfDU
2482 702 2779 751 MARIAGE

695 886 784 935 56.8.
810 907 859 914 —
880 883 1044 932 Prince,
1067 882 1157 922 seul
1182 880 1436 920 descendant
1455 880 1582 920 d’une
1604 876 1770 918 famille

642 944 772 991 ayant
800 938 1040 988 longtemps
1078 936 1204 986 régné
1243 947 1319 975 sur
1359 946 1442 974 une
1480 935 1552 974 des
1592 931 1771 983 grandes

642 992 887 1044 puissances
919 991 968 1030 de
999 990 1206 1039 l’Europe,
1244 988 1346 1028 allié
1378 999 1460 1027 aux
1494 987 1671 1038 grandes
1707 986 1771 1023 fa¬

643 1046 784 1086 milles
831 1044 1060 1094 princières
1116 1042 1362 1093 d’Espagne,
1403 1041 1691 1091 d’Angleterre
1732 1043 1773 1077 et

641 1098 874 1147 d'ailleurs,
898 1099 974 1150 âgé
995 1098 1044 1136 de
1067 1098 1114 1136 30
1136 1108 1226 1146 ans,
1250 1095 1487 1146 épouserait
1522 1092 1643 1132 riche
1674 1091 1772 1143 plé¬

641 1154 839 1194 béienne.

694 1231 784 1270 580.
811 1252 859 1258 —
890 1228 1082 1268 Boucher
1119 1227 1266 1274 établi,
1308 1227 1356 1266 39
1399 1238 1490 1272 ans,
1530 1222 1772 1276 épouserait

640 1283 888 1323 demoiselle
907 1296 959 1322 ou
983 1294 1119 1322 veuve
1140 1280 1366 1331 possédant
1387 1280 1506 1326 8,000
1528 1279 1579 1318 fr,

695 1355 784 1395 581.
811 1378 859 1383 —
890 1354 1096 1400 Boucher,
1139 1351 1378 1392 richement
1406 1350 1551 1398 établi,
1594 1350 1642 1388 27
1680 1360 1770 1388 ans.

640 1407 708 1447 fils
729 1407 908 1459 unique,
932 1412 1099 1458 parents
1130 1406 1282 1452 riches,
1324 1404 1566 1455 épouserait
1598 1402 1768 1442 demoi¬

640 1461 742 1502 selle
764 1460 862 1500 bien
884 1460 1043 1508 élevée,
1070 1458 1291 1510 possédant
1312 1457 1454 1506 10,000
1475 1457 1524 1495 fr.

695 1535 784 1574 587.
818 1558 868 1562 —
908 1532 1032 1582 Veuf,
1076 1533 1123 1571 37
1170 1543 1260 1580 ans,
1302 1530 1473 1571 fortune
1516 1530 1659 1574 18,000
1699 1528 1770 1576 fr.,

640 1594 772 1639 ayant
791 1598 1031 1627 commerce
1050 1586 1260 1636 prospère,
1286 1590 1452 1634 rapport
1492 1583 1543 1622 de
1574 1582 1694 1622 6.000
1716 1580 1770 1620 fr.

640 1654 716 1692 par
735 1652 806 1690 an,
828 1639 1068 1692 épouserait
1087 1650 1220 1679 veuve
1242 1636 1342 1678 bien
1358 1636 1518 1686 élevée,
1534 1647 1635 1675 avec
1655 1634 1774 1674 avoir

642 1699 692 1735 de
712 1695 860 1744 20,000
882 1694 1039 1734 francs.

695 1771 786 1812 594.
811 1794 860 1800 —
882 1768 1148 1816 Célibataire,
1171 1768 1222 1807 28
1243 1779 1334 1819 ans,
1355 1766 1529 1808 fortune
1548 1766 1696 1815 20,000
1718 1766 1770 1804 fr.

640 1831 772 1876 ayant
790 1836 1030 1864 commerce
1053 1823 1155 1863 d’un
1178 1827 1344 1872 rapport
1366 1820 1523 1859 annuel
1560 1819 1611 1859 de
1651 1819 1774 1868 4,000

642 1879 712 1927 fr,,
736 1878 834 1930 plus
866 1890 951 1916 une
990 1883 1110 1916 antre
1150 1875 1316 1914 maison
1355 1886 1409 1914 en
1447 1872 1679 1924 Amérique
1710 1871 1774 1911 lui

640 1938 887 1983 rapportant
914 1931 1027 1980 1,500
1052 1931 1119 1978 fr.,
1143 1927 1384 1980 épouserait
1400 1926 1651 1968 demoiselle
1674 1938 1774 1966 avec

642 1986 714 2024 dot
735 1986 787 2024 de
811 1984 959 2032 20,000
982 1983 1139 2024 francs.

696 2056 786 2096 596.
811 2079 860 2084 —
880 2055 1146 2104 Célibataire,
1170 2054 1219 2095 54
1240 2064 1331 2102 ans,
1355 2052 1526 2094 fortune
1550 2051 1696 2099 60,000
1719 2051 1770 2090 fr,

640 2110 882 2160 épouserait
930 2108 1180 2148 demoiselle
1230 2120 1285 2147 ou
1332 2118 1499 2155 veuve,
1554 2104 1775 2155 possédant

643 2164 791 2211 30.000
814 2162 970 2204 francs.

696 2234 787 2275 599.
810 2258 859 2263 —
882 2234 1047 2274 Officier
1067 2246 1120 2272 en
1151 2232 1336 2280 activité,
1376 2232 1426 2271 36
1466 2243 1556 2278 ans,
1602 2231 1772 2270 fortune

642 2287 908 2339 personnelle
948 2287 1094 2334 30,000
1135 2286 1206 2336 fr.,
1247 2284 1488 2338 épouserait
1523 2282 1774 2324 demoiselle

642 2347 774 2392 ayant
791 2342 862 2382 dot
879 2342 930 2380 de
951 2342 1099 2390 80,000
1123 2340 1172 2378 fr.

696 2412 787 2453 601.
814 2435 861 2440 —
888 2411 1155 2459 Célibataire,
1176 2412 1226 2451 38
1246 2422 1335 2459 ans,
1374 2418 1504 2460 ayant
1543 2408 1775 2459 profession

643 2466 746 2506 d’un
770 2471 940 2516 rapport
962 2464 1122 2504 annuel
1162 2466 1211 2503 de
1252 2464 1371 2514 5,000
1412 2463 1483 2512 fr.,
1519 2463 1690 2502 fortune
1723 2463 1774 2502 de

643 2519 790 2568 35.000
811 2520 880 2569 fr.,
903 2518 1143 2570 épouserait
1162 2516 1411 2556 demoiselle
1432 2527 1534 2556 avec
1551 2516 1696 2566 40,000
1719 2515 1771 2555 fr.

696 2590 787 2630 606.
820 2612 874 2619 —
919 2590 1186 2636 Célibataire,
1227 2590 1276 2628 25
1326 2599 1415 2635 ans,
1458 2587 1676 2638 disposant
1723 2588 1774 2627 de

643 2644 791 2692 25.000
812 2643 882 2691 fr.,
906 2650 944 2682 et
964 2644 1214 2694 espérances
1235 2642 1382 2690 30,000
1398 2642 1470 2688 fr.,
1491 2640 1627 2680 désire
1644 2642 1775 2691 épou¬

644 2708 710 2737 ser
730 2696 978 2736 demoiselle
999 2702 1128 2747 ayant
1162 2695 1270 2735 belle
1311 2695 1516 2734 situation
1555 2706 1774 2734 commer¬

644 2750 754 2790 ciale
784 2763 792 2795 ;
834 2750 865 2789 il
903 2750 1156 2802 apporterait
1192 2748 1254 2788 les
1291 2748 1438 2799 25,000
1478 2748 1530 2788 fr.
1579 2748 1684 2788 dans
1735 2748 1775 2787 la

646 2804 811 2843 maison
834 2804 884 2843 de
906 2815 1160 2843 commerce.

698 2875 787 2915 608.
807 2898 856 2904 —
876 2874 1142 2923 Célibataire,
1160 2874 1211 2914 25
1226 2886 1316 2924 ans,
1335 2872 1538 2924 employé
1560 2874 1611 2914 de
1634 2874 1772 2922 l’Etat,

643 2928 883 2979 épouserait
923 2928 1170 2968 demoiselle
1211 2940 1264 2967 ou
1318 2939 1455 2967 veuve
1504 2939 1552 2966 en
1607 2934 1774 2978 rapport

644 2983 778 3032 d’àge,
800 2988 931 3034 ayant
956 2982 1100 3022 15.000
1123 2982 1176 3022 fr.

699 3060 788 3099 611.
820 3082 862 3087 —
883 3058 1147 3109 Célibataire,
1188 3058 1236 3098 30
1276 3070 1367 3107 ans,
1408 3070 1562 3110 garçon
1598 3058 1772 3108 d'hôtel,

643 3119 774 3164 ayant
795 3112 912 3152 avoir
932 3112 1051 3152 6.000
1075 3114 1142 3160 fr.,
1167 3112 1408 3162 épouserait
1447 3111 1695 3151 demoiselle
1719 3124 1771 3151 on

643 3176 780 3206 veuve
803 3167 1024 3216 possédant
1045 3166 1166 3206 4.000
1186 3166 1256 3215 fr.,
1279 3178 1388 3216 pour
1410 3172 1578 3206 monter
1599 3164 1773 3215 pension

643 3220 908 3268 bourgeoise.

696 3284 786 3324 612.
810 3307 859 3312 —
900 3283 1022 3332 Veuf,
1047 3286 1236 3332 docteur,
1262 3283 1483 3335 possédant
1508 3283 1679 3324 100.000
1702 3283 1771 3331 fr.,

640 3339 716 3387 âgé
738 3338 788 3376 de
810 3338 859 3378 55
882 3350 970 3387 ans,
995 3338 1235 3388 épouserait
1256 3350 1391 3378 veuve
1412 3338 1463 3376 de
1483 3336 1531 3376 30
1551 3339 1574 3376 à
1606 3338 1654 3377 50
1679 3350 1771 3387 ans,

643 3391 739 3430 bien
763 3391 920 3439 élevée,
944 3398 1076 3442 ayant
1096 3391 1283 3443 quelque
1306 3391 1439 3431 avoir.

695 3474 786 3514 618.
835 3496 878 3506 —
927 3474 1060 3523 Veuf,
1111 3486 1207 3515 sans
1254 3475 1415 3523 enfant,
1467 3475 1768 3524 représentant,

640 3532 826 3576 gagnant
847 3527 967 3567 8.000
1002 3528 1054 3568 fr.
1092 3540 1164 3578 par
1184 3539 1255 3576 an,
1278 3527 1414 3567 désire
1436 3528 1615 3578 épouser
1636 3539 1771 3567 veuve

640 3592 694 3619 ou
718 3580 964 3622 demoiselle
987 3592 1035 3620 en
1060 3587 1228 3632 rapport
1251 3582 1368 3631 d'âge
1391 3594 1443 3622 ou
1478 3582 1700 3622 au-dessus
1720 3582 1771 3620 de

640 3632 690 3674 40
711 3646 802 3683 ans,
827 3635 1048 3684 possédant
1070 3635 1218 3674 20.000
1237 3635 1292 3672 fr.

694 3703 767 3742 622
806 3727 856 3732 —
876 3703 1143 3751 Célibataire,
1167 3704 1216 3743 26
1239 3715 1330 3750 ans,
1355 3703 1524 3743 fortune
1547 3703 1692 3743 40.000
1715 3703 1767 3743 fr.

638 3756 914 3804 immeubles,
939 3759 1178 3807 épouserait
1200 3756 1451 3796 demoiselle
1473 3763 1606 3808 ayant
1627 3758 1768 3795 bonne

639 3811 842 3850 situation
864 3810 1166 3850 commerciale
1187 3823 1242 3848 ou
1266 3810 1434 3850 fortune
1455 3810 1506 3848 de
1527 3811 1674 3850 80.000
1715 3808 1766 3850 fr.

694 3887 783 3927 622.
807 3910 859 3915 —
890 3887 1155 3936 Célibataire,
1191 3887 1240 3927 26
1275 3899 1364 3934 ans,
1398 3888 1687 3938 représentant
1718 3887 1770 3926 de

638 3952 894 3990 commerce,
935 3942 1104 3982 fortune
1144 3940 1292 3982 40.000
1332 3940 1384 3980 fr.
1427 3952 1479 3980 en
1518 3940 1766 3991 propriétés,

638 4000 822 4046 gagnant
860 3995 980 4035 4.000
1012 3995 1082 4042 fr.,
1123 3994 1260 4035 désire
1302 3995 1482 4046 épouser
1519 3994 1768 4034 demoiselle

638 4048 851 4098 disposant
872 4050 922 4087 de
948 4048 1115 4088 ÎOU.ÜOQ
1136 4048 1187 4088 fr.

646 4136 650 4142 '
691 4126 782 4166 625.
806 4148 854 4155 —
892 4126 1002 4166 Veuf
1040 4138 1138 4166 sans
1175 4124 1359 4175 enfants,
1398 4126 1474 4175 âgé
1508 4124 1558 4164 de
1592 4126 1642 4164 50
1675 4136 1764 4171 ans,

635 4190 770 4228 gagne
808 4179 952 4219 10.000
974 4179 1023 4219 fr.
1063 4191 1135 4230 par
1167 4191 1220 4218 an
1254 4190 1421 4218 comme
1462 4179 1764 4227 représentant.,

635 4231 732 4280 plus
752 4232 923 4271 fortune
947 4231 1227 4283 personnelle,
1255 4232 1390 4272 désire
1412 4232 1592 4282 épouser
1612 4243 1763 4280 veuve,

635 4287 779 4326 même
803 4284 896 4336 plus
916 4287 1032 4336 âgée,
1060 4286 1282 4335 possédant
1303 4286 1478 4326 200.000
1500 4284 1552 4324 fr.

687 4380 779 4420 627.
803 4403 846 4411 —
888 4380 1155 4431 Célibataire,
1194 4380 1390 4428 horloger
1418 4379 1562 4426 établi,
1592 4380 1642 4419 30
1672 4391 1762 4429 ans,

632 4434 802 4474 fortune
850 4434 991 4474 15.000
1032 4435 1108 4479 fr.,
1147 4434 1387 4484 épouserait
1427 4432 1675 4474 demoiselle
1712 4444 1763 4472 en

632 4492 802 4539 rapport
823 4487 943 4538 d’âge
964 4499 1064 4527 avec
1087 4488 1256 4527 fortune
1278 4487 1564 4539 équivalente.

685 4564 776 4605 628.
791 4587 840 4592 —
860 4564 1126 4612 Célibataire,
1151 4566 1200 4604 25
1218 4576 1308 4614 ans,
1334 4563 1502 4603 fortune
1530 4564 1671 4603 10.000
1693 4563 1760 4615 fr.,

631 4618 915 4668 mécanicien,
939 4630 1075 4668 gagne
1096 4618 1216 4658 2.500
1242 4618 1291 4658 fr.
1317 4630 1390 4668 par
1419 4628 1487 4664 an,
1520 4618 1760 4667 épouserait

631 4671 880 4711 demoiselle
920 4683 971 4711 en
1015 4678 1179 4722 rapport
1219 4672 1338 4720 d’âge
1376 4676 1508 4722 ayant
1548 4683 1604 4710 un
1645 4683 1762 4710 com¬

632 4736 772 4764 merce
794 4736 847 4764 ou
871 4724 1003 4764 avoir.

686 4795 775 4835 630.
794 4819 843 4824 —
866 4795 1132 4846 Célibataire,
1152 4795 1202 4835 28
1218 4807 1307 4843 ans,
1326 4806 1422 4844 sage
1440 4800 1479 4835 et
1499 4794 1758 4843 travailleur,

630 4855 928 4898 restaurateur,
952 4851 1192 4899 épouserait
1215 4848 1464 4887 demoiselle
1504 4855 1690 4899 pouvant
1723 4848 1759 4887 le

628 4902 846 4951 seconder,
870 4907 1000 4954 ayant
1020 4902 1071 4943 de
1096 4903 1138 4943 10
1162 4903 1180 4942 à
1211 4903 1352 4943 12.000
1374 4902 1423 4942 fr.

682 4974 771 5014 636.
794 4996 840 5003 —
863 4974 1128 5023 Célibataire,
1154 4974 1306 5022 28ans,
1326 4974 1494 5012 fortune
1514 4974 1683 5013 100.000
1704 4974 1754 5014 fr.

626 5027 808 5078 espèces,
826 5028 1066 5078 épouserait
1080 5026 1331 5067 demoiselle
1347 5032 1479 5078 ayant
1496 5026 1604 5066 belle
1620 5026 1758 5066 situa-
1791 5027 1796 5091 J

627 5080 715 5120 tion
735 5080 1050 5122 commerciale,

678 5152 768 5191 638.
794 5174 843 5179 —
866 5152 986 5198 Veuf,
1011 5152 1059 5191 56
1083 5164 1172 5196 ans,
1206 5152 1394 5199 ouvrier,
1431 5163 1528 5190 sans
1571 5151 1754 5199 enfants,
1790 5158 1796 5189 l

627 5207 848 5255 possédant
870 5206 1016 5246 20.000
1040 5204 1092 5244 fr.
1126 5218 1178 5244 en
1210 5204 1482 5255 obligations,
1516 5206 1758 5256 épouserait
1790 5216 1795 5256 |

627 5271 760 5298 veuve
782 5271 832 5298 en
858 5267 1024 5310 rapport
1047 5260 1182 5308 d’âge,
1200 5271 1298 5299 sans
1319 5259 1502 5308 enfants,
1536 5259 1756 5308 possédant
1788 5264 1794 5321 J

623 5312 699 5351 700
722 5312 771 5351 fr.
795 5312 846 5351 de
862 5324 1071 5363 revenus;
1096 5312 1127 5351 il
1151 5312 1278 5352 ferait
1299 5312 1502 5352 donation
1531 5314 1582 5352 de
1623 5312 1755 5352 l’usn-
1788 5298 1794 5360 j

622 5366 728 5404 fruit
748 5379 823 5418 par
844 5372 1022 5407 contrat.
1787 5368 1794 5420 (

676 5438 766 5478 639.
790 5460 843 5466 —
863 5438 1130 5487 Célibataire,
1155 5439 1203 5478 39
1227 5450 1316 5486 ans,
1340 5438 1552 5487 médecin,
1576 5439 1755 5490 épouse¬

620 5491 701 5531 rait
722 5491 971 5532 demoiselle
995 5491 1218 5543 possédant
1239 5491 1386 5532 80.000
1408 5492 1460 5530 fr.

675 5562 766 5602 640.
800 5584 829 5590 -
859 5560 1128 5611 Célibataire,
1155 5562 1358 5614 employé
1372 5562 1422 5602 de
1440 5562 1576 5612 l’Etat,
1596 5563 1641 5602 31
1662 5575 1751 5608 ans,

620 5616 965 5667 appointements
988 5611 1135 5663 18,000
1150 5618 1222 5665 fr.,
1242 5616 1483 5667 épouserait
1504 5616 1754 5658 demoiselle

619 5675 751 5720 ayant
766 5670 836 5708 dot
860 5670 910 5710 de
931 5671 1078 5710 20.000
1099 5670 1152 5710 fr.

674 5740 764 5779 641.
789 5763 828 5770 —
866 5740 992 5788 Veuf,
1034 5740 1054 5779 3
1096 5740 1279 5786 enfants,
1320 5740 1368 5779 42
1395 5752 1484 5791 ans,
1529 5742 1751 5792 possédant

620 5794 739 5842 6,000
760 5792 812 5832 fr.
837 5794 887 5833 de
910 5806 1106 5842 revenus,
1131 5795 1372 5846 épouserait
1410 5794 1658 5835 demoiselle
1694 5808 1749 5835 ou

619 5859 752 5887 veuve
774 5847 999 5898 possédant
1019 5848 1167 5888 25.000
1188 5848 1242 5886 fr.
1264 5848 1316 5887 de
1338 5848 1422 5888 dot.

671 5918 762 5958 645.
768 5941 815 5947 —
843 5918 966 5968 Veuf,
991 5919 1039 5959 34
1063 5931 1152 5968 ans,
1171 5919 1282 5959 deux
1302 5919 1483 5970 enfants,
1510 5932 1750 5960 commerce

615 5971 666 6010 de
687 5971 780 6011 vins
799 5974 880 6011 très
902 5972 1132 6023 productif,
1158 5974 1399 6023 épouserait
1419 5984 1627 6024 personne
1648 5984 1748 6014 avec

614 6024 719 6075 petit
739 6026 857 6064 avoir
878 6031 916 6064 et
940 6032 1128 6076 pouvant
1152 6026 1188 6064 le
1210 6027 1426 6067 seconder.

670 6102 760 6143 646.
787 6126 834 6131 —
867 6102 1135 6152 Célibataire,
1156 6103 1206 6143 28
1235 6115 1324 6154 ans,
1348 6112 1478 6156 ayant
1510 6116 1747 6145 commerce

615 6155 698 6195 très
718 6155 907 6204 lucratif,
944 6156 1184 6207 épouserait
1218 6158 1467 6198 demoiselle
1507 6170 1607 6199 avec
1643 6160 1747 6210 petit

611 6208 744 6258 avoir,
770 6216 956 6260 pouvant
979 6211 1099 6262 gérer
1120 6210 1330 6260 magasin.

665 6279 755 6319 647.
778 6303 822 6308 —
846 6280 1111 6330 Célibataire,
1138 6283 1336 6334 vicomte,
1359 6282 1404 6320 21
1428 6294 1518 6331 ans,
1542 6282 1643 6322 allié
1664 6295 1746 6322 aux

610 6332 799 6374 familles
820 6332 882 6374 les
903 6335 1000 6386 plus
1022 6336 1183 6386 nobles,
1218 6335 1456 6387 épouserait
1498 6335 1744 6375 demoiselle

610 6391 740 6440 ayant
760 6386 950 6429 fortune.

1900 879 2046 920 648.—
2067 879 2331 928 Célibataire,
2350 886 2503 927 comte,
2520 876 2570 916 24
2587 888 2676 926 ans,
2696 875 2762 916 btzl
2783 876 2972 923 homme,

1846 932 1895 972 de
1920 934 1958 972 la
1979 932 2207 972 meilleure
2227 934 2435 980 noblesse,
2459 932 2676 983 épouserai
2686 936 2696 968 L
2727 928 2974 970 demoiselle

1846 994 1975 1038 ayant
1997 987 2180 1027 fortune.

1900 1078 1988 1118 656.
2013 1100 2063 1106 —
2099 1078 2366 1124 Célibataire,
2408 1078 2547 1122 noble,
2588 1076 2638 1115 60
2678 1088 2766 1124 ans,
2807 1075 2976 1114 fortune

1847 1131 2019 1179 800.000
2043 1131 2082 1168 fr
2106 1163 2112 1178 ,
2138 1131 2376 1182 épouserait
2415 1131 2539 1170 dame
2572 1131 2623 1170 de
2646 1131 2695 1170 40
2735 1131 2756 1168 à
2796 1128 2846 1167 45
2886 1139 2974 1176 ans,

1846 1190 1974 1236 ayant
1998 1186 2168 1234 300,000
2191 1187 2242 1224 fr.

1899 1267 1992 1307 657.
2040 1291 2076 1298 —
2128 1267 2380 1308 Célibataire
2416 1267 2752 1320 (pharmacien),
2796 1266 2836 1304 41
2884 1278 2975 1315 ans,

1846 1323 2083 1371 épouserait
2103 1320 2352 1362 demoiselle
2391 1335 2443 1362 ou
2471 1334 2602 1362 veuve
2642 1327 2772 1374 ayant
2812 1320 2862 1359 de
2884 1320 2931 1359 60
2954 1322 2976 1359 à

1852 1375 2019 1424 100.000
2040 1375 2091 1414 fr.

1899 1463 1990 1502 659.
2010 1487 2060 1491 —
2080 1463 2344 1512 Célibataire,
2368 1464 2416 1503 30
2439 1475 2528 1511 ans,
2551 1463 2650 1503 chef
2670 1463 2695 1502 d
2714 1462 2971 1508 institution,

1846 1516 2087 1564 épouserait
2152 1518 2399 1558 demoiselle
2463 1518 2683 1566 instruite,
2752 1516 2976 1567 possédant

1846 1570 1992 1619 30.000
2014 1571 2066 1611 fr.

1902 1663 1991 1703 665.
2015 1686 2062 1690 —
2087 1662 2336 1702 Célibataire
2358 1662 2406 1702 34
2428 1674 2518 1711 ans,
2542 1660 2680 1708 noble,
2714 1660 2884 1699 fortune
2923 1672 2974 1699 en

1848 1716 2078 1766 propriétés
2107 1716 2274 1756 100.000
2294 1716 2331 1754 fr
2370 1715 2607 1767 épouserait
2636 1714 2884 1754 demoiselle
2924 1726 2975 1752 en

1846 1775 2013 1820 rapport
2034 1770 2192 1808 d’avoir
2212 1776 2251 1808 et
2272 1770 2404 1819 d’âge.

1902 1862 1992 1902 672.
2016 1884 2066 1890 —
2087 1859 2338 1900 Célibataire
2360 1860 2407 1898 32
2440 1871 2530 1908 ans,
2572 1864 2703 1911 ayant
2744 1856 2974 1907 profession

1848 1914 2024 1956 libérale
2078 1914 2139 1954 lui
2191 1918 2430 1964 rapportant
2478 1914 2596 1952 7.000
2635 1914 2684 1951 fr.
2738 1911 2978 1962 épouserait

1848 1968 2096 2008 demoiselle
2118 1975 2248 2019 ayant
2271 1968 2340 2006 dot
2360 1966 2510 2008 40.000
2530 1967 2582 2008 fr.

1903 2059 1992 2099 673.
2019 2082 2064 2087 —
2088 2058 2351 2107 Célibataire,
2387 2059 2436 2098 29
2467 2070 2542 2096 ans
2576 2063 2707 2108 ayant
2748 2056 2976 2107 profession

1847 2107 2027 2152 libérale
2078 2112 2136 2151 lui
2187 2116 2431 2162 rapportant
2484 2111 2606 2151 6.000
2644 2111 2695 2150 fr.
2738 2111 2976 2162 épouserait

1848 2166 2096 2206 demoiselle
2119 2171 2248 2218 ayant
2270 2166 2339 2204 dot
2362 2166 2508 2206 30.000
2524 2164 2575 2204 fr.

1907 2351 2038 2394 Nous
2082 2350 2299 2392 donnons
2350 2347 2614 2391 ci-dessous
2659 2346 2882 2390 l’adresse
2922 2347 2978 2390 de

1848 2412 1959 2454 MM.
2002 2410 2070 2452 les
2106 2410 2312 2452 notaires
2346 2407 2402 2450 de
2437 2407 2482 2450 la
2511 2406 2616 2450 ville
2643 2406 2699 2450 de
2729 2406 2975 2460 Marseille,

1850 2471 1927 2526 qui
1960 2482 2132 2526 pourra
2163 2471 2259 2512 être
2292 2467 2402 2511 utile
2434 2479 2550 2523 pour
2579 2466 2643 2510 les
2678 2468 2890 2510 contrats
2923 2466 2979 2510 de

1848 2530 2062 2584 mariage
2083 2544 2092 2571 :

1903 2624 1998 2663 MM.
2035 2623 2239 2671 Sabatier,
2262 2635 2338 2663 rue
2359 2623 2543 2671 Paradis,
2574 2622 2631 2660 17.

2036 2688 2255 2740 Raynaud,
2278 2701 2354 2728 rue
2375 2687 2560 2733 Paradis,
2583 2686 2648 2727 24.

2034 2756 2210 2806 Gaudet,
2235 2767 2308 2794 rue
2332 2755 2514 2802 Paradis,
2538 2754 2602 2794 46.

2035 2823 2232 2874 Gasquet,
2252 2834 2328 2860 rue
2347 2819 2531 2868 Paradis,
2556 2820 2619 2861 57.

2034 2888 2232 2938 Ferrand,
2256 2899 2331 2927 rue
2354 2886 2538 2934 Paradis,
2562 2887 2626 2926 59.

2034 2955 2187 3003 Brezet,
2211 2966 2284 2992 rue
2308 2952 2491 3003 Paradis,
2516 2954 2579 2992 68.

2034 3022 2083 3060 de
2107 3022 2244 3072 Laget,
2266 3032 2342 3059 rue
2364 3019 2686 3066 Saint-Ferréol,
2710 3021 2748 3059 7.

2035 3086 2306 3136 Delanglade,
2330 3092 2404 3126 rué
2423 3084 2750 3132 Saint-Ferréol,
2774 3086 2839 3126 29.

2034 3154 2175 3203 Benet,
2199 3166 2275 3192 rue
2296 3151 2619 3199 Saint-Ferréol,
2643 3152 2706 3191 30.

2034 3218 2276 3271 Provençal,
2302 3230 2375 3256 rue
2396 3216 2723 3264 Saint-Ferréol,
2748 3217 2816 3258 50.

2032 3284 2254 3335 Bouteille,
2277 3298 2352 3324 rue
2372 3283 2694 3332 Saint-Ferréol,
2722 3284 2786 3323 52.

2033 3351 2268 3401 Eslrangin,
2292 3363 2367 3390 rue
2387 3350 2712 3398 Saint-Ferréol,
2736 3350 2802 3390 54.

2032 3423 2232 3474 Jourdan,
2254 3435 2328 3463 rue
2350 3422 2671 3468 Saint-Ferréol,
2695 3420 2759 3462 59.

2031 3490 2187 3540 Sayou,
2210 3502 2286 3528 rue
2307 3487 2632 3536 Saint-Ferréol,
2658 3488 2719 3528 78.

2032 3555 2190 3604 Perrin,
2214 3568 2287 3595 rue
2311 3554 2574 3603 Montgrand,
2599 3554 2666 3594 38.

2028 3620 2364 3668 Taxil-Fortoul,
2388 3632 2463 3660 rue
2487 3620 2748 3671 Montgrand,
2772 3619 2836 3659 48.

2028 3684 2172 3731 Alliés,
2198 3695 2274 3723 rue
2292 3682 2554 3732 Mon!grand,
2578 3683 2639 3722 62.

2028 3752 2162 3796 Azaïs,
2187 3762 2262 3788 rue
2284 3750 2334 3788 de
2356 3748 2395 3787 la
2416 3748 2556 3794 Darse,
2579 3748 2615 3787 5.

2030 3815 2224 3866 Laugier,
2247 3827 2323 3854 rue
2344 3815 2395 3854 de
2415 3815 2456 3852 la
2478 3815 2616 3862 Darse,
2639 3812 2704 3852 29.

2031 3883 2254 3934 Raynaud,
2279 3895 2352 3922 rue
2372 3880 2574 3928 Noailles,
2598 3883 2636 3922 7.

2028 3948 2248 3996 Dessuard,
2274 3959 2348 3988 rue
2368 3947 2568 3994 Noailles,
2599 3947 2656 3986 18.

2031 4015 2222 4064 Laugier,
2246 4027 2320 4054 rue
2340 4014 2612 4061 Cannebière,
2638 4014 2675 4054 5,

2027 4080 2255 4130 Decormis,
2280 4094 2353 4120 rue
2375 4082 2576 4131 Grignan,
2600 4080 2664 4120 56.

2027 4147 2150 4195 Latil,
2175 4159 2248 4187 rue
2270 4147 2426 4195 Sainte,
2456 4148 2488 4187 1.

2026 4212 2219 4260 Giraudi,
2243 4224 2367 4252 cours
2383 4211 2672 4260 Saint-Louis,
2698 4212 2734 4254 3.

2026 4278 2166 4326 Blanc,
2188 4290 2262 4318 rue
2284 4278 2334 4317 de
2357 4276 2532 4327 l’Arbre,
2556 4278 2594 4316 9.

2027 4343 2247 4390 Roubaud,
2274 4355 2348 4383 rue
2368 4344 2420 4382 de
2442 4343 2482 4382 la
2504 4342 2790 4394 République,
2816 4343 2878 4383 15.

2024 4408 2171 4459 Gavot,
2196 4420 2270 4448 rue
2292 4408 2347 4447 du
2373 4410 2559 4458 Bausset,
2582 4407 2619 4448 4.

1887 4592 2076 4647 L’Office
2107 4592 2345 4631 Mondonet
2363 4595 2426 4631 est
2452 4596 2608 4631 ouvert
2627 4594 2724 4630 tous
2751 4592 2812 4631 les
2831 4592 2968 4644 jours

1835 4662 1888 4699 de
1906 4662 1935 4700 2
1955 4660 2112 4699 heures
2134 4663 2158 4698 à
2182 4660 2208 4698 8
2228 4657 2384 4698 heures
2404 4659 2468 4698 du
2495 4660 2587 4698 soir
2614 4662 2652 4696 et
2692 4659 2752 4696 les
2788 4659 2968 4696 diman¬

1834 4726 1931 4764 ches
1951 4728 1991 4764 et
2010 4724 2119 4776 fêtes
2139 4724 2192 4763 de
2216 4722 2239 4764 9
2262 4722 2418 4763 heures
2436 4727 2462 4762 à
2485 4723 2615 4763 midi.

1891 4891 2301 4963 THÉÂTRES
2359 4899 2451 4961 ET
2509 4899 2905 4963 CONCERTS

1887 5070 2296 5111 Grand-Théâtre.
2324 5092 2370 5098 —
2411 5069 2521 5110 Dans
2560 5070 2600 5108 la
2630 5070 2962 5120 représentation

1830 5124 1880 5163 de
1903 5124 1942 5162 la
1964 5124 2092 5163 Juive
2112 5135 2219 5163 nous
2239 5135 2371 5163 avons
2392 5135 2443 5163 eu
2479 5124 2516 5162 la
2535 5124 2743 5174 première
2764 5124 2959 5164 audition

1830 5178 1879 5216 de
1902 5176 1994 5216 Mlle
2013 5176 2230 5216 Michelin!
2252 5176 2483 5216 chanteuse
2503 5176 2660 5226 falcon,
2680 5176 2760 5216 elle
2774 5190 2796 5216 a
2819 5178 2962 5218 donné

1830 5230 2124 5270 d’excellentes
2144 5242 2378 5280 promesses
2399 5243 2507 5282 pour
2536 5230 2727 5279 l’avenir,
2760 5231 2842 5271 elle
2866 5231 2959 5271 s’est

1830 5284 1907 5323 fait
1928 5283 2154 5334 applaudir
2175 5286 2198 5323 à
2228 5283 2443 5334 plusieurs
2482 5283 2658 5335 reprises
2718 5284 2959 5334 Lohengrin

1828 5350 1879 5379 en
1900 5343 1960 5378 est
1982 5339 2004 5376 à
2026 5350 2070 5377 sa
2099 5338 2163 5377 21°
2204 5338 2534 5388 représentation
2574 5350 2676 5378 avec
2718 5350 2776 5378 un
2812 5340 2960 5379 succès

1827 5392 1903 5443 qui
1927 5403 1976 5431 ne
1999 5391 2075 5430 fait
2096 5403 2179 5442 que
2202 5391 2475 5431 s'accentuer.

1882 5500 2140 5550 Gymnase.
2163 5520 2212 5526 —
2234 5498 2378 5538 Donne
2400 5508 2446 5538 ce
2467 5496 2554 5538 soir
2571 5510 2615 5538 sa
2630 5498 2694 5538 46°
2710 5504 2749 5538 et
2764 5498 2958 5539 dernière

1827 5555 2155 5602 représentation
2176 5551 2232 5590 du
2253 5552 2366 5603 Pays
2390 5551 2436 5590 de
2464 5552 2555 5590 l'Or
2560 5584 2568 5600 ,
2611 5551 2766 5600 jamais
2806 5551 2959 5603 depuis

1828 5606 2067 5655 longtemps
2086 5607 2234 5646 succès
2255 5604 2387 5656 pareil
2411 5604 2566 5644 n’avait
2598 5606 2663 5647 été
2703 5606 2860 5646 obtenu
2902 5618 2954 5644 au

1826 5659 2058 5711 Gymnase.

1878 5760 2116 5800 Variétés.
2143 5783 2187 5788 —
2220 5760 2523 5810 Réouverture,
2567 5760 2603 5799 3°
2624 5760 2954 5811 réprésentation

1823 5812 1874 5852 de
1896 5812 1935 5851 la
1959 5814 2170 5852 Sonnette
2191 5814 2242 5852 du
2263 5814 2415 5852 Diable
2436 5815 2552 5864 pièce
2572 5814 2831 5866 fantastique
2855 5826 2904 5852 en
2930 5815 2951 5851 7

1822 5871 1934 5906 actes
1955 5871 1995 5906 et
2020 5868 2064 5906 16
2104 5866 2316 5915 tableaux,
2356 5868 2502 5907 décors
2540 5880 2779 5914 nouveaux,
2824 5875 2951 5915 trucs,

1822 5919 2095 5971 apparitions,
2122 5920 2472 5971 prochainement
2514 5920 2574 5962 les
2611 5920 2735 5960 Deux
2779 5920 2954 5974 Orphe¬

1822 5974 1934 6012 lines
1955 5979 1994 6012 et
2015 5972 2056 6012 la
2080 5974 2278 6013 Closerie
2302 5974 2372 6012 des
2398 5974 2588 6014 Genneis

1875 6076 2336 6118 Palais-de-Cristal
2366 6099 2414 6106 —
2436 6078 2599 6116 Grande
2620 6076 2948 6127 représentation

1820 6142 1927 6179 pour
1950 6128 2007 6168 les
2047 6130 2199 6169 débuts
2235 6130 2284 6168 de
2328 6130 2422 6170 Mlle
2464 6131 2583 6170 Lidia
2622 6131 2662 6168 la
2700 6140 2950 6182 gommeuse

1819 6180 2059 6233 parisienne
2080 6183 2156 6233 qui
2178 6195 2230 6222 va
2250 6195 2291 6223 se
2314 6183 2511 6234 produire
2535 6196 2639 6235 pour
2660 6184 2697 6223 la
2740 6183 2948 6235 première

1818 6235 1896 6275 fois
1918 6238 1940 6275 à
1962 6235 2182 6276 Marseille.
2218 6236 2270 6276 Le
2308 6238 2470 6276 bureau
2510 6238 2562 6276 de
2604 6238 2799 6284 location,
2841 6248 2951 6288 pour

1820 6288 1880 6328 les
1900 6290 2256 6340 représentations
2276 6290 2326 6330 de
2365 6291 2510 6336 Bloch,
2552 6295 2592 6330 la
2630 6291 2787 6342 grande
2820 6288 2947 6330 étoile

1817 6343 2058 6394 parisienne
2078 6354 2167 6383 sera
2196 6348 2344 6383 ouvert
2382 6356 2435 6384 au
2478 6343 2882 6392 Palais-de-Cristal,
2924 6344 2947 6382 à

1819 6395 1952 6447 partir
1972 6396 2022 6436 de
2042 6395 2166 6438 lundi
2187 6396 2408 6448 prochain.

3103 879 3457 977 (Maisons
3517 885 4127 975 (Recommandées

3070 1102 3282 1234 LE
3390 1102 4166 1250 CHINOIS

3199 1269 3507 1323 CHAPEAUX
3543 1275 3613 1325 EN
3645 1279 3787 1327 TOUS
3821 1283 4035 1331 GENRES

3077 1349 3353 1393 COIFFURES
3391 1353 3523 1395 POUR
3567 1355 3843 1399 MESSIEURS
3883 1359 3951 1401 ET
3989 1363 4155 1407 DAMES

3359 1436 3630 1476 FRAICHEURS,
3661 1440 3740 1467 RON
3768 1443 3878 1471 GOUT

3142 1492 3290 1532 Haute
3311 1495 3572 1538 Nouveauté
3594 1498 3647 1538 de
3664 1500 3826 1552 forme,
3850 1494 4087 1556 Élégance,

3479 1562 3755 1616 Originalité

3344 1632 3563 1672 Spécialité
3586 1635 3636 1668 de
3660 1635 3700 1668 la
3723 1638 3883 1672 Maison

3051 1688 3208 1735 oiffures
3232 1691 3356 1736 riches
3379 1692 3399 1736 d
3420 1691 3606 1739 Intérieur
3624 1699 3664 1740 et
3684 1698 3730 1742 de
3751 1698 3895 1744 Bureau
3926 1712 4070 1759 (Dernières
4083 1715 4174 1762 Modes)

3459 1766 3558 1804 Prix
3588 1767 3783 1810 Modérés

3126 1828 3246 1876 26,
3291 1831 3356 1870 Fl
3360 1844 3450 1871 vl©
3498 1834 3966 1888 Cannebière,
4004 1843 4048 1882 2
4062 1843 4108 1883 6

3050 1926 3754 2090 ârbIThàsse
3798 1978 3886 2090 ET
3926 1938 4182 2094 ITÏ

3168 2144 3175 2174 (
3175 2119 3470 2180 Réparations,
3511 2112 3760 2188 (Échanges,
3788 2131 3815 2184 <J
3815 2131 4059 2195 Nettoyages

3058 2216 3595 2287 BERNARD
3647 2242 3759 2279 me
3798 2230 4078 2298 Paradis,
4107 2235 4182 2287 32

3105 2379 3447 2481 Entreprise
3495 2387 3561 2463 de
3603 2387 4133 2493 Déménagements

3240 2498 3351 2538 Pour
3382 2512 3431 2539 la
3461 2502 3623 2543 Frange
3655 2518 3706 2544 et
3734 2508 3998 2550 l’Etranger

3188 2584 3431 2631 PRIX
3506 2582 4047 2642 MODÉRÉS

3120 2670 3263 2695 Cadres
3322 2690 3335 2703 ,

3175 2724 3210 2751 et

3100 2779 3291 2804 WAGONS

3091 2824 3291 2864 capitonnés

3062 2891 3146 2922 pour
3170 2884 3319 2922 Mouilles

3114 2948 3274 2988 précieux

3592 2676 3660 2702 LES

3369 2709 3655 2791 BÉinéiapses
3693 2713 3875 2781 Favorites

3538 2794 3554 2806 '
3642 2810 3798 2928 4P

3923 2750 4164 2778 ASSURANCES

3983 2798 4102 2828 contre

3952 2847 4134 2883 l’Incendie

4030 2904 4059 2932 et

3390 2948 3478 2980 Maison
3503 2952 3678 2992 complètement
3703 2966 3730 2986 en
3756 2955 3839 2987 dehors

3503 3000 3531 3029 de
3551 3003 3600 3032 tout
3618 3002 3732 3043 Monopote

3156 3069 3262 3118 Bourse
3282 3071 3479 3120 Immobilière.
3492 3099 3550 3106 —
3568 3076 3652 3124 Vente
3672 3079 3699 3124 et
3716 3079 3842 3127 location
3863 3082 4064 3131 d’Immeutiles

3230 3176 3282 3182 —
3294 3154 3380 3196 Rue
3396 3155 3608 3210 Pavillon,
3626 3160 3663 3211 4,
3679 3172 3731 3203 au
3743 3162 3935 3216 Magasin
3943 3167 4182 3208 —MARSEILLE

3244 3318 3464 3360 Vient
3520 3323 3611 3362 de
3670 3328 3987 3376 par*aîtr*e

3384 3408 3610 3459 (EDITION
3636 3412 3699 3451 DE
3723 3414 3843 3464 1891)

3093 3674 3152 3708 DE
3172 3674 3231 3711 LA
3254 3676 3452 3726 FRANCE,
3471 3679 3530 3715 DE
3552 3680 3612 3716 LA
3628 3680 3788 3731 CORSE,
3808 3683 3867 3719 DE
3883 3678 4131 3723 L’ALGÉRIE

3234 3738 3292 3778 DE
3311 3739 3371 3779 LA
3394 3742 3584 3783 TUNISIE
3602 3744 3631 3784 L
3652 3746 3738 3784 DES
3760 3746 3988 3788 COLONIES

3051 3803 3118 3842 Un
3140 3804 3230 3843 fort
3260 3808 3419 3848 volume
3450 3811 3498 3850 de
3523 3811 3614 3863 800
3639 3826 3783 3866 pages,
3816 3817 4064 3867 imprimées
4099 3831 4179 3859 sur

3278 3860 3308 3898 2
3330 3863 3546 3912 colonnes,
3571 3866 3735 3906 reliure
3755 3868 3943 3919 anglaise

3330 3964 3726 3982 .
3784 3948 3847 3983 £5
3877 3948 4067 3986 francs

3095 4024 3162 4064 Cet
3186 4038 3384 4078 ouvrage,
3410 4030 3552 4079 rédigé
3572 4043 3644 4070 sur
3667 4044 3723 4071 un
3754 4034 3850 4082 plan
3891 4036 4175 4080 entièrement

3044 4090 3255 4129 nouveau,
3295 4080 3482 4122 contient
3515 4088 3610 4124 tous
3651 4084 3710 4126 les
3744 4087 3998 4128 documents
4036 4090 4176 4139 régle¬

3043 4139 3234 4172 mentant
3259 4134 3292 4174 le
3314 4136 3474 4178 service
3496 4138 3568 4178 des
3602 4144 3751 4190 postes,
3787 4140 3859 4179 des
3890 4140 4171 4194 télégraphes,

3043 4186 3115 4224 des
3135 4186 3380 4235 téléphones
3403 4196 3442 4230 et
3464 4191 3535 4231 des
3555 4192 3752 4234 chemins
3774 4194 3824 4234 de
3842 4194 3918 4234 fer.

3095 4238 3131 4278 Il
3151 4239 3328 4291 indique
3358 4242 3419 4282 les
3440 4255 3563 4284 noms
3595 4246 3644 4286 de
3667 4251 3805 4287 toutes
3828 4247 3888 4287 les
3911 4260 4170 4302 communes,

3043 4291 3151 4331 ainsi
3172 4306 3255 4344 que
3278 4306 3382 4334 ceux
3403 4296 3475 4336 des
3496 4298 3684 4338 bureaux
3715 4300 3764 4338 de
3790 4307 3903 4351 poste
3924 4308 3964 4340 et
3991 4303 4042 4342 de
4064 4304 4174 4344 télé¬

3042 4346 3200 4395 graphe
3220 4347 3296 4398 qui
3323 4347 3379 4387 les
3396 4348 3654 4399 desservent,
3690 4351 3752 4392 les
3770 4354 3982 4394 distances
4014 4355 4172 4404 légales

3042 4403 3082 4436 et
3116 4399 3151 4438 le
3183 4399 3334 4440 chiffre
3370 4402 3419 4442 de
3458 4403 3496 4443 la
3534 4404 3800 4456 population.
3842 4407 3902 4448 On
3923 4420 3952 4460 y
3984 4420 4008 4448 a
4030 4410 4171 4462 ajouté

3044 4456 3176 4491 toutes
3200 4452 3264 4491 les
3283 4467 3411 4504 gares
3439 4466 3634 4498 ouvertes
3666 4472 3719 4498 au
3751 4460 3910 4500 service
3943 4462 4018 4503 des
4048 4464 4170 4503 colis

3040 4514 3260 4556 postaux,
3302 4519 3400 4547 avec
3438 4510 3628 4550 mention
3668 4511 3835 4563 lorsque
3874 4524 3944 4554 ces
3982 4514 4172 4556 derniers

3040 4564 3132 4598 sont
3152 4559 3356 4600 livrables
3372 4574 3422 4600 en
3444 4575 3543 4612 gare
3564 4576 3616 4603 ou
3639 4564 3662 4602 à
3679 4564 3899 4606 domicile.

3092 4612 3151 4652 On
3174 4627 3202 4666 y
3226 4619 3418 4655 trouvera
3439 4616 3554 4658 aussi
3587 4623 3682 4659 tons
3712 4618 3774 4660 les
3803 4619 4171 4672 renseignements

3040 4667 3294 4706 nécessaires
3308 4680 3382 4707 sur
3398 4670 3432 4710 le
3450 4674 3634 4711 service
3650 4674 3734 4712 des
3750 4682 4168 4724 recouvrements,

3039 4720 3119 4758 soit
3148 4731 3198 4759 en
3222 4720 3388 4770 France,
3412 4723 3492 4763 soit
3512 4723 3619 4764 dans
3640 4724 3699 4763 les
3723 4736 3827 4775 pays
3846 4727 4076 4775 étrangers.

3091 4772 3160 4811 Cet
3180 4786 3362 4824 ouvrage
3383 4783 3442 4815 est
3470 4776 3787 4828 indispensable
3820 4790 3874 4818 au
3908 4790 4164 4832 commerce,

3039 4826 3060 4863 à
3083 4824 3320 4868 l’industrie
3342 4835 3380 4868 et
3400 4842 3484 4870 aux
3503 4831 3887 4871 administrations.

3223 4919 3424 4960 PRIME
3456 4920 3498 4960 A
3530 4920 3650 4962 NOS
3679 4915 3978 4962 ABONNÉS

3088 4994 3166 5031 Par
3198 4995 3308 5035 suite
3340 4995 3440 5036 d’un
3476 5003 3772 5047 arrangement
3806 5010 3904 5038 avec
3948 4998 4160 5051 l’éditeur,

3036 5058 3143 5086 nous
3163 5059 3347 5088 sommes
3366 5051 3388 5088 à
3415 5051 3554 5091 même
3587 5052 3638 5091 de
3660 5051 3828 5091 fournir
3848 5058 3912 5091 cet
3932 5064 4119 5103 ouvrage
4140 5056 4164 5095 à

3038 5112 3110 5139 nos
3156 5102 3343 5143 abonnés
3390 5116 3439 5143 en
3480 5104 3538 5144 les
3576 5104 3731 5144 faisant
3768 5104 3996 5146 bénéficier
4035 5108 4162 5148 d’une

3035 5154 3187 5194 remise
3207 5156 3542 5206 exceptionnelle
3562 5159 3612 5199 de
3635 5160 3696 5199 20
3719 5170 3762 5210 p.
3792 5160 3899 5200 100.

3086 5207 3200 5248 Nous
3220 5208 3419 5260 adresser,
3443 5211 3547 5251 dans
3567 5224 3614 5252 ce
3635 5224 3718 5262 cas,
3758 5224 3814 5252 un
3848 5214 4162 5267 mandat-poste

3034 5260 3083 5299 de
3106 5262 3166 5302 20
3190 5263 3247 5302 fr.
3272 5275 3324 5302 au
3350 5276 3448 5303 nom
3472 5266 3522 5303 de
3544 5267 3712 5304 Bonal,

3039 5439 3127 5537 Le
3175 5439 3407 5541 Guide
3467 5443 3767 5541 autour
3815 5441 3955 5541 des
4015 5441 4157 5545 Iles

3082 5631 3132 5671 Ce
3154 5632 3254 5683 petit
3275 5632 3426 5679 Guide,
3450 5632 3551 5673 dont
3574 5632 3611 5672 le
3632 5634 3776 5674 besoin
3800 5646 3844 5674 se
3866 5634 4006 5676 faisait
4039 5636 4158 5676 vive-

3031 5688 3144 5724 medt
3166 5691 3298 5726 sentir
3316 5699 3424 5736 pour
3461 5686 3520 5726 les
3559 5688 3792 5727 nombreux
3830 5688 4043 5738 étrangers
4079 5690 4155 5740 qui

3028 5739 3212 5779 désirent
3227 5739 3374 5779 visiter
3395 5738 3454 5779 les
3474 5739 3659 5779 diverses
3676 5739 3902 5782 curiosités
3919 5740 3970 5779 de
3991 5740 4030 5780 la
4054 5742 4156 5783 ville

3028 5792 3078 5831 de
3108 5792 3314 5832 Marseille
3350 5798 3390 5832 et
3419 5792 3470 5831 de
3506 5804 3570 5832 ses
3600 5794 3815 5840 environs,
3848 5806 3871 5831 a
3906 5795 4063 5835 obtenu
4099 5810 4156 5836 un

3030 5844 3082 5884 tel
3104 5847 3264 5887 succès,
3288 5858 3371 5898 que
3406 5859 3479 5887 son
3508 5852 3663 5886 auteur
3684 5859 3735 5886 va
3756 5846 3794 5886 le
3816 5848 4052 5898 compléter
4080 5863 4156 5902 par

3030 5911 3111 5939 une
3131 5899 3336 5939 fouled’in
3371 5900 3579 5940 dieations
3610 5907 3648 5939 et
3683 5902 4047 5951 renseignements
4079 5903 4156 5954 qui

3028 5959 3302 6002 permettront
3323 5955 3346 5992 â
3371 5955 3459 5992 MM.
3487 5952 3544 5992 les
3567 5964 3803 6004 voyageurs
3836 5954 3887 5994 de
3924 5966 3968 5994 se
4006 5955 4158 6006 guider

3026 6016 3120 6046 sans
3140 6004 3179 6046 le
3202 6018 3408 6047 concours
3430 6007 3532 6046 d’un
3555 6018 3764 6047 cicerone.

3283 6098 3526 6150 Dépôt
3555 6098 3848 6150 général
3884 6112 3895 6139 :

2984 6182 2990 6234 î
3023 6174 3166 6239 Kiosque
3188 6175 3231 6228 II
3252 6175 3268 6227 à
3292 6175 3326 6228 la
3350 6172 3553 6228 Cannebière
3587 6171 3642 6242 (en
3660 6174 3736 6231 lace
3752 6175 3783 6230 le
3808 6176 3882 6231 caîé
3904 6176 3947 6230 dû
3975 6174 4148 6243 Méridien)

3662 6322 3710 6354 Le
3731 6320 3867 6363 gérant
3887 6331 3899 6354 :
3922 6322 4067 6356 Bonal.

3020 6407 3134 6451 Imprî
3148 6410 3307 6451 spéciale
3334 6410 3382 6444 du
3399 6410 3492 6444 Lien
3522 6411 3575 6444 du
3594 6411 3778 6454 Mariage,
3794 6412 3911 6454 11,rue
3924 6412 3970 6446 de
3986 6412 4022 6444 ta
4038 6412 4143 6444 Paix.
