4728 7228
2043 588 2123 635 LE
2162 589 2313 638 LIEN
2348 590 2436 636 DU
2474 588 2768 638 MARIAGE

979 761 1413 819 AVIS

704 928 758 968 Le
795 927 903 968 Lien
942 928 992 969 du
1027 928 1214 982 Mariage
1251 942 1294 970 se
1334 928 1443 968 vend
1478 940 1534 968 au
1575 928 1666 979 prix
1712 927 1763 967 de

632 983 680 1022 10
702 982 908 1023 centimes
940 983 1046 1023 dans
1078 987 1171 1022 tous
1200 981 1262 1023 les
1296 983 1498 1034 kiosques
1518 982 1568 1022 de
1592 982 1630 1021 la
1652 980 1763 1022 Ville

628 1042 670 1075 et
690 1038 712 1075 à
735 1036 775 1075 la
795 1036 1024 1087 Direction,
1048 1036 1087 1087 6,
1108 1036 1135 1075 B
1138 1035 1151 1056 J
1172 1036 1223 1076 de
1246 1036 1285 1076 la
1307 1035 1581 1087 Magdeleine.

679 1119 791 1159 Dans
830 1118 890 1159 les
930 1119 1158 1170 prochains
1192 1120 1411 1170 numéros,
1435 1130 1543 1159 nous
1568 1120 1758 1160 réserve¬

626 1184 724 1214 rons
746 1184 804 1212 un
825 1171 926 1212 tiers
946 1172 995 1212 de
1018 1184 1122 1223 page
1152 1185 1260 1224 pour
1288 1173 1351 1214 les
1382 1172 1760 1215 annonces-récla¬

627 1238 731 1276 mes,
755 1226 864 1265 mais
886 1239 994 1267 nous
1015 1227 1332 1277 n’accepterons
1359 1234 1399 1267 et
1427 1227 1755 1267 recommande¬

626 1292 723 1320 rons
742 1291 826 1331 que
847 1280 976 1321 celles
1007 1280 1084 1334 qui
1114 1283 1364 1322 émaneront
1391 1280 1464 1322 des
1498 1282 1687 1322 maisons
1708 1280 1758 1321 de

626 1334 860 1374 confiance.

678 1448 815 1488 Notre
839 1447 971 1502 Office
991 1462 1017 1488 a
1027 1449 1132 1500 pris
1143 1463 1266 1502 pour
1286 1450 1435 1489 devise
1455 1462 1468 1488 :
1493 1450 1537 1488 la
1557 1448 1753 1488 Probité.

620 1502 714 1542 Nos
734 1502 891 1542 clients
911 1506 1107 1555 peuvent
1143 1506 1234 1543 être
1258 1504 1506 1556 persuadés
1546 1503 1755 1543 d'avance

620 1570 702 1610 que
719 1568 830 1595 nous
850 1569 902 1595 ne
922 1570 1108 1596 sommes
1120 1570 1206 1610 pas
1227 1558 1303 1596 des
1324 1556 1552 1597 brasseurs
1574 1556 1755 1611 d’affai¬

619 1623 703 1655 res,
728 1623 786 1648 au
807 1609 959 1663 risque
980 1611 1034 1650 de
1052 1611 1174 1663 faire
1195 1611 1271 1651 des
1290 1611 1584 1650 malheureux
1603 1624 1618 1657 ;
1658 1615 1755 1648 tous

618 1676 695 1702 nos
736 1663 887 1716 efforts
930 1664 1136 1706 tendront
1187 1664 1394 1717 toujours
1438 1667 1463 1703 à
1511 1664 1631 1716 faire
1678 1664 1754 1703 des

618 1717 832 1767 heureux,
857 1720 994 1758 même
1028 1732 1086 1758 au
1124 1718 1363 1758 détriment
1383 1718 1436 1756 de
1464 1731 1540 1757 nos
1563 1731 1755 1771 propres

617 1771 812 1811 intérêts.
862 1771 1020 1810 Toutes
1058 1786 1135 1811 nos
1170 1771 1352 1825 affaires
1388 1774 1535 1811 seront
1573 1771 1754 1811 traitées

616 1838 719 1864 avec
742 1826 784 1863 la
796 1825 908 1877 plus
922 1826 1095 1876 grande
1111 1826 1366 1866 délicatesse
1382 1829 1420 1866 et
1439 1827 1476 1866 le
1482 1826 1590 1879 plus
1603 1826 1752 1878 grand

618 1878 1042 1919 désintéressement.

654 2099 799 2163 Avis
836 2099 871 2161 à
908 2116 1007 2164 nos
1050 2100 1251 2165 clients
1290 2099 1351 2163 de
1394 2099 1711 2164 l’extérieur

667 2271 724 2310 La
763 2270 975 2312 Direction
1015 2272 1166 2312 envoie
1202 2271 1363 2322 franco,
1387 2283 1486 2312 sous
1516 2272 1748 2323 enveloppe

615 2324 828 2374 cachetée,
864 2336 962 2365 sans
999 2336 1141 2364 aucun
1181 2325 1300 2376 signe
1340 2324 1567 2375 extérieur,
1604 2331 1748 2366 contre

615 2379 663 2418 60
686 2390 722 2419 c.
759 2390 811 2418 en
848 2378 1180 2430 timbres-poste,
1220 2391 1275 2419 un
1318 2390 1588 2430 programme
1628 2379 1748 2418 indi¬

610 2438 747 2483 quant
769 2432 828 2471 les
847 2432 1091 2472 conditions
1119 2432 1171 2471 de
1210 2432 1365 2471 l’Office
1387 2439 1427 2472 et
1446 2444 1507 2472 un
1527 2432 1747 2484 question¬

612 2486 730 2526 naire
750 2486 854 2526 écrit
884 2486 1045 2538 auquel
1083 2487 1262 2526 devront
1299 2486 1508 2536 répondre
1554 2487 1611 2525 les
1654 2498 1747 2536 per¬

611 2550 764 2578 sonnes
783 2539 860 2590 qui
882 2540 1134 2579 s’adressent
1154 2541 1176 2578 à
1200 2551 1308 2579 nous
1331 2546 1370 2579 et
1391 2539 1468 2591 qui
1492 2539 1670 2579 veulent
1703 2551 1746 2579 se

611 2592 786 2632 marier.

664 2646 742 2686 Les
763 2658 992 2696 personnes
1011 2646 1088 2698 qui
1110 2658 1162 2686 ne
1182 2651 1276 2686 sont
1299 2658 1370 2696 pas
1400 2646 1628 2695 abonnées,
1652 2650 1746 2684 sont

611 2699 749 2750 priées
768 2699 820 2738 de
840 2698 1008 2749 joindre
1031 2703 1056 2738 à
1078 2699 1171 2738 leur
1194 2698 1315 2739 lettre
1339 2710 1395 2738 un
1439 2698 1744 2748 timbre-poste

611 2764 719 2803 pour
741 2752 780 2791 la
800 2755 992 2802 réponse,
1015 2751 1101 2792 afin
1123 2751 1338 2792 d’obtenir
1374 2751 1436 2791 les
1476 2758 1620 2792 autres
1642 2763 1743 2792 ren¬

608 2806 899 2856 seignements
918 2806 1048 2858 qu’ils
1068 2814 1256 2856 peuvent
1278 2806 1454 2846 désirer.

662 2860 738 2899 Les
759 2871 987 2911 personnes
1008 2859 1252 2909 étrangères
1287 2860 1311 2898 h
1352 2858 1392 2898 la
1432 2858 1532 2897 ville
1571 2859 1648 2910 qui
1690 2871 1743 2899 ne

611 2914 863 2952 voudraient
884 2926 956 2964 pas
977 2912 1082 2952 faire
1107 2925 1163 2952 un
1188 2923 1350 2964 voyage
1368 2914 1391 2951 à
1408 2911 1622 2952 Marseille
1639 2924 1744 2963 pour

610 2972 750 3004 entrer
787 2978 836 3005 en
875 2967 1078 3006 relations
1113 2978 1214 3005 avec
1256 2967 1294 3004 la
1324 2976 1539 3015 pevsonne
1578 2966 1742 3004 choisie

607 3019 714 3059 dans
735 3019 794 3059 les
814 3018 1015 3060 colonnes
1035 3019 1092 3058 du
1112 3019 1220 3059 Lien
1241 3019 1292 3058 du
1312 3019 1499 3071 Mariage
1506 3050 1514 3066 ,
1531 3019 1744 3059 voudront

609 3074 708 3112 bien
749 3084 858 3111 nous
895 3074 1085 3112 adresser
1118 3073 1212 3111 leur
1247 3072 1560 3123 photographie
1578 3086 1587 3119 ;
1634 3084 1744 3112 nous

606 3125 700 3166 leur
721 3125 1001 3177 indiquerons
1021 3138 1097 3176 par
1118 3126 1223 3166 écrit
1247 3127 1283 3164 le
1306 3137 1465 3176 moyen
1482 3125 1667 3165 d’entrer
1689 3138 1739 3164 en

607 3179 812 3219 relations
830 3191 931 3219 avec
955 3179 992 3218 la
1014 3190 1222 3230 personne
1243 3179 1408 3219 choisie
1426 3191 1479 3218 ou
1503 3191 1603 3219 avec
1626 3185 1742 3218 toute

606 3240 727 3271 antre
749 3243 954 3282 personne
975 3232 1024 3272 de
1048 3244 1123 3272 nos
1144 3232 1382 3273 nombreux
1402 3232 1606 3280 abonnés,
1639 3232 1742 3272 dont

606 3285 742 3336 grand
763 3285 940 3326 nombre
963 3296 1016 3326 ne
1035 3286 1222 3338 figurent
1244 3299 1318 3338 pas
1338 3285 1443 3326 dans
1467 3284 1503 3326 le
1524 3283 1710 3337 journal.

674 3509 944 3580 AUX
1022 3509 1676 3580 FAMILLES

659 3684 776 3723 Nous
796 3695 848 3722 ne
869 3683 1063 3723 donnons
1083 3696 1252 3723 aucune
1272 3687 1383 3722 suite
1404 3696 1487 3722 aux
1507 3685 1740 3723 demandes

603 3736 677 3775 des
699 3746 928 3791 personnes
948 3735 1180 3784 divorcées,
1204 3736 1239 3775 si
1264 3735 1300 3775 le
1319 3735 1544 3787 jugement
1567 3737 1635 3776 n’a
1666 3748 1739 3787 pas

602 3788 669 3828 été
690 3788 902 3838 prononcé
922 3788 1195 3828 absolument
1219 3800 1271 3828 en
1294 3788 1387 3828 leur
1406 3788 1572 3830 faveur.

656 3860 774 3900 Nous
812 3871 863 3899 ne
900 3872 1009 3900 nous
1046 3872 1260 3911 occupons
1292 3874 1375 3912 que
1406 3862 1479 3902 des
1509 3874 1738 3912 personnes

604 3912 860 3954 nonorables
880 3919 919 3954 et
942 3914 972 3952 il
995 3920 1056 3954 est
1082 3914 1236 3954 inutile
1262 3914 1312 3954 de
1334 3927 1376 3954 se
1398 3916 1613 3966 présenter
1635 3915 1735 3954 chez

603 3978 712 4007 nous
732 3979 788 4007 ou
810 3967 860 4007 de
886 3979 994 4008 nous
1012 3966 1119 4007 faire
1140 3967 1311 4019 appeler
1332 3968 1355 4007 à
1378 3967 1580 4008 domicile
1612 3968 1648 4009 si
1682 3980 1736 4009 on

603 4032 655 4060 ne
676 4020 828 4060 réalise
853 4032 923 4071 pas
944 4026 1051 4060 cette
1072 4021 1307 4062 condition.

656 4091 734 4131 Les
771 4102 1001 4142 personnes
1032 4092 1111 4143 qui
1143 4091 1396 4132 s’adressent
1426 4094 1448 4132 à
1484 4092 1526 4132 la
1566 4092 1733 4134 maison

602 4150 696 4185 sont
711 4146 850 4196 priées
864 4145 914 4184 de
927 4144 1095 4196 joindre
1114 4157 1171 4185 un
1187 4147 1341 4186 timbre
1355 4159 1467 4198 pour
1482 4146 1520 4186 la
1536 4148 1733 4198 réponse;

602 4204 716 4238 toute
740 4198 860 4238 lettre
882 4207 967 4238 non
988 4198 1223 4239 affranchie
1246 4206 1306 4239 est
1327 4199 1509 4240 refusée.

655 4270 715 4311 On
755 4274 815 4310 est
854 4269 946 4320 prié
979 4270 1030 4310 de
1062 4268 1230 4320 joindre
1262 4276 1411 4310 autant
1440 4283 1523 4324 que
1552 4271 1735 4323 possible

603 4335 687 4362 une
708 4323 1018 4374 photographie
1039 4329 1079 4362 et
1096 4323 1147 4362 de
1168 4323 1330 4363 donner
1350 4324 1560 4375 quelques
1582 4326 1736 4365 détails

600 4388 676 4416 sur
715 4376 755 4415 la
787 4375 991 4416 situation
1025 4375 1076 4416 de
1112 4375 1282 4418 fortune
1313 4378 1364 4417 de
1400 4378 1439 4416 la
1476 4390 1683 4429 personne
1713 4380 1736 4418 à

602 4430 772 4470 marier.

656 4507 766 4547 Pour
786 4519 895 4547 nous
914 4507 1048 4548 éviter
1069 4507 1142 4547 des
1171 4507 1440 4558 recherches,
1467 4508 1526 4549 les
1558 4522 1734 4561 person¬

602 4572 676 4602 nes
714 4562 790 4614 qui
824 4560 963 4600 feront
999 4572 1056 4600 un
1091 4560 1216 4602 choix
1236 4562 1342 4602 dans
1366 4562 1423 4602 les
1454 4562 1655 4603 colonnes
1676 4564 1734 4603 du

603 4615 710 4654 Lien
740 4614 791 4652 du
823 4614 1011 4667 Mariage
1016 4646 1026 4663 ,
1051 4614 1166 4654 n’ont
1187 4615 1288 4667 qu’à
1319 4627 1427 4655 nous
1459 4616 1654 4668 rappeler
1696 4618 1734 4658 le

602 4668 783 4708 numéro
803 4667 879 4719 qui
903 4667 1077 4719 précède
1102 4668 1139 4707 la
1162 4669 1439 4720 proposition.

653 4732 766 4772 Tous
804 4732 864 4771 les
903 4734 1267 4783 renseignements
1305 4735 1469 4775 donnés
1510 4747 1583 4786 par
1627 4747 1735 4775 nous

599 4792 694 4827 sont
714 4786 907 4836 gratuits.

652 4864 707 4903 La
743 4864 1103 4915 correspondance
1143 4870 1203 4904 est
1240 4866 1431 4904 adressée
1464 4876 1564 4906 sous
1604 4879 1734 4906 enve¬

598 4914 722 4968 loppe
742 4916 971 4967 ordinaire,
994 4930 1091 4958 sans
1127 4929 1296 4959 aucune
1328 4918 1584 4970 inscription
1619 4922 1732 4960 exté¬

596 4971 738 5011 rieure
759 4976 879 5011 autre
899 4983 983 5023 que
1006 4971 1203 5012 l’adresse
1224 4972 1275 5012 de
1296 4972 1336 5011 la
1360 4984 1583 5023 personne.

650 5042 726 5082 Les
758 5042 948 5083 abonnés
976 5042 1092 5082 seuls
1121 5047 1195 5082 ont
1224 5043 1335 5083 droit
1356 5044 1380 5083 à
1412 5055 1494 5083 une
1526 5043 1730 5084 insertion

597 5096 647 5136 de
678 5096 775 5147 cinq
810 5095 959 5146 lignes,
982 5096 1111 5148 qu’ils
1145 5096 1385 5147 rédigeront
1406 5099 1429 5137 à
1455 5097 1548 5138 leur
1579 5111 1734 5139 conve¬

596 5160 748 5190 nance.

650 5222 727 5262 Les
747 5220 1076 5272 photographies
1096 5230 1135 5262 et
1159 5228 1300 5263 autres
1335 5223 1474 5274 pièces
1503 5225 1688 5266 confiées
1710 5226 1732 5264 à

596 5275 638 5315 la
660 5275 816 5315 Maison
839 5281 934 5315 sont
954 5275 1138 5315 rendues
1168 5288 1251 5316 aux
1286 5276 1514 5316 intéressés
1542 5280 1663 5328 après
1691 5279 1730 5316 la

595 5327 856 5370 célébration
878 5330 935 5368 du
959 5328 1163 5379 mariage.

647 5407 726 5446 Les
747 5418 974 5456 personnes
992 5407 1068 5458 qui
1090 5412 1184 5447 sont
1204 5408 1434 5447 satisfaites
1453 5408 1504 5447 de
1533 5421 1607 5448 nos
1634 5421 1730 5449 ser¬

595 5459 708 5499 vices
730 5459 938 5499 voudront
959 5460 1058 5500 bien
1074 5460 1410 5514 communiquer
1430 5467 1546 5503 notre
1561 5463 1730 5503 adresse

594 5515 618 5553 à
638 5514 754 5554 leurs
772 5512 898 5564 amis,
922 5519 1178 5564 promettant
1199 5514 1250 5555 de
1272 5515 1450 5567 remplir
1479 5515 1518 5555 le
1555 5516 1730 5556 mandat

594 5566 703 5618 qu’il
751 5577 859 5606 nous
906 5567 1164 5617 donneront,
1215 5581 1270 5608 au
1319 5570 1466 5611 mieux
1514 5568 1564 5611 de
1616 5570 1731 5610 leurs

598 5620 788 5662 intérêts.

649 5698 816 5736 Ouvert
854 5700 952 5736 tous
990 5696 1048 5738 les
1071 5698 1206 5750 jours
1236 5699 1291 5738 de
1322 5702 1352 5739 2
1378 5703 1403 5739 à
1426 5702 1452 5738 8
1475 5699 1633 5740 heures
1667 5702 1728 5740 du

590 5751 699 5802 soir,
721 5754 763 5791 et
785 5752 846 5791 les
865 5751 1124 5792 dimanches
1135 5751 1325 5806 jusqu’à
1346 5754 1464 5794 midi

631 5928 1069 6004 FORMALITÉS
1119 5938 1291 6003 POUR
1339 5939 1687 6008 MARIAGES

644 6114 719 6154 Les
769 6114 1055 6165 publications
1093 6115 1143 6154 de
1185 6116 1374 6164 mariage
1422 6117 1594 6158 doivent
1639 6119 1726 6159 être

592 6167 715 6207 faites
736 6168 759 6207 à
782 6169 822 6207 la
842 6168 987 6208 Mairie
1007 6167 1115 6208 deux
1147 6167 1402 6210 dimanches
1422 6170 1471 6210 de
1494 6172 1603 6212 suite
1627 6176 1667 6211 et
1688 6172 1726 6211 le

590 6220 778 6271 mariage
820 6233 871 6262 ne
912 6227 1012 6272 peut
1052 6221 1172 6260 avoir
1207 6222 1294 6263 lieu
1336 6235 1420 6275 que
1459 6235 1560 6264 onze
1608 6224 1727 6275 jours

590 6274 732 6314 francs
751 6276 872 6325 après
895 6275 934 6315 la
956 6276 1164 6326 première
1187 6276 1472 6325 publication.

1892 760 1932 799 Si
1959 759 1995 799 le
2015 760 2221 800 domicile
2243 762 2348 800 n’est
2370 773 2442 811 pas
2475 760 2606 801 établi
2643 773 2718 812 par
2756 760 2819 799 six
2858 760 2968 800 mois

1837 812 1888 854 de
1910 815 2142 863 résidence,
2160 816 2220 855 les
2242 815 2528 866 publications
2544 815 2723 855 devront
2737 815 2823 854 être
2842 814 2967 855 faites

1836 868 1859 906 à
1899 867 1956 910 la.
1977 867 2278 919 municipalité
2316 867 2374 907 du
2415 868 2583 908 dernier
2615 867 2818 908 domicile
2843 875 2882 907 et
2912 880 2963 908 en

1836 928 1956 961 outre
1995 934 2047 962 au
2087 922 2291 963 domicile
2323 923 2374 962 de
2407 934 2512 963 ceux
2539 935 2638 963 sous
2672 922 2710 960 la
2742 922 2964 972 puissance

1835 974 2032 1027 desquels
2052 987 2094 1015 se
2132 981 2330 1016 trouvent
2367 975 2426 1015 les
2455 976 2610 1026 parties
2639 981 2960 1016 contractantes.

1888 1064 2031 1104 Pièces
2051 1066 2073 1104 à
2083 1063 2296 1115 "produire
2316 1066 2339 1104 à
2357 1064 2398 1103 la
2420 1063 2563 1104 Mairie
2580 1078 2589 1104 :

1889 1153 1923 1192 1°
1955 1152 2091 1194 L'acte
2111 1154 2162 1194 de
2179 1153 2399 1194 naissance
2414 1152 2487 1192 des
2502 1152 2611 1194 deux
2627 1152 2770 1192 futurs
2783 1151 2963 1192 dûment

1835 1205 2031 1256 légalisés
2055 1220 2063 1255 ;

1884 1272 1922 1311 2°
1944 1272 1998 1312 Le
2019 1278 2338 1313 consentement
2359 1271 2518 1311 notarié
2538 1272 2610 1312 des
2627 1272 2744 1323 pères
2764 1276 2804 1311 et
2824 1271 2963 1311 mères

1831 1326 1908 1376 qui
1948 1339 1999 1366 ne
2039 1333 2223 1378 peuvent
2265 1327 2300 1367 le
2334 1327 2496 1366 donner
2531 1327 2822 1366 verbalement
2858 1327 2882 1364 à
2923 1325 2962 1364 la

1831 1378 1976 1420 Mairie
1996 1392 2051 1419 au
2073 1386 2265 1420 moment
2286 1380 2336 1419 de
2357 1380 2476 1419 l’acte
2498 1379 2555 1419 du
2577 1379 2766 1428 mariage
2788 1391 2798 1428 ;

1883 1446 1920 1484 3°
1950 1446 1993 1486 Si
2013 1444 2053 1486 le
2074 1447 2172 1496 père
2192 1450 2233 1486 et
2254 1444 2295 1484 la
2316 1447 2431 1486 mère
2450 1449 2544 1486 sont
2572 1444 2766 1494 décédés,
2790 1456 2844 1483 ou
2869 1443 2960 1483 l’un

1828 1497 1967 1547 d’eux,
1990 1498 2022 1538 il
2042 1499 2134 1538 faut
2154 1499 2323 1541 fournir
2341 1499 2434 1539 leur
2454 1505 2543 1538 acte
2560 1499 2611 1538 de
2632 1498 2755 1538 décès
2775 1498 2959 1537 dûment

1831 1550 2006 1602 légalisé
2030 1566 2038 1602 ;

1882 1612 1919 1650 4°
1950 1612 2058 1652 Dans
2076 1611 2116 1651 le
2136 1624 2207 1652 cas
2227 1612 2276 1652 de
2298 1613 2419 1652 décès
2439 1611 2511 1651 des
2543 1614 2639 1663 père
2670 1616 2708 1650 et
2736 1612 2867 1660 mère,
2891 1611 2956 1651 s’il

1827 1664 1956 1704 existe
1998 1678 2055 1704 un
2095 1666 2348 1716 grand-père
2380 1678 2432 1704 ou
2475 1676 2556 1707 une
2584 1664 2867 1715 grand'mère,
2900 1676 2956 1703 ou

1826 1719 1982 1759 arrière
2022 1719 2280 1771 grand-père
2314 1726 2352 1759 et
2382 1719 2536 1759 arrière
2556 1718 2838 1771 grand’mère,
2864 1717 2958 1757 leur

1825 1778 2148 1812 consentement
2167 1780 2228 1813 est
2248 1773 2496 1814 nécessaire.

1880 1826 1988 1867 Pour
2021 1839 2081 1867 un
2111 1825 2286 1867 mineur
2310 1839 2318 1867 :

1884 1898 1915 1936 1°
1954 1898 1986 1936 Il
2027 1898 2118 1938 faut
2159 1898 2198 1936 la
2235 1899 2431 1949 présence
2468 1911 2522 1938 ou
2560 1899 2597 1938 le
2634 1902 2956 1938 consentement

1827 1951 1987 1991 notarié
2014 1951 2072 1991 du
2091 1956 2236 1991 tuteur
2257 1964 2266 2002 ;

1878 2011 1915 2049 2°
1947 2011 2034 2050 Une
2070 2010 2351 2051 délibération
2391 2011 2447 2050 du
2492 2011 2656 2051 Conseil
2696 2011 2746 2050 de
2788 2010 2955 2050 famille

1826 2062 2016 2116 lorsqu’il
2048 2063 2168 2114 s’agit
2203 2063 2304 2103 d’un
2339 2063 2534 2114 orphelin
2555 2066 2605 2104 de
2628 2066 2726 2116 père
2748 2068 2787 2103 et
2808 2075 2893 2116 que
2918 2064 2952 2103 la

1823 2118 1938 2157 mère
1958 2130 2011 2156 ou
2036 2116 2210 2158 Païeule
2230 2123 2325 2158 sont
2347 2119 2519 2158 tutrices
2543 2132 2551 2168 ;

1875 2169 1986 2210 Dans
2007 2182 2151 2211 aucun
2172 2182 2256 2221 cas,
2283 2183 2341 2210 un
2361 2171 2533 2211 mineur
2555 2183 2606 2210 ne
2629 2175 2730 2220 peut
2759 2174 2952 2210 contrac¬

1824 2228 1883 2263 ter
1904 2224 2094 2275 mariage
2115 2235 2212 2264 sans
2235 2224 2272 2264 le
2294 2230 2611 2266 consentement
2632 2226 2683 2264 de
2703 2235 2767 2264 ses
2787 2230 2955 2274 parents

1823 2289 1872 2317 ou
1899 2283 2079 2319 tuteurs.

1875 2331 1912 2370 5°
1943 2331 2020 2371 Les
2042 2330 2164 2371 veufs
2183 2330 2356 2371 doivent
2376 2331 2574 2383 produire
2598 2331 2718 2371 l’acte
2748 2331 2798 2370 de
2830 2330 2952 2372 décès

1824 2382 1999 2434 légalisé
2020 2384 2070 2424 de
2092 2384 2184 2424 leur
2204 2386 2395 2437 conjoint
2416 2386 2574 2426 décédé
2599 2398 2608 2434 ;

1874 2444 1911 2483 6°
1942 2443 2004 2482 Un
2042 2443 2247 2484 certificat
2285 2446 2335 2484 de
2375 2444 2398 2483 6
2438 2444 2548 2483 mois
2586 2444 2637 2483 de
2676 2443 2892 2484 résidence
2927 2445 2952 2483 à

1822 2495 2044 2547 Marseille,
2067 2496 2230 2539 délivré
2252 2510 2324 2548 par
2344 2498 2379 2538 le
2402 2496 2697 2538 commissaire
2722 2498 2772 2536 de
2797 2496 2948 2547 police,

1820 2562 1928 2599 pour
1948 2550 2008 2590 les
2028 2563 2258 2600 personnes
2276 2551 2354 2603 qui
2375 2552 2446 2602 n'y
2470 2558 2559 2590 sont
2584 2563 2655 2600 pas
2676 2552 2774 2590 nées
2795 2563 2803 2599 ;

1872 2610 1910 2648 7°
1930 2608 1990 2648 On
2011 2610 2098 2648 doit
2119 2608 2302 2660 justifier
2323 2611 2372 2650 de
2392 2623 2438 2651 sa
2458 2610 2684 2651 libération
2706 2610 2764 2648 du
2786 2610 2948 2650 service

1820 2662 2042 2710 militaire,
2064 2663 2143 2702 soit
2166 2675 2238 2713 par
2259 2676 2334 2704 son
2355 2664 2502 2714 congé,
2527 2665 2607 2704 soit
2630 2676 2700 2714 par
2732 2675 2790 2703 un
2823 2664 2950 2704 certi¬

1819 2715 1916 2756 ficat
1938 2716 1988 2755 de
2009 2716 2237 2756 libération
2263 2730 2272 2767 ;

1870 2776 1909 2815 8°
1938 2776 1998 2815 En
2018 2782 2139 2816 outre
2161 2777 2234 2817 des
2256 2778 2395 2827 pièces
2414 2778 2622 2817 énoncées
2643 2776 2867 2826 ci-dessus,
2890 2776 2952 2816 les

1818 2840 2047 2879 personnes
2067 2830 2286 2871 divorcées
2306 2830 2484 2870 devront
2505 2830 2702 2880 produire
2724 2842 2782 2868 un
2799 2830 2950 2870 extrait

1816 2882 1870 2922 du
1894 2882 2118 2934 jugement
2138 2883 2347 2935 ainsique
2366 2883 2484 2923 l’acte
2501 2883 2558 2923 du
2580 2884 2748 2923 divorce
2767 2884 2950 2923 dûment

1816 2938 2047 2987 enregistré
2070 2943 2108 2976 et
2132 2938 2326 2977 transcrit
2346 2939 2364 2975 à
2391 2938 2431 2975 la
2455 2937 2598 2977 Mairie
2622 2950 2630 2988 ;

1869 2994 1907 3035 9°
1937 2996 2120 3047 Lorsque
2160 2995 2222 3036 les
2260 3000 2427 3048 parents
2473 2995 2660 3036 refusent
2707 2996 2758 3036 de
2788 2996 2950 3035 donner

1816 3047 1911 3088 leur
1934 3055 2254 3091 consentement
2273 3063 2327 3090 au
2350 3050 2538 3099 mariage
2575 3050 2702 3089 d’une
2744 3060 2948 3100 personne

1817 3102 2022 3152 majeure,
2046 3103 2076 3140 il
2110 3108 2209 3152 peut
2250 3104 2336 3143 être
2371 3103 2492 3154 passé
2521 3110 2640 3143 outre
2662 3116 2715 3142 au
2739 3102 2944 3152 mariage,

1815 3156 1937 3207 après
1955 3155 2048 3196 leur
2066 3155 2184 3195 avoir
2206 3156 2282 3195 fait
2304 3156 2376 3196 des
2398 3162 2509 3195 actes
2531 3157 2582 3196 de
2603 3162 2764 3207 respect
2785 3155 2948 3196 variant

1815 3209 1865 3247 de
1889 3222 1944 3249 un
1968 3211 1991 3248 à
2014 3210 2112 3248 trois
2146 3216 2184 3247 et
2220 3212 2340 3250 s’êlre
2367 3209 2583 3250 conformé
2616 3223 2698 3248 aux
2736 3211 2946 3260 prescrip¬

1818 3262 1926 3303 tions
1947 3263 2019 3302 des
2038 3267 2115 3303 art.
2147 3262 2215 3302 144
2239 3268 2278 3303 et
2304 3263 2371 3302 154
2394 3263 2448 3302 du
2472 3262 2575 3302 code
2595 3263 2697 3303 civil
2722 3275 2731 3312 ;

1872 3319 1931 3356 10°
1962 3316 2072 3356 Pour
2095 3316 2132 3355 la
2152 3316 2351 3367 question
2367 3316 2440 3356 des
2460 3316 2723 3357 cérémonies
2744 3315 2944 3366 religieu¬

1812 3380 1892 3420 ses,
1915 3370 2136 3410 s’adresser
2156 3370 2329 3411 suivant
2359 3370 2396 3410 le
2426 3369 2540 3409 culte
2560 3371 2584 3409 à
2608 3371 2647 3410 la
2669 3370 2867 3420 paroisse,
2888 3383 2943 3409 au

1811 3423 2060 3463 consistoire
2080 3428 2311 3475 protestant
2331 3436 2387 3463 ou
2407 3435 2460 3463 au
2483 3424 2598 3464 culte
2618 3423 2819 3464 Israélite.

1866 3500 2038 3540 L’Office
2055 3500 2295 3551 Mondonet,
2314 3502 2350 3550 6,
2368 3500 2472 3540 fi'de
2488 3499 2527 3539 la
2544 3500 2820 3551 Magdeleine,
2843 3507 2943 3551 peut

1812 3564 1854 3592 se
1887 3554 2064 3603 charger
2099 3554 2148 3593 de
2184 3559 2320 3594 toutes
2355 3554 2411 3594 les
2440 3553 2679 3595 formalités
2716 3553 2866 3594 civiles
2904 3559 2944 3594 et

1813 3606 2062 3657 religieuses
2083 3607 2118 3647 si
2143 3607 2199 3648 les
2219 3607 2371 3647 clients
2394 3607 2454 3646 lui
2475 3608 2660 3649 contient
2682 3620 2727 3647 ce
2739 3607 2855 3654 .soin.

1867 3660 2032 3699 L’office
2055 3660 2278 3699 Mondonet
2308 3672 2359 3698 ne
2392 3659 2547 3711 perçoit
2585 3660 2658 3699 des
2696 3660 2943 3700 honoraires

1810 3712 1907 3763 qu'a
1914 3714 2007 3764 près
2028 3712 2068 3752 la
2090 3712 2351 3752 célébration
2374 3712 2428 3752 du
2452 3712 2655 3764 mariage.

1919 3857 2467 3925 RENSEIGNEMENTS
2519 3851 2831 3925 GÉNÉRAUX

1810 3962 2156 4003 concernant
2194 3959 2271 4001 les
2303 3959 2536 4003 Veuves
2567 3960 2941 4015 pensionnées

1861 4095 1979 4136 Grand
1997 4096 2175 4138 nombre
2195 4096 2247 4136 de
2267 4098 2413 4139 dames
2431 4097 2640 4147 jouissant
2659 4099 2790 4140 d’une
2831 4111 2938 4150 pen¬

1808 4150 1901 4190 sion
1923 4151 1974 4191 de
1996 4151 2164 4191 retraite
2187 4162 2259 4200 par
2280 4151 2390 4191 suite
2411 4152 2468 4192 du
2490 4152 2612 4192 décès
2632 4154 2684 4192 de
2708 4154 2803 4193 leur
2830 4156 2939 4194 mari

1807 4209 1902 4243 sont
1939 4204 2194 4255 persuadées
2231 4203 2410 4255 qu’elles
2448 4205 2686 4255 perdraient
2719 4219 2790 4246 ces
2810 4207 2942 4248 droits

1810 4258 1832 4296 à
1852 4256 1892 4296 la
1914 4258 2082 4299 retraite
2112 4259 2147 4298 si
2182 4256 2284 4298 elles
2316 4259 2623 4299 contractaient
2655 4271 2739 4300 une
2759 4263 2940 4303 seconde

1810 4311 1959 4351 union.
2000 4312 2104 4351 C’est
2139 4322 2222 4351 une
2255 4311 2458 4362 profonde
2486 4325 2630 4352 erreur
2650 4314 2686 4352 si
2707 4326 2776 4354 ces
2796 4315 2942 4355 dames

1808 4370 1902 4403 sont
1939 4364 2220 4416 pensionnées
2256 4364 2306 4404 de
2345 4363 2466 4404 l’Etat
2488 4378 2497 4416 ;
2530 4379 2600 4407 car
2637 4372 2743 4407 celte
2763 4368 2939 4419 pension

1808 4417 1914 4457 n’est
1951 4431 2027 4468 pas
2067 4430 2149 4458 une
2187 4418 2355 4467 faveur,
2396 4420 2497 4459 c’est
2534 4432 2592 4459 un
2624 4422 2736 4460 droit
2760 4422 2943 4472 qu’elles

1810 4471 2001 4510 tiennent
2021 4483 2071 4510 en
2096 4475 2214 4511 vertu
2236 4472 2364 4511 d’une
2396 4471 2468 4512 loi.
2513 4473 2566 4512 La
2596 4473 2652 4512 loi
2674 4474 2731 4512 du
2754 4475 2942 4526 mariage

1807 4525 1923 4564 étant
1961 4523 2323 4565 essentiellement
2351 4525 2526 4576 morale,
2552 4539 2602 4567 ne
2644 4534 2742 4578 peut
2783 4528 2942 4569 édicter

1807 4578 1882 4618 des
1918 4578 2283 4629 empêchements,
2307 4579 2379 4618 des
2404 4580 2611 4620 obstacles
2643 4593 2696 4620 au
2734 4582 2938 4634 mariage,

1807 4642 1876 4672 ces
1895 4631 2246 4682 empêchements
2279 4631 2462 4671 seraient
2499 4632 2742 4675 considérés
2771 4646 2940 4676 comme

1808 4683 2051 4725 immoraux
2072 4691 2111 4725 et
2133 4698 2208 4735 par
2228 4688 2490 4736 conséquent
2511 4687 2744 4727 contraires
2763 4690 2785 4727 à
2802 4687 2840 4727 la
2865 4690 2937 4729 loi.

1807 4738 1884 4777 Les
1923 4750 2080 4778 veuves
2118 4740 2438 4787 pensionnaires
2467 4739 2519 4779 de
2547 4740 2670 4780 l’Etat,
2690 4752 2743 4780 ne
2764 4742 2940 4792 perdent

1807 4791 1914 4831 donc
1952 4791 2046 4831 leur
2085 4792 2261 4842 pension
2299 4792 2343 4831 ni
2374 4804 2449 4843 par
2490 4805 2547 4834 un
2587 4795 2756 4846 second,
2796 4797 2840 4834 ni
2882 4808 2940 4836 un

1810 4844 2024 4884 troisième
2047 4845 2248 4895 mariage.

1860 4897 1938 4938 Les
1958 4910 2114 4938 veuves
2135 4900 2415 4950 pensionnées
2436 4911 2510 4951 par
2534 4900 2596 4941 les
2624 4902 2941 4952 départements

1807 4958 1992 5001 peuvent
2031 4951 2171 4992 seules
2210 4952 2300 4992 voir
2338 4954 2580 5004 supprimer
2618 4962 2724 4995 cette
2764 4958 2939 5006 pension

1807 5015 1880 5055 par
1904 5016 1960 5044 un
1981 5008 2133 5044 second
2175 5007 2364 5056 mariage
2400 5008 2507 5046 dans
2538 5008 2722 5050 certains
2752 5022 2823 5050 cas
2843 5018 2882 5049 et
2903 5011 2939 5050 si

1806 5063 1912 5098 cette
1946 5059 2122 5109 pension
2158 5073 2181 5099 a
2211 5061 2276 5100 été
2307 5061 2507 5102 accordée
2528 5064 2551 5102 à
2576 5062 2669 5103 titre
2690 5063 2740 5103 de
2770 5075 2940 5104 secours

1805 5112 2073 5163 temporaire.

1858 5164 2096 5215 D’ailleurs,
2123 5166 2159 5205 le
2180 5166 2275 5207 titre
2296 5167 2347 5207 de
2370 5167 2544 5218 pension
2568 5175 2683 5220 porte
2704 5180 2756 5210 en
2776 5183 2935 5223 marge,

1806 5230 1859 5259 en
1882 5224 2018 5259 toutes
2039 5219 2194 5270 lettres,
2223 5232 2291 5261 ces
2311 5223 2511 5262 réserves.

1805 5389 2182 5490 OFFRES
2265 5395 2378 5491 DE
2453 5395 2934 5497 MARIAGES

1978 5581 2398 5628 DEMOISELLES
2435 5586 2502 5629 ET
2535 5587 2766 5631 VEUVES

1855 5718 1945 5759 413.
1973 5743 2019 5748 —
2051 5720 2320 5772 Demoiselle,
2361 5723 2411 5763 45
2451 5735 2540 5773 ans,
2594 5724 2783 5766 titulaire
2832 5726 2935 5766 d’un

1801 5772 1965 5815 bureau
1987 5774 2038 5814 de
2059 5775 2194 5825 tabac,
2238 5778 2478 5827 épouserait
2509 5778 2711 5831 employé
2739 5792 2795 5819 ou
2831 5780 2936 5830 petit

1802 5828 1972 5867 rentier.

1855 5896 1944 5939 431.
1973 5922 2016 5927 —
2037 5899 2198 5948 Veuve,
2222 5900 2270 5940 47
2292 5912 2382 5951 ans,
2404 5901 2503 5942 bien
2523 5903 2682 5954 élevée,
2704 5903 2815 5944 belle
2836 5916 2934 5956 per¬

1800 5962 1947 6000 sonne,
1974 5952 2139 5992 fortune
2163 5954 2331 6004 100,000
2354 5957 2424 6005 fr.,
2447 5957 2689 6007 épouserait
2716 5959 2935 5999 Monsieur

1800 6016 1851 6043 en
1871 6012 2043 6057 rapport
2063 6007 2182 6056 d’âge
2204 6012 2244 6048 et
2264 6008 2314 6048 de
2335 6008 2520 6050 fortune.

1851 6069 1943 6112 435.
1968 6095 2015 6100 —
2037 6071 2307 6123 Demoiselle,
2350 6075 2400 6115 26
2431 6087 2522 6124 ans,
2559 6076 2658 6116 bien
2680 6078 2839 6127 élevée,
2865 6079 2931 6118 fa¬

1798 6123 1919 6163 mille
1959 6127 2040 6164 très
2080 6126 2327 6176 honorable,
2367 6128 2438 6167 dot
2475 6130 2623 6177 65,000
2644 6130 2716 6179 fr.,
2751 6132 2933 6180 grandes

1799 6179 2046 6228 espérances
2063 6180 2183 6228 après
2203 6192 2268 6221 ses
2288 6187 2471 6232 parents,
2494 6183 2735 6235 épouserait
2751 6185 2930 6236 notaire,

1798 6232 1948 6278 avoué,
1990 6232 2191 6283 employé
2230 6235 2287 6274 du
2327 6246 2664 6286 gouvernement
2703 6250 2804 6278 avec
2826 6238 2932 6279 bons

1798 6287 2159 6335 appointements.

3092 762 3168 803 435
3187 762 3272 805 bis.
3296 788 3344 794 —
3385 766 3656 818 Demoiselle,
3686 767 3737 808 20
3758 780 3848 815 ans,
3880 767 3970 807 fille
3991 768 4174 822 unique,

3039 815 3139 856 bien
3177 818 3335 868 élevée,
3374 819 3491 870 jolie,
3537 820 3608 860 dot
3661 822 3830 868 100,000
3870 823 3942 872 fr,,
3994 823 4175 872 grandes

3039 874 3299 921 espérances,
3354 874 3594 923 épouserait
3642 875 3855 916 Monsieur
3902 889 3954 916 en
4004 883 4176 927 rapport

3039 923 3172 975 d’âge,
3195 925 3468 967 d’éducation
3491 932 3530 967 et
3559 928 3610 970 de
3632 930 3803 971 fortune
3824 942 3878 971 ou
3902 930 4103 982 employé
4126 930 4176 970 de

3042 976 3176 1018 l’Etat.

3091 1063 3183 1103 436.
3208 1088 3258 1094 —
3279 1064 3551 1116 Demoiselle,
3568 1067 3618 1106 22
3634 1080 3724 1116 ans,
3747 1068 3866 1119 jolie,
3891 1068 3990 1108 bien
4012 1068 4172 1118 élevée,

3037 1116 3108 1155 dot
3130 1118 3251 1165 5,000
3270 1118 3323 1159 fr.
3364 1119 3415 1159 de
3452 1125 3604 1170 rentes,
3629 1123 3868 1172 épouserait
3889 1122 4103 1163 Monsieur
4119 1135 4172 1163 en

3036 1179 3204 1222 rapport
3227 1172 3346 1224 d’âge
3370 1178 3410 1212 et
3431 1172 3482 1212 de
3503 1173 3690 1215 fortune.

3088 1266 3179 1307 441.
3200 1292 3247 1298 —
3263 1268 3532 1319 Demoiselle,
3548 1271 3703 1320 34ans,
3720 1272 3890 1314 fortune
3906 1274 4080 1322 900,000
4099 1275 4170 1323 fr.,

3036 1323 3275 1372 épouserait
3299 1322 3512 1363 Monsieur
3539 1336 3592 1363 en
3616 1333 3782 1376 rapport
3807 1327 3943 1377 d’âge,
3966 1335 4098 1379 ayant
4120 1328 4171 1368 de

3036 1376 3058 1414 2
3080 1376 3103 1414 à
3126 1375 3299 1424 300,000
3319 1376 3356 1415 fr
3380 1407 3388 1426 ,
3427 1377 3652 1417 donnerait
3675 1379 3712 1418 la
3735 1380 3978 1430 préférence
4000 1383 4024 1420 à
4047 1383 4166 1422 Mon¬

3034 1428 3151 1468 sieur
3167 1435 3300 1480 ayant
3323 1442 3380 1468 un
3402 1431 3499 1470 titre
3520 1431 3780 1472 nobilliaire.

3086 1510 3178 1551 442.
3208 1536 3251 1542 —
3283 1512 3438 1562 Veuve,
3479 1526 3575 1555 sans
3614 1515 3795 1563 enfants,
3838 1518 3887 1559 40
3927 1531 4018 1568 ans,
4056 1519 4168 1559 belle

3034 1576 3255 1615 personne,
3286 1567 3456 1607 fortune
3486 1568 3634 1619 50,000
3666 1570 3734 1619 fr.,
3776 1572 4018 1622 épouserait
4047 1574 4168 1612 Mon¬

3032 1619 3148 1658 sieur
3168 1631 3220 1658 en
3243 1626 3409 1671 rapport
3430 1622 3548 1671 d’âge
3571 1629 3610 1663 et
3632 1622 3807 1664 d’avoir.

3087 1708 3177 1749 443.
3201 1733 3252 1739 —
3291 1711 3559 1763 Demoiselle,
3594 1714 3642 1752 22
3677 1726 3768 1762 ans,
3796 1714 3907 1755 belle
3941 1728 4166 1768 personne,

3030 1762 3102 1800 dot
3121 1763 3296 1814 200,000
3315 1766 3387 1814 fr.,
3409 1767 3649 1816 épouserait
3669 1768 3832 1808 notaire
3853 1782 3907 1809 ou
3930 1774 4082 1811 avoué.

3083 1851 3175 1893 444.
3208 1878 3246 1883 —
3270 1854 3539 1907 Demoiselle,
3564 1857 3608 1896 21
3631 1870 3722 1907 ans,
3750 1859 3819 1898 dot
3862 1860 4006 1908 12,000
4027 1862 4078 1902 fr.
4114 1863 4164 1903 de

3030 1911 3182 1957 rentes,
3214 1910 3455 1960 épouserait
3479 1911 3688 1952 Monsieur
3711 1926 3760 1954 en
3783 1920 3955 1967 rapport
3983 1916 4102 1968 d’âge
4124 1924 4164 1958 et

3028 1960 3082 2000 de
3103 1959 3288 2003 fortune.

3080 2043 3173 2086 459.
3196 2069 3246 2078 —
3267 2048 3537 2100 Demoiselle,
3559 2051 3610 2091 26
3631 2064 3720 2102 ans,
3740 2052 3860 2103 jolie,
3879 2056 3978 2095 bien
3999 2056 4160 2108 élevée,

3029 2098 3176 2146 20.000
3195 2099 3247 2142 fr.
3290 2103 3342 2142 de
3381 2103 3452 2142 dot
3481 2109 3522 2143 et
3553 2108 3815 2157 espérances,
3839 2110 4080 2160 épouserait
4102 2123 4161 2151 un

3028 2162 3318 2207 commerçant
3339 2156 3440 2195 bien
3461 2158 3608 2198 établi.

3080 2247 3156 2289 464
3172 2247 3310 2290 bis.—
3328 2251 3484 2302 Veuve,
3507 2256 3607 2304 âgée
3630 2255 3680 2296 de
3700 2256 3751 2298 47
3771 2270 3862 2311 ans,
3880 2260 3979 2301 bien
4000 2262 4159 2312 élevée,

3031 2303 3250 2351 possédant
3292 2304 3462 2355 120,000
3503 2307 3554 2348 fr.
3595 2320 3648 2348 en
3687 2311 3875 2364 valeurs,
3918 2316 4162 2366 épouserait

3029 2355 3241 2397 Monsieur
3279 2370 3334 2398 ou
3375 2360 3534 2401 rentier
3572 2370 3703 2414 ayant
3726 2364 3846 2415 3,000
3868 2367 3920 2410 fr.
3946 2368 3996 2408 de
4020 2375 4162 2410 rentes

3027 2420 3081 2447 au
3103 2410 3245 2451 moins
3264 2417 3304 2451 et
3324 2424 3375 2452 en
3400 2420 3569 2466 rapport
3590 2418 3724 2468 d’âge.

3078 2503 3170 2544 465.
3199 2529 3242 2535 —
3267 2507 3423 2558 Veuve,
3456 2513 3558 2559 âgée
3599 2512 3650 2551 de
3689 2512 3739 2552 38
3777 2526 3867 2566 ans,
3910 2518 4022 2558 belle
4064 2531 4158 2568 per¬

3025 2568 3170 2607 sonne,
3192 2559 3291 2599 bien
3332 2562 3491 2610 élevée,
3519 2563 3691 2606 fortune
3714 2570 3904 2618 présente
3932 2571 4080 2621 30,000
4104 2574 4154 2613 fr.

3026 2612 3064 2650 et
3086 2613 3347 2663 espérances,
3371 2616 3612 2666 épouserait
3644 2620 3859 2664 Monsieur
3895 2636 3947 2664 en
3987 2632 4158 2678 rapport

3026 2663 3159 2714 d’âge,
3182 2674 3311 2717 ayant
3331 2670 3464 2719 avoir,
3488 2674 3691 2724 employé
3712 2688 3766 2715 on
3788 2680 3960 2720 rentier.

3076 2759 3168 2800 468.
3203 2784 3253 2790 —
3293 2763 3563 2819 Demoiselle,
3586 2770 3636 2809 23
3658 2783 3747 2823 ans,
3786 2774 3883 2816 bien
3905 2777 4063 2831 élevée,
4106 2782 4156 2823 de

3025 2814 3163 2854 bonne
3178 2814 3544 2867 famille,fortune
3561 2827 3826 2873 personnelle
3844 2831 3991 2882 22,000
4012 2835 4086 2884 fr.,
4105 2838 4155 2877 de

3023 2880 3088 2908 ses
3123 2876 3291 2919 parents
3335 2872 3503 2922 100,000
3543 2877 3612 2928 fr.,
3652 2882 3895 2931 épouserait
3942 2887 4159 2930 Monsieur

3027 2923 3123 2962 bien
3146 2923 3280 2975 élevé,
3322 2934 3452 2978 ayant
3474 2930 3614 2972 bonne
3637 2935 3819 2983 position
3858 2952 3910 2979 ou
3935 2943 4155 2991 employé,

3023 2987 3075 3015 en
3099 2984 3272 3028 rapport
3292 2979 3427 3030 d’âge.
4146 2977 4154 2994 '

3076 3066 3167 3107 469.
3195 3092 3239 3096 -
3284 3069 3552 3123 Demoiselle,
3576 3076 3627 3115 28
3647 3090 3738 3128 ans,
3764 3082 3847 3122 très
3870 3083 3971 3123 bien
3994 3086 4155 3137 élevée,

3023 3119 3191 3159 fortune
3231 3122 3379 3171 90,000
3428 3126 3498 3174 fr.,
3543 3130 3788 3180 épouserait
3842 3146 4154 3190 commercant,

3023 3179 3154 3224 ayanL
3178 3174 3286 3215 belle
3307 3177 3514 3219 situation
3547 3195 3602 3222 ou
3642 3186 3844 3239 employé
3866 3191 3915 3231 de
3939 3191 4079 3242 l’Etat,
4104 3206 4157 3233 en

3022 3234 3192 3278 rapport
3213 3230 3348 3280 d’âge.

3022 3371 3042 3382 ^
3074 3316 3165 3358 475.
3194 3343 3238 3347 —
3278 3320 3548 3375 Demoiselle,
3580 3327 3628 3366 27
3670 3340 3760 3378 ans,
3802 3332 4043 3387 orpheline,
4084 3338 4156 3376 dot

3022 3371 3167 3419 70.000
3202 3372 3273 3423 fr.,
3315 3375 3415 3415 bien
3459 3377 3617 3429 élevée,
3660 3383 3901 3432 épouserait
3937 3388 4155 3430 Monsieur

3018 3430 3150 3475 ayant
3171 3427 3355 3477 position
3375 3435 3418 3468 et
3437 3442 3491 3470 en
3511 3442 3682 3485 rapport
3702 3436 3822 3487 d’âge
3843 3446 3883 3480 et
3903 3440 4082 3484 d’avoir.

3070 3512 3162 3554 479.
3187 3536 3235 3545 —*
3258 3515 3416 3568 Veuve,
3457 3522 3558 3570 âgée
3595 3523 3646 3562 de
3684 3524 3735 3564 46
3771 3538 3860 3574 ans,
3896 3535 4030 3580 ayant
4067 3543 4153 3571 une

3019 3566 3254 3616 profession
3278 3572 3356 3610 très
3380 3571 3587 3615 lucrative
3608 3583 3648 3615 et
3672 3578 3780 3618 belle
3803 3579 4015 3632 clientèle,
4050 3584 4150 3623 éco¬

3018 3621 3184 3660 nomies
3223 3622 3364 3671 14,000
3392 3624 3462 3674 fr.,
3504 3627 3611 3668 beau
3652 3631 3867 3683 mobilier,
3907 3636 4150 3686 épouserait

3018 3675 3220 3725 employé
3240 3688 3296 3715 ou
3319 3678 3490 3719 rentier.

3068 3762 3159 3802 482.
3182 3786 3232 3793 —
3272 3766 3430 3815 Veuve,
3453 3780 3552 3810 sans
3571 3772 3755 3823 enfants,
3779 3778 3879 3824 âgée
3902 3776 3952 3816 de
3975 3778 4026 3816 47
4055 3791 4147 3829 ans,

3015 3815 3187 3857 fortune
3222 3819 3367 3868 80,000
3402 3822 3451 3862 fr.
3490 3834 3542 3863 en
3580 3824 3859 3879 immeubles,
3903 3832 4148 3882 épouserait

3016 3870 3231 3911 Monsieur
3251 3884 3302 3911 en
3323 3881 3491 3926 rapport
3512 3877 3631 3930 d’âge
3654 3887 3692 3920 et
3712 3882 3887 3924 d’avoir.

3068 3967 3160 4008 495.
3180 3991 3228 3998 —
3251 3970 3522 4023 Demoiselle,
3549 3975 3594 4015 19
3632 3988 3722 4027 ans,
3755 3978 3855 4019 bien
3895 3980 4056 4031 élevée,
4082 3983 4152 4023 dot

3016 4022 3163 4072 80.000
3180 4022 3251 4072 fr.,
3275 4027 3523 4075 espérances
3543 4030 3595 4068 de
3612 4042 3679 4070 ses
3693 4039 3863 4082 parents
3884 4035 4059 4084 300,000
4078 4038 4148 4086 fr.,

3014 4076 3256 4126 épouserait
3289 4078 3490 4131 employé
3510 4081 3560 4122 de
3586 4083 3704 4123 l’Etat
3724 4091 3857 4136 ayant
3878 4088 3990 4128 belle
4010 4088 4151 4130 situa¬

3017 4130 3119 4179 tion,
3139 4143 3194 4171 ou
3232 4132 3446 4174 Monsieur
3465 4143 3596 4187 ayant
3624 4139 3793 4188 150,000
3815 4139 3884 4192 fr.,
3906 4155 3956 4183 en
3980 4151 4150 4194 rapport

3016 4183 3150 4232 d’âge.

3070 4272 3159 4314 496.
3176 4297 3227 4304 —
3249 4276 3518 4326 Demoiselle,
3558 4280 3607 4320 25
3647 4294 3736 4332 ans,
3779 4285 4020 4336 orpheline,
4054 4288 4154 4329 bien

3016 4326 3176 4376 élevée,
3220 4329 3291 4368 dot
3335 4331 3510 4374 200,000
3561 4335 3632 4384 fr.,
3683 4336 3923 4387 épouserait
3968 4343 4152 4394 notaire,

3016 4383 3167 4431 avoué,
3191 4388 3340 4423 avocat
3376 4384 3592 4436 distingué
3630 4402 3684 4428 ou
3727 4392 3942 4444 employé,
3972 4396 4072 4435 chef
4102 4399 4154 4436 de

3015 4435 3175 4475 service
3196 4436 3267 4476 d'n
3275 4448 3324 4476 ne
3346 4439 3688 4482 administration
3711 4443 3763 4483 de
3786 4446 3924 4487 l’Etat.

3068 4523 3159 4566 497.
3186 4550 3228 4556 —
3267 4528 3536 4580 Demoiselle,
3566 4534 3667 4584 âgée
3687 4534 3738 4572 de
3758 4533 3807 4575 28
3828 4548 3918 4586 ans,
3940 4539 4083 4588 pieuse
4107 4547 4147 4582 et

3015 4579 3266 4631 charitable,
3298 4589 3430 4635 ayant
3475 4586 3762 4634 1,100,000’fr.
3784 4588 3835 4627 de
3858 4591 3943 4640 dot,
3967 4594 4151 4643 épouse¬

3016 4632 3096 4671 rait
3128 4634 3356 4684 Monsieur,
3378 4637 3560 4686 sérieux,
3583 4639 3650 4679 bel
3679 4640 3871 4691 homme,
3896 4644 4145 4695 honorable,

3017 4686 3115 4726 bien
3136 4686 3269 4738 élevé,
3292 4698 3422 4740 ayant
3460 4703 3516 4731 au
3544 4692 3684 4734 moins
3707 4695 3882 4743 300,000
3906 4698 3958 4738 fr.
3982 4699 4032 4738 de
4053 4699 4147 4739 for¬

3018 4744 3134 4779 tune.

3067 4823 3158 4863 498.
3176 4846 3227 4853 —
3247 4826 3515 4877 Demoiselle,
3547 4831 3590 4870 21
3635 4844 3726 4882 ans,
3767 4833 3879 4874 belle
3920 4847 4143 4887 personne,

3015 4878 3112 4916 bien
3135 4877 3291 4929 élevée,
3315 4880 3383 4919 dot
3406 4882 3552 4931 80,000
3575 4884 3644 4934 fr.,
3668 4886 3908 4936 épouserait
3931 4888 4144 4930 Monsieur

3015 4943 3067 4971 en
3090 4938 3256 4983 rapport
3278 4934 3396 4984 d’âge
3418 4942 3458 4975 et
3478 4936 3654 4979 d’avoir.

3069 5015 3158 5055 499.
3180 5038 3230 5044 —
3272 5016 3539 5070 Demoiselle,
3580 5022 3626 5060 21
3652 5032 3743 5071 ans,
3767 5022 3866 5063 bien
3888 5024 4051 5075 élevée,
4076 5026 4148 5066 dot

3019 5068 3187 5117 100.000
3227 5071 3278 5111 fr.
3309 5078 3350 5111 et
3386 5074 3567 5122 grandes
3602 5076 3864 5127 espérances,
3906 5080 4149 5130 épouserait

3014 5123 3227 5164 Monsieur
3246 5125 3428 5176 élégant,
3450 5139 3500 5167 en
3523 5136 3695 5180 rapport
3715 5130 3835 5180 d’âge
3857 5137 3896 5171 et
3914 5133 4089 5173 d’avoir.

3067 5214 3142 5253 505
3183 5236 3232 5243 —
3254 5215 3523 5267 Demoiselle,
3566 5219 3615 5258 23
3655 5231 3744 5270 ans,
3787 5220 3898 5262 belle
3940 5235 4144 5272 personne

3015 5272 3111 5312 bien
3135 5272 3292 5319 élevée,
3315 5275 3387 5314 dot
3404 5276 3579 5322 200,000
3593 5278 3915 5331 fr.,épouserait
3933 5283 4147 5323 Monsieur

3014 5338 3064 5365 en
3088 5334 3255 5378 rapport
3276 5327 3395 5378 d'âge
3417 5334 3456 5368 et
3475 5330 3650 5373 d’avoir.

3066 5411 3156 5451 506.
3182 5433 3228 5440 —
3269 5412 3539 5464 Demoiselle,
3570 5416 3620 5455 22
3659 5430 3749 5466 ans,
3793 5419 3866 5459 dot
3905 5420 4142 5472 2,000,000,

3011 5464 3253 5516 épouserait
3274 5466 3488 5507 Monsieur
3501 5479 3552 5509 en
3572 5478 3745 5523 rapport
3766 5471 3883 5524 d’âge
3907 5480 3947 5515 et
3968 5475 4142 5528 d’avoir,

3011 5531 3067 5558 ou
3091 5518 3196 5559 haut
3216 5520 3547 5563 fonctionnaire.

3064 5602 3156 5641 507.
3196 5626 3244 5632 —
3288 5603 3559 5654 Demoiselle,
3607 5610 3711 5659 âgée
3750 5608 3800 5649 de
3840 5609 3888 5651 23
3939 5623 4032 5662 ans,
4072 5615 4144 5655 dot

3014 5655 3184 5704 150.000
3205 5656 3275 5706 fr.,
3316 5659 3565 5708 espérances
3602 5662 3932 5715 considérables,
3956 5667 4137 5716 épouse¬

3009 5708 3091 5747 rait
3128 5708 3443 5751 fonctionnaire
3482 5723 3536 5752 ou
3576 5714 3827 5766 dignitaire,
3880 5730 3931 5758 en
3973 5727 4144 5772 rapport

3010 5762 3143 5812 d’âge.

3062 5840 3151 5879 512.
3171 5863 3215 5870 —
3238 5842 3507 5893 Demoiselle,
3542 5844 3592 5884 27
3614 5858 3704 5895 ans,
3745 5847 3816 5887 dot
3862 5850 4031 5899 100,000
4066 5854 4140 5901 fr.,

3008 5895 3247 5944 épouserait
3269 5896 3483 5936 Monsieur
3503 5910 3554 5938 en
3576 5904 3744 5950 rapport
3782 5900 3832 5940 de
3872 5902 4044 5946 fortune
4083 5919 4137 5946 ou

3008 5947 3210 5998 employé
3232 5948 3282 5988 de
3304 5948 3442 5988 l’Etat.

3060 6024 3150 6064 514.
3171 6048 3220 6055 —
3240 6027 3386 6078 Dame,
3421 6027 3562 6078 noble,
3587 6028 3683 6069 bien
3708 6036 3949 6083 conservée,
3975 6037 4024 6078 50
4046 6050 4139 6087 ans,

3006 6090 3158 6127 veuve,
3199 6090 3331 6131 ayant
3367 6083 3490 6130 2,000
3528 6083 3578 6123 fr.
3618 6084 3668 6123 de
3707 6092 3859 6135 rentes,
3894 6090 4140 6140 épouserait

3007 6131 3220 6172 Monsieur
3258 6134 3360 6173 bien
3398 6135 3531 6184 élevé,
3555 6143 3687 6188 ayant
3726 6140 3775 6180 de
3816 6142 3865 6182 50
3907 6144 3930 6180 à
3964 6146 4014 6182 70
4044 6156 4136 6192 ans,

3006 6187 3148 6226 même
3186 6199 3286 6227 avec
3323 6187 3555 6231 infirmités
3592 6196 3632 6231 et
3674 6194 3895 6243 possédant
3932 6195 3983 6236 de
4023 6196 4074 6238 40
4115 6200 4136 6239 à

3006 6239 3152 6288 60.000
3174 6238 3227 6280 fr.
3262 6240 3312 6280 de
3349 6240 3518 6283 fortune
3556 6256 3612 6284 ou
3655 6247 3784 6296 partie
3820 6260 3872 6288 en
3907 6250 4062 6300 capital
4094 6259 4134 6294 et

3006 6292 3138 6344 partie
3160 6305 3212 6333 en
3236 6295 3412 6344 pension
3435 6296 3486 6335 de
3508 6299 3696 6339 retraite.
