4728 7228
4220 434 4242 457 V

983 1602 1636 1688 DÉLICATESSE,
1695 1588 2404 1680 HONORABILITÉ,
2459 1584 2856 1660 PROBITÉ
2911 1600 2966 1656 &
3021 1582 3572 1656 DISCRÉTION

577 1864 681 1913 ÎO
711 1864 957 1914 Cent.
988 1859 1031 1909 !e
1058 1854 1279 1908 Numéro

547 1971 666 2005 Envoi
686 1971 802 2011 gratis
823 1970 907 2002 liors
926 1967 960 2000 la
980 1967 1075 2000 Ville
1096 1970 1132 1999 et
1154 1967 1172 1998 à
1195 1964 1354 1998 l'Etran¬

505 2024 568 2053 ger
607 2015 626 2045 à
659 2016 762 2046 toute
800 2019 983 2052 personne
1022 2009 1085 2051 qui
1130 2018 1175 2040 en
1219 2007 1286 2039 fait
1319 2006 1352 2038 la

505 2055 689 2088 demande
708 2063 774 2095 par
795 2054 900 2084 lettre
923 2051 1137 2090 affranchie,
1164 2053 1201 2082 et
1226 2050 1352 2081 franco

506 2107 595 2130 sous
615 2093 819 2136 enveloppe
838 2094 1009 2126 cachetée
1029 2095 1158 2125 contre
1179 2091 1235 2124 30
1256 2092 1352 2123 cent,

507 2149 551 2171 en
576 2138 740 2171 timbres.

1868 1847 2163 1899 OFFICE
2220 1843 2693 1896 MONDONET

3283 1839 3387 1887 ÎO
3422 1838 3667 1887 Cent,
3698 1834 3742 1884 le
3769 1834 3992 1884 Numéro

1519 1942 1584 1988 6,
1619 1938 2043 1980 Boulevard
2080 1938 2172 1976 de
2215 1936 2280 1975 lit
2323 1935 2399 1975 IV1
2408 1933 2783 1986 acjcieleirie
2826 1930 2916 1979 (au
2955 1928 2979 1967 l
2988 1935 3020 1955 or
3026 1927 3039 1977 )

2089 2019 2468 2062 MARSEILLE

1464 2103 1613 2142 Ouvert
1636 2104 1726 2139 tous
1743 2096 1798 2138 les
1806 2099 1928 2150 jours
1944 2098 1991 2136 de
2006 2099 2032 2137 2
2047 2095 2086 2136 h.
2104 2095 2130 2136 à
2146 2096 2169 2135 S
2185 2093 2222 2135 h.
2242 2096 2295 2135 du
2308 2095 2408 2143 soir,
2428 2099 2465 2134 et
2484 2091 2519 2135 lé
2535 2088 2752 2135 dimanche
2772 2091 2817 2130 de
2839 2090 2860 2128 9
2884 2086 2921 2128 h.
2947 2087 2971 2127 à
2996 2087 3096 2127 midi

3250 1960 3428 1999 Mariages
3443 1958 3562 1991 riches
3576 1967 3670 1999 pour
3684 1961 3808 1990 toutes
3826 1958 3878 1990 les
3899 1958 4066 1990 fortunes

3207 2006 3243 2035 et
3272 2004 3395 2034 toutes
3426 2001 3479 2033 les
3511 2000 3708 2040 positions.
3743 2000 3792 2031 La
3830 1999 3976 2031 maison
4018 2009 4063 2031 ne

3205 2044 3376 2084 s’occupe
3391 2051 3463 2084 que
3482 2041 3548 2074 des
3565 2042 3708 2075 unions
3727 2042 3914 2082 possibles
3931 2044 3969 2073 et
3985 2050 4004 2072 s
4014 2050 4062 2074 an

3226 2086 3329 2119 àche.

3207 2124 3220 2154 t

511 2292 588 2404 la
607 2279 852 2403 Mission
883 2282 916 2398 fl
920 2306 956 2398 n
992 2326 1020 2378 «
1059 2281 1192 2397 Lien
1223 2280 1300 2393 flu
1339 2279 1584 2415 lariags
1612 2319 1640 2371 »

588 2499 772 2541 Notre
799 2496 906 2539 but
934 2497 1030 2538 est
1059 2491 1572 2538 essentiellement

515 2576 719 2626 moral,
755 2574 1012 2618 honnête
1040 2574 1098 2613 et
1125 2566 1647 2623 philanthropique

577 2696 704 2738 Dans
732 2695 863 2735 notre
884 2690 947 2732 fin
975 2688 1031 2732 de
1067 2687 1207 2731 siècle
1249 2687 1307 2730 où
1334 2690 1431 2728 tout
1455 2684 1647 2730 marche

519 2768 545 2811 à
583 2767 625 2811 la
650 2775 842 2823 vapeur,
867 2764 912 2806 et
947 2763 1006 2804 où
1042 2759 1084 2802 la
1117 2758 1291 2803 société
1314 2759 1378 2802 vit
1416 2758 1536 2800 dans
1560 2770 1650 2800 une

518 2838 707 2882 activité
728 2835 983 2878 dévorante
1008 2844 1018 2887 ;
1050 2831 1112 2876 les
1134 2831 1302 2888 jeunes
1323 2843 1442 2886 gens
1463 2830 1648 2873 sérieux

518 2909 594 2964 qui
618 2906 874 2950 cherchent
895 2906 919 2948 à
942 2917 992 2948 se
1008 2905 1138 2948 créer
1162 2916 1250 2948 une
1276 2903 1477 2960 position
1500 2914 1650 2946 avan¬

519 2985 715 3036 tageuse
739 2991 823 3036 par
841 2977 881 3022 le
907 2970 1275 3030 travail,,'vivant
1299 2977 1420 3020 dans
1450 2976 1512 3020 les
1536 2976 1650 3030 pré¬

519 3052 827 3108 occupations
848 3051 1122 3094 constantes
1156 3047 1268 3093 d’un
1299 3047 1462 3091 labeur
1484 3046 1651 3090 ardent

521 3136 638 3180 pour
659 3123 836 3167 arriver
857 3123 883 3164 à
903 3125 1023 3166 cette
1043 3122 1125 3171 lin,
1163 3119 1410 3176 négligent
1443 3119 1508 3163 les
1531 3119 1651 3162 rela¬

520 3196 644 3240 tions
682 3194 880 3239 sociales
918 3195 993 3250 qui
1037 3192 1310 3250 pourraient
1349 3191 1413 3234 les
1455 3203 1652 3247 pousser

524 3279 627 3312 vers
651 3267 690 3310 !e
732 3266 963 3320 mariage.
1003 3268 1227 3320 Lorsque,
1254 3262 1395 3311 enfin,
1420 3263 1600 3305 arrivés
1624 3263 1651 3304 à

523 3343 672 3384 trente
699 3352 756 3382 ou
787 3340 1020 3395 quarante
1043 3347 1146 3387 ans,
1174 3334 1226 3377 ils
1255 3336 1337 3377 ont
1359 3333 1525 3390 acquis
1562 3346 1653 3376 une

524 3411 725 3468 position
767 3410 845 3467 qui
868 3410 968 3452 leur
1003 3409 1180 3464 permet
1210 3405 1265 3448 de
1305 3406 1508 3460 respirer
1530 3407 1574 3447 et
1596 3403 1653 3447 de

524 3484 750 3539 regarder
790 3484 816 3525 à
858 3481 956 3523 leur
1006 3481 1175 3523 entour
1223 3489 1339 3534 pour
1396 3475 1654 3530 compléter

526 3556 622 3599 leur
662 3555 864 3598 carrière
894 3563 978 3607 par
1018 3562 1079 3592 un
1123 3549 1354 3602 mariage,
1382 3547 1435 3590 ils
1463 3548 1654 3590 sentent

524 3628 563 3672 le
592 3624 696 3671 vide
715 3628 887 3668 autour
906 3622 932 3664 d
952 3634 1043 3664 eux
1073 3622 1118 3663 et
1136 3622 1243 3662 sont
1268 3631 1384 3675 pour
1414 3618 1533 3660 ainsi
1555 3618 1655 3660 dire

523 3698 814 3744 désorientés
836 3708 892 3738 ne
916 3696 1138 3738 trouvant
1156 3704 1387 3750 personne
1406 3691 1462 3734 de
1483 3702 1655 3734 conve¬

523 3768 662 3812 nable
693 3770 814 3811 dans
835 3767 875 3810 le
909 3765 1058 3810 cercle
1080 3764 1162 3808 des
1198 3764 1424 3808 relations
1447 3763 1506 3807 où
1531 3762 1586 3807 ils
1607 3775 1656 3807 se

524 3845 631 3888 sont
651 3855 756 3887 mus
774 3839 1079 3899 jusqu’alors.

583 3928 791 3972 Souvent
830 3923 1138 3977 découragés,
1194 3923 1248 3965 ils
1306 3921 1520 3964 finissent
1571 3932 1658 3976 par

526 4010 752 4042 renoncer
775 4007 835 4040 au
876 3995 1087 4050 mariage
1108 3994 1147 4038 si
1178 4005 1267 4038 une
1302 3992 1430 4036 main
1454 3991 1577 4035 amie
1599 4003 1658 4035 ne

528 4072 654 4116 vient
688 4070 754 4115 les
775 4069 904 4112 aider
925 4072 968 4111 et
1007 4067 1072 4110 les
1092 4067 1260 4120 guider
1295 4066 1414 4107 dans
1451 4064 1490 4107 le
1523 4063 1659 4106 choix

530 4143 667 4186 d’une
688 4151 955 4197 compagne
976 4137 1054 4194 qui
1076 4138 1172 4179 doit
1192 4139 1418 4194 partager
1443 4134 1540 4178 leur
1566 4134 1652 4184 vie,

530 4214 656 4259 leurs
673 4212 791 4270 joies
808 4215 853 4256 et
875 4211 1000 4254 leurk
1019 4210 1194 4267 peines.

590 4298 710 4343 C’est
737 4296 778 4340 le
819 4296 900 4340 but
931 4307 1020 4352 que
1052 4292 1164 4338 s’est
1200 4292 1400 4349 proposé
1450 4291 1488 4336 le
1536 4291 1660 4335 Lien

530 4368 600 4412 du
640 4368 876 4425 Mariage
908 4382 918 4408 :
955 4368 1063 4410 Etre
1091 4365 1235 4414 l’ami,
1259 4363 1299 4408 le
1317 4364 1458 4419 guide
1490 4366 1535 4407 et
1554 4360 1659 4406 l’in¬

530 4442 742 4485 dicateur
781 4439 863 4483 des
904 4438 1074 4482 unions
1113 4437 1344 4480 honnêtes
1378 4439 1422 4478 et
1446 4435 1659 4478 honora¬

531 4515 644 4560 bles.
675 4514 819 4556 Notre
842 4511 924 4555 but
942 4514 1011 4554 est
1044 4507 1442 4557 essentiellement
1468 4504 1662 4564 philan¬

530 4584 780 4639 thropique
807 4585 852 4624 et
872 4579 1268 4625 esèentiellemerit
1292 4577 1458 4620 moral.

591 4669 654 4712 La
695 4660 969 4724 population
1004 4663 1181 4706 décroît
1218 4671 1355 4718 parce
1378 4674 1467 4718 que
1490 4659 1529 4704 le
1554 4674 1660 4704 ma¬

530 4742 752 4796 riage'est
771 4737 954 4793 négligé
974 4748 983 4790 ;
1004 4738 1048 4779 et
1071 4733 1111 4778 le
1134 4735 1345 4788 mariage
1364 4736 1434 4778 est
1451 4733 1658 4789 négligé,

531 4824 671 4870 parce
692 4823 783 4868 que
807 4807 1028 4855 l'homme
1048 4807 1260 4863 emporté
1297 4818 1380 4862 par
1403 4806 1442 4848 le
1467 4807 1662 4849 tourbil¬

530 4885 606 4928 lon
631 4883 711 4928 des
743 4881 950 4932 affaires,
978 4879 1052 4923 n’a
1073 4890 1157 4935 pas
1179 4877 1219 4920 le
1242 4880 1396 4934 temps
1417 4876 1472 4920 de
1491 4872 1660 4920 s’arrê¬

531 4962 600 5002 ter
622 4970 738 5013 pour
760 4954 999 4999 combiner
1020 4953 1064 4995 et
1094 4950 1318 4994 chercher
1350 4948 1452 4994 telle
1475 4961 1531 4992 ou
1558 4948 1661 4995 telle

532 5029 679 5074 union
699 5028 776 5084 qui
803 5026 1014 5084 pourrait
1040 5023 1099 5066 lui
1126 5022 1366 5064 convenir.

590 5118 623 5160 Il
647 5116 722 5160 n’a
746 5128 831 5175 pas
852 5114 892 5158 le
914 5115 1068 5169 temps
1090 5114 1133 5155 et
1174 5123 1230 5154 ne
1254 5114 1362 5167 peut
1401 5122 1562 5166 passer
1580 5110 1662 5152 des

533 5190 652 5232 mois
672 5194 716 5232 et
738 5188 979 5246 peut-être
1002 5184 1083 5228 des
1101 5183 1279 5226 années
1301 5184 1326 5224 à
1350 5180 1536 5226 décider
1560 5180 1663 5224 telle

532 5272 764 5317 personne
804 5262 830 5303 à
871 5259 1096 5315 partager
1127 5267 1179 5298 sa
1210 5255 1279 5298 vie
1303 5264 1314 5306 ;
1342 5254 1366 5295 il
1395 5266 1450 5296 ne
1471 5258 1663 5297 connaît

533 5343 618 5387 pas
638 5331 746 5374 bien
783 5330 827 5373 la
861 5327 1086 5371 situation
1121 5326 1177 5368 de
1216 5327 1335 5368 cette
1359 5336 1608 5380 personne,
1633 5322 1658 5367 il

531 5404 679 5447 hésite
714 5406 759 5447 et
795 5402 895 5445 finit
924 5414 1008 5458 par
1039 5411 1264 5442 renoncer
1290 5410 1348 5440 au
1384 5397 1598 5451 mariage
1619 5400 1663 5440 et

531 5484 580 5515 se
603 5474 815 5527 résigner
838 5474 863 5515 à
888 5474 1015 5515 vivre
1044 5470 1279 5513 d’amitiés
1302 5468 1600 5525 passagères.

590 5558 710 5602 Mais
730 5570 782 5600 ce
811 5558 887 5615 qui
927 5556 1080 5599 arrive
1104 5567 1222 5611 pour
1250 5553 1316 5597 les
1335 5551 1502 5607 jeunes
1525 5564 1659 5607 gens,

532 5630 686 5675 arrive
707 5630 814 5674 bien
839 5629 944 5687 plus
975 5639 1143 5672 encore
1164 5639 1280 5683 pour
1304 5624 1369 5668 les
1406 5635 1663 5682 personnes

532 5704 610 5758 qui
636 5705 779 5758 ayant
818 5701 890 5745 été
930 5700 1063 5744 unies
1098 5710 1190 5742 une
1220 5696 1450 5754 première
1488 5695 1575 5739 fois
1613 5707 1663 5739 se

534 5778 751 5818 trouvent
775 5776 875 5818 tout
897 5774 922 5816 à
946 5784 1066 5828 coup
1103 5771 1324 5814 désunies
1356 5781 1442 5824 par
1466 5767 1506 5812 le
1525 5767 1664 5811 décès

534 5846 591 5890 de
614 5846 738 5890 l’une
759 5844 934 5889 d’elles.

591 5930 743 5983 Après
770 5930 911 5974 s'être
942 5928 1212 5983 longtemps
1235 5923 1444 5968 abîmées
1466 5923 1587 5967 dans
1622 5923 1663 5965 la

531 6000 731 6046 douleur
755 6004 801 6046 et
834 6002 964 6046 avoir
1000 5999 1119 6056 payé
1163 6011 1225 6042 un
1257 5995 1383 6052 juste
1426 5995 1569 6040 tribut
1611 5994 1664 6038 de

532 6075 707 6119 larmes
728 6076 755 6116 à
783 6071 964 6129 l’époux
1000 6075 1058 6116 où
1083 6072 1110 6114 à
1140 6070 1346 6127 l’épousé
1368 6067 1584 6122 décédée,
1611 6066 1665 6110 ils

532 6147 718 6191 sentent
756 6144 860 6202 plus
883 6146 1118 6188 vivement
1154 6142 1194 6186 le
1216 6141 1319 6184 vide
1342 6140 1419 6196 qui
1451 6139 1560 6184 s’est
1582 6139 1664 6182 fait

533 6224 705 6263 autour
740 6218 802 6261 du
840 6216 1104 6265 survivant,
1150 6214 1203 6256 ils
1234 6217 1314 6257 ont
1353 6211 1516 6255 besoin
1554 6210 1666 6252 d’un

534 6302 665 6334 cœur
687 6291 778 6334 ami
816 6288 893 6347 qui
936 6287 1002 6331 les
1035 6284 1223 6330 console
1258 6297 1316 6328 ou
1353 6283 1418 6327 les
1454 6282 1660 6339 protège.

532 6363 594 6407 Ils
615 6362 826 6418 aspirent
847 6362 874 6404 à
896 6363 1015 6404 cette
1044 6358 1115 6402 vie
1135 6355 1387 6413 tranquille
1404 6354 1601 6412 paisible
1622 6355 1667 6396 et

530 6434 786 6487 intérieure,
820 6432 933 6475 faite
962 6430 1242 6475 d’intimités
1263 6430 1308 6472 et
1327 6427 1384 6471 de
1408 6424 1666 6470 confiden¬

1718 2284 1796 2316 ces
1823 2285 1914 2328 que
1952 2271 1996 2315 la
2031 2273 2155 2315 mort
2192 2283 2219 2314 a
2258 2282 2471 2326 rompue.
2512 2270 2640 2311 Dans
2681 2278 2733 2308 ce
2770 2275 2853 2308 cas

1720 2344 1731 2386 1
1752 2345 1940 2388 homme
1982 2357 2007 2387 a
2056 2344 2219 2387 besoin
2259 2343 2399 2386 d’une
2440 2340 2563 2383 amie
2603 2338 2754 2394 pleine
2796 2335 2851 2379 de

1720 2416 1848 2459 soins
1877 2419 1920 2460 et
1950 2415 2006 2459 de
2036 2415 2375 2459 dévouements
2398 2423 2407 2465 ;
2430 2411 2472 2454 la
2491 2411 2630 2454 dame
2651 2406 2853 2452 cherche

1723 2500 1786 2530 un
1806 2488 2010 2540 soutien,
2036 2500 2098 2530 un
2125 2488 2391 2544 protecteur
2430 2486 2475 2527 et
2498 2495 2562 2524 un
2585 2480 2707 2523 aide.
2735 2479 2855 2522 Mais

1722 2560 1779 2602 où
1823 2563 2010 2602 trouver
2032 2558 2075 2600 la
2120 2568 2352 2614 personne
2387 2554 2464 2610 qui
2498 2551 2712 2595 réunisse
2748 2553 2854 2592 tous

1723 2630 1788 2674 les
1829 2630 2043 2675 désidéra
2054 2634 2098 2672 ta
2118 2629 2140 2672 ?
2163 2631 2226 2671 La
2247 2630 2368 2671 mort
2388 2627 2464 2683 qui
2490 2638 2515 2668 a
2538 2625 2575 2667 si
2611 2623 2854 2678 brusque¬

1723 2704 1851 2744 ment
1890 2703 2183 2756 interrompu
2226 2699 2266 2743 le
2298 2710 2438 2743 cours
2473 2696 2530 2739 de
2566 2698 2687 2739 cette
2723 2694 2853 2736 exis¬

1724 2775 1856 2816 tence
1876 2773 2038 2815 n’était
2062 2783 2147 2828 pas
2168 2772 2327 2815 entrée
2351 2770 2471 2812 dans
2488 2767 2555 2811 les
2587 2764 2764 2809 calculs
2799 2763 2854 2807 de

1724 2845 1767 2888 la
1791 2846 1860 2888 vie
1895 2855 2162 2888 commune.
2206 2844 2272 2887 Où
2311 2846 2499 2886 trouver
2538 2839 2580 2883 la
2622 2847 2854 2895 personne

1726 2918 1995 2962 réunissant
2017 2916 2082 2960 les
2103 2916 2369 2960 conditions
2393 2927 2508 2971 pour
2531 2925 2623 2956 une
2654 2909 2856 2955 seconde

1726 2990 1888 3036 union.

1790 3078 1847 3119 Le
1862 3075 2052 3132 journal
2084 3074 2123 3119 le
2147 3072 2270 3117 Lien
2292 3072 2361 3117 du
2396 3071 2631 3128 Mariage
2671 3068 2786 3112 offre
2830 3067 2857 3110 ù

1727 3151 1832 3191 tous
1855 3159 1945 3191 une
1980 3147 2208 3190 situation
2243 3142 2502 3188 semblable
2526 3146 2572 3187 et
2606 3141 2792 3196 lorsque
2815 3141 2856 3182 la

1727 3233 1958 3278 personne
1978 3219 2119 3276 qu'on
2159 3219 2310 3262 désire
2334 3230 2391 3260 ne
2427 3216 2494 3271 s’y
2515 3219 2678 3258 trouve
2701 3227 2803 3270 pas,
2831 3215 2855 3258 il

1726 3292 1802 3348 n'y
1819 3306 1844 3336 a
1861 3305 1922 3348 qu
1943 3304 1967 3334 a
1991 3291 2248 3335 s'adresser
2283 3291 2310 3333 à
2341 3288 2562 3333 l'Office
2596 3288 2858 3330 Mondonet

1727 3367 1804 3422 qui
1827 3378 1855 3408 a
1878 3377 1940 3408 un
1961 3364 2119 3419 grand
2140 3363 2336 3407 nombre
2355 3361 2419 3404 de
2451 3359 2776 3416 propositions
2795 3368 2858 3413 qu

1728 3450 1786 3480 ne
1806 3436 2011 3491 figurent
2033 3448 2119 3491 pas
2140 3434 2260 3478 dans
2283 3446 2359 3477 ces
2380 3431 2620 3475 colonnes.

1787 3520 1931 3563 Notre
1947 3518 2135 3574 journal
2174 3531 2199 3560 a
2224 3530 2340 3574 pour
2363 3516 2446 3560 but
2461 3512 2670 3560 d’ouvrir
2691 3514 2734 3555 la
2756 3511 2858 3555 voie

1727 3590 1984 3635 honorable
2019 3591 2075 3635 de
2110 3590 2155 3633 la
2191 3589 2366 3632 société
2402 3589 2428 3631 à
2472 3590 2599 3631 tonte
2627 3595 2862 3642 personne

1728 3663 1805 3718 qui
1824 3675 1875 3706 se
1895 3666 2060 3706 trouve
2083 3662 2204 3706 dans
2224 3658 2414 3716 pareille
2434 3658 2679 3702 situation.

1813 3809 1955 3852 Rôle
1987 3807 2065 3851 du
2103 3824 2121 3845 «
2158 3804 2300 3850 Lien
2326 3806 2406 3848 du
2438 3801 2696 3858 Mariage
2734 3816 2752 3840 »

1788 3940 1921 3983 Nous
1944 3951 2206 3995 proposons
2242 3936 2308 3982 les
2350 3948 2608 3995 personnes
2627 3948 2742 3979 avec
2766 3935 2863 3979 leur

1731 4012 1956 4058 situation
1996 4011 2053 4054 de
2091 4012 2274 4054 fortune
2306 4014 2350 4052 et
2395 4010 2452 4052 de
2489 4007 2721 4061 moralité,
2746 4020 2864 4052 nous

1735 4084 1908 4127 faisons
1943 4082 2007 4127 les
2043 4081 2319 4134 demandes,,
2351 4080 2627 4124 abouchons
2663 4080 2728 4123 les
2752 4091 2864 4136 per¬

1733 4169 1906 4209 sonnes
1944 4158 1990 4198 et
2028 4158 2234 4198 mettons
2263 4166 2319 4196 en
2344 4154 2568 4211 présence
2604 4152 2670 4195 les
2690 4152 2860 4195 futurs.

1732 4228 1863 4271 Nous
1883 4239 2090 4273 sommes
2113 4227 2178 4270 les
2214 4223 2590 4268 intermédiaires
2630 4223 2711 4267 des
2751 4234 2864 4279 pre¬

1736 4302 1903 4344 mières
1940 4302 2206 4350 entrevues,
2246 4295 2462 4352 toujours
2500 4296 2594 4338 très
2632 4296 2865 4348 gênantes

1735 4376 1779 4417 et
1818 4374 1911 4417 très
1931 4371 2154 4415 délicates
2176 4382 2292 4426 pour
2315 4368 2398 4412 des
2420 4378 2679 4424 personnes
2699 4367 2776 4424 qui
2814 4378 2864 4410 se

1738 4446 1891 4488 voient
1919 4456 2038 4501 pour
2059 4443 2103 4486 la
2145 4442 2375 4499 première
2413 4439 2513 4482 fois.
2547 4439 2679 4483 Nous
2714 4438 2862 4483 résol¬

1736 4530 1852 4560 vons
1898 4518 2066 4559 autant
2105 4525 2195 4571 que
2238 4511 2439 4568 possible
2498 4510 2563 4555 les
2616 4510 2866 4555 difficultés

1735 4591 1810 4646 qui
1836 4591 2039 4646 peuvent
2072 4599 2122 4630 se
2146 4586 2387 4643 présenter
2408 4586 2528 4627 dans
2567 4584 2608 4625 !a
2638 4584 2862 4627 situation

1735 4659 1791 4703 di
1811 4660 1934 4703 l’une
1952 4656 2126 4700 d’elles.
2151 4656 2282 4699 Nous
2301 4667 2510 4699 sommes
2528 4654 2628 4698 leur
2651 4654 2867 4698 intermé¬

1735 4732 1880 4775 diaire
1911 4733 1955 4775 et
1995 4731 2093 4774 leur
2123 4728 2233 4772 ami.
2259 4728 2361 4780 Oui,
2388 4726 2487 4770 leur
2505 4726 2616 4778 ami,
2642 4738 2724 4768 car
2746 4739 2867 4775 nous

1735 4804 2041 4847 considérons
2062 4814 2244 4846 comme
2274 4800 2334 4843 tel
2374 4802 2504 4843 notre
2544 4798 2639 4842 rôle
2666 4811 2780 4856 pour
2802 4800 2867 4843 les

1736 4888 1994 4934 personnes
2020 4875 2102 4931 qui
2143 4886 2262 4917 nous
2299 4872 2530 4927 chargent
2567 4870 2626 4914 du
2667 4872 2770 4915 soin
2810 4871 2866 4915 de

1736 4950 1835 4994 leur
1857 4950 2016 4992 union.

1793 5035 1914 5079 Elles
1931 5035 2131 5091 peuvent
2144 5034 2355 5088 compter
2367 5043 2448 5075 sur
2462 5031 2595 5074 notre
2611 5026 2866 5075 discrétion

1735 5107 1943 5150 absolue.
1982 5107 2125 5149 Notre
2147 5103 2280 5147 office
2304 5106 2375 5147 est
2410 5115 2468 5145 un
2495 5101 2715 5144 tombeau
2748 5112 2866 5157 pour

1738 5178 1802 5222 les
1823 5179 1999 5222 secrets
2020 5176 2097 5232 qui
2123 5187 2242 5219 nous
2263 5179 2369 5218 sont
2391 5172 2581 5218 confiés.

1794 5263 2018 5312 Souvent,
2067 5263 2238 5311 même,
2281 5258 2323 5301 la
2356 5258 2584 5315 première
2622 5257 2866 5312 présenta¬

1738 5335 1832 5378 tion
1872 5346 1899 5376 a
1936 5331 2027 5375 lieu
2054 5343 2166 5374 sans
2197 5329 2463 5386 qu'aucune
2502 5328 2583 5372 des
2605 5327 2723 5370 deux
2762 5339 2866 5384 par¬

1739 5408 1823 5450 ties
1844 5403 2092 5449 connaisse
2115 5402 2156 5445 le
2180 5414 2290 5446 nom
2324 5401 2380 5444 de
2418 5400 2583 5444 l’autre
2604 5403 2648 5443 et
2670 5412 2790 5443 nous
2808 5411 2866 5442 ne

1738 5478 1802 5522 les
1822 5478 2000 5520 faisons
2019 5478 2264 5518 connaître
2290 5485 2379 5529 que
2406 5484 2487 5515 sur
2507 5472 2607 5516 leur
2628 5472 2857 5515 autorisa¬

1738 5551 1832 5594 tion
1855 5559 2093 5605 expresse.

1795 5636 1867 5680 Un
1884 5631 2072 5689 journal
2094 5642 2210 5687 pour
2227 5629 2466 5683 mariages
2484 5628 2604 5672 dans
2619 5639 2707 5670 une
2724 5626 2867 5683 petite

1738 5706 1840 5750 ville
1859 5706 1918 5748 où
1942 5704 2042 5747 tout
2062 5702 2100 5747 le
2130 5700 2299 5745 monde
2326 5713 2376 5743 se
2395 5701 2586 5743 connaît
2607 5699 2651 5742 et
2674 5700 2867 5743 connaît

1738 5778 1780 5821 la
1803 5776 2029 5820 situation
2050 5774 2107 5818 de
2127 5786 2213 5816 son
2251 5772 2419 5823 voisin,
2444 5770 2649 5814 n’aurait
2686 5782 2774 5826 pas
2811 5769 2869 5812 de

1738 5850 1895 5893 raison
1927 5846 2086 5899 d’être,
2111 5844 2232 5888 mais
2254 5843 2374 5887 dans
2410 5855 2502 5886 une
2540 5840 2723 5898 grande
2744 5840 2866 5894 ville,

1738 5932 1919 5965 comme
1955 5919 1997 5962 la
2035 5922 2183 5973 nôtre,
2223 5916 2282 5959 où
2320 5914 2504 5959 chacun
2546 5926 2688 5972 pense
2731 5916 2759 5956 à
2795 5924 2870 5956 ses

1737 5992 1927 6036 affaires
1947 5994 1992 6034 et
2023 6003 2116 6034 non
2139 5990 2164 6033 à
2182 5987 2319 6032 celles
2338 5988 2393 6032 de
2414 5999 2491 6031 ses
2511 5987 2689 6031 voisins
2711 5996 2723 6039 ;
2745 5987 2790 6030 et
2808 5986 2867 6029 où

1739 6066 1844 6108 bien
1867 6066 2066 6108 souvent
2088 6062 2152 6106 les
2178 6060 2420 6104 habitants
2442 6059 2498 6103 de
2519 6059 2563 6102 la
2587 6062 2739 6102 même
2756 6057 2870 6100 mai¬

1738 6149 1823 6180 son
1846 6148 1903 6179 ne
1936 6147 1986 6178 se
2022 6133 2327 6178 connaissent
2367 6143 2451 6188 pas
2470 6134 2601 6175 entre
2618 6142 2722 6183 eux,
2748 6128 2777 6171 il
2799 6131 2870 6173 est

1740 6207 2003 6252 nécessaire
2044 6206 2154 6250 d’un
2207 6206 2299 6247 ami
2346 6203 2559 6259 général,
2613 6202 2723 6244 d’un
2774 6200 2867 6245 ami

1739 6291 1962 6324 commun
1984 6279 2060 6335 qui
2084 6280 2324 6334 groupant
2367 6275 2487 6319 dans
2508 6288 2572 6318 un
2612 6275 2746 6318 vaste
2780 6285 2872 6316 en¬

1739 6352 1932 6404 semble,
1956 6350 2023 6394 les
2060 6350 2202 6394 offres
2235 6351 2283 6392 et
2323 6347 2390 6391 les
2431 6346 2707 6398 demandes,
2734 6358 2871 6389 com¬

1754 6425 1844 6477 bine
1867 6423 1928 6467 lui
1968 6426 2122 6465 même
2143 6421 2211 6464 les
2244 6419 2519 6474 situations,
2544 6419 2610 6463 les
2641 6420 2774 6472 âges,
2806 6416 2875 6460 les

2926 2262 3084 2316 goûts,
3126 2258 3192 2302 les
3227 2254 3419 2311 figures,
3478 2251 3543 2296 les
3595 2251 3809 2294 fortunes
3847 2253 3893 2295 et
3943 2250 4068 2295 fasse

2931 2334 2990 2376 lui
3027 2332 3180 2375 même
3206 2328 3271 2372 les
3294 2324 3612 2383 propositions
3647 2323 3712 2366 les
3752 2322 3859 2378 plus
3904 2326 4062 2366 sorta¬

2927 2404 3043 2447 bles.

2986 2487 3068 2530 Cet
3089 2484 3180 2527 ami
3206 2494 3446 2531 commun,
3471 2478 3585 2522 c’est
3610 2477 3772 2520 l’office
3795 2476 4067 2525 Mondonet,

2928 2559 2970 2610 6,
2996 2558 3028 2601 B
3039 2555 3046 2576 1
3083 2556 3138 2598 de
3160 2555 3203 2597 la
3230 2552 3536 2607 Magdeleine,
3574 2549 3687 2593 c’est
3720 2547 3759 2591 le
3795 2547 3984 2604 journal
4028 2547 4067 2591 le

2932 2627 3054 2671 Lien
3075 2626 3143 2668 du
3176 2623 3412 2680 Mariage
3435 2622 3511 2679 qui
3540 2623 3611 2663 est
3631 2631 3717 2664 son
3742 2620 4004 2663 auxiliaire.

2987 2708 3198 2754 Pendant
3222 2708 3494 2762 longtemps
3518 2703 3544 2746 il
3585 2715 3612 2746 a
3651 2703 3798 2747 existé
3834 2714 3927 2746 une
3963 2703 4068 2759 pré¬

2930 2782 3118 2826 vention
3144 2782 3236 2823 très
3268 2776 3494 2834 marquée
3528 2777 3690 2818 contre
3720 2774 3786 2818 les
3826 2774 4069 2828 mariages

2930 2854 3022 2898 dits
3036 2851 3092 2896 de
3118 2848 3423 2908 proposition,
3450 2859 3508 2891 on
3534 2845 3711 2890 voulait
3734 2858 3784 2889 se
3810 2846 4070 2903 persuader

2931 2925 3040 2983 qu'il
3074 2938 3132 2968 ne
3163 2922 3356 2979 pouvait
3377 2919 3519 2963 sortir
3536 2918 3619 2960 des
3636 2929 3845 2972 agences
3873 2929 3965 2975 que
3987 2918 4071 2962 des

2934 2997 3170 3051 mariages
3191 2994 3471 3051 disparates.

2990 3082 3059 3126 En
3083 3082 3184 3123 face
3206 3079 3288 3123 des
3319 3075 3541 3120 résultats
3580 3074 3845 3118 contraires
3866 3073 4069 3118 obtenus

2936 3167 3020 3211 par
3074 3166 3151 3196 ces
3214 3152 3442 3200 bureaux,
3484 3159 3544 3190 ou
3603 3148 3674 3190 est
3714 3147 3830 3188 sorti
3859 3146 4058 3202 complè¬

2935 3230 3110 3268 tement
3148 3224 3204 3267 de
3244 3224 3364 3266 cette
3415 3219 3707 3275 prévention.
3751 3216 3965 3262 L’estime
4006 3218 4068 3260 du

2936 3295 3091 3354 public
3110 3298 3180 3339 est
3203 3292 3499 3338 absolument
3514 3290 3706 3346 acquise
3727 3302 3824 3332 aux
3842 3301 4068 3345 agences,

2936 3380 3052 3424 pour
3074 3367 3117 3410 la
3139 3368 3298 3410 raison
3327 3363 3434 3408 bien
3469 3362 3655 3419 simple,
3681 3374 3771 3418 que
3793 3362 3860 3404 les
3881 3360 4074 3404 affaires

2935 3439 3126 3482 traitées
3148 3450 3232 3494 par
3267 3435 3391 3487 elles,
3419 3435 3459 3478 le
3498 3435 3605 3476 sont
3627 3434 3734 3489 plus
3771 3431 4072 3488 rapidement

2935 3513 2978 3552 et
3022 3509 3124 3565 plus
3163 3510 3422 3555 sûrement,
3446 3507 3491 3548 et
3530 3516 3590 3547 on
3634 3506 3744 3560 peut
3782 3503 3880 3547 dire
3918 3515 4008 3559 que
4034 3502 4072 3546 le

2935 3580 3040 3636 plus
3058 3579 3211 3634 grand
3252 3576 3448 3620 nombre
3491 3574 3573 3618 des
3609 3575 3868 3630 mariages,
3919 3578 4072 3616 même

2935 3650 3104 3702 riches,
3124 3653 3203 3692 ont
3226 3650 3298 3692 été
3316 3648 3419 3703 plus
3440 3659 3499 3690 ou
3520 3647 3674 3688 moins
3696 3647 3786 3688 mis
3807 3659 3888 3688 sur
3911 3644 3953 3687 la
3971 3646 4074 3687 voie

2939 3736 3020 3780 par
3044 3734 3127 3766 nos
3155 3731 3375 3776 agences.
3410 3719 3542 3762 Nous
3564 3728 3684 3759 nous
3703 3715 3993 3759 efforcerons
4015 3715 4071 3758 de

2936 3795 3127 3840 mériter
3147 3795 3267 3838 cette
3287 3791 3453 3835 estime
3471 3788 3535 3831 du
3559 3787 3716 3844 public
3736 3799 3796 3830 en
3812 3790 4072 3844 apportant

2938 3867 3056 3911 dans
3106 3866 3148 3910 la
3204 3863 3476 3909 conclusion
3518 3859 3600 3903 des
3648 3858 3839 3903 affaires
3880 3859 3923 3903 la
3967 3858 4072 3915 plus

2936 3938 3118 3996 grande
3154 3936 3447 3988 délicatesse,
3472 3932 3515 3975 la
3551 3931 3655 3988 plus
3678 3931 3860 3986 grande
3886 3931 4067 3988 probité

2937 4015 2983 4055 et
3003 4011 3047 4055 la
3068 4009 3322 4054 discrétion
3344 4007 3388 4050 la
3418 4006 3522 4063 plus
3543 4003 3755 4047 absolue.

2998 4095 3083 4138 Les
3135 4094 3286 4136 beaux
3336 4088 3559 4134 résultats
3616 4099 3707 4144 que
3761 4100 3882 4131 nous
3919 4099 4070 4131 avons

2938 4167 3136 4210 obtenus
3192 4174 3314 4206 nous
3346 4162 3588 4214 engagent
3626 4160 3651 4201 à
3687 4159 3911 4214 persister
3952 4158 4072 4200 dans

2938 4238 3058 4280 cette
3091 4234 3211 4287 voie,
3245 4232 3468 4289 espérant
3506 4242 3596 4287 que
3630 4230 3672 4274 le
3703 4230 3860 4286 public
3893 4228 4071 4272 voudra

2939 4308 3044 4352 bien
3068 4319 3184 4350 nous
3207 4304 3455 4350 continuer
3476 4314 3552 4347 ses
3574 4302 3764 4348 faveurs
3802 4304 3847 4345 et
3867 4314 3919 4344 sa
3951 4312 4067 4343 con¬

2939 4379 3107 4424 fiance.

2999 4464 3060 4511 Le
3093 4464 3218 4508 Lien
3259 4461 3328 4506 du
3362 4460 3600 4520 Mariage
3632 4463 3704 4506 est
3743 4459 3784 4504 le
3815 4459 3926 4505 trait
3969 4460 4073 4504 d’u¬

2940 4540 3050 4582 nion
3090 4536 3171 4580 des
3204 4534 3420 4587 familles,
3444 4546 3540 4577 non
3576 4534 3839 4578 seulement
3860 4532 3918 4576 de
3940 4535 4074 4576 notre

2940 4608 3059 4662 ville,
3086 4607 3207 4651 mais
3239 4618 3407 4651 encore
3447 4604 3530 4648 des
3553 4603 3838 4663 principales
3862 4603 3994 4648 villes
4016 4603 4072 4647 de

2939 4683 3118 4724 France
3151 4681 3195 4723 et
3231 4677 3288 4721 de
3329 4676 3587 4731 l’étranger
3622 4678 3683 4720 où
3719 4679 3851 4719 notre
3890 4674 4024 4719 office
4047 4688 4073 4718 a

2940 4752 3022 4797 des
3055 4748 3455 4807 correspondants
3486 4748 3698 4792 discrets.
3726 4748 3856 4790 Nous
3884 4747 4076 4803 présen¬

2941 4827 3046 4868 tons
3067 4823 3186 4866 donc
3209 4834 3299 4865 aux
3327 4822 3463 4877 pères
3491 4819 3546 4863 de
3566 4818 3740 4863 famille
3770 4819 3993 4863 soucieux
4016 4818 4072 4862 de

2941 4895 3135 4940 l’avenir
3155 4894 3211 4939 de
3235 4894 3360 4937 leurs
3380 4892 3570 4936 enfants
3592 4895 3698 4935 tous
3718 4890 3784 4934 les
3805 4892 4071 4944 avantages

2940 4967 3077 5024 qu’ils
3099 4979 3155 5010 ne
3176 4964 3422 5010 sauraient
3451 4967 3639 5007 trouver
3664 4962 3762 5006 s’ils
3800 4965 3908 5006 sont
3932 4962 4075 5004 livrés

2940 5042 2967 5084 à
2988 5042 3274 5084 eux-mêmes
3295 5040 3340 5080 et
3362 5036 3483 5079 dans
3507 5034 3546 5078 le
3567 5033 3715 5078 cercle
3739 5034 3794 5076 de
3815 5032 3939 5076 leurs
3960 5046 4072 5076 con¬

2940 5114 3216 5155 naissances
3235 5120 3247 5163 ;
3282 5122 3340 5151 en
3362 5108 3486 5158 effet,
3516 5105 3971 5162 indépendamment
3991 5104 4076 5148 des

2942 5184 3204 5228 références
3226 5180 3479 5235 certaines,
3510 5178 3563 5221 ils
3599 5179 3680 5220 ont
3704 5177 3743 5220 le
3764 5176 3900 5220 choix
3927 5176 4079 5234 parmi

2940 5259 2980 5302 le
3003 5255 3156 5311 grand
3180 5253 3376 5296 nombre
3416 5251 3472 5295 de
3496 5250 3816 5306 propositions
3840 5262 3930 5306 que
3958 5262 4078 5292 con¬

2939 5328 3152 5371 tiennent
3191 5325 3256 5368 les
3293 5323 3517 5367 colonnes
3546 5320 3602 5364 de
3638 5322 3772 5364 notre
3787 5319 3996 5376 journal,
4022 5320 4079 5364 ils

2942 5400 3144 5458 peuvent
3161 5398 3276 5440 faire
3299 5396 3498 5452 épouser
3520 5394 3546 5437 à
3566 5392 3691 5436 leurs
3708 5392 3899 5436 enfants
3918 5392 3961 5435 la
3981 5406 4080 5448 per¬

2940 5483 3090 5516 sonne
3108 5468 3246 5527 qu'ils
3260 5468 3467 5511 désirent
3480 5466 3570 5509 soit
3590 5476 3774 5508 comme
3795 5464 4075 5523 profession,

2940 5544 3144 5592 fortune,
3179 5539 3438 5590 caractère,
3476 5536 3679 5592 position
3721 5535 3892 5579 sociale
3931 5538 3978 5578 et
4020 5536 4079 5579 ils

2940 5627 2999 5659 ne
3032 5612 3358 5670 s’exposeront
3395 5621 3483 5666 pas
3520 5610 3546 5651 à
3585 5607 3686 5651 leur
3723 5606 3839 5651 faire
3874 5609 4083 5664 épouser

2942 5697 3033 5728 une
3068 5694 3300 5740 personne
3323 5682 3400 5736 qui
3440 5680 3539 5723 leur
3575 5691 3682 5722 sera
3723 5678 4082 5735 antipathique,

2939 5757 3031 5802 soit
3050 5767 3135 5811 par
3156 5766 3242 5798 son
3265 5755 3370 5807 âge,
3391 5752 3480 5795 soit
3518 5763 3636 5807 pour
3671 5753 3778 5794 tous
3808 5752 3970 5794 autres
3996 5750 4085 5794 dé¬

2943 5829 3067 5872 fauts
3088 5826 3166 5883 qui
3206 5826 3314 5868 sont
3349 5826 3518 5867 autant
3558 5822 3613 5866 de
3651 5834 3820 5866 causes
3859 5822 3915 5867 de
3939 5821 4083 5866 désu¬

2942 5900 3055 5944 nion
3076 5898 3196 5942 dans
3218 5896 3258 5941 le
3280 5896 3495 5950 mariage
3518 5897 3563 5939 et
3595 5894 3810 5939 finissent
3836 5906 3920 5951 par
3942 5907 4079 5938 ame¬

2943 5985 3026 6016 ner
3047 5971 3088 6015 le
3110 5970 3298 6014 divorce
3319 5971 3364 6011 et
3391 5968 3433 6012 la
3455 5968 3751 6023 séparation.

3002 6059 3130 6100 Dans
3163 6054 3230 6098 les
3260 6052 3480 6098 colonnes
3511 6051 3572 6094 du
3607 6051 3728 6094 Lien
3760 6048 3828 6092 du
3856 6050 4087 6107 Mariage

2943 6142 3002 6173 ou
3026 6129 3051 6172 à
3074 6127 3290 6171 l’Office
3311 6122 3590 6175 Mondonet,
3614 6122 3656 6175 6,
3680 6123 3715 6165 B
3716 6119 3731 6141 d
3750 6122 3806 6164 de
3824 6120 3867 6164 la
3891 6122 4084 6176 Magde¬

2943 6201 3081 6251 leine,
3111 6211 3171 6242 on
3195 6199 3305 6255 peut
3328 6199 3515 6240 trouver
3544 6194 3813 6238 facilement
3857 6206 3918 6240 un
3957 6206 4083 6247 gen¬

2945 6274 3043 6327 dre,
3068 6285 3131 6315 un
3168 6272 3319 6328 époux
3340 6282 3399 6312 ou
3422 6279 3514 6311 une
3536 6267 3711 6323 épouse
3739 6267 3764 6310 à
3804 6279 3887 6310 son
3918 6267 4004 6322 gré
4043 6271 4088 6310 et

2944 6359 3003 6391 en
3042 6347 3140 6388 tout
3182 6344 3311 6402 point
3350 6340 3588 6384 conforme
3632 6352 3724 6383 aux
3759 6339 3910 6383 désirs
3944 6339 4000 6382 de
4039 6338 4087 6384 la

2947 6428 3181 6475 personne
3199 6416 3226 6458 à
3247 6414 3442 6458 marier.

4526 1908 4534 1923 >

4529 2330 4536 2361 i
