4712 7064
2263 423 2340 468 LE
2381 420 2530 467 LIEN
2564 419 2648 466 DU
2691 415 2984 464 MARIAGE

913 615 1059 655 488.—
1071 611 1339 660 Célibataire,
1362 607 1645 655 mécanicien,
1668 603 1715 643 34
1735 614 1825 654 ans,
1848 611 1981 652 gagne

860 670 884 710 8
904 670 954 708 fr.
980 680 1052 719 par
1071 666 1183 719 jour,
1224 666 1344 714 4,000
1368 663 1418 702 fr.
1448 658 1735 702 d'économies
1740 693 1751 715 x
1786 666 1982 707 espéran¬

859 735 927 763 ces
947 722 996 762 de
1016 734 1080 762 ses
1101 724 1267 771 parents
1287 716 1434 767 25,000
1455 715 1524 761 fr.,
1548 711 1786 762 épouserait
1815 707 1982 750 demoi¬

858 776 962 818 selle
979 788 1028 815 en
1052 779 1221 824 rapport
1239 771 1372 821 d'âge,
1394 774 1525 822 ayant
1550 767 1692 817 12,000
1714 766 1765 804 fr.

910 859 1000 900 494.
1018 882 1068 887 —
1089 855 1354 904 Célibataire,
1391 854 1439 894 27
1462 864 1551 901 ans,
1575 850 1776 902 employé
1798 846 1980 887 d’admi¬

859 912 1096 958 nistration,
1119 911 1227 950 beau
1246 919 1414 961 garçon,
1438 907 1620 956 élégant,
1639 903 1984 954 appointements

856 966 979 1016 2,500
1000 966 1071 1012 fr.,
1091 962 1328 1015 épouserait
1346 958 1594 1000 demoiselle
1615 960 1746 1008 ayant
1767 952 1979 1002 60,000fr.

911 1048 1003 1090 504.
1029 1071 1054 1076 -
1089 1046 1355 1095 Célibataire,
1368 1043 1447 1095 âgé
1467 1043 1519 1083 de
1539 1042 1589 1080 30
1610 1051 1701 1089 ans,
1723 1046 1855 1091 ayant
1871 1034 1982 1087 posi¬

860 1104 948 1144 tion
974 1107 1012 1142 et
1035 1100 1196 1141 maison
1227 1095 1530 1140 commerciale
1567 1094 1710 1135 valant
1742 1091 1888 1138 60,000
1910 1089 1980 1128 fr..

859 1155 1096 1208 épouserait
1135 1151 1398 1200 demoiselle,
1420 1150 1471 1188 de
1510 1151 1632 1198 goûts
1667 1146 1890 1191 modestes,
1931 1141 1983 1180 de

860 1207 1100 1262 préférence
1122 1205 1361 1258 orpheline,
1386 1207 1516 1254 ayant
1536 1200 1683 1250 50,000
1702 1199 1752 1239 fr.

911 1294 1000 1333 505.
1020 1315 1068 1320 —
1090 1290 1256 1330 Officier
1283 1284 1539 1327 ministériel
1567 1287 1699 1335 ayant
1740 1291 1822 1320 une
1858 1276 1983 1319 étude

859 1347 920 1387 lui
963 1349 1203 1396 rapportant
1235 1339 1560 1381 annuellement
1578 1336 1727 1386 40,000
1751 1336 1820 1380 fr.,
1843 1334 1981 1382 épou¬

858 1400 983 1440 serait
1003 1396 1251 1439 demoiselle
1271 1402 1402 1446 ayant
1422 1392 1492 1432 dot
1512 1391 1563 1430 de
1584 1388 1758 1437 500,000
1780 1387 1835 1425 fr.

910 1483 1000 1524 508.
1020 1506 1070 1511 —
1090 1478 1355 1527 Célibataire,
1374 1476 1424 1515 29
1446 1486 1536 1523 ans,
1570 1473 1815 1524 protestant,
1854 1470 1986 1515 ayant

860 1549 942 1578 une
962 1534 1188 1583 industrie,
1219 1531 1388 1571 fortune
1410 1542 1462 1568 en
1488 1526 1719 1579 propriétés
1739 1520 1887 1568 20,000
1911 1519 1982 1564 fr.,

856 1589 1095 1642 épouserait
1118 1584 1366 1626 demoiselle
1388 1583 1438 1622 de
1460 1582 1602 1620 même
1623 1575 1819 1626 religion,
1855 1578 1986 1623 ayant

859 1644 908 1683 de
933 1643 980 1683 10
1002 1643 1024 1682 à
1050 1640 1193 1689 12,000
1216 1638 1291 1680 fr..

911 1726 1000 1764 515.
1020 1747 1070 1752 —
1090 1719 1358 1767 Célibataire,
1379 1717 1428 1755 35
1450 1725 1539 1762 ans,
1563 1715 1694 1763 ayant
1715 1721 1796 1750 une
1819 1708 1982 1747 maison

860 1778 1059 1819 meublée
1108 1780 1147 1814 et
1179 1771 1419 1823 liquoriste,
1461 1766 1700 1819 épouserait
1737 1759 1987 1803 demoiselle

863 1830 1084 1882 possédant
1106 1828 1155 1866 de
1176 1827 1198 1864 3
1224 1828 1246 1864 à
1268 1822 1388 1871 4,000
1411 1822 1463 1860 fr.

912 1919 1002 1958 520.
1063 1938 1112 1946 —
1167 1911 1436 1959 Célibataire,
1476 1909 1527 1949 22
1568 1920 1670 1956 ans,
1719 1906 1889 1946 fortune
1934 1912 1987 1940 en

860 1971 1089 2023 propriétés
1127 1967 1300 2016 200,000
1322 1964 1392 2011 fr.,
1432 1963 1568 2003 désire
1606 1963 1784 2012 épouser
1823 1955 1986 1996 demoi¬

858 2026 962 2066 selle
978 2027 1109 2075 ayant
1136 2020 1305 2070 100,000
1328 2019 1383 2058 fr.

912 2108 1003 2147 525.
1028 2128 1078 2134 —
1108 2103 1371 2151 Célibataire,
1411 2100 1456 2139 34
1475 2110 1564 2147 ans,
1600 2096 1787 2143 caissier,
1804 2095 1923 2144 3,000
1938 2094 1984 2142 f.,

858 2160 1240 2212 d’appointements
1262 2187 1272 2205 ,
1318 2151 1559 2207 épouserait
1599 2149 1846 2191 demoiselle
1886 2159 1985 2188 avec

863 2215 1009 2264 50.000
1031 2212 1084 2252 fr.

914 2298 1002 2338 526.
1055 2318 1102 2324 —
1151 2292 1425 2342 Célibataire,
1474 2303 1627 2346 garçon
1674 2291 1726 2331 de
1776 2286 1983 2338 magasin,

862 2351 910 2391 33
931 2360 1023 2399 ans,
1048 2347 1122 2389 150
1143 2348 1192 2388 fr.
1235 2359 1310 2399 par
1348 2346 1472 2397 mois,
1514 2344 1754 2396 épouserait
1793 2341 1986 2383 ouvrière

862 2415 958 2454 sage
978 2406 1108 2455 ayant
1124 2414 1198 2443 son
1220 2400 1435 2442 mobilier.

916 2480 1004 2522 530.
1062 2502 1112 2509 —
1163 2478 1395 2529 Ingénieur
1432 2476 1697 2518 mécanicien
1722 2508 1730 2524 ,
1782 2476 1830 2516 35
1879 2484 1984 2522 ans,

860 2542 990 2587 ayant
1026 2533 1135 2575 belle
1175 2532 1379 2572 situation
1403 2563 1411 2578 ,
1468 2531 1683 2583 plusieurs
1731 2531 1896 2569 brevets
1934 2526 1984 2566 de

860 2592 1030 2640 rapport
1064 2591 1107 2627 et
1142 2586 1330 2626 d’avenir
1370 2585 1661 2626 considérable
1685 2615 1695 2633 ,
1744 2582 1987 2635 épouserait

860 2640 1107 2682 demoiselle
1123 2651 1224 2680 avec
1244 2640 1363 2679 avoir
1382 2639 1431 2679 de
1454 2639 1600 2688 50,000
1620 2638 1672 2676 fr.

915 2726 1007 2767 535.
1030 2749 1076 2754 —
1124 2723 1235 2765 Veuf
1257 2755 1266 2772 ,
1305 2724 1355 2763 52
1390 2735 1467 2763 ans
1490 2755 1499 2772 ,
1539 2722 1680 2771 12,000
1702 2722 1773 2770 fr.,
1808 2719 1983 2772 pension

863 2780 938 2820 600
971 2779 1048 2827 fr.,
1098 2790 1232 2830 gagne
1275 2778 1298 2816 5
1342 2776 1394 2816 fr.
1448 2787 1518 2826 par
1564 2775 1662 2827 jour
1684 2806 1694 2824 ,
1747 2772 1986 2826 épouserait

864 2845 999 2874 veuve
1019 2843 1115 2872 sans
1135 2831 1302 2871 enfants
1318 2840 1419 2870 avec
1439 2829 1568 2870 avoir.

916 2916 1006 2956 536.
1047 2937 1092 2944 —
1142 2913 1301 2955 Ancien
1332 2912 1558 2963 capitaine,
1591 2912 1639 2951 53
1679 2923 1768 2960 ans,
1812 2909 1988 2961 pension

864 2971 939 3010 550
960 2968 1028 3019 fr.,
1068 2978 1201 3019 gagne
1238 2968 1314 3007 700
1335 2967 1406 3015 fr.,
1448 2963 1684 3016 épouserait
1723 2962 1851 3015 petite
1891 2973 1988 3004 ren¬

861 3023 964 3064 tière
988 3034 1084 3063 sans
1103 3022 1285 3067 enfants.

915 3106 1004 3146 537.
1037 3127 1087 3134 —
1134 3103 1383 3144 Célibataire
1422 3101 1551 3143 établi
1575 3132 1584 3150 ,
1630 3102 1679 3141 35
1716 3112 1792 3140 ans
1818 3131 1824 3146 ,
1879 3100 1985 3139 beau

861 3159 1053 3210 magasin
1076 3191 1085 3207 ,
1119 3158 1291 3197 fortune
1323 3156 1472 3199 20.000
1505 3155 1576 3203 fr.,
1626 3154 1868 3203 épouserait
1915 3153 1990 3192 de¬

863 3211 1055 3252 moiselle
1076 3223 1127 3251 en
1150 3215 1318 3262 rapport
1339 3210 1456 3260 d’âge
1478 3217 1516 3248 et
1540 3207 1715 3247 d’avoir.

915 3303 1007 3342 538.
1030 3323 1080 3330 —
1116 3299 1383 3347 Célibataire,
1422 3298 1472 3336 26
1495 3307 1586 3344 ans,
1627 3299 1918 3346 commerçant
1936 3304 1987 3332 en

864 3367 959 3406 gros
982 3386 991 3403 ,
1048 3354 1284 3404 épouserait
1323 3347 1571 3391 demoiselle
1614 3348 1811 3387 instruite
1859 3351 1991 3398 ayant

870 3408 1012 3459 12.000
1035 3407 1086 3448 fr.

922 3490 1067 3530 549.—
1088 3487 1354 3533 Célibataire,
1378 3486 1427 3524 26
1448 3495 1538 3531 ans,
1563 3484 1731 3523 fortune
1752 3482 1899 3521 25.000
1920 3481 1990 3526 fr.,

866 3543 1112 3594 espérances
1144 3538 1299 3579 60.000
1322 3538 1391 3587 fr.,
1430 3539 1731 3587 commerçant,
1755 3533 1991 3583 épouserait

864 3594 1114 3638 demoiselle
1144 3595 1456 3645 commerçante
1477 3595 1608 3642 ayant
1639 3587 1784 3628 15.000
1804 3586 1855 3626 fr.

920 3680 1010 3721 552.
1035 3703 1083 3708 —
1114 3678 1273 3719 Ancien
1294 3675 1520 3727 capitaine,
1544 3672 1666 3714 4.200
1687 3672 1739 3712 fr.
1763 3672 1814 3712 de
1836 3677 1988 3722 rentes,

866 3735 916 3775 56
954 3745 1043 3780 ans,
1083 3731 1323 3783 épouserait
1363 3742 1495 3770 veuve
1535 3739 1632 3768 sans
1669 3727 1848 3775 enfants,
1889 3738 1991 3767 avec

868 3787 984 3830 avoir
1005 3795 1043 3828 et
1064 3786 1163 3828 bien
1184 3785 1343 3827 élevée.

921 3867 1012 3907 553.
1037 3888 1086 3895 —
1124 3863 1247 3911 Veuf,
1271 3864 1321 3903 65
1341 3874 1431 3910 ans,
1452 3860 1716 3912 agriculteur
1735 3860 1786 3899 de
1810 3858 1993 3910 premier

870 3923 1003 3970 ordre,
1026 3920 1196 3960 fortune
1218 3915 1366 3956 60.000
1387 3916 1456 3966 fr.,
1479 3914 1719 3967 épouserait
1739 3924 1871 3953 veuve
1893 3912 1992 3962 âgée

868 3978 919 4016 de
942 3974 1037 4027 pins
1058 3974 1108 4012 de
1130 3972 1179 4011 50
1199 3982 1289 4019 ans,
1312 3975 1442 4019 ayant
1463 3968 1583 4008 2.000
1609 3967 1660 4007 fr.
1692 3967 1743 4004 de
1766 3970 1915 4011 rentes,
1939 3975 1991 4002 ou

871 4040 1003 4070 veuve
1042 4030 1172 4078 ayant
1207 4023 1259 4063 de
1271 4022 1471 4072 •grandes
1501 4019 1744 4071 propriétés,
1768 4018 1908 4056 même
1943 4026 1995 4054 en

870 4083 1059 4134 Afrique.

921 4159 1071 4200 558.—
1090 4154 1355 4203 Célibataire,
1374 4152 1425 4191 32
1446 4154 1678 4202 ans,ayant
1701 4146 1930 4199 profession
1948 4144 1997 4184 li¬

871 4212 1011 4255 bérale
1034 4214 1114 4252 très
1132 4210 1354 4258 lucrative,
1379 4206 1550 4247 fortune
1571 4202 1716 4245 50.000
1732 4202 1803 4252 fr.,
1824 4203 1998 4252 épouse¬

871 4268 950 4307 rait
967 4263 1215 4306 demoiselle
1237 4267 1367 4314 ayant
1388 4261 1459 4300 dot
1484 4259 1652 4299 100.000
1675 4258 1726 4296 fr.

927 4350 1016 4391 562.
1044 4372 1090 4378 —
1128 4346 1394 4394 Célibataire,
1416 4343 1467 4383 40
1488 4355 1578 4391 ans,
1602 4346 1731 4392 ayant
1765 4338 1998 4390 profession

874 4403 1051 4444 libérale
1074 4403 1153 4441 très
1172 4398 1397 4443 lucrative,
1415 4396 1654 4446 épouserait
1675 4390 1923 4431 demoiselle
1946 4400 1998 4427 en

872 4460 1044 4509 rapport
1064 4454 1196 4504 d’âge,
1221 4456 1351 4502 ayant
1377 4449 1448 4487 100
1471 4449 1546 4488 000
1566 4447 1618 4487 fr.

927 4539 1017 4579 568.
1042 4560 1092 4567 —
1112 4535 1276 4582 Prince,
1298 4531 1389 4574 seul
1413 4528 1670 4571 descendant
1687 4527 1815 4567 d’une
1836 4523 2002 4564 famille

875 4599 1006 4646 ayant
1033 4592 1274 4641 longtemps
1311 4586 1439 4638 régné
1476 4595 1552 4626 sur
1593 4594 1674 4623 une
1711 4582 1786 4622 des
1824 4576 2004 4630 grandes

876 4648 1121 4698 puissances
1152 4643 1203 4683 de
1232 4642 1439 4691 l’Europe,
1476 4638 1579 4680 allié
1611 4650 1694 4678 aux
1726 4634 1904 4687 grandes
1936 4633 2002 4673 fa¬

877 4699 1020 4739 milles
1063 4698 1294 4748 princières
1348 4695 1595 4746 d’Espagne,
1635 4691 1923 4742 d’Angleterre
1962 4692 2003 4727 et

878 4751 1108 4801 d’ailleurs,
1131 4753 1207 4803 âgé
1227 4751 1278 4792 de
1300 4750 1348 4788 30
1370 4759 1460 4798 ans,
1483 4747 1720 4799 épouserait
1755 4743 1874 4786 riche
1907 4742 2002 4795 plé¬

880 4806 1075 4846 béienne.

934 4893 1023 4934 580.
1050 4914 1096 4922 —
1127 4893 1318 4933 Boucher
1354 4890 1500 4938 établi,
1543 4890 1592 4928 39
1632 4900 1723 4935 ans,
1764 4886 2003 4938 épouserait

879 4945 1126 4987 demoiselle
1143 4958 1196 4984 ou
1218 4958 1354 4985 veuve
1375 4942 1600 4996 possédant
1619 4942 1739 4992 8,000
1760 4940 1812 4979 fr.

935 5024 1026 5064 581.
1051 5046 1099 5052 —
1128 5023 1332 5072 Boucher,
1374 5023 1614 5063 richement
1640 5019 1786 5068 établi,
1827 5018 1875 5058 27
1914 5028 2003 5066 ans,

882 5078 948 5118 lils
970 5076 1147 5128 unique,
1170 5082 1336 5126 parents
1366 5075 1518 5123 riches,
1559 5074 1799 5126 épouserait
1830 5071 2000 5111 demoi¬

880 5131 983 5171 selle
1004 5130 1103 5171 bien
1123 5128 1282 5178 élevée,
1306 5128 1527 5180 possédant
1550 5128 1690 5178 10,000
1711 5127 1760 5166 fr.

935 5220 1026 5262 587.
1058 5242 1107 5248 —
1148 5218 1271 5266 Veuf,
1314 5219 1362 5257 37
1406 5230 1495 5268 ans,
1538 5218 1707 5258 fortune
1748 5216 1892 5262 18,000
1934 5215 2003 5264 fr.,

882 5278 1014 5324 ayant
1032 5282 1270 5311 commerce
1289 5272 1499 5319 prospère,
1522 5275 1688 5319 rapport
1727 5270 1779 5308 de
1808 5269 1928 5308 6.000
1950 5267 2004 5307 fr.

884 5338 959 5378 par
978 5336 1047 5372 an,
1070 5322 1308 5374 épouserait
1327 5334 1458 5361 veuve
1481 5321 1580 5361 bien
1596 5322 1754 5371 élevée,
1771 5332 1871 5360 avec
1890 5319 2008 5359 avoir

882 5384 931 5420 de
954 5378 1099 5427 20,000
1122 5375 1278 5416 francs.

938 5462 1027 5502 586.
1052 5482 1103 5489 —
1131 5458 1296 5499 Officier
1324 5459 1374 5499 de
1403 5457 1590 5507 l’armée,
1630 5458 1704 5508 âgé
1743 5456 1792 5496 de
1832 5457 1880 5495 30
1914 5467 2006 5502 ans,

882 5513 1122 5567 épouserait
1142 5512 1390 5552 demoiselle
1419 5523 1471 5550 en
1504 5514 1672 5562 rapport
1707 5510 1839 5560 d’âge,
1876 5515 2010 5560 ayant

885 5568 1062 5618 150.000
1083 5566 1240 5607 francs.

939 5650 1028 5692 594.
1054 5673 1103 5679 —
1124 5647 1388 5696 Célibataire,
1411 5648 1460 5688 28
1482 5659 1571 5698 ans,
1595 5647 1764 5687 fortune
1784 5647 1931 5695 20,000
1952 5646 2006 5684 fr.

884 5710 1016 5758 ayant
1032 5712 1272 5743 commerce
1294 5700 1395 5740 d’un
1415 5706 1582 5763 rapport
1602 5700 1763 5740 annuel
1795 5699 1847 5739 de
1886 5699 2010 5749 4,000

887 5762 956 5808 fr.,
980 5758 1078 5808 plus
1111 5767 1194 5795 une
1232 5760 1351 5794 autre
1388 5755 1554 5795 maison
1594 5766 1646 5792 en
1683 5752 1914 5803 Amérique
1946 5751 2010 5791 lui

885 5814 1129 5864 rapportant
1155 5808 1268 5858 1,500
1291 5807 1360 5856 fr.,
1383 5807 1622 5856 épouserait
1639 5804 1887 5847 demoiselle
1909 5817 2008 5845 avec

887 5870 959 5910 dot
979 5866 1031 5906 de
1056 5863 1203 5911 20,000
1226 5861 1380 5900 francs.

942 5955 1031 5999 596.
1055 5975 1106 5984 —
1126 5950 1391 5998 Célibataire,
1414 5947 1464 5990 54
1484 5959 1573 5996 ans,
1596 5950 1766 5988 fortune
1787 5948 1932 5998 60,000
1954 5947 2006 5987 fr.

887 6007 1128 6064 épouserait
1175 6002 1425 6044 demoiselle
1472 6013 1527 6040 ou
1575 6014 1740 6050 veuve,
1792 6001 2014 6052 possédant

888 6064 1035 6116 30.000
1058 6063 1214 6101 francs.

2111 599 2242 642 Nous
2287 595 2503 639 donnons
2554 590 2818 635 ci-dessous
2863 586 3084 630 l'adresse
3124 586 3180 629 de

2055 665 2164 707 MM.
2207 662 2274 707 les
2311 662 2517 706 notaires
2550 658 2606 701 de
2642 656 2686 700 la
2716 655 2820 700 ville
2847 654 2903 698 de
2934 651 3178 707 Marseille,

2055 731 2133 787 qui
2166 741 2338 786 pourra
2367 730 2464 770 être
2498 723 2606 768 utile
2639 736 2752 779 pour
2783 722 2847 766 les
2882 722 3094 765 contrats
3127 716 3182 759 de

3319 589 3660 670 Maisons
3731 583 4328 666 Recommandées

2055 807 2268 849 mariage
2290 808 2298 836 :

2109 895 2204 934 MM.
2241 894 2447 940 Sabatier,
2469 902 2545 931 rue
2565 889 2749 940 Paradis,
2779 890 2835 926 17.

2243 947 2463 999 ltaynaud,
2487 955 2562 984 rue
2584 943 2766 987 Paradis,
2788 940 2854 980 24.

2240 999 2416 1050 Gaudet,
2442 1009 2516 1039 rue
2539 996 2720 1043 Paradis,
2743 995 2808 1035 46.

2242 1054 2439 1105 Casquet,
2459 1063 2536 1092 rue
2554 1050 2738 1096 Paradis,
2761 1048 2825 1088 57.

2243 1107 2439 1155 Ferrand,
2463 1115 2538 1145 rue
2559 1102 2743 1148 Paradis,
2767 1102 2830 1141 59.

2241 1160 2394 1209 Brezet,
2418 1170 2491 1199 rue
2515 1155 2696 1206 Paradis,
2721 1156 2784 1194 68.

2242 1214 2291 1252 de
2316 1214 2451 1263 Laget,
2474 1222 2549 1250 rue
2570 1204 2892 1252 Saint-Ferréol,
2915 1206 2954 1243 7.

2242 1265 2512 1316 Delanglade,
2535 1275 2610 1303 rue
2627 1258 2952 1304 Saint-Ferréol,
2976 1258 3044 1296 29.

2242 1320 2384 1369 Benet,
2406 1331 2483 1358 rue
2502 1314 2823 1362 Saint-Ferréol,
2846 1312 2911 1352 30.

2242 1371 2486 1424 Provençal,
2508 1382 2583 1410 rue
2603 1366 2930 1415 Saint-Ferréol,
2954 1364 3022 1406 50.

2240 1415 2462 1475 Bouteille,
2486 1435 2559 1463 rue
2580 1419 2899 1470 Saint-Ferréol,
2928 1419 2992 1458 52.

2241 1479 2478 1528 Estrangin,
2502 1490 2575 1516 rue
2595 1474 2920 1523 Saint-Ferréol,
2943 1472 3009 1512 54.

2243 1532 2443 1582 Jourdan,
2464 1543 2539 1571 rue
2560 1527 2880 1570 Saint-Ferréol,
2904 1524 2967 1567 59.

2242 1586 2397 1637 Sayou,
2420 1596 2495 1624 rue
2516 1581 2841 1630 Saint-Ferréol,
2866 1579 2928 1619 78.

2244 1639 2402 1686 Perrin,
2426 1650 2500 1678 rue
2522 1635 2784 1686 Montgrand,
2808 1634 2875 1673 38.

2246 1688 2579 1739 Taxil-Fortoul,
2602 1702 2676 1728 rue
2699 1686 2959 1736 Montgrand,
2983 1686 3047 1724 48.

2244 1744 2387 1790 Alliés,
2411 1755 2488 1783 rue
2505 1740 2767 1791 Montgrand,
2788 1740 2852 1779 62.

2244 1799 2378 1846 Àzaïs,
2403 1810 2476 1836 rue
2499 1795 2548 1835 de
2571 1795 2610 1834 la
2630 1794 2770 1842 Darse,
2794 1794 2828 1831 5.

2246 1851 2438 1902 Laugier,
2463 1862 2536 1891 rue
2558 1850 2608 1888 de
2629 1847 2671 1888 la
2691 1848 2829 1895 Darse,
2851 1845 2916 1887 29.

2247 1905 2470 1958 Raynaud,
2494 1916 2567 1943 rue
2586 1902 2787 1947 Noailles,
2810 1903 2849 1942 7.

2246 1959 2466 2008 Dessuard,
2491 1968 2564 1996 rue
2584 1955 2784 2002 Noailles,
2815 1955 2871 1993 18.

2248 2012 2438 2063 Laugier,
2461 2022 2535 2050 rue
2554 2007 2826 2053 Cannebière,
2850 2007 2887 2045 5.

2245 2065 2472 2113 Decormis,
2498 2075 2571 2102 rue
2592 2060 2793 2110 Grignan,
2818 2059 2880 2099 56.

2245 2119 2368 2167 Latil,
2394 2130 2466 2158 rue
2487 2116 2643 2165 Sainte,
2672 2115 2704 2155 1.

2245 2171 2437 2222 Giraudi,
2459 2182 2584 2212 cours
2599 2166 2888 2215 Saint-Louis,
2912 2164 2949 2207 3.

2243 2227 2384 2278 Blanc,
2404 2239 2480 2267 rue
2500 2226 2551 2266 de
2575 2223 2748 2272 l’Arbre,
2772 2222 2810 2262 9.

2246 2282 2465 2328 Roubaud,
2490 2291 2565 2320 rue
2586 2279 2636 2318 de
2657 2275 2698 2316 la
2719 2274 3004 2326 République,
3031 2270 3092 2310 15.

2243 2336 2391 2385 Gavot,
2415 2347 2490 2374 rue
2510 2334 2565 2374 du
2589 2333 2777 2379 Bausset,
2799 2327 2838 2367 4.

2166 2538 2318 2611 LE
2386 2528 3082 2609 PRINTEMPS

3278 809 3491 943 LE
3594 805 4367 943 CHINOIS

3404 975 3708 1026 CHAPEAUX
3744 975 3812 1023 EN
3847 978 3987 1026 TOUS
4023 975 4234 1025 GENRES

3282 1058 3557 1100 COIFFURES
3595 1055 3727 1096 POUR
3768 1054 4044 1098 MESSIEURS
4087 1055 4151 1094 ET
4191 1054 4355 1094 DAMES

3562 1138 3832 1175 FRAICHEURS,
3866 1137 3942 1164 RON
3971 1138 4078 1168 GOUT

3343 1200 3492 1238 Haute
3513 1199 3775 1238 Nouveauté
3795 1196 3849 1235 de
3867 1195 4028 1248 forme,
4051 1188 4272 1250 Élégance
4279 1227 4288 1244 ,

3682 1259 3957 1316 Originalité

3547 1335 3766 1376 Spécialité
3787 1335 3838 1368 de
3862 1335 3902 1367 la
3926 1332 4083 1365 Maison

3255 1392 3438 1439 Coiffures
3459 1395 3583 1440 riches
3604 1394 3827 1440 d’intérieur
3844 1399 3883 1440 et
3904 1395 3950 1440 de
3970 1394 4114 1439 Bureau
4143 1403 4279 1449 (v«à«
4290 1404 4379 1451 «à)

3661 1467 3760 1506 Prix
3788 1466 3984 1507 Modérés

3331 1531 3450 1578 26,
3494 1531 3654 1571 Rue
3702 1533 4168 1579 Oaianek»iè>i’e,
4206 1531 4307 1571 26

3255 1654 3497 1769 ARMES
3547 1653 3629 1768 OE
3683 1652 3943 1766 CHÂSSE
3989 1657 4075 1765 ET
4135 1657 4220 1769 DE
4259 1654 4383 1769 TIR

3376 1808 3672 1870 §épaiations,
3714 1843 3719 1865 (
3723 1795 3962 1870 Échanges,
3991 1806 4259 1868 Nettoyages

3262 1908 3798 1974 BERNARD
3851 1923 3962 1961 rue
3988 1903 4270 1968 Paradis,
4305 1907 4380 1956 32

3310 2055 3650 2152 Entreprise
3696 2057 3764 2131 de
3806 2058 4332 2156 Déménagements

3443 2171 3554 2212 Pour
3584 2183 3634 2212 la
3663 2172 3824 2212 France
3855 2183 3905 2211 et
3934 2172 4196 2212 l’Etranger

3394 2259 3634 2303 PRIX
3709 2247 4246 2306 MODÉRÉS

3327 2342 3468 2368 Cadres

3381 2393 3416 2420 et

3309 2450 3343 2476 NV
3351 2451 3375 2474 A
3385 2450 3405 2475 G
3414 2449 3436 2474 O
3447 2451 3467 2475 N
3478 2448 3498 2474 S

3296 2496 3498 2537 capitonnés

3270 2565 3352 2598 pour
3378 2556 3526 2590 Meubles

3798 2346 3864 2370 LES

3574 2382 3858 2461 Béménageuses
3896 2379 4076 2447 Favorites

3630 2463 3810 2588 mis
3846 2483 3890 2587 i
3930 2482 3998 2590 r

4125 2414 4363 2442 ASSURANCES

4184 2464 4303 2495 contre

4156 2513 4335 2548 l’Incendie

4232 2568 4262 2594 et

2219 2732 2296 2772 Les
2316 2732 2451 2772 beaux
2470 2730 2588 2780 jours
2607 2741 2650 2770 se
2671 2726 2915 2773 succèdent,

2218 2787 2271 2826 Le
2294 2784 2448 2825 monde
2470 2795 2520 2824 en
2542 2790 2602 2823 est
2624 2782 2782 2822 témoin
2802 2794 2810 2829 ;

2222 2840 2249 2878 A
2270 2838 2438 2890 l’espoir
2456 2838 2517 2878 les
2536 2847 2674 2878 cœurs
2695 2835 2846 2876 cèdent
2870 2848 2878 2875 :

2220 2894 2272 2932 La
2296 2894 2530 2944 printemps
2550 2891 2654 2931 n’est
2677 2902 2748 2939 pas
2770 2888 2872 2928 loin.

2219 2948 2280 2986 An
2304 2944 2408 2995 bois,
2431 2944 2470 2984 le
2492 2944 2622 2985 merle
2643 2943 2796 2984 chante

2219 3000 2270 3039 Sa
2290 2998 2464 3040 roulade
2487 2998 2715 3038 touchante
2741 3010 2749 3037 :

2220 3054 2338 3094 Voici
2362 3052 2495 3097 venir,
2519 3051 2628 3091 voici
2651 3051 2768 3090 venir

2222 3107 2296 3148 Les
2315 3107 2458 3156 fleurs,
2480 3104 2664 3145 l’amour
2684 3110 2723 3143 et
2744 3103 2780 3143 le
2806 3100 2966 3153 plaisir.

2221 3203 2320 3254 Déjà
2344 3203 2402 3242 les
2422 3200 2678 3251 primevères

2220 3255 2449 3295 Emaillent
2470 3253 2531 3295 les
2549 3263 2716 3303 gazons,

2222 3311 2296 3348 Les
2315 3319 2510 3348 mamans
2528 3330 2579 3336 —
2602 3306 2740 3346 moins
2759 3306 2940 3352 sévères,

2224 3362 2328 3402 Vont
2348 3363 2496 3402 ouvrir
2516 3362 2578 3400 les
2599 3360 2784 3399 maisons
2806 3372 2814 3407 ;

2222 3415 2311 3453 Aux
2331 3415 2494 3464 Pâques
2514 3414 2590 3462 qui
2610 3423 2652 3451 se
2674 3412 2820 3456 fêtent,

2224 3467 2299 3504 Les
2319 3466 2469 3514 jeunes
2490 3474 2590 3512 gens
2611 3463 2799 3510 répètent
2824 3473 2832 3499 :

2227 3516 2342 3556 Voici
2364 3516 2496 3565 venir,
2523 3515 2632 3554 voici
2655 3512 2774 3554 venir

2225 3571 2300 3611 Les
2319 3571 2462 3620 fleurs,
2489 3569 2668 3608 l’amour
2687 3572 2727 3608 et
2751 3568 2787 3608 le
2811 3566 2972 3618 plaisir.

2226 3668 2278 3710 De
2301 3668 2403 3718 loin,
2424 3681 2496 3708 sur
2518 3667 2679 3707 l’herbe
2703 3665 2863 3714 tendre,

2223 3723 2277 3763 Le
2299 3722 2477 3774 paisible
2497 3720 2670 3771 grillon,

2224 3778 2286 3818 Au
2307 3775 2428 3818 soleil
2451 3776 2528 3816 fait
2548 3772 2748 3815 entendre

2223 3832 2304 3871 Son
2325 3831 2440 3879 léger
2462 3827 2655 3868 carillon.

2225 3884 2409 3923 Roulant
2428 3891 2501 3920 son
2524 3878 2632 3916 onde
2657 3888 2775 3927 pure,

2226 3938 2279 3975 Le
2303 3935 2404 3974 frais
2423 3932 2615 3971 ruisseau
2639 3940 2863 3968 murmure
2886 3940 2894 3967 :

2229 3987 2346 4026 Voici
2366 3984 2500 4033 venir,
2521 3983 2631 4022 voici
2654 3982 2771 4020 venir

2228 4040 2303 4079 Les
2321 4039 2464 4087 fleurs,
2488 4036 2668 4077 l’amour
2690 4037 2730 4074 et
2750 4033 2786 4072 le
2807 4029 2967 4082 plaisir.

2227 4139 2291 4179 Au
2315 4139 2491 4187 bosquet
2509 4131 2714 4176 solitaire,

2227 4193 2380 4233 Courez
2400 4191 2551 4241 jeunes
2571 4190 2751 4234 amants,

2231 4252 2260 4286 A
2282 4244 2460 4285 l’ombre
2482 4243 2537 4282 du
2559 4242 2746 4292 mystère

2230 4299 2408 4347 Répéter
2431 4306 2500 4335 vos
2521 4299 2743 4333 serments.

2230 4351 2335 4390 Sous
2358 4348 2415 4387 les
2435 4348 2590 4393 arbres,
2613 4346 2654 4384 la
2674 4343 2786 4383 brise

2234 4403 2345 4442 Vous
2364 4402 2511 4440 souffle
2532 4410 2632 4436 avec
2651 4394 2810 4446 reprise
2833 4407 2840 4434 :

2235 4455 2350 4495 Voici
2372 4453 2506 4500 venir,
2532 4449 2640 4490 voici
2661 4447 2782 4488 venir

2234 4510 2310 4550 Les
2328 4508 2468 4556 fleurs,
2492 4504 2675 4544 l’amour
2695 4507 2734 4542 et
2758 4500 2794 4541 le
2817 4499 2975 4552 plaisir.

2948 4595 2995 4637 N.
3019 4595 3066 4636 V.

3321 2623 3480 2664 précieux
3598 2619 3684 2651 Maison
3710 2618 3883 2660 coniplMcin«nt
3910 2628 3936 2649 en
3962 2616 4046 2656 délia»
4114 2616 4195 2656 CASSE
4227 2614 4371 2656 GARANTIE

3342 2688 3460 2696 -
3710 2669 3738 2699 de
3758 2671 3806 2700 lont
3824 2667 3937 2708 Monopole
4187 2691 4308 2699 __

3363 2746 3470 2791 Bourse
3487 2744 3686 2791 Immobilière.
3698 2770 3754 2776 —
3772 2746 3855 2794 Vente
3876 2746 3903 2794 et
3921 2744 4045 2792 location
4066 2744 4264 2792 d’immeubles

3258 2827 3488 2870 MARSEILLE—
3502 2827 3587 2870 Rue
3603 2826 3798 2870 Pavillon
3804 2830 3813 2878 ,
3831 2830 3868 2880 4,
3883 2840 3935 2872 au
3948 2828 4196 2884 Magasin—
4212 2828 4382 2868 MARSEILLE

3463 2990 3580 3046 A.
3620 2990 4188 3047 Vendre

3261 3094 3500 3197 UNE
3585 3091 3922 3198 JOLIE
4013 3090 4380 3197 VILLA

3514 3228 3579 3270 Au
3612 3230 4124 3272 VALLON-DE-L’ORIOL

3257 3318 3319 3358 Au
3343 3319 3722 3359 rez-de-chaussée
3752 3332 3760 3359 :
3793 3319 3972 3363 cuisine,
4016 3316 4150 3363 salon,
4192 3316 4296 3354 salle
4335 3315 4387 3354 de

3312 3371 3449 3416 bains,
3482 3372 3606 3416 petite
3639 3371 3842 3407 chambre
3862 3370 3912 3407 de
3934 3368 4146 3416 débarras,
4171 3366 4280 3407 belle
4304 3372 4387 3409 ter¬

3315 3431 3424 3458 rasse
3446 3426 3485 3458 et
3507 3419 3655 3459 lavoir.

3260 3482 3321 3522 Au
3345 3483 3530 3531 premier
3552 3496 3560 3523 :
3587 3483 3684 3524 trois
3703 3484 3883 3536 grandes
3903 3485 4128 3528 chambres
4154 3494 4194 3528 et
4215 3491 4384 3530 cabinet

3311 3551 3334 3576 a
3374 3539 3479 3587 côté,
3511 3538 3751 3589 poulailler,
3798 3539 3833 3579 la
3841 3540 3911 3591 pin
3918 3540 4002 3580 1ère
4035 3547 4075 3581 et
4118 3542 4303 3590 latrines,
4335 3555 4388 3582 en

3219 3591 3227 3630 I
3312 3592 3403 3631 face
3440 3592 3542 3630 trois
3579 3592 3715 3629 beaux
3756 3592 3879 3639 petits
3913 3592 4076 3639 jardins
4123 3594 4390 3639 complantés

3314 3643 3498 3684 d’arbres
3519 3642 3706 3683 fruitiers
3726 3649 3766 3683 et
3788 3642 3959 3691 treilles,
3984 3642 4112 3695 prises
4134 3643 4383 3695 d’arrosage.

3489 3735 3671 3776 Prix
3707 3744 3716 3777 :
3763 3735 4032 3785 14,000
4064 3738 4150 3778 fr.

3500 3860 3584 3902 A
3632 3860 4150 3904 VENDRE

3271 3943 3817 4013 PETITE
3915 3945 4383 4019 VILLA

3581 4044 3643 4085 Au
3676 4043 4072 4089 Vallon-de-l'Oriol

3495 4117 3692 4158 Prix
3725 4132 3735 4159 :
3771 4119 4031 4168 7,000
4068 4123 4165 4163 fr.

3463 4278 3548 4349 A
3609 4279 4186 4353 VENDRE

3272 4379 3572 4438 Une
3630 4393 4395 4454 campagne

3521 4488 3567 4552 A
3619 4487 4151 4557 SAINT-MARCEL

3375 4580 3669 4627 Ancienne
3720 4585 3967 4642 fabrique
4019 4588 4084 4630 de
4139 4586 4298 4628 tuiles

2126 4795 2315 4851 L’Office
2346 4790 2583 4833 Mondonet
2602 4790 2663 4827 est
2690 4791 2843 4827 ouvert
2864 4789 2960 4824 tous
2987 4786 3047 4824 les
3067 4784 3203 4836 jours

2075 4868 2128 4908 de
2146 4868 2176 4907 2
2195 4863 2352 4905 heures
2371 4862 2398 4900 à
2421 4859 2448 4898 8
2468 4854 2624 4898 heures
2642 4854 2706 4892 du
2734 4854 2825 4892 soir
2851 4855 2890 4891 et
2927 4851 2988 4890 les
3023 4850 3203 4891 diman¬

2075 4932 2172 4971 ches
2192 4934 2231 4971 et
2251 4930 2359 4982 fêtes
2380 4927 2432 4966 de
2456 4926 2480 4965 9
2503 4920 2658 4963 heures
2676 4922 2702 4958 à
2724 4917 2855 4957 midi.

3579 4675 3683 4714 JOLI
3716 4675 3867 4715 POINT
3897 4676 3960 4715 DE
3992 4675 4088 4714 VUE

3278 4754 3476 4794 Très
3526 4754 3680 4803 k>oxi
3730 4765 3935 4803 pour
3988 4752 4060 4790 la
4114 4750 4396 4795 chasse

3371 4835 3776 4882 CONTENANCE
3810 4845 3819 4871 :
3854 4835 4023 4882 2-500
4054 4827 4299 4884 MÈTRES

3279 4918 3382 4971 Près
3406 4918 3443 4971 le
3466 4918 3650 4972 château
3674 4916 3724 4972 de
3750 4918 3804 4972 M.
3834 4918 3870 4972 le
3900 4920 4087 4990 marquis
4127 4920 4178 4972 de
4210 4916 4400 4971 Coriolis

2135 5123 2544 5200 THÉÂTRES
2601 5132 2692 5193 ET
2749 5123 3146 5193 CONCERTS

2134 5340 2314 5376 Palais
2323 5340 2339 5375 -
2347 5339 2415 5375 de
2423 5337 2439 5375 -
2451 5334 2655 5375 Cristal
2663 5362 2672 5371 .
2717 5352 2763 5358 —
2803 5327 2859 5367 On
2899 5336 3091 5366 annonce
3133 5334 3206 5374 pas

2080 5403 2221 5443 moins
2239 5403 2289 5443 de
2310 5402 2409 5452 cinq
2442 5400 2608 5442 débuts.
2646 5396 2720 5438 Les
2754 5395 2976 5442 Montrose,
3014 5391 3075 5431 les
3105 5388 3207 5442 plus

2082 5468 2184 5510 forts
2204 5470 2418 5509 acrobates
2438 5466 2491 5506 du
2518 5465 2686 5507 monde,
2719 5462 2968 5503 obtiennent
3011 5464 3106 5499 tous
3147 5456 3207 5496 les

2082 5534 2188 5574 soirs
2227 5547 2283 5574 un
2323 5534 2470 5574 succès
2502 5530 2694 5576 colossal,
2735 5528 2844 5568 ainsi
2881 5538 2965 5579 que
3006 5526 3075 5564 M“*
3112 5523 3206 5563 Du-

2083 5599 2243 5652 fresny,
2268 5598 2422 5640 l’étoile
2444 5596 2516 5638 des
2535 5598 2728 5638 Concerts
2760 5594 2811 5633 de
2844 5590 2963 5631 Paris
2982 5603 2991 5639 ;
3035 5591 3072 5630 le
3104 5589 3207 5640 petit

2082 5663 2257 5713 Lucien,
2279 5675 2364 5705 une
2385 5667 2503 5703 autre
2524 5662 2651 5703 étoile
2674 5672 2682 5707 ;
2715 5659 2763 5698 M.
2783 5663 2821 5698 et
2843 5656 2914 5695 M“
2936 5654 3142 5703 Laforgue
3167 5655 3206 5692 et

2086 5730 2210 5782 Mély,
2241 5730 2312 5771 des
2340 5727 2563 5770 duettistes
2592 5723 2815 5775 originaux
2883 5719 2976 5760 Mlle
2998 5718 3202 5767 Gaëtana,

2085 5807 2168 5835 une
2206 5795 2438 5836 chanteuse
2473 5793 2523 5832 de
2561 5802 2703 5843 genre,
2730 5796 2826 5835 etc.,
2862 5792 2939 5827 etc.
2980 5783 3207 5826 Dernières

2085 5861 2435 5912 représentations
2454 5858 2527 5899 des
2546 5859 2723 5907 Regans,
2746 5855 2819 5895 des
2838 5852 3002 5903 O’Mers,
3027 5851 3089 5892 les
3120 5851 3208 5894 rois

2083 5927 2142 5967 du
2171 5927 2215 5964 fil
2246 5927 2295 5966 de
2334 5927 2398 5966 fer
2418 5939 2427 5975 ;
2463 5924 2674 5963 immense
2713 5919 2859 5960 succès
2894 5920 2949 5959 du
2988 5919 3204 5971 quadrille

2088 5990 2234 6033 Marcel
2255 5996 2295 6031 et
2314 5992 2364 6031 de
2387 5991 2482 6031 Mlle
2502 5988 2632 6038 Rhéa,
2658 5986 2734 6038 qui
2756 5996 2830 6036 par
2844 5995 2907 6026 ses
2923 5985 3084 6027 bonnes
3103 5998 3191 6038 qua

2084 6058 2180 6099 lités
2199 6056 2250 6096 de
2270 6056 2500 6099 chanteuse
2522 6060 2561 6095 et
2583 6064 2656 6106 par
2676 6063 2720 6092 sa
2742 6052 2894 6093 beauté
2931 6064 2955 6091 a
2987 6064 3037 6092 su
3060 6050 3207 6099 capti¬

2086 6136 2156 6164 ver
2174 6122 2460 6164 I'admiiation
2485 6123 2536 6164 de
2558 6127 2668 6162 tous.

3587 5099 3644 5166 A
3691 5094 4080 5167 VENDRE

3276 5214 3497 5262 «Jolie
3523 5212 3753 5258 Villa,
3782 5211 3831 5253 à
3860 5207 3940 5252 la
3970 5203 4399 5258 Gorniohe

3330 5295 3482 5333 Portail
3506 5298 3544 5331 et
3564 5291 3688 5340 grille
3719 5301 3770 5328 en
3803 5288 3867 5328 fer
3896 5287 4026 5344 forgé,
4060 5293 4250 5334 donnant
4282 5290 4405 5331 accès

3278 5358 3330 5386 au
3352 5344 3492 5396 jardin
3514 5343 3655 5395 planté
3670 5343 3719 5382 de
3736 5354 3830 5392 gros
3844 5346 3984 5387 arbres
4004 5348 4194 5388 formant
4213 5354 4395 5392 avenue,

3277 5411 3331 5439 au
3353 5398 3505 5439 milieu
3525 5396 3584 5446 jet
3603 5395 3724 5436 d’eau
3742 5412 3751 5447 ;
3776 5398 3800 5438 à
3819 5399 3967 5450 droite,
3993 5411 4051 5440 un
4071 5399 4179 5435 beau
4222 5394 4400 5444 pigeon¬

3278 5455 3371 5495 nier
3391 5459 3430 5493 et
3451 5450 3656 5502 lapinière
3675 5464 3683 5502 ;
3707 5452 3811 5495 dans
3834 5467 3915 5495 une
3944 5462 4048 5494 cour
4068 5448 4400 5502 indépendante,

3278 5507 3409 5558 grand
3448 5503 3674 5555 poulailler
3712 5515 3751 5548 et
3789 5508 3989 5559 greniers.
4025 5500 4266 5543 Habitation
4303 5519 4311 5547 :
4344 5518 4399 5546 au

3278 5557 3646 5603 rez-de-chaussée
3686 5574 3770 5602 une
3808 5556 3963 5609 grande
4002 5554 4183 5607 cuisine,
4208 5570 4290 5599 une
4318 5559 4401 5600 dé¬

3280 5624 3419 5664 pense,
3444 5626 3526 5655 une
3547 5620 3720 5664 cavette,
3743 5623 3826 5652 une
3848 5609 3975 5659 petite
3995 5608 4111 5658 pièce
4132 5623 4238 5663 pour
4255 5614 4393 5663 bains,

3282 5679 3339 5707 un
3356 5667 3565 5710 vestibule
3585 5667 3838 5710 conduisant
3871 5673 3924 5700 au
3958 5660 4074 5703 salon
4112 5677 4211 5707 avec
4234 5666 4402 5707 chemi-

3279 5721 3434 5764 minée.
3475 5723 3537 5764 Au
3576 5719 3772 5772 premier,
3796 5714 3907 5755 deux
3935 5717 4112 5765 grandes
4143 5721 4280 5772 pièces
4303 5731 4399 5771 per¬

3278 5779 3371 5818 cées
3390 5778 3440 5818 de
3462 5778 3560 5826 cinq
3582 5772 3775 5817 fenêtres,
3806 5780 3890 5808 une
3924 5770 4127 5814 chambre
4162 5774 4212 5814 de
4247 5774 4404 5816 bonne,

3281 5831 3316 5872 le
3343 5836 3432 5871 tout
3465 5840 3515 5869 en
3547 5822 3700 5875 parfait
3738 5826 3835 5863 état.
3878 5821 4066 5877 Terrain,
4108 5827 4288 5868 environ
4328 5822 4407 5860 220

3279 5888 3447 5931 mètres,
3488 5876 3642 5927 grande
3689 5876 3931 5931 vérandha,
3979 5881 4138 5923 citerne
4183 5883 4222 5916 et
4269 5874 4402 5924 prises

3278 5940 3510 5981 d’arrosage
3527 5930 3584 5970 du
3606 5930 3742 5971 canal.
3763 5954 3812 5961 --
3834 5934 3927 5975 Prix
3950 5948 3959 5975 :
3987 5932 4163 5982 15,000
4188 5928 4241 5968 fr.

3920 6035 3968 6072 Le
3988 6030 4124 6072 gérant
4144 6038 4156 6060 :
4179 6028 4323 6065 Bonal.

3279 6116 3390 6159 Impr.
3408 6116 3566 6159 spéciale
3590 6119 3639 6154 du
3655 6119 3750 6154 Lien
3778 6120 3832 6151 du
3848 6114 4032 6154 Mariage,
4047 6114 4096 6154 11,
4111 6123 4176 6150 rue
4187 6116 4232 6150 de
4252 6118 4288 6150 la
4302 6115 4407 6148 Paix.
