4712 7064
2095 402 2174 447 LE
2212 403 2364 448 LIEN
2402 403 2854 455 MATRIMONIAL

767 571 857 612 MM.
887 571 1108 619 Dessuard,
1134 582 1208 612 rue
1228 570 1428 618 Noailles,
1461 571 1516 611 18.

884 624 1076 675 Laugier,
1100 637 1175 664 rue
1194 622 1467 672 Cannebière,
1494 626 1531 664 5.

880 678 1111 727 Decormis,
1136 690 1210 718 rue
1231 678 1434 728 Grignan,
1460 678 1524 718 56.

883 731 1006 780 Lal.il,
1031 743 1106 771 rue
1126 731 1284 778 Sainte,
1315 732 1346 771 1.

881 784 1075 832 Giraudi,
1099 795 1224 824 cours
1240 783 1528 833 Saint-Louis,
1554 784 1591 826 3.

882 838 1023 886 Blanc,
1046 848 1120 878 rue
1142 838 1192 877 de
1218 832 1390 886 l’Arbre,
1414 840 1452 879 9.

885 891 1105 939 Roubaud,
1132 903 1206 931 rue
1226 892 1276 931 de
1299 891 1339 930 la
1361 891 1652 942 République,
1681 891 1742 930 15.

882 943 1029 995 Gavot,
1054 956 1128 984 rue
1151 944 1206 984 du
1230 946 1418 995 Baussel,
1442 944 1479 984 4.

692 1396 719 1432 Il
742 1403 798 1432 est
819 1402 954 1443 temps,
978 1398 1096 1443 jeune
1119 1397 1209 1439 fille,
1230 1400 1255 1434 il
1279 1399 1364 1434 faut
1385 1410 1458 1442 que
1482 1406 1522 1436 tu
1547 1406 1580 1438 te
1603 1402 1718 1447 lèves,

692 1455 754 1492 Dis
774 1456 886 1492 adieu
904 1467 998 1502 pour
1018 1458 1191 1504 toujours
1206 1468 1282 1494 aux
1302 1458 1463 1504 plaisirs,
1484 1471 1556 1496 aux
1579 1462 1707 1499 beaux
1727 1462 1835 1500 rêves

883 1516 936 1551 Du
960 1517 1066 1563 foyer
1088 1519 1259 1562 paternel
1286 1518 1294 1552 !

690 1575 820 1619 Quitte
841 1586 938 1622 pour
957 1575 1012 1611 les
1035 1577 1176 1619 soucis,
1202 1583 1239 1612 ta
1259 1576 1362 1623 gaîté
1385 1580 1468 1615 vive
1491 1584 1530 1615 et
1550 1580 1720 1628 franche,

690 1635 788 1671 Orne
812 1640 874 1671 ton
895 1635 997 1671 front
1016 1635 1062 1671 de
1084 1635 1200 1672 fleurs
1222 1641 1258 1674 et
1280 1643 1376 1674 mets
1396 1643 1433 1674 ta
1455 1639 1541 1675 robe
1563 1639 1726 1678 blanche
1751 1653 1758 1678 :

882 1694 1046 1737 Marche,
1074 1695 1228 1732 marche
1251 1698 1271 1732 à
1291 1698 1420 1735 l'autel
1444 1700 1451 1735 !

692 1812 860 1856 Marche,
886 1814 1047 1850 n’hésite
1071 1815 1221 1860 point...
1242 1816 1379 1863 abrège
1400 1823 1434 1853 ta
1459 1819 1582 1864 prière
1606 1833 1614 1862 ;

694 1872 862 1915 Marche,
885 1883 927 1908 va
948 1873 1127 1920 jusqu’au
1154 1875 1252 1918 bout,
1274 1887 1362 1911 sans
1379 1878 1478 1923 jeter
1498 1888 1544 1914 en
1569 1879 1710 1914 arrière

884 1931 962 1970 Une
983 1935 1130 1980 plainte
1151 1945 1196 1971 en
1219 1935 1372 1972 chemin
1397 1936 1404 1971 !

693 1991 844 2027 L’autel
865 1992 1176 2038 resplendissant,
1196 1995 1248 2030 du
1267 1996 1390 2042 prêtre
1412 1999 1543 2032 attend
1569 1996 1702 2032 l’olïice
1723 2010 1731 2039 ;

692 2051 858 2098 Begarde
876 2052 883 2087 !
904 2063 946 2088 ce
966 2054 1061 2089 n’est
1082 2064 1146 2099 pas
1166 2056 1267 2091 celui
1288 2055 1340 2091 du
1358 2056 1526 2092 sacrifice
1548 2067 1555 2091 :

882 2111 978 2148 C’est
998 2114 1098 2149 celui
1120 2114 1166 2150 de
1188 2115 1376 2162 l’hymen.

1959 576 2195 612 Théâtre
2223 578 2419 614 C'iiave.
2451 578 2492 616 —
2536 578 2585 618 M.
2623 578 2728 619 Léon
2772 579 2888 619 Doux
2926 580 3040 620 vient

1906 639 2182 690 d’inaugurer
2219 654 2271 680 an
2311 641 2492 683 Théâtre
2531 643 2670 684 Chave
2718 656 2763 685 sa
2811 646 3040 688 deuxième

1906 706 2040 746 année
2079 706 2129 746 de
2174 706 2412 750 Pfislorn'c.
2466 707 2752 762 L’interprétai
2764 712 2831 752 ion
2878 725 2930 753 en
2980 720 3040 754 est

1906 770 2136 811 excellenle
2159 779 2197 811 et
2223 772 2259 810 la
2283 784 2417 824 vogue
2440 776 2623 816 assurée.

1960 882 2203 919 Alcuxar,
2238 903 2285 908 —
2322 881 2667 931 Représenlation
2708 884 2759 924 de
2802 886 2839 926 la
2879 887 3036 937 grande

1906 954 2034 982 revue
2074 943 2207 983 locale
2255 943 2352 983 Tout
2393 946 2611 987 Marseille
2649 950 2671 987 ù
2710 951 2922 991 l'Alcozar
2929 984 2938 1000 ,
2986 954 3036 994 de

1908 1008 1996 1047 MM.
2023 1008 2100 1047 Ben
2107 1015 2145 1048 et
2184 1015 2219 1048 et
2256 1010 2496 1059 Normand;
2532 1012 2583 1052 de
2620 1016 2700 1054 Bail
2711 1015 2790 1064 lus,
2816 1015 2910 1057 Mlle
2932 1019 3036 1057 Phi¬

1910 1073 2035 1124 lippe,
2059 1074 2191 1124 Augé,
2219 1076 2495 1124 pantomime.

1960 1184 2312 1221 I*alais-«le-€’i
2312 1196 2322 1208 a
2327 1186 2472 1222 istal.
2495 1207 2535 1211 —
2566 1184 2679 1224 Tous
2701 1184 2760 1224 les
2781 1184 2887 1224 soirs
2910 1199 2917 1226 :
2943 1186 3038 1226 Mlle

1908 1244 2107 1297 Fougère,
2135 1247 2227 1286 Mlle
2259 1247 2403 1288 Céline
2439 1248 2640 1298 Dumont,
2666 1249 2727 1289 les
2748 1250 2892 1300 Dante,
2916 1252 3040 1290 duet¬

1907 1312 2048 1362 tistes;
2084 1312 2120 1351 le
2158 1311 2359 1364 comique
2387 1311 2505 1354 Claës
2523 1314 2531 1364 ;
2572 1314 2855 1366 Strasbourg,
2887 1323 3038 1362 panto¬

1906 1378 2040 1418 mime
2062 1378 2332 1431 patriotique.

1966 1577 2059 1674 LS
2126 1578 2399 1675 BELLE
2474 1561 2987 1678 JARDINIÈRE

2103 1735 2423 1788 Confections
2443 1750 2575 1802 pour
2603 1736 2846 1790 Hommes

1904 1843 2158 1892 ÉTOFFES
2187 1853 2255 1892 ET
2286 1854 2465 1894 COUPE
2502 1843 3035 1896 IRRÉPROCHABLES

2246 1955 2339 1983 PRIX
2370 1944 2472 1982 TRÈS
2503 1947 2691 1983 MODÉRÉS

2107 2044 2155 2091 8,
2189 2044 2299 2084 Rue
2337 2043 2763 2094 Saint-Ferréol,
2797 2046 2827 2084 8

692 2230 768 2266 Ton
791 2230 966 2266 heureux
994 2231 1115 2267 fiancé
1135 2231 1225 2280 déjà
1244 2234 1366 2270 s’offre
1390 2234 1412 2271 à
1433 2236 1468 2271 la
1499 2236 1613 2275 foule,

688 2290 716 2326 11
735 2295 886 2336 compte
907 2291 960 2326 les
979 2291 1146 2327 instants
1166 2292 1211 2329 de
1236 2292 1383 2330 l'heure
1406 2295 1470 2343 qui
1490 2296 1659 2331 s’écoule

882 2351 926 2386 Et
944 2352 1008 2398 qui
1030 2363 1122 2387 aura
1146 2352 1220 2390 vite
1243 2355 1312 2391 fui.

689 2410 718 2444 Il
742 2414 776 2446 te
803 2410 968 2446 cherche
992 2411 1058 2447 des
1076 2423 1191 2456 yeux,
1211 2415 1335 2449 craint
1355 2413 1400 2448 de
1423 2420 1457 2449 te
1481 2413 1613 2460 perdre
1635 2426 1787 2459 encore,

688 2468 780 2505 Mais
804 2480 853 2504 un
874 2475 952 2505 mot
974 2471 1109 2507 sortira
1127 2470 1174 2506 de
1201 2478 1237 2507 ta
1262 2472 1407 2509 bouche
1425 2484 1560 2510 sonore

878 2530 923 2566 Et
944 2534 983 2567 lu
1006 2542 1107 2567 seras
1130 2532 1148 2566 à
1172 2531 1243 2569 lui.

688 2648 715 2682 A
739 2647 807 2691 lui,
831 2648 1122 2694 comprends-tu
1145 2649 1232 2686 bien
1253 2651 1272 2686 ?
1293 2662 1360 2696 par
1380 2663 1526 2698 amour,
1551 2662 1640 2688 sans
1660 2652 1771 2688 envie
1793 2664 1801 2695 ;

688 2707 715 2741 A
738 2706 775 2742 Iu
784 2708 790 2730 :
798 2735 806 2750 ,
830 2706 896 2742 dès
919 2711 979 2744 cet
999 2711 1157 2752 instant,
1183 2710 1203 2744 à
1224 2711 1363 2757 jamais
1383 2720 1480 2757 pour
1502 2712 1534 2747 la
1563 2712 1619 2748 vie

879 2767 931 2803 Tu
953 2779 1016 2803 vas
1034 2774 1267 2815 appartenir.

688 2827 713 2860 A
732 2827 818 2872 quoi
837 2827 908 2862 bon
928 2832 1076 2871 mettre,
1099 2829 1246 2872 enfant,
1267 2835 1330 2866 ton
1348 2840 1453 2867 cœur
1470 2831 1566 2867 dans
1584 2832 1618 2866 la
1638 2831 1793 2866 balance
1808 2830 1826 2864 ?

686 2886 920 2932 Qu’importe
942 2887 976 2923 le
997 2888 1149 2934 mépris,
1174 2889 1207 2924 le
1227 2889 1342 2933 désir,
1364 2891 1398 2925 la
1420 2891 1637 2927 souffrance

875 2947 939 2982 S’il
960 2947 1082 2984 t’offre
1107 2959 1155 2983 un
1179 2951 1326 2986 avenir.

686 3063 923 3110 Qu’importe
944 3064 989 3101 de
1011 3071 1069 3102 ton
1092 3078 1198 3103 cœur
1225 3069 1278 3103 les
1298 3079 1434 3114 songes
1456 3068 1579 3115 pleins
1599 3068 1795 3114 d’ivresse,

690 3122 715 3158 Il
738 3128 795 3159 est
815 3124 932 3168 riche,
957 3126 982 3160 il
1004 3124 1124 3170 suffit,
1149 3135 1303 3174 accepte
1327 3128 1362 3163 la
1383 3130 1580 3164 tendresse

878 3184 988 3219 Cette
1012 3183 1127 3222 fièvre
1148 3186 1334 3223 d’amour.

686 3243 742 3278 Du
767 3243 903 3279 monde
921 3254 1008 3279 sans
1030 3246 1142 3288 mari,
1167 3254 1207 3280 tu
1227 3248 1344 3280 serais
1367 3247 1399 3280 la
1432 3247 1539 3287 risée,

686 3299 823 3342 Jeune,
843 3311 935 3335 avec
957 3311 1007 3335 un
1029 3302 1140 3346 mari,
1167 3306 1205 3336 tu
1229 3314 1311 3338 sera
1327 3315 1335 3338 i
1354 3304 1556 3343 courtisée,

876 3360 940 3394 Ris
958 3359 1008 3395 du
1034 3360 1171 3396 monde
1192 3361 1214 3396 à
1243 3368 1304 3396 ton
1334 3367 1431 3398 tour.

687 3478 736 3511 De
758 3475 884 3512 beaux
904 3478 1071 3518 enfants,
1101 3479 1206 3515 rêvés
1226 3478 1320 3514 dans
1343 3484 1398 3514 tes
1415 3491 1569 3515 amours
1586 3482 1780 3526 candides,

695 3564 751 3575 ...
786 3535 1074 3578 lleviendroont,
1094 3547 1142 3572 au
1164 3539 1259 3580 sein,
1283 3538 1329 3575 de
1355 3544 1408 3575 tes
1430 3541 1568 3575 ennuis
1588 3542 1820 3588 splendides,

878 3595 904 3630 T
920 3594 1026 3632 offrir
1048 3597 1132 3631 leur
1154 3596 1267 3633 blond
1290 3600 1419 3635 trésor.

687 3655 756 3690 Par
776 3656 877 3691 suite
900 3666 950 3690 un
972 3661 1047 3691 sort
1072 3656 1233 3691 brillant
1254 3656 1335 3692 doit
1358 3659 1516 3695 t'échoir
1534 3671 1580 3695 en
1604 3666 1756 3710 partage
1778 3676 1785 3707 ;

686 3715 743 3750 Tu
767 3726 833 3750 vas
854 3715 960 3751 avoir
975 3715 1133 3762 joyaux,
1155 3718 1287 3762 valets,
1312 3724 1455 3764 meute,
1479 3722 1678 3769 équipage,

879 3774 939 3810 Un
963 3774 1059 3810 beau
1079 3775 1231 3815 litre...
1258 3783 1294 3812 et
1316 3778 1362 3814 de
1383 3779 1459 3816 l'or.

738 3923 928 3978 L’Office
958 3924 1187 3966 Mondonet
1217 3931 1279 3966 est
1306 3935 1458 3971 ouvert
1478 3935 1575 3971 tous
1604 3934 1665 3973 les
1686 3935 1824 3987 jours

687 3991 740 4029 de
759 3992 788 4031 2
808 3990 966 4030 heures
986 3995 1011 4031 à
1035 3995 1062 4030 8
1083 3990 1238 4032 heures
1258 3994 1319 4032 du
1350 3998 1440 4036 soir
1466 4002 1506 4036 et
1544 3999 1604 4038 les
1642 3999 1822 4039 diman¬

686 4055 784 4096 ches
804 4060 843 4095 et
862 4056 971 4108 fêtes
992 4057 1046 4096 de
1069 4059 1092 4096 9
1115 4055 1315 4099 heuresrà
1339 4060 1467 4103 midi.

742 4159 1756 4173 ----

751 4250 1159 4312 THEATRES
1217 4255 1309 4315 ET
1369 4255 1763 4319 CONCERTS

735 4406 1199 4441 Ciraiifl-Tli^àtre.
1224 4404 1267 4443 —
1303 4404 1359 4443 Si
1368 4403 1519 4455 j’étais
1542 4407 1614 4444 roi
1647 4420 1654 4446 :
1688 4408 1822 4447 début

682 4467 732 4507 de
756 4467 851 4507 Mlle
875 4467 1016 4515 Block,
1034 4467 1268 4508 chanteuse
1292 4468 1444 4519 légère,
1464 4471 1542 4523 qui
1563 4472 1643 4511 sait
1667 4479 1820 4513 mettre

680 4535 705 4574 à
728 4535 851 4583 profit
874 4532 932 4574 les
955 4534 1072 4574 trails
1092 4533 1287 4575 saillants
1306 4535 1362 4574 du
1388 4535 1476 4575 rôle
1507 4536 1558 4575 de
1588 4536 1751 4579 Néméa
1780 4545 1821 4579 et

680 4604 851 4639 trouver
874 4599 911 4639 le
940 4600 1115 4640 chemin
1148 4599 1222 4640 des
1251 4599 1683 4652 applaudissements,
1730 4606 1819 4643 En¬

678 4664 842 4706 semble
863 4667 912 4706 de
936 4664 975 4705 la
998 4667 1114 4716 pièce
1139 4667 1218 4707 très
1239 4666 1516 4710 satisfaisant.

732 4742 808 4783 Les
847 4743 1203 4795 représentations
1237 4744 1288 4784 de
1331 4744 1457 4784 Faust
1496 4747 1751 4789 continuent
1792 4750 1815 4788 à

676 4809 819 4848 attirer
845 4808 882 4848 le
916 4811 1079 4860 public.
1120 4810 1178 4850 On
1220 4822 1414 4852 annonce
1455 4814 1813 4863 prochainement

675 4873 718 4914 la
739 4876 1071 4926 représentation
1094 4875 1144 4916 de
1166 4875 1204 4916 la
1236 4876 1444 4928 Basoche,
1478 4878 1555 4930 qui
1591 4891 1614 4919 a
1654 4880 1811 4920 obtenu

675 4951 734 4979 un
756 4942 790 4981 si
812 4941 946 4991 grand
967 4943 1116 4983 succès
1136 4941 1220 4983 lors
1242 4943 1292 4983 de
1319 4955 1363 4983 sa
1384 4944 1593 4986 création.

731 5051 990 5091 Variétés,
1014 5072 1063 5078 —
1100 5050 1156 5090 La
1187 5050 1396 5092 direction
1428 5052 1575 5104 épuise
1600 5053 1636 5095 le
1663 5056 1814 5096 succès

675 5111 731 5151 du
768 5114 927 5166 Voyage
947 5114 994 5155 de
1015 5115 1207 5168 Suzelle,
1229 5119 1304 5171 qui
1335 5131 1359 5159 a
1391 5120 1456 5160 été
1490 5120 1703 5173 remplacé
1739 5135 1814 5164 sur

676 5175 858 5218 l’alRche
879 5191 952 5230 par
975 5180 1011 5222 le
1038 5182 1188 5223 Grand
1223 5185 1381 5238 Mogol,
1410 5187 1615 5240 Pompier
1636 5190 1684 5231 de
1704 5191 1810 5230 Jus¬

675 5242 763 5281 tine
780 5248 820 5282 et
843 5244 883 5282 la
912 5245 1107 5286 Timbale.

728 5307 782 5348 Le
804 5308 826 5347 3
846 5307 1011 5360 janvier
1030 5324 1134 5353 aura
1155 5314 1238 5355 lieu
1259 5316 1296 5355 la
1316 5318 1524 5368 première
1547 5319 1598 5361 de
1620 5320 1808 5372 Juanita,

674 5372 715 5411 la
735 5373 966 5416 délicieuse
986 5379 1168 5427 opérette
1190 5382 1240 5420 de
1262 5382 1419 5434 Suppé,
1444 5396 1499 5424 an
1533 5386 1723 5427 bénéfice
1755 5387 1808 5427 de

673 5436 909 5488 Marchetti,
952 5439 1187 5484 l’excellent
1223 5447 1434 5496 régisseur
1471 5452 1643 5500 général
1679 5453 1730 5492 de
1760 5464 1810 5494 ce

675 5502 852 5543 théâtre.

726 5611 1006 5657 Crjmnasc,
1040 5636 1086 5643 —
1125 5615 1177 5656 La
1216 5619 1300 5659 fine
1341 5622 1535 5663 comédie
1577 5624 1628 5666 de
1671 5625 1808 5667 Henri

671 5672 852 5714 Meilhac
875 5680 1023 5717 trouve
1044 5679 1239 5731 toujours
1260 5686 1282 5723 â
1306 5686 1512 5728 Marseille
1543 5700 1619 5730 son
1659 5694 1807 5732 succès

671 5739 863 5780 habituel
887 5742 938 5780 de
958 5742 1060 5784 folle
1082 5746 1219 5796 gaieté
1238 5748 1343 5791 dans
1364 5752 1438 5793 Ma
1463 5754 1708 5798 Camarade.

726 5806 782 5845 On
806 5819 827 5846 a
847 5807 983 5858 repris
1003 5809 1232 5852 dimanche
1273 5816 1310 5854 le
1348 5820 1563 5859 Courrier
1594 5821 1642 5862 de
1668 5823 1803 5875 Lyon,

670 5871 745 5924 qui
767 5885 790 5912 a
810 5876 1006 5915 retrouvé
1026 5887 1100 5915 son
1121 5882 1267 5920 succès
1287 5884 1510 5933 populaire
1530 5899 1540 5936 ;
1570 5886 1803 5939 l’interpré¬

672 5938 802 5978 tation
827 5951 878 5979 ne
899 5938 1023 5980 laisse
1046 5940 1135 5980 rien
1156 5943 1182 5983 à
1203 5944 1378 5987 désirer.

726 6002 802 6044 Les
832 6009 974 6046 autres
1006 6007 1235 6058 spectacles
1255 6008 1304 6050 de
1331 6010 1368 6050 la
1388 6016 1578 6056 semaine
1607 6024 1678 6059 ont
1700 6020 1767 6060 été
1791 6033 1799 6060 :

671 6069 739 6123 Bu
742 6082 789 6124 y-
796 6068 833 6110 B
836 6068 912 6119 las,
939 6069 975 6111 le
999 6071 1187 6111 Docteur
1210 6074 1328 6127 Jojo,
1356 6076 1530 6121 Durand
1547 6086 1587 6122 cl
1608 6083 1796 6126 Durand.

1908 2282 2044 2401 LE
2100 2257 2508 2401 RÉVEIL
2568 2283 2712 2401 DU
2772 2284 3026 2403 LION

2083 2461 2410 2514 Nouveautés
2438 2475 2496 2514 en
2528 2466 2642 2515 tous
2668 2460 2855 2516 Genres

1927 2578 2215 2619 FRAICHEUR
2244 2602 2295 2608 —
2333 2571 2562 2622 SOLIDITÉ
2592 2604 2643 2610 —
2672 2582 2770 2623 BON
2801 2574 3004 2623 MARCHÉ

2220 2670 2375 2710 Maison
2406 2682 2455 2708 de
2487 2671 2715 2711 Confiance

2008 2772 2172 2812 Rue
2219 2773 2770 2822 Saint-Ferréol,
2818 2775 2910 2815 31

2050 3204 2356 3252 CHAPEAUX
2392 3206 2459 3252 EN
2496 3204 2636 3252 TOUS
2671 3206 2883 3254 GENRES

1927 3303 2203 3347 COIFFURES
2240 3306 2370 3347 POUR
2414 3307 2692 3351 MESSIEURS
2736 3310 2801 3350 ET
2839 3310 3007 3352 DAMES

2210 3418 2479 3456 FRAICHEURS,
2512 3420 2590 3447 RON
2620 3419 2727 3448 GOUT

1992 3503 2140 3544 Haute
2162 3506 2423 3547 Nouveauté
2443 3508 2498 3548 de
2515 3510 2663 3563 forme
2666 3511 2675 3562 ,
2703 3511 2935 3564 Elégance,

2328 3598 2601 3654 Originalité

2195 3699 2411 3739 Spécialité
2433 3702 2483 3735 de
2508 3703 2547 3735 la
2571 3703 2729 3735 Maison

1897 3784 2080 3834 Coiffures
2103 3788 2227 3835 riches
2248 3790 2471 3836 d’intérieur
2490 3795 2528 3835 et
2550 3792 2595 3835 de
2614 3790 2758 3836 Bureau
2788 3803 2923 3851 (Dernières
2935 3803 3023 3851 ««des)

2307 3886 2406 3923 Prix
2435 3883 2629 3926 Modérés

1972 3983 2092 4031 26,
2136 3986 2298 4024 Rue
2346 3986 2815 4035 Cannebière,
2852 3990 2953 4030 26

1934 4209 2146 4330 LES
2238 4210 2538 4332 DEUX
2626 4213 3002 4334 PAONS

2134 4372 2453 4427 Restaurant
2476 4391 2608 4441 pour
2634 4378 2791 4431 Noees

1895 4475 2115 4518 SALONS
2142 4478 2304 4519 POUR
2335 4480 2571 4523 TOUTES
2600 4483 2711 4524 LES
2738 4474 3027 4526 SOCIÉTÉS

2171 4567 2325 4608 Salles
2354 4583 2405 4610 de
2435 4571 2553 4620 Bals,
2585 4572 2752 4612 Jardins

2002 4636 2180 4679 Cuisine
2196 4643 2236 4678 et
2258 4642 2438 4680 Service
2455 4643 2622 4695 soigné,
2643 4644 2696 4684 de
2715 4646 2790 4684 bon
2814 4650 2920 4696 goût

2188 4733 2315 4767 Prix
2348 4734 2733 4770 raisonnable*

2101 4822 2257 4864 AUX
2308 4822 2814 4866 CHARTREUX

1890 5037 2106 5198 LES
2150 5038 2354 5195 500
2398 5036 3026 5198 COUVERTS

2028 5266 2294 5320 Restaurant
2324 5282 2427 5336 pour
2456 5267 2600 5320 Noces
2631 5270 2676 5319 et
2707 5266 2882 5319 Festins

2284 5394 2403 5435 Prix
2435 5394 2633 5435 modérés

1883 5496 2114 5539 SERVICE
2158 5499 2363 5540 RAPIDE
2408 5502 2480 5542 ET
2523 5501 2668 5543 RIEN
2711 5488 3022 5543 ORGANISÉ

2178 5612 2291 5646 ll\
2336 5611 2423 5648 CfH
2428 5614 2555 5648 ART
2560 5613 2647 5647 RE
2653 5612 2686 5647 U
2694 5613 2735 5646 V

1913 5815 2480 5911 PHOTOGRAPHIE
2551 5828 2994 5921 ARTISTIQUE

2241 5974 2295 6036 G.
2341 5963 2647 6037 OUVIÈRE

2027 6087 2112 6131 Rue
2132 6088 2182 6135 de
2204 6091 2247 6134 la
2268 6092 2414 6146 Darse,
2442 6094 2470 6136 3
2490 6106 2527 6146 a,
2563 6094 2866 6139 MARSEILLE

3182 603 4199 814 PERQUIA

3302 836 3707 891 Encadrements
3743 838 4063 905 Artistiques

3142 940 3491 987 SPECIALITE
3543 947 3617 988 1)E
3663 946 3896 992 CADRES
3941 948 4215 992 PELUCHE

3350 1043 3523 1079 4'onrs
3555 1044 3912 1083 NaiiiMiüuiiN,
3954 1050 4008 1080 14

3116 1255 3356 1372 ARMES
3408 1260 3488 1372 DE
3544 1261 3808 1374 CRASSE
3852 1262 3940 1374 ET
4000 1263 4084 1375 DE
4120 1259 4248 1376 TIR

3235 1431 3528 1492 Réparations,
3571 1426 3821 1497 Échanges,
3851 1438 4120 1499 Nettoyages

3119 1535 3656 1599 BERNARD
3710 1554 3822 1590 rue
3850 1540 4132 1602 Paradis,
4170 1539 4244 1592 32

3301 1766 3417 1820 A
3480 1767 3602 1822 V
3611 1768 4051 1824 endLre

3117 1879 3397 2008 UNE
3453 1880 4241 2016 CAMPAGNE

3392 2066 3660 2115 QUARTIER
3692 2058 3956 2114 PÉRICARD

3144 2143 3250 2183 Aux
3274 2143 3471 2184 Plaines
3496 2145 3551 2185 de
3574 2146 3850 2194 Vergatier,
3874 2147 4052 2188 terroir
4075 2147 4212 2188 d’Aix

3159 2248 3424 2291 Contenance
3446 2263 3454 2290 :
3474 2251 3623 2300 22,000
3643 2252 3803 2293 mètres
3826 2251 4092 2304 complantés
4129 2252 4242 2292 d’ar¬

3107 2300 3202 2339 bres
3231 2303 3478 2342 amandiers
3511 2310 3551 2343 et
3574 2304 3720 2343 arbres
3749 2307 3958 2349 fruitiers.
3994 2307 4154 2348 Maison
4190 2307 4239 2348 de

3106 2364 3283 2404 paysan.
3307 2354 3512 2406 Arrosage
3534 2368 3610 2407 par
3632 2356 3668 2395 le
3692 2358 3835 2398 Canal.

3303 2580 3385 2649 A
3447 2579 4029 2656 VENDRE

3106 2700 3408 2756 Une
3468 2712 4234 2771 campagne

3358 2805 3402 2865 A
3458 2803 3992 2872 SAINT-MARCEL

3210 2900 3503 2943 Ancienne
3555 2904 3803 2958 fabrique
3856 2908 3922 2947 de
3979 2910 4138 2951 tuiles

3412 2978 3516 3016 JOLI
3550 2978 3702 3020 POINT
3732 2979 3795 3019 DE
3827 2980 3924 3020 VUE

3110 3050 3311 3089 Très
3359 3052 3516 3090 bon
3565 3066 3772 3104 pour»
3826 3055 3897 3094 la
3954 3058 4236 3099 chasse

3206 3122 3611 3168 CONTENANCE
3646 3135 3654 3163 :
3690 3126 3858 3172 2'500
3891 3119 4138 3176 MÈTRES

3110 3189 3212 3243 Près
3238 3190 3274 3243 le
3296 3191 3482 3244 château
3506 3192 3555 3246 de
3580 3194 3635 3255 M,
3666 3195 3702 3248 le
3732 3199 3919 3267 marquis
3960 3200 4010 3254 de
4044 3200 4239 3256 Coriolis

3305 3422 3422 3478 A
3472 3423 4042 3487 Voiridro

3112 3541 3393 3615 UNE
3455 3545 4229 3617 CAMPAGNE

3382 3659 3411 3702 A
3458 3659 3962 3706 SAINTE-MARTHE

3263 3764 3460 3803 Prix
3502 3775 3510 3803 ;
3563 3766 3947 3806 100.000
3990 3768 4074 3807 f*r\

3416 3977 3472 4043 A
3522 3975 3910 4045 VENDRE

3100 4081 3324 4132 «Jolie
3351 4083 3583 4131 Villa,
3614 4084 3663 4131 à
3691 4084 3773 4131 la
3803 4083 4232 4133 Corniche

3151 4191 3304 4231 Portail
3327 4199 3366 4233 et
3387 4192 3511 4243 grille
3542 4204 3593 4232 en
3627 4192 3691 4232 fer
3720 4192 3851 4243 forgé,
3887 4192 4075 4234 donnant
4109 4196 4230 4236 accès

3099 4269 3152 4296 au
3174 4256 3315 4308 jardin
3338 4258 3480 4310 planté
3495 4257 3544 4297 de
3562 4268 3658 4307 gros
3672 4257 3814 4297 arbres
3835 4258 4024 4298 formant
4044 4271 4228 4310 avenue,

3100 4332 3152 4360 au
3176 4322 3328 4363 milieu
3349 4323 3408 4374 jet
3430 4322 3553 4364 d’eau
3571 4338 3579 4372 ;
3606 4323 3628 4360 à
3649 4320 3799 4371 droite,
3826 4332 3884 4362 un
3905 4321 4012 4363 beau
4056 4323 4235 4374 pigeon¬

3103 4388 3197 4427 nier
3218 4394 3257 4427 et
3279 4387 3487 4440 lapinière
3507 4402 3515 4437 ;
3539 4388 3644 4427 dans
3668 4399 3750 4428 une
3779 4399 3883 4428 cour
3904 4387 4234 4442 indépendante,

3103 4454 3235 4503 grand
3278 4452 3506 4504 poulailler
3547 4459 3587 4492 et
3626 4452 3826 4503 greniers.
3862 4455 4103 4498 Habitation
4140 4471 4148 4499 :
4182 4471 4235 4500 au

3100 4518 3476 4559 rez-de-chaussée
3519 4531 3602 4559 une
3641 4520 3798 4568 grande
3838 4521 4019 4572 cuisine,
4044 4536 4127 4563 une
4156 4525 4235 4565 dé¬

3111 4595 3251 4634 pense,
3278 4596 3363 4624 une
3383 4588 3559 4635 cavelte,
3579 4595 3666 4624 une
3687 4587 3816 4635 petite
3836 4587 3954 4636 pièce
3975 4599 4083 4636 pour
4097 4587 4232 4636 bains,

3102 4660 3160 4688 un
3179 4650 3390 4689 veslibule
3412 4650 3667 4691 conduisant
3700 4663 3754 4690 au
3788 4652 3904 4691 salon
3946 4662 4046 4691 avec
4067 4651 4234 4692 chemi-

3099 4711 3258 4751 minée.
3299 4713 3362 4751 Au
3402 4714 3599 4762 premier,
3623 4714 3734 4752 deux
3764 4715 3944 4764 grandes
3975 4715 4115 4766 pièces
4136 4728 4232 4768 per¬

3098 4776 3194 4816 cées
3213 4776 3264 4815 de
3285 4776 3384 4828 cinq
3406 4776 3602 4827 fenêtres,
3631 4790 3716 4818 une
3751 4779 3957 4822 chambre
3990 4782 4042 4823 de
4075 4783 4232 4836 bonne,

3102 4841 3138 4880 le
3164 4846 3258 4880 tout
3292 4853 3340 4881 en
3375 4842 3528 4892 parfait
3567 4846 3663 4883 état.
3707 4843 3896 4896 Terrain,
3939 4851 4118 4892 environ
4158 4851 4235 4892 220

3099 4907 3270 4956 mètres,
3312 4907 3467 4956 grande
3517 4910 3760 4963 vérandha,
3810 4912 3968 4957 citerne
4015 4924 4054 4956 et
4102 4917 4235 4966 prises

3099 4971 3333 5023 d’arrosage
3354 4974 3409 5014 du
3435 4976 3573 5017 canal.

3099 5124 3189 5206 ON
3231 5124 3575 5208 DEMANDE

3098 5215 3154 5257 47,
3179 5226 3250 5250 rue
3270 5216 3320 5252 de
3344 5219 3382 5251 la
3403 5218 3559 5263 Darse).

3615 5123 3638 5158 à
3659 5124 3798 5168 placer
3821 5122 3951 5159 10.000
3974 5123 4020 5158 fr.
4047 5132 4094 5159 en
4119 5130 4233 5164 rente

3615 5171 3792 5215 viagère.
3826 5168 3959 5215 (Office
3997 5172 4232 5219 Mondonet,

3106 5335 3134 5386 A
3187 5323 3270 5386 Pf
3283 5329 3415 5387 HCR
3459 5318 3615 5366 DÉBIT
3647 5331 3714 5367 DE
3741 5332 3883 5380 VINS,
3915 5337 4075 5373 chemin
4111 5335 4232 5371 d’En-

3103 5368 3139 5414 H
3187 5368 3416 5415 UlULm
3460 5378 3623 5420 doume,
3644 5382 3766 5426 après
3799 5383 3975 5424 fortune,
4010 5383 4116 5418 belle
4152 5383 4235 5419 ins¬

3095 5424 3295 5463 tallation,
3327 5425 3408 5459 bail
3439 5425 3463 5459 à
3493 5426 3667 5472 volonté,
3701 5430 3812 5476 loyer
3839 5430 3907 5464 450
3926 5429 3994 5472 fr.,
4029 5428 4050 5464 4
4075 5431 4230 5476 pièces,

3096 5472 3184 5519 prix
3210 5472 3318 5510 1.500
3335 5471 3386 5508 fr.
3408 5471 3535 5509 Office
3559 5476 3778 5514 Mondonet

3100 5618 3241 5698 UNE
3300 5618 3575 5700 MAISON

3620 5591 3644 5623 à
3678 5588 3827 5623 vendre
3863 5590 3887 5623 à
3924 5594 4036 5627 rente
4067 5594 4230 5642 viagère

3619 5644 3690 5670 sur
3723 5645 3800 5671 une
3829 5638 3943 5673 seule
3974 5639 4066 5687 tête,
4094 5643 4119 5679 à
4150 5644 4229 5680 En-

3619 5683 3783 5719 doume.

3099 5844 3240 5924 UNE
3299 5841 3574 5922 MAISON

3619 5811 3643 5846 à
3684 5813 3834 5850 vendre
3863 5816 3888 5851 à
3922 5821 4035 5855 rente
4064 5819 4228 5861 viagère

3619 5868 3691 5894 sur
3723 5870 3800 5896 une
3826 5866 3941 5900 seule
3962 5868 4055 5910 tête,
4077 5866 4100 5899 à
4120 5864 4227 5900 Men-

3619 5908 3742 5950 penti.

3743 6024 3790 6056 Le
3811 6022 3947 6064 Qêi'ant
3968 6032 3979 6055 :
4003 6023 4148 6059 Bonal.

3096 6111 3210 6152 lmpr.
3231 6111 3390 6154 spéciale
3407 6115 3455 6149 du
3474 6115 3566 6151 Lien
3584 6117 3866 6158 Matrimonial,
3882 6119 3930 6164 U,
3945 6129 4009 6155 rue
4020 6122 4064 6156 de
4080 6123 4114 6156 la
4130 6125 4219 6157 Paix
