4726 7064
535 412 594 459 N°
618 410 663 457 8.
691 437 750 443 —
789 410 1046 455 Deuxième
1084 410 1267 456 Année.

1882 407 2234 455 Edition
2275 409 2754 456 IVIens-Lielle

3512 411 3642 458 Mois
3661 412 3849 460 d’Aout

467 679 851 1208 il
1027 662 1763 1207 lui
1955 662 2355 1206 n
2531 677 4035 1206 mm

942 1276 1596 1368 DÉLICATESSE,
1656 1273 2364 1363 HONORABILITÉ,
2420 1275 2820 1347 PROBITÉ
2872 1291 2930 1349 L
2984 1282 3540 1356 DISCRÉTION

535 1540 639 1590 ÎO
670 1539 914 1587 Geiat.
944 1533 988 1584 le
1014 1531 1236 1584 Numéro

1825 1528 2120 1580 OFFICE
2178 1528 2650 1580 MONDONET

3241 1535 3345 1583 ÎO
3380 1537 3627 1588 Cent,
3658 1538 3702 1588 le
3729 1538 3954 1591 Numéro

502 1647 620 1681 Envoi
641 1647 757 1688 gratis
775 1647 863 1680 liors
882 1646 918 1679 la
937 1646 1032 1680 Ville
1054 1650 1090 1679 et
1110 1647 1131 1678 à
1151 1644 1311 1678 l’Etran¬

460 1691 524 1730 ger
562 1690 583 1723 à
614 1692 718 1722 toute
755 1699 939 1731 personne
978 1690 1042 1731 qui
1086 1698 1131 1722 en
1175 1687 1242 1719 fait
1274 1686 1310 1718 la

459 1731 642 1765 demande
662 1742 727 1773 par
747 1732 854 1765 lettre
879 1731 1091 1770 affranchie,
1119 1732 1155 1763 et
1182 1730 1310 1760 franco

459 1783 548 1807 sous
568 1763 772 1816 enveloppe
792 1774 964 1807 cachetée
984 1776 1112 1806 contre
1134 1772 1190 1803 30
1212 1772 1308 1803 cent,

461 1825 504 1848 en
528 1817 694 1849 timbres.

1472 1621 1603 1671 47,
1652 1620 1814 1661 Rue
1856 1619 1949 1659 de
1991 1619 2058 1659 la
2102 1618 2332 1667 Darse
2372 1618 2463 1667 (au
2501 1616 2526 1655 1
2534 1624 2567 1643 er
2604 1627 2704 1656 sur
2740 1618 3002 1667 entresol)

2046 1702 2426 1746 MARSEILLE

1423 1786 1572 1823 Ouvert
1594 1787 1684 1821 tous
1702 1779 1755 1821 les
1768 1780 1887 1832 jours
1903 1780 1948 1819 de
1963 1776 1990 1820 5
2003 1776 2044 1818 h.
2063 1778 2088 1818 à
2104 1780 2128 1819 8
2142 1776 2179 1818 h.
2200 1778 2255 1819 du
2267 1779 2355 1818 soir
2355 1790 2365 1827 ,
2385 1783 2424 1818 et
2442 1776 2477 1818 le
2494 1775 2710 1818 dimanche
2730 1777 2776 1817 de
2797 1777 2820 1816 9
2843 1772 2880 1815 h.
2907 1775 2933 1815 à
2956 1775 3057 1815 midi

3208 1654 3389 1695 Mariages
3403 1655 3523 1688 riches
3537 1667 3631 1698 pour
3645 1663 3769 1692 toutes
3787 1660 3840 1693 les
3860 1663 4027 1695 fortunes

3167 1698 3203 1727 et
3233 1699 3356 1728 toutes
3388 1696 3441 1728 les
3475 1700 3671 1738 positions.
3705 1702 3756 1734 La
3793 1704 3940 1736 maison
3979 1713 4024 1736 ne

3165 1736 3334 1779 s’occupe
3351 1747 3421 1779 que
3443 1739 3508 1771 des
3523 1742 3662 1774 unions
3682 1744 3866 1782 possibles
3883 1748 3920 1777 et
3935 1754 4025 1778 sans

3166 1778 3285 1810 tâche.

512 1959 548 1998 A
586 1963 707 1997 cause
744 1952 796 1994 du
836 1952 978 2004 grand
1018 1952 1370 2006 développement
1415 1952 1463 1994 de
1512 1963 1592 1994 nos

458 2015 642 2064 affaires,
670 2014 796 2056 notre
821 2012 934 2058 Office
954 2024 1052 2056 sera
1073 2012 1308 2066 transféré,
1331 2015 1356 2055 à
1370 2012 1520 2068 partir
1538 2014 1591 2056 du

456 2072 511 2116 29
533 2074 771 2130 septembre
791 2075 1015 2129 prochain,
1042 2074 1274 2116 boulevard
1296 2074 1346 2115 de
1365 2074 1408 2115 la
1427 2072 1592 2126 Magde¬

458 2135 586 2187 leine,
608 2142 651 2176 n°
675 2135 711 2186 6,
736 2146 788 2177 au
812 2134 832 2175 1
839 2143 865 2155 er
868 2165 877 2176 .

462 2302 542 2410 La
562 2293 806 2410 Mission
834 2293 870 2405 fl
870 2313 910 2405 a
946 2333 974 2385 ■
1010 2289 1142 2405 Lien
1178 2289 1250 2405 dn
1286 2289 1534 2425 Mariage
1562 2333 1590 2385 »

539 2485 724 2529 Notre
750 2483 858 2525 but
884 2483 979 2524 est
1010 2479 1519 2526 essentiellement

463 2545 668 2594 moral,
704 2540 962 2584 honnête
988 2544 1047 2585 et
1074 2536 1593 2596 philanthropique

522 2647 651 2685 Dans
678 2644 811 2687 notre
831 2642 895 2686 fin
922 2642 979 2686 de
1015 2641 1154 2686 siècle
1195 2642 1255 2683 où
1279 2640 1379 2683 tout
1399 2636 1592 2682 marche

461 2714 488 2758 à
524 2713 570 2759 la
591 2726 786 2772 vapeur,
810 2717 855 2757 et
890 2715 950 2756 où
984 2712 1029 2756 la
1062 2714 1234 2756 société
1256 2711 1322 2756 vit
1360 2711 1480 2755 dans
1502 2724 1594 2756 une

459 2787 649 2832 activité
670 2786 926 2827 dévorante
951 2796 961 2839 ;
991 2784 1055 2828 les
1077 2783 1246 2840 jeunes
1267 2796 1386 2839 gens
1407 2784 1593 2828 sérieux

459 2859 538 2914 qui
558 2854 814 2899 cherchent
835 2855 862 2898 à
883 2867 934 2899 se
949 2857 1079 2900 créer
1103 2868 1192 2899 une
1215 2855 1419 2911 position
1441 2867 1590 2899 avan¬

456 2931 655 2981 tageuse
676 2939 763 2983 par
779 2926 821 2971 le
842 2928 1030 2980 travail,
1052 2928 1216 2972 vivant
1237 2928 1359 2971 dans
1388 2927 1454 2970 les
1475 2928 1591 2982 pré¬

459 2998 768 3055 occupations
788 3002 1062 3043 constantes
1096 2998 1208 3042 d’un
1239 2998 1402 3040 labeur
1425 2997 1592 3040 ardent

459 3083 578 3127 pour
599 3070 776 3115 arriver
796 3071 824 3113 à
843 3072 963 3114 cette
982 3069 1066 3122 fin,
1103 3068 1350 3123 négligent
1383 3067 1448 3110 les
1470 3068 1591 3111 rela¬

459 3143 583 3183 tions
620 3140 819 3182 sociales
856 3142 935 3194 qui
975 3140 1250 3194 pourraient
1287 3138 1354 3183 les
1394 3151 1592 3196 pousser

462 3221 566 3254 vers
588 3208 630 3252 le
671 3210 903 3263 mariage.
940 3211 1167 3266 Lorsque,
1192 3211 1335 3263 enfin,
1360 3211 1540 3254 arrivés
1564 3212 1591 3254 à

459 3284 612 3328 trente
638 3293 696 3326 ou
726 3282 959 3339 quarante
980 3292 1084 3334 ans,
1109 3280 1166 3323 ils
1195 3283 1276 3324 ont
1299 3282 1464 3337 acquis
1500 3294 1592 3325 une

461 3356 664 3411 position
705 3354 786 3412 qui
806 3352 906 3399 leur
939 3354 1120 3412 permet
1147 3351 1204 3396 de
1242 3352 1448 3411 respirer
1468 3355 1514 3398 et
1535 3352 1592 3398 de

460 3427 688 3479 regarder
727 3428 755 3468 à
795 3427 895 3470 leur
944 3430 1114 3472 entour
1162 3440 1280 3486 pour
1336 3427 1595 3486 compléter

461 3493 559 3538 leur
599 3494 803 3537 carrière
830 3507 916 3550 par
955 3508 1019 3538 un
1059 3499 1292 3551 mariage,
1319 3499 1375 3540 ils
1406 3503 1595 3542 sentent

459 3565 500 3612 le
528 3564 634 3612 vide
652 3567 824 3610 autour
843 3564 982 3610 d’eux
1011 3567 1056 3610 et
1074 3568 1182 3610 sont
1204 3579 1324 3624 pour
1354 3568 1474 3611 ainsi
1495 3568 1594 3612 dire

460 3642 751 3685 désorientés
772 3652 830 3684 ne
852 3643 1076 3686 trouvant
1093 3654 1327 3700 personne
1347 3642 1402 3687 de
1424 3654 1596 3687 conve¬

459 3711 599 3752 nable
631 3711 752 3753 dans
774 3712 815 3754 le
847 3712 996 3754 cercle
1019 3714 1102 3755 des
1135 3714 1363 3758 relations
1386 3718 1446 3759 où
1468 3716 1526 3759 ils
1546 3728 1598 3760 se

462 3783 570 3825 sont
587 3793 695 3826 mus
714 3779 1019 3840 jusqu’alors.

522 3856 731 3901 Souvent
770 3855 1078 3914 découragés,
1132 3858 1189 3904 ils
1245 3859 1461 3904 finissent
1511 3872 1598 3918 par

463 3940 691 3974 renoncer
713 3942 774 3974 au
814 3930 1027 3985 mariage
1047 3931 1087 3975 si
1116 3944 1207 3975 une
1240 3932 1371 3975 main
1394 3934 1518 3977 amie
1539 3945 1598 3977 ne

463 4002 591 4045 vient
625 4001 691 4044 les
712 4002 842 4043 aider
863 4004 907 4043 et
943 4002 1011 4043 les
1030 4002 1199 4054 guider
1232 4003 1353 4044 dans
1388 4004 1428 4046 le
1462 4004 1599 4047 choix

466 4071 605 4115 d’une
625 4080 891 4123 compagne
913 4070 991 4122 qui
1013 4070 1110 4110 doit
1130 4072 1355 4123 partager
1379 4070 1479 4112 leur
1502 4072 1592 4122 vie,

467 4142 594 4184 leurs
609 4138 728 4194 joies
746 4140 791 4181 et
812 4138 938 4180 leurs
956 4138 1132 4194 peines.

526 4210 647 4252 C’est
673 4207 714 4252 le
754 4208 838 4253 but
867 4221 958 4266 que
988 4208 1100 4254 s’est
1135 4210 1338 4267 proposé
1386 4210 1426 4255 le
1472 4211 1599 4255 Lien

467 4279 536 4324 du
574 4279 812 4339 Mariage
846 4296 855 4323 :
891 4283 1002 4327 Etre
1027 4280 1172 4333 l’ami,
1196 4282 1238 4326 le
1254 4282 1396 4338 guide
1427 4284 1472 4327 et
1491 4282 1598 4327 l’in¬

467 4354 680 4399 dicateur
719 4354 801 4398 des
842 4355 1012 4398 unions
1051 4355 1282 4398 honnêtes
1314 4356 1359 4398 et
1380 4354 1600 4399 honora¬

466 4424 582 4467 bles.
611 4426 756 4466 Notre
776 4425 861 4467 but
879 4428 948 4468 est
982 4425 1380 4471 essentiellement
1403 4426 1602 4484 philan¬

467 4492 719 4550 thropique
746 4495 791 4536 et
811 4495 1209 4540 essentiellement
1231 4498 1398 4543 moral.

527 4566 594 4609 La
632 4564 910 4622 population
943 4566 1120 4610 décroît
1155 4580 1296 4623 parce
1316 4581 1406 4624 que
1428 4569 1468 4611 le
1492 4582 1600 4612 ma¬

470 4639 602 4696 riage
622 4640 692 4682 est
710 4638 894 4692 négligé
914 4648 923 4691 ;
944 4639 990 4680 et
1011 4636 1051 4680 le
1072 4639 1286 4694 mariage
1304 4640 1375 4682 est
1390 4639 1598 4695 négligé,

470 4723 611 4767 parce
632 4723 723 4768 que
747 4709 968 4754 l’homme
988 4711 1202 4768 emporté
1236 4723 1319 4768 par
1342 4710 1383 4755 le
1404 4711 1602 4755 tourbil¬

470 4779 548 4823 lon
571 4783 654 4825 des
683 4782 892 4836 affaires,
919 4783 995 4827 n’a
1014 4796 1099 4840 pas
1120 4783 1160 4828 le
1183 4786 1338 4840 temps
1358 4783 1414 4827 de
1432 4783 1602 4827 s’arrê¬

470 4851 539 4892 ter
559 4862 678 4904 pour
699 4855 939 4899 combiner
960 4859 1006 4899 et
1034 4856 1259 4900 chercher
1290 4856 1393 4902 telle
1415 4870 1474 4901 ou
1498 4855 1602 4901 telle

471 4922 618 4968 union
639 4922 717 4977 qui
742 4927 954 4978 pourrait
980 4927 1042 4968 lui
1066 4930 1307 4972 convenir.

528 5001 564 5046 Il
585 4998 663 5046 n’a
684 5010 770 5056 pas
791 4998 831 5042 le
853 5001 1008 5056 temps
1029 5004 1074 5046 et
1112 5016 1171 5047 ne
1192 5007 1303 5060 peut
1340 5018 1504 5062 passer
1522 5008 1604 5051 des

467 5076 590 5118 mois
610 5079 654 5118 et
675 5072 917 5131 peut-être
939 5071 1022 5115 des
1039 5076 1218 5119 années
1239 5078 1266 5119 à
1290 5076 1476 5120 décider
1498 5078 1604 5122 telle

471 5154 703 5197 personne
743 5148 769 5190 à
810 5147 1035 5204 partager
1066 5158 1119 5188 sa
1147 5147 1220 5190 vie
1243 5158 1254 5200 ;
1279 5147 1308 5188 il
1335 5160 1391 5191 ne
1411 5152 1604 5192 connaît

471 5224 558 5271 pas
578 5212 687 5256 bien
723 5216 767 5258 la
801 5219 1027 5264 situation
1062 5216 1118 5262 de
1156 5219 1276 5262 cette
1298 5230 1550 5275 personne,
1575 5218 1600 5263 il

471 5287 620 5333 hésite
654 5287 700 5330 et
734 5286 836 5331 finit
864 5303 951 5345 par
980 5304 1207 5338 renoncer
1231 5304 1291 5338 au
1327 5293 1542 5351 mariage
1562 5297 1607 5340 et

472 5372 523 5404 se
543 5359 756 5415 résigner
778 5358 805 5400 à
828 5359 955 5403 vivre
987 5364 1220 5410 d’amitiés
1243 5367 1544 5423 passagères.

531 5432 652 5476 Mais
672 5443 724 5477 ce
752 5430 831 5489 qui
868 5431 1022 5475 arrive
1045 5446 1164 5487 pour
1192 5438 1259 5482 les
1278 5435 1446 5494 jeunes
1467 5450 1603 5493 gens,

474 5503 627 5548 arrive
648 5505 757 5549 bien
780 5503 884 5564 plus
916 5515 1085 5547 encore
1105 5518 1224 5559 pour
1246 5510 1312 5554 les
1350 5520 1607 5568 personnes

474 5570 552 5623 qui
577 5580 722 5626 ayant
759 5578 832 5623 été
870 5576 1004 5622 unies
1040 5587 1132 5619 une
1162 5582 1394 5632 première
1431 5582 1520 5626 fois
1558 5592 1608 5625 se

472 5642 692 5686 trouvent
715 5651 816 5694 tout
839 5652 865 5695 à
887 5663 1007 5707 coup
1045 5647 1266 5692 désunies
1298 5662 1384 5704 par
1408 5652 1448 5696 le
1468 5654 1609 5699 décès

475 5708 532 5755 de
554 5711 679 5755 l'une
702 5716 878 5766 d’elles.

532 5783 684 5839 Après
714 5785 851 5832 s'être
884 5794 1155 5854 longtemps
1178 5792 1387 5839 abîmées
1410 5792 1531 5836 dans
1564 5795 1608 5838 la

475 5856 671 5903 douleur
698 5858 743 5901 et
776 5863 906 5903 avoir
942 5870 1062 5923 payé
1107 5882 1171 5912 un
1202 5867 1327 5926 juste
1368 5864 1514 5910 tribut
1555 5864 1609 5908 de

476 5929 651 5976 larmes
671 5931 699 5975 à
726 5930 908 5987 l’époux
943 5947 1002 5978 ou
1027 5940 1054 5980 à
1083 5940 1290 5996 l’épouse
1314 5938 1530 5993 décédée,
1554 5935 1610 5979 ils

477 6004 664 6047 sentent
700 6003 806 6062 plus
827 6003 1062 6048 vivement
1098 6009 1139 6052 le
1161 6012 1266 6056 vide
1288 6014 1366 6070 qui
1398 6011 1507 6056 s’est
1527 6008 1611 6054 fait

478 6072 650 6116 autour
684 6077 747 6121 du
784 6076 1048 6134 survivant,
1091 6078 1148 6122 ils
1179 6087 1260 6126 ont
1299 6084 1464 6128 besoin
1500 6082 1612 6127 d’un

1667 1964 1798 1995 cœur
1819 1951 1911 1995 ami
1950 1951 2027 2007 qui
2068 1950 2136 1995 les
2168 1950 2356 1994 console
2391 1962 2451 1994 ou
2484 1948 2552 1992 les
2584 1950 2795 2004 protège.

1666 2023 1728 2068 Ils
1748 2023 1960 2079 aspirent
1981 2024 2008 2066 à
2030 2026 2150 2067 cette
2178 2023 2249 2067 vie
2268 2020 2520 2079 tranquille
2536 2019 2733 2076 paisible
2753 2023 2799 2063 et

1668 2095 1920 2146 ntérieure,
1957 2095 2070 2136 faite
2102 2094 2379 2138 d’intimités
2400 2096 2444 2138 et
2464 2094 2520 2138 de
2544 2091 2796 2138 confiden¬

1667 2177 1744 2207 ces
1771 2176 1862 2219 que
1899 2163 1944 2206 la
1980 2166 2103 2207 mort
2140 2176 2167 2206 a
2206 2176 2420 2220 rompue.
2459 2168 2588 2208 Dans
2629 2177 2681 2208 ce
2717 2176 2799 2208 cas

1666 2234 1887 2277 l’homme
1927 2246 1954 2277 a
2002 2235 2166 2279 besoin
2206 2234 2344 2278 d’une
2385 2236 2508 2278 amie
2547 2235 2700 2291 pleine
2741 2236 2799 2279 de

1666 2306 1795 2351 soins
1823 2308 1868 2350 et
1895 2305 1951 2350 de
1982 2306 2320 2350 dévouements
2343 2316 2354 2360 ;
2374 2306 2417 2350 la
2436 2304 2576 2348 dame
2597 2305 2799 2348 cherche

1667 2391 1732 2422 un
1752 2378 1955 2432 soutien,
1980 2391 2044 2422 un
2070 2379 2335 2435 protecteur
2375 2380 2420 2422 et
2443 2391 2508 2422 un
2531 2376 2651 2422 aide.
2679 2376 2799 2420 Mais

1667 2451 1727 2492 où
1766 2450 1955 2492 trouver
1976 2447 2022 2491 la
2064 2460 2296 2505 personne
2332 2450 2411 2506 qui
2444 2450 2657 2494 réunisse
2692 2451 2799 2493 tous

1666 2519 1732 2563 les
1772 2518 2042 2563 désidérata
2062 2520 2083 2563 ?
2104 2522 2170 2563 La
2190 2523 2312 2564 mort
2332 2523 2411 2578 qui
2435 2535 2461 2566 a
2483 2523 2522 2566 si
2557 2523 2800 2579 brusque¬

1667 2593 1795 2636 ment
1834 2591 2127 2648 interrompu
2168 2591 2210 2635 le
2242 2604 2381 2638 cours
2417 2594 2475 2638 de
2511 2596 2633 2639 cette
2669 2595 2800 2639 exis¬

1667 2666 1802 2708 tence
1819 2663 1982 2707 n’était
2004 2676 2091 2720 pas
2111 2664 2271 2707 entrée
2294 2664 2414 2710 dans
2432 2666 2500 2710 les
2531 2666 2709 2710 calculs
2744 2666 2800 2710 de

1667 2737 1712 2781 la
1734 2739 1805 2782 vie
1839 2749 2106 2781 commune.
2148 2738 2217 2781 Où
2254 2738 2443 2783 trouver
2481 2739 2526 2783 la
2565 2751 2800 2796 personne

1668 2809 1938 2854 réunissant
1958 2809 2024 2853 les
2046 2808 2311 2855 conditions
2334 2823 2452 2867 pour
2473 2824 2567 2856 une
2597 2811 2800 2856 seconde

1664 2881 1828 2926 union.

1725 2955 1787 2996 Le
1803 2951 1992 3010 journal
2023 2952 2034 2996 1
2040 2953 2064 2996 q
2086 2951 2211 2995 Lien
2232 2951 2302 2995 du
2336 2954 2573 3014 Mariage
2613 2956 2729 3000 offre
2774 2957 2801 3000 à

1666 3025 1771 3067 tous
1795 3035 1884 3066 une
1920 3023 2148 3067 situation
2184 3024 2442 3070 semblable
2468 3029 2513 3070 et
2548 3026 2736 3083 lorsque
2757 3029 2801 3071 la

1666 3108 1898 3153 personne
1918 3095 2060 3153 qu'on
2099 3096 2251 3142 désire
2272 3110 2332 3142 ne
2367 3098 2436 3155 s’y
2453 3102 2620 3144 trouve
2642 3112 2746 3158 pas,
2771 3103 2799 3147 il

1665 3168 1743 3224 n'y
1759 3180 1784 3212 a
1801 3167 1909 3226 qu'à
1931 3168 2190 3214 s’adresser
2224 3171 2251 3214 à
2282 3170 2502 3216 l'Office
2536 3175 2801 3218 Mondonet

1666 3243 1743 3296 qui
1767 3253 1794 3284 a
1816 3254 1879 3283 un
1902 3242 2058 3296 grand
2080 3242 2276 3286 nombre
2295 3243 2352 3287 de
2381 3246 2703 3302 propositions
2721 3247 2801 3303 qui

1664 3324 1724 3355 ne
1743 3311 1951 3366 figurent
1972 3325 2059 3369 pas
2080 3313 2200 3358 dans
2222 3327 2300 3358 ces
2322 3315 2564 3360 colonnes.

1727 3384 1871 3430 Notre
1888 3382 2078 3443 journal
2115 3399 2142 3430 a
2163 3399 2282 3444 pour
2303 3387 2387 3432 but
2403 3387 2612 3433 d’ouvrir
2633 3388 2679 3432 la
2700 3388 2804 3434 voie

1667 3458 1926 3504 honorable
1959 3459 2015 3506 de
2051 3459 2096 3504 la
2134 3462 2308 3506 société
2344 3463 2371 3506 à
2413 3464 2541 3507 toute
2569 3475 2805 3520 personne

1668 3531 1747 3583 qui
1764 3542 1815 3571 se
1835 3534 2002 3574 trouve
2023 3532 2144 3576 dans
2163 3534 2355 3588 pareille
2375 3535 2621 3578 situation.

1752 3635 1894 3679 Rôle
1926 3635 2004 3678 du
2043 3652 2060 3675 «
2098 3636 2240 3680 Lien
2267 3639 2346 3680 du
2379 3639 2637 3694 Mariage
2675 3655 2695 3679 »

1728 3736 1860 3779 Nous
1882 3744 2143 3791 proposons
2179 3732 2247 3776 les
2286 3744 2547 3788 personnes
2567 3746 2681 3778 avec
2703 3732 2804 3776 leur

1670 3806 1897 3849 situation
1936 3806 1994 3850 de
2031 3806 2214 3851 fortune
2246 3806 2291 3850 et
2335 3804 2392 3848 de
2427 3804 2660 3859 moralité,
2685 3817 2804 3848 nous

1671 3876 1847 3921 faisons
1880 3876 1946 3922 les
1982 3878 2259 3934 demandes,
2290 3876 2566 3922 abouchons
2601 3876 2668 3920 les
2691 3889 2804 3934 per¬

1672 3963 1845 3996 sonnes
1883 3954 1929 3994 et
1967 3954 2174 3995 mettons
2203 3966 2262 3996 en
2284 3954 2509 4010 présence
2542 3950 2611 3995 les
2631 3950 2803 3995 futurs.

1671 4024 1802 4066 Nous
1823 4035 2030 4067 sommes
2051 4023 2119 4066 les
2154 4023 2532 4067 intermédiaires
2572 4023 2655 4068 des
2694 4036 2807 4080 pre¬

1672 4094 1842 4134 mières
1878 4095 2147 4144 entrevues,
2185 4092 2403 4148 toujours
2439 4095 2536 4135 très
2573 4098 2809 4147 gênantes

1672 4163 1718 4200 et
1756 4161 1848 4202 très
1870 4160 2092 4203 délicates
2115 4174 2232 4215 pour
2255 4163 2336 4204 des
2359 4172 2620 4216 personnes
2639 4164 2717 4217 qui
2753 4175 2804 4206 se

1672 4229 1830 4272 voient
1856 4241 1976 4285 pour
1997 4230 2042 4271 la
2083 4231 2315 4286 première
2352 4231 2454 4275 fois.
2488 4232 2620 4275 Nous
2653 4232 2805 4275 résol¬

1672 4313 1791 4346 vons
1836 4302 2004 4344 autant
2043 4312 2134 4358 que
2176 4301 2378 4359 possible
2437 4303 2505 4348 les
2556 4302 2808 4347 difficultés

1675 4377 1751 4432 qui
1775 4378 1980 4433 peuvent
2012 4387 2063 4420 se
2086 4375 2330 4432 présenter
2351 4378 2472 4422 dans
2508 4376 2552 4422 la
2581 4378 2808 4423 situation

1675 4447 1732 4490 de
1751 4448 1875 4491 l’une
1892 4446 2067 4491 d’elles.
2091 4448 2223 4492 Nous
2243 4462 2453 4492 sommes
2472 4448 2572 4492 leur
2595 4451 2812 4495 intermé¬

1675 4519 1822 4562 diaire
1851 4521 1896 4562 et
1936 4519 2035 4562 leur
2064 4521 2176 4562 ami.
2202 4522 2304 4572 Oui,
2330 4520 2431 4564 leur
2449 4522 2561 4574 ami,
2588 4534 2669 4565 car
2692 4536 2812 4567 nous

1674 4587 1982 4632 considérons
2003 4601 2186 4632 comme
2215 4590 2277 4634 tel
2315 4594 2448 4635 notre
2488 4592 2585 4636 rôle
2608 4607 2726 4651 pour
2747 4594 2813 4638 les

1675 4671 1935 4716 personnes
1966 4661 2043 4716 qui
2084 4674 2206 4704 nous
2242 4662 2475 4720 chargent
2513 4664 2573 4709 du
2613 4667 2717 4710 soin
2756 4667 2812 4708 de

1675 4732 1775 4777 leur
1798 4732 1959 4776 union.

1734 4805 1855 4849 Elles
1870 4808 2075 4862 peuvent
2087 4811 2300 4866 compter
2312 4823 2393 4855 sur
2407 4812 2540 4852 notre
2557 4808 2811 4851 discrétion

1676 4878 1886 4923 absolue.
1923 4879 2068 4924 Notre
2091 4879 2225 4926 office
2251 4884 2322 4927 est
2355 4894 2415 4924 un
2440 4880 2663 4924 tombeau
2694 4891 2813 4936 pour

1678 4951 1743 4995 les
1764 4953 1942 4996 secrets
1963 4954 2041 5010 qui
2064 4966 2186 4998 nous
2206 4958 2313 4998 sont
2335 4951 2525 4996 confiés.

1737 5026 1962 5078 Souvent,
2011 5028 2183 5078 même,
2226 5024 2270 5068 la
2302 5024 2533 5082 première
2568 5024 2815 5081 présenta¬

1677 5096 1775 5138 tion
1815 5107 1843 5138 a
1879 5095 1971 5138 lieu
1998 5107 2111 5138 sans
2142 5095 2412 5151 qu'aucune
2449 5096 2532 5140 des
2553 5096 2672 5138 deux
2709 5105 2814 5150 par¬

1678 5167 1766 5210 ties
1785 5166 2035 5210 connaisse
2058 5164 2099 5208 le
2122 5179 2235 5211 nom
2270 5168 2327 5212 de
2363 5168 2530 5211 l’autre
2551 5170 2595 5208 et
2616 5175 2736 5207 nous
2755 5174 2813 5204 ne

1678 5236 1746 5281 les
1765 5236 1945 5282 faisons
1963 5242 2210 5284 connaître
2235 5252 2326 5296 que
2352 5250 2432 5283 sur
2453 5236 2552 5280 leur
2574 5232 2807 5277 autorisa¬

1680 5311 1779 5356 tion
1800 5323 2040 5368 expresse.

1738 5387 1812 5427 Un
1828 5381 2018 5437 journal
2038 5394 2156 5436 pour
2172 5380 2412 5435 mariages
2430 5379 2549 5422 dans
2564 5388 2654 5418 une
2671 5374 2813 5430 petite

1681 5453 1786 5497 ville
1803 5454 1863 5495 où
1885 5454 1986 5495 tout
2006 5451 2046 5495 le
2074 5451 2246 5495 monde
2272 5463 2323 5494 se
2342 5450 2532 5495 connaît
2552 5448 2597 5490 et
2621 5447 2813 5488 connaît

1680 5524 1724 5567 la
1746 5523 1974 5567 situation
1994 5522 2051 5566 de
2072 5535 2159 5567 son
2198 5522 2366 5576 voisin,
2391 5518 2595 5564 n’aurait
2632 5528 2719 5571 pas
2757 5515 2813 5558 de

1682 5596 1840 5641 raison
1871 5595 2031 5650 d’être,
2055 5595 2178 5639 mais
2199 5594 2320 5638 dans
2356 5603 2447 5638 une
2487 5586 2668 5643 grande
2689 5584 2811 5638 ville,

1680 5679 1864 5712 comme
1898 5667 1943 5711 la
1980 5670 2128 5722 nôtre,
2168 5666 2228 5710 où
2266 5664 2449 5708 chacun
2489 5670 2633 5715 pense
2677 5660 2704 5700 à
2740 5668 2815 5699 ses

1680 5739 1872 5784 affaires
1892 5742 1938 5783 et
1967 5751 2062 5782 non
2084 5739 2111 5782 à
2127 5736 2264 5782 celles
2283 5735 2338 5780 de
2360 5744 2435 5778 ses
2455 5728 2633 5772 voisins
2657 5739 2667 5783 ;
2691 5730 2736 5772 et
2755 5728 2813 5771 où

1682 5812 1791 5855 bien
1811 5813 2011 5855 souvent
2034 5810 2099 5852 les
2123 5808 2365 5852 habitants
2387 5802 2441 5844 de
2461 5800 2507 5843 la
2529 5803 2683 5843 même
2700 5798 2814 5842 mai¬

1682 5893 1768 5924 son
1790 5892 1847 5923 ne
1880 5893 1931 5924 se
1967 5880 2274 5924 connaissent
2312 5886 2396 5932 pas
2413 5872 2545 5915 entre
2563 5882 2667 5923 eux,
2693 5868 2721 5912 il
2744 5871 2815 5912 est

1682 5951 1950 5994 nécessaire
1991 5951 2102 5995 d’un
2155 5952 2247 5994 ami
2292 5942 2503 6002 général,
2557 5942 2669 5984 d’un
2720 5939 2812 5982 ami

1683 6031 1907 6064 commun
1930 6023 2006 6078 qui
2030 6022 2270 6079 groupant
2311 6015 2431 6058 dans
2452 6026 2515 6056 un
2555 6012 2689 6056 vaste
2724 6021 2816 6053 en¬

1683 6091 1878 6146 semble,
1900 6091 1968 6135 les
2003 6094 2147 6137 offres
2182 6094 2228 6136 et
2264 6088 2334 6131 les
2371 6083 2651 6134 demandes,
2676 6092 2816 6124 com¬

2876 1949 2984 1992 bine
3004 1946 3068 1990 lui
3107 1949 3261 1989 même
3282 1944 3349 1988 les
3384 1946 3658 1998 situations,
3685 1946 3753 1990 les
3784 1951 3920 2003 âges,
3953 1950 4021 1994 les

2873 2022 3032 2075 goûts,
3073 2017 3140 2062 les
3172 2016 3367 2072 figures,
3425 2015 3492 2060 les
3543 2018 3757 2061 fortunes
3797 2022 3843 2062 et
3892 2020 4020 2066 fasse

2874 2090 2936 2133 lui
2975 2094 3129 2134 même
3154 2090 3221 2134 les
3243 2087 3564 2146 propositions
3597 2087 3664 2132 les
3703 2088 3811 2144 plus
3855 2095 4015 2135 sorta-

2872 2160 2989 2204 bles.

2931 2231 3012 2276 Cet
3033 2230 3127 2273 ami
3151 2242 3392 2282 commun,
3419 2230 3532 2274 c’est
3553 2230 3719 2274 l’office
3740 2231 4013 2286 Mondonet,

2872 2303 2945 2356 47,
2969 2314 3052 2346 rue
3081 2302 3137 2346 de
3157 2300 3203 2346 la
3223 2303 3387 2355 Darse,
3409 2302 3524 2344 c’est
3556 2302 3596 2346 le
3612 2299 3804 2358 journal
3827 2302 3867 2347 le
3889 2302 4015 2346 Lien

2872 2373 2941 2416 du
2969 2372 3209 2431 Mariage
3231 2372 3307 2430 qui
3336 2374 3405 2415 est
3425 2384 3513 2415 son
3536 2372 3799 2418 auxiliaire.

2930 2443 3145 2488 Pendant
3167 2444 3440 2500 longtemps
3461 2442 3492 2486 il
3531 2455 3557 2486 a
3597 2443 3744 2487 existé
3781 2456 3873 2488 une
3909 2445 4016 2501 pré¬

2873 2516 3063 2562 vention
3087 2515 3182 2559 très
3211 2516 3439 2571 marquée
3472 2516 3635 2559 contre
3664 2514 3731 2559 les
3769 2516 4013 2568 mariages

2875 2591 2967 2634 dits
2980 2588 3037 2633 de
3060 2586 3368 2646 proposition,
3393 2599 3454 2630 on
3480 2586 3657 2631 voulait
3680 2599 3729 2631 se
3754 2587 4015 2644 persuader

2875 2659 2986 2719 qu’il
3017 2674 3076 2704 ne
3107 2660 3301 2717 pouvait
3320 2659 3461 2703 sortir
3481 2658 3563 2702 des
3581 2671 3791 2714 agences
3819 2671 3909 2716 que
3932 2659 4016 2703 des

2875 2734 3114 2787 mariages
3135 2732 3417 2789 disparates.

2932 2807 3004 2851 En
3025 2806 3128 2849 face
3150 2804 3232 2848 des
3263 2804 3487 2848 résultats
3527 2803 3791 2848 contraires
3811 2803 4015 2847 obtenus

2877 2891 2963 2936 par
3016 2890 3095 2922 ces
3157 2877 3388 2931 bureaux,
3431 2888 3493 2919 on
3551 2878 3622 2920 est
3662 2876 3779 2919 sorti
3808 2875 4016 2932 complè¬

2877 2954 3053 2995 tement
3092 2950 3149 2993 de
3188 2952 3309 2993 cette
3359 2948 3655 3004 prévention.
3697 2947 3912 2991 L’estime
3953 2947 4016 2990 du

2878 3021 3034 3080 public
3053 3023 3124 3065 est
3146 3020 3445 3064 absolument
3460 3019 3653 3076 acquise
3673 3031 3771 3063 aux
3789 3031 4015 3075 agences,

2877 3106 2995 3152 pour
3016 3093 3060 3137 la
3082 3094 3241 3136 raison
3270 3092 3380 3135 bien
3413 3091 3598 3150 simple,
3624 3103 3716 3147 que
3736 3091 3804 3135 les
3825 3090 4017 3134 affaires

2876 3166 3068 3210 traitées
3090 3176 3176 3222 par
3211 3162 3336 3218 elles,
3363 3162 3404 3207 le
3443 3164 3551 3206 sont
3572 3162 3680 3218 plus
3717 3160 4017 3218 rapidement

2876 3240 2921 3283 et
2963 3237 3068 3294 plus
3107 3236 3365 3288 sûrement,
3389 3235 3435 3278 et
3473 3246 3533 3276 on
3577 3235 3688 3290 peut
3724 3232 3824 3276 dire
3860 3244 3951 3288 que
3976 3231 4016 3275 le

2879 3309 2984 3366 plus
3003 3309 3159 3363 grand
3197 3307 3395 3351 nombre
3437 3304 3519 3348 des
3555 3306 3812 3359 mariages,
3863 3307 4017 3347 même

2877 3379 3048 3432 riches,
3067 3382 3148 3423 ont
3169 3380 3241 3423 été
3259 3378 3364 3435 plus
3385 3388 3444 3422 ou
3463 3376 3617 3420 moins
3639 3376 3729 3419 mis
3751 3387 3832 3419 sur
3853 3374 3897 3418 la
3912 3375 4016 3419 voie

2880 3464 2964 3510 par
2985 3463 3071 3495 nos
3099 3462 3321 3507 agences.
3355 3450 3487 3494 Nous
3508 3459 3629 3490 nous
3648 3445 3935 3490 efforcerons
3957 3444 4013 3488 de

2877 3525 3069 3569 mériter
3091 3526 3211 3567 cette
3232 3523 3399 3567 estime
3419 3520 3481 3563 du
3504 3519 3661 3576 public
3683 3531 3743 3562 en
3759 3518 4016 3574 apportant

2879 3596 2999 3638 dans
3047 3594 3091 3635 la
3147 3592 3420 3635 conclusion
3461 3591 3544 3632 des
3592 3590 3783 3632 affaires
3823 3588 3868 3631 la
3909 3587 4017 3643 plus

2877 3663 3059 3720 grande
3095 3662 3389 3715 délicatesse,
3415 3660 3459 3703 la
3493 3659 3599 3715 plus
3620 3658 3804 3714 grande
3827 3658 4011 3715 probité

2877 3739 2923 3779 et
2943 3734 2988 3778 la
3009 3734 3264 3778 discrétion
3284 3733 3328 3775 la
3357 3732 3464 3787 plus
3484 3730 3696 3775 absolue.

2936 3807 3024 3851 Les
3075 3804 3227 3849 beaux
3276 3802 3501 3847 résultats
3560 3814 3651 3858 que
3704 3812 3825 3844 nous
3864 3812 4016 3845 avons

2879 3879 3079 3923 obtenus
3135 3887 3255 3919 nous
3288 3875 3532 3930 engagent
3568 3874 3596 3916 à
3629 3872 3854 3929 persister
3895 3871 4016 3915 dans

2880 3952 3000 3996 cette
3033 3948 3154 4002 voie,
3189 3947 3413 4004 espérant
3452 3958 3542 4003 que
3575 3944 3616 3988 le
3647 3942 3804 4000 public
3835 3942 4017 3987 voudra

2880 4024 2989 4068 bien
3009 4034 3130 4066 nous
3151 4020 3399 4065 continuer
3420 4030 3496 4062 ses
3517 4018 3708 4062 faveurs
3744 4016 3791 4059 et
3810 4026 3863 4058 sa
3895 4026 4015 4059 con¬

2881 4095 3052 4139 fiance.

2940 4167 3003 4210 Le
3036 4166 3161 4208 Lien
3204 4164 3272 4207 du
3306 4162 3544 4219 Mariage
3576 4163 3648 4206 est
3687 4160 3728 4203 le
3758 4159 3869 4203 trait
3913 4159 4019 4203 d’u¬

2881 4236 2993 4279 nion
3032 4234 3115 4278 des
3147 4234 3364 4286 familles,
3388 4244 3483 4275 non
3519 4231 3781 4275 seulement
3804 4230 3861 4274 de
3883 4232 4019 4274 notre

2880 4304 3003 4359 ville,
3029 4304 3151 4347 mais
3183 4315 3353 4348 encore
3391 4303 3475 4347 des
3497 4302 3784 4362 principales
3805 4300 3939 4346 villes
3961 4300 4017 4343 de

2881 4380 3061 4423 France
3096 4378 3140 4422 et
3176 4376 3232 4421 de
3273 4375 3529 4432 l’étranger
3567 4376 3627 4419 où
3662 4376 3796 4418 notre
3834 4371 3968 4416 office
3989 4384 4018 4414 a

2884 4451 2968 4496 des
3001 4448 3401 4507 correspondants
3432 4448 3644 4491 discrets.
3671 4447 3803 4490 Nous
3828 4444 4021 4500 présen¬

2885 4527 2992 4567 tons
3013 4522 3133 4565 donc
3156 4534 3247 4564 aux
3273 4522 3409 4576 pères
3437 4519 3493 4560 de
3512 4516 3688 4560 famille
3716 4515 3940 4559 soucieux
3963 4512 4020 4555 de

2887 4594 3080 4637 l’avenir
3102 4591 3159 4634 de
3183 4591 3308 4634 leurs
3328 4588 3516 4632 enfants
3537 4591 3645 4630 tous
3665 4587 3731 4628 les
3752 4586 4019 4638 avantages

2887 4662 3024 4719 qu’ils
3045 4673 3104 4703 ne
3125 4659 3370 4703 sauraient
3397 4660 3588 4701 trouver
3613 4655 3711 4699 s’ils
3749 4657 3857 4698 sont
3879 4654 4023 4698 livrés

2885 4735 2912 4777 à
2933 4734 3221 4777 eux-mêmes
3243 4731 3288 4774 et
3311 4728 3432 4774 dans
3455 4728 3495 4772 le
3516 4726 3664 4770 cercle
3687 4724 3744 4768 de
3764 4724 3890 4769 leurs
3911 4736 4021 4768 con¬

2886 4805 3163 4848 naissances
3184 4812 3193 4855 ;
3231 4815 3288 4845 en
3311 4801 3433 4854 effet,
3464 4796 3917 4854 indépendamment
3939 4795 4022 4839 des

2887 4878 3153 4923 références
3173 4874 3424 4927 certaines,
3452 4871 3508 4914 iis
3543 4871 3625 4912 ont
3648 4868 3688 4912 le
3708 4868 3845 4912 choix
3869 4866 4020 4924 parmi

2887 4952 2929 4995 le
2951 4949 3106 5006 grand
3128 4947 3323 4990 nombre
3364 4944 3419 4986 de
3442 4942 3763 4998 propositions
3784 4952 3875 4995 que
3902 4950 4020 4981 con¬

2887 5021 3099 5065 tiennent
3139 5016 3204 5059 les
3240 5014 3464 5058 colonnes
3493 5011 3551 5056 de
3585 5015 3721 5055 notre
3735 5008 3941 5066 journal,
3965 5007 4024 5051 ils

2888 5092 3092 5148 peuvent
3108 5087 3224 5130 faire
3245 5086 3445 5140 épouser
3468 5086 3495 5127 à
3513 5083 3641 5126 leurs
3657 5083 3847 5124 enfants
3864 5080 3909 5123 la
3929 5092 4027 5136 per¬

2886 5171 3035 5204 sonne
3055 5156 3191 5213 qu’ils
3207 5155 3415 5198 désirent
3428 5155 3517 5196 soit
3537 5164 3720 5195 comme
3739 5151 4022 5209 profession,

2886 5231 3091 5279 fortune,
3127 5226 3384 5277 caractère,
3423 5223 3628 5279 position
3668 5220 3841 5266 sociale
3881 5223 3927 5266 et
3969 5220 4024 5263 ils

2887 5315 2945 5346 ne
2980 5299 3303 5356 s’exposeront
3341 5308 3428 5354 pas
3466 5298 3492 5339 à
3533 5295 3634 5340 leur
3669 5294 3787 5339 faire
3822 5295 4025 5351 épouser

2887 5383 2978 5416 une
3013 5380 3247 5426 personne
3269 5368 3347 5423 qui
3385 5366 3485 5410 leur
3521 5376 3629 5408 sera
3669 5363 4021 5420 antipathique,

2885 5443 2976 5487 soit
2995 5452 3081 5498 par
3101 5451 3188 5483 son
3211 5441 3316 5492 âge,
3337 5436 3425 5480 soit
3461 5448 3582 5492 pour
3616 5439 3724 5480 tous
3755 5438 3916 5479 autres
3940 5432 4025 5476 dé¬

2888 5515 3012 5557 fauts
3033 5511 3111 5567 qui
3151 5511 3259 5552 sont
3293 5510 3461 5551 autant
3501 5507 3559 5551 de
3596 5519 3765 5551 causes
3804 5506 3861 5548 de
3884 5504 4024 5547 désu¬

2886 5584 2999 5627 nion
3020 5581 3140 5623 dans
3161 5578 3202 5622 le
3225 5579 3440 5631 mariage
3461 5579 3507 5622 et
3541 5578 3756 5622 finissent
3781 5588 3867 5634 par
3888 5587 4025 5619 ame¬

2887 5665 2969 5697 ner
2991 5652 3033 5695 le
3053 5651 3241 5694 divorce
3264 5652 3308 5694 et
3333 5648 3377 5692 la
3400 5650 3695 5707 séparation.

2945 5726 3073 5769 Dans
3106 5720 3175 5766 les
3204 5720 3425 5766 colonnes
3455 5720 3517 5766 du
3549 5722 3672 5764 Lien
3704 5719 3771 5763 du
3795 5716 4025 5771 Mariage

2887 5808 2945 5839 ou
2984 5795 3011 5838 à
3060 5791 3277 5838 l’Office
3335 5792 3617 5844 Mondonet,
3657 5791 3732 5843 47,
3771 5799 3855 5832 rue
3888 5786 3944 5828 de
3976 5783 4020 5826 la

2888 5867 3053 5917 Darse,
3085 5876 3145 5907 on
3168 5864 3279 5920 peut
3301 5864 3492 5908 trouver
3520 5861 3787 5906 facilement
3807 5868 3868 5900 un
3891 5866 4020 5910 gen¬

2888 5939 2987 5990 dre,
3011 5950 3075 5980 un
3112 5938 3264 5992 époux
3285 5949 3344 5982 ou
3367 5949 3460 5980 une
3481 5936 3656 5992 épouse
3683 5935 3709 5976 à
3747 5941 3829 5972 son
3859 5927 3943 5982 gré
3977 5928 4023 5968 et

2888 6023 2947 6054 en
2985 6010 3084 6051 tout
3124 6007 3255 6066 point
3295 6008 3532 6053 conforme
3576 6016 3667 6050 aux
3700 6000 3849 6046 désirs
3884 5998 3939 6042 de
3975 5996 4021 6040 la

2889 6092 3125 6138 personne
3152 6080 3180 6123 à
3199 6082 3395 6124 marier.
