4728 7228
2044 635 2126 683 LE
2163 632 2315 683 LIEN
2351 635 2439 682 LU
2477 630 2774 681 MARIAGE

1145 176 1251 236 Mu
1283 198 1289 203 •

2823 164 2935 204 '-màT

708 987 762 1027 Le
800 987 907 1026 Lien
945 985 996 1024 du
1034 984 1218 1038 Mariage
1256 995 1298 1023 se
1338 982 1447 1022 vend
1483 993 1538 1020 au
1580 979 1671 1031 prix
1718 978 1770 1019 de

640 1042 683 1082 10
706 1040 912 1080 centimes
944 1039 1050 1079 dans
1083 1043 1175 1079 tous
1206 1036 1266 1076 les
1302 1036 1503 1087 kiosques
1523 1034 1573 1073 de
1598 1031 1635 1072 la
1658 1032 1770 1072 Ville

631 1100 672 1134 et
692 1095 715 1134 à
738 1095 778 1134 la
804 1094 1028 1142 Direction,
1052 1092 1092 1142 6,
1113 1092 1139 1130 B
1142 1091 1156 1112 d
1178 1091 1228 1132 de
1251 1091 1290 1130 la
1314 1088 1586 1139 Magdeleine.

685 1179 796 1218 Dans
836 1176 895 1216 les
935 1175 1163 1227 prochains
1198 1175 1417 1223 numéros,
1442 1183 1550 1212 nous
1576 1172 1767 1211 réserve¬

632 1244 728 1272 rons
751 1242 810 1271 un
831 1231 930 1270 tiers
950 1230 999 1268 de
1023 1240 1127 1280 page
1158 1239 1264 1279 pour
1295 1227 1356 1267 les
1388 1224 1768 1267 annonces-récla¬

632 1296 736 1336 mes,
760 1284 870 1324 mais
891 1295 999 1323 nous
1019 1284 1338 1333 n’accepterons
1364 1287 1405 1320 et
1434 1279 1763 1320 recommande¬

631 1351 728 1379 rons
747 1351 831 1390 que
851 1337 981 1377 celles
1012 1338 1090 1388 qui
1119 1340 1370 1376 émaneront
1398 1335 1471 1374 des
1506 1333 1694 1372 maisons
1715 1332 1766 1371 de

632 1392 869 1432 conliance.

686 1507 823 1547 Notre
847 1504 978 1559 Office
998 1518 1024 1544 a
1035 1504 1139 1558 pris
1151 1518 1273 1558 pour
1294 1503 1442 1543 devise
1463 1516 1476 1540 :
1501 1503 1544 1541 la
1566 1499 1763 1540 Probité.

630 1562 723 1601 Nos
743 1560 899 1600 clients
920 1563 1114 1612 peuvent
1152 1563 1242 1599 être
1266 1557 1515 1611 persuadés
1555 1555 1766 1594 d’avance

630 1628 710 1668 que
728 1627 838 1654 nous
859 1626 911 1652 ne
930 1625 1118 1653 sommes
1130 1624 1216 1665 pas
1236 1611 1312 1651 des
1332 1611 1563 1651 brasseurs
1584 1607 1766 1660 d’affai¬

629 1682 712 1712 res,
737 1682 794 1708 au
816 1667 966 1720 risque
988 1667 1042 1706 de
1062 1666 1182 1719 faire
1204 1666 1280 1704 des
1299 1664 1592 1704 malheureux
1613 1675 1628 1709 ;
1668 1665 1766 1700 tous

627 1736 704 1762 nos
746 1723 895 1776 efforts
939 1722 1147 1762 tendront
1195 1719 1403 1772 toujours
1447 1721 1471 1756 à
1519 1715 1640 1769 faire
1689 1716 1764 1755 des

627 1776 827 1815 heureux
832 1790 841 1827 ,
867 1778 1003 1815 même
1036 1788 1095 1814 au
1133 1774 1371 1813 détriment
1391 1772 1445 1811 de
1474 1784 1549 1810 nos
1573 1783 1764 1822 propres

628 1831 822 1870 intérêts.
872 1828 1030 1868 Toutes
1068 1842 1144 1867 nos
1180 1826 1362 1879 affaires
1399 1827 1545 1865 seront
1584 1823 1764 1863 traitées

626 1898 728 1923 avec
751 1884 794 1923 la
806 1884 918 1936 plus
932 1883 1104 1933 grande
1120 1881 1376 1920 délicatesse
1392 1883 1431 1918 et
1450 1880 1488 1918 le
1494 1878 1602 1931 plus
1615 1876 1764 1928 grand

628 1938 1038 1977 désintéressement
1046 1968 1054 1976 .

668 2159 812 2223 Avis
850 2158 884 2221 à
922 2174 1020 2220 nos
1064 2157 1264 2220 clients
1304 2155 1364 2217 de
1408 2152 1724 2217 l’extérieur

682 2330 738 2370 La
776 2328 990 2370 Direction
1028 2328 1180 2368 envoie
1216 2327 1378 2376 franco,
1403 2336 1502 2366 sous
1531 2323 1764 2375 enveloppe

630 2384 843 2434 cachetée,
879 2394 976 2422 sans
1013 2394 1155 2422 aucun
1195 2381 1315 2430 signe
1356 2379 1582 2427 extérieur,
1620 2383 1763 2418 contre

630 2438 680 2477 GO
701 2450 737 2478 c.
774 2449 827 2477 en
864 2435 1195 2487 timbres-poste,
1235 2446 1290 2472 un
1333 2443 1604 2484 programme
1643 2431 1764 2470 indi¬

628 2496 764 2543 quant
787 2491 844 2531 les
864 2490 1107 2531 conditions
1136 2489 1187 2528 de
1227 2487 1381 2526 l’Office
1403 2492 1443 2526 et
1463 2498 1523 2527 un
1544 2484 1763 2536 question¬

630 2544 747 2583 naire
767 2546 871 2584 écrit
902 2543 1062 2594 auquel
1100 2543 1277 2581 devront
1316 2540 1524 2590 répondre
1569 2539 1627 2578 les
1670 2550 1764 2588 per¬

628 2608 782 2638 sonnes
800 2597 877 2650 qui
898 2596 1150 2636 s’adressent
1171 2597 1192 2635 à
1216 2606 1323 2634 nous
1346 2599 1384 2632 et
1406 2593 1484 2645 qui
1508 2591 1686 2632 veulent
1719 2603 1763 2631 se

628 2651 802 2692 marier.

682 2706 758 2744 Les
779 2715 1007 2755 personnes
1026 2703 1103 2755 qui
1126 2714 1176 2742 ne
1197 2706 1292 2742 sont
1315 2712 1386 2751 pas
1415 2699 1644 2748 abonnées,
1669 2703 1763 2738 sont

628 2758 767 2810 priées
786 2759 837 2798 de
857 2757 1024 2808 joindre
1047 2762 1072 2795 h
1093 2755 1188 2795 leur
1211 2754 1332 2794 lettre
1355 2766 1412 2794 un
1455 2753 1762 2803 timbre-poste

629 2824 735 2862 pour
759 2812 796 2850 la
817 2815 1008 2861 réponse,
1032 2811 1116 2848 alin
1140 2807 1354 2848 d’obtenir
1394 2807 1454 2846 les
1494 2811 1636 2847 autres
1660 2818 1759 2844 ren¬

626 2866 915 2916 seignements
934 2863 1064 2916 qu’ils
1087 2870 1274 2914 peuvent
1295 2862 1472 2900 désirer.

684 2922 758 2959 Les
779 2930 1006 2970 personnes
1026 2918 1271 2967 étrangères
1306 2916 1330 2952 à
1370 2914 1411 2952 la
1451 2914 1551 2953 ville
1590 2912 1665 2964 qui
1709 2924 1761 2952 ne

631 2974 880 3011 voudraient
903 2983 974 3021 pas
995 2970 1100 3009 faire
1126 2982 1180 3008 un
1207 2978 1367 3019 voyage
1385 2970 1408 3006 à
1427 2965 1639 3007 Marseille
1658 2978 1762 3016 pour

629 3032 768 3066 entrer
806 3037 855 3064 en
894 3024 1096 3064 relations
1132 3034 1232 3062 avec
1275 3022 1312 3060 la
1344 3031 1558 3071 pevsonne
1596 3019 1761 3059 choisie

627 3079 734 3119 dans
755 3079 813 3118 les
834 3077 1034 3118 colonnes
1055 3076 1110 3115 du
1131 3075 1238 3115 Lien
1259 3074 1311 3113 du
1331 3075 1533 3127 Mariage,
1552 3074 1763 3112 voudront

632 3132 730 3172 bien
771 3143 879 3171 nous
916 3131 1105 3170 adresser
1139 3130 1232 3169 leur
1268 3126 1579 3179 photographie
1598 3139 1606 3174 ;
1655 3138 1764 3166 nous

630 3186 723 3226 leur
744 3185 1023 3236 indiquerons
1043 3196 1119 3234 par
1140 3182 1244 3224 écrit
1270 3182 1305 3222 le
1328 3194 1487 3232 moyen
1504 3180 1688 3219 d’entrer
1711 3191 1762 3218 en

630 3239 834 3279 relations
851 3250 951 3278 avec
976 3238 1014 3275 la
1036 3247 1243 3287 personne
1264 3235 1430 3274 choisie
1447 3247 1500 3272 ou
1524 3244 1624 3273 avec
1647 3239 1763 3271 toute

630 3300 750 3332 autre
771 3303 976 3342 personne
998 3291 1048 3330 de
1071 3302 1146 3330 nos
1168 3290 1403 3329 nombreux
1426 3287 1627 3335 abonnés,
1662 3286 1764 3326 dont

631 3346 765 3396 grand
786 3346 963 3385 nombre
986 3355 1039 3383 ne
1057 3343 1245 3394 figurent
1267 3354 1340 3394 pas
1360 3340 1466 3380 dans
1490 3340 1526 3380 le
1546 3339 1732 3391 journal.

698 3568 972 3641 AUX
1046 3564 1698 3638 FAMILLES

683 3746 799 3791 Npus
820 3756 871 3784 ne
892 3743 1086 3782 donnons
1106 3753 1275 3782 aucune
1296 3743 1407 3780 suite
1427 3753 1510 3780 aux
1531 3739 1763 3779 demandes

629 3799 702 3839 des
724 3807 952 3848 personnes
972 3796 1204 3844 divorcées,
1228 3794 1263 3834 si
1288 3794 1324 3834 le
1344 3794 1568 3846 jugement
1592 3793 1660 3831 n’a
1691 3803 1763 3843 pas

630 3854 695 3892 été
717 3850 928 3902 prononcé
948 3848 1222 3890 absolument
1246 3859 1298 3887 en
1321 3847 1414 3887 leur
1431 3847 1598 3887 faveur.

683 3923 799 3963 Nous
836 3934 888 3963 ne
926 3932 1034 3962 nous
1071 3930 1286 3972 occupons
1316 3931 1400 3970 que
1432 3919 1504 3959 des
1535 3928 1763 3970 personnes

632 3976 887 4018 nonorables
907 3980 945 4015 et
968 3975 998 4014 il
1020 3982 1082 4015 est
1109 3973 1262 4014 inutile
1288 3973 1338 4012 de
1360 3984 1402 4012 se
1424 3974 1639 4024 présenter
1662 3971 1762 4011 chez

631 4043 738 4071 nous
758 4043 813 4070 ou
835 4031 886 4070 de
911 4040 1019 4068 nous
1039 4028 1144 4067 faire
1166 4026 1338 4079 appeler
1358 4027 1382 4065 à.
1403 4025 1607 4065 domicile
1638 4024 1674 4064 si
1708 4036 1762 4064 ou

631 4096 682 4124 ne
703 4083 855 4124 réalise
880 4094 950 4132 pas
970 4087 1077 4122 cette
1098 4079 1335 4122 condition.

685 4156 761 4195 Les
799 4164 1028 4204 personnes
1060 4154 1137 4204 qui
1171 4151 1424 4191 s’adressent
1455 4152 1476 4190 à
1515 4151 1552 4190 la
1596 4149 1762 4190 maison

630 4214 724 4250 sont
740 4208 877 4260 priées
892 4207 942 4246 de
956 4206 1123 4258 joindre
1142 4217 1198 4244 un
1215 4204 1368 4243 timbre
1384 4216 1495 4255 pour
1510 4204 1548 4243 la
1564 4204 1739 4254 réponse
1752 4215 1762 4251 ;

632 4268 746 4302 toute
771 4262 888 4302 lettre
911 4272 997 4299 non
1018 4258 1252 4299 affranchie
1274 4264 1335 4298 est
1356 4256 1538 4298 refusée.

686 4334 745 4374 On
786 4339 844 4372 est
883 4331 975 4382 prié
1010 4330 1060 4370 de
1091 4329 1259 4380 joindre
1290 4332 1440 4368 autant
1468 4339 1552 4380 que
1582 4326 1764 4378 possible

635 4398 718 4427 une
738 4383 1048 4436 photographie
1069 4389 1109 4423 et
1126 4384 1177 4423 de
1198 4383 1359 4423 donner
1379 4382 1590 4434 quelques
1611 4380 1766 4422 détails

632 4452 708 4480 sur
747 4440 786 4479 la
819 4438 1023 4479 situation
1055 4436 1107 4476 de
1142 4436 1312 4476 fortune
1343 4435 1395 4475 de
1431 4436 1469 4475 la
1507 4446 1713 4486 personne
1742 4435 1767 4471 à

636 4494 804 4532 marier.

688 4572 798 4610 Pour
819 4580 927 4609 nous
946 4568 1080 4610 éviter
1099 4568 1174 4607 des
1203 4566 1471 4615 recherches,
1499 4566 1558 4607 les
1590 4578 1766 4617 person¬

635 4636 710 4664 nes
747 4624 823 4677 qui
857 4623 995 4663 feront
1032 4634 1087 4660 un
1123 4620 1248 4662 choix
1267 4620 1372 4660 dans
1396 4619 1455 4660 les
1484 4619 1687 4660 colonnes
1707 4619 1764 4659 du

636 4679 742 4718 Lien
774 4678 824 4716 du
856 4675 1043 4727 Mariage
1050 4708 1058 4724 ,
1083 4675 1199 4715 n’ont
1219 4674 1319 4726 qu’à
1352 4684 1459 4714 nous
1492 4672 1686 4724 rappeler
1728 4672 1765 4712 le

635 4732 815 4771 numéro
835 4730 911 4782 qui
935 4728 1109 4779 précède
1134 4728 1171 4767 la
1194 4727 1470 4779 proposition.

688 4798 800 4837 Tous
839 4796 898 4836 les
939 4795 1302 4844 renseignements
1342 4792 1504 4834 donnés
1544 4804 1617 4843 par
1661 4803 1768 4831 nous

635 4856 728 4891 sont
748 4849 942 4900 gratuits.

690 4928 743 4967 La
779 4926 1139 4978 correspondance
1179 4930 1239 4965 est
1276 4924 1466 4964 adressée
1499 4935 1599 4964 sous
1639 4935 1767 4963 enve¬

636 4994 758 5032 loppe
778 4980 1007 5030 ordinaire,
1030 4991 1127 5019 sans
1163 4990 1332 5019 aucune
1364 4977 1619 5028 inscription
1654 4979 1766 5016 exté¬

633 5035 774 5076 rieure
794 5039 915 5075 autre
935 5046 1019 5085 que
1042 5032 1239 5072 l’adresse
1260 5031 1311 5071 de
1331 5031 1371 5070 la
1397 5042 1618 5082 personne.

687 5107 763 5146 Les
795 5107 984 5146 abonnés
1013 5104 1128 5144 seuls
1159 5107 1232 5143 ont
1262 5102 1372 5142 droit
1393 5104 1416 5140 à
1448 5115 1531 5142 une
1562 5101 1766 5140 insertion

634 5160 684 5199 de
715 5160 812 5211 cinq
847 5158 996 5208 lignes,
1019 5156 1148 5210 qu’ils
1182 5155 1422 5206 rédigeront
1443 5158 1465 5195 à
1492 5155 1585 5195 leur
1615 5166 1770 5194 conve¬

635 5226 784 5254 nance.

688 5286 763 5326 Les
784 5283 1114 5336 photographies
1134 5290 1172 5323 et
1195 5287 1338 5322 autres
1372 5282 1511 5332 pièces
1540 5280 1724 5321 confiées
1746 5280 1768 5319 à

635 5339 675 5379 la
698 5339 854 5379 Maison
876 5343 970 5379 sont
991 5336 1174 5376 rendues
1207 5347 1289 5376 aux
1324 5335 1551 5376 intéressés
1580 5335 1700 5385 après
1728 5334 1767 5372 la

634 5392 894 5434 célébration
915 5391 972 5431 du
997 5390 1199 5439 mariage.

688 5470 764 5511 Les
786 5480 1011 5522 personnes
1031 5468 1107 5520 qui
1128 5471 1222 5507 sont
1243 5465 1472 5506 satisfaites
1492 5466 1543 5505 de
1572 5476 1646 5505 nos
1673 5476 1767 5506 ser¬

636 5524 748 5563 vices
771 5524 978 5563 voudront
999 5522 1097 5562 bien
1114 5519 1448 5571 communiquer
1468 5524 1584 5559 notre
1600 5519 1768 5559 adresse

634 5579 658 5616 à
679 5578 794 5618 leurs
812 5574 938 5626 amis,
962 5578 1219 5626 promettant
1239 5574 1288 5614 de
1311 5572 1488 5625 remplir
1519 5572 1558 5613 le
1594 5572 1768 5612 mandat

634 5631 743 5683 qu’il
791 5641 899 5671 nous
947 5629 1204 5679 donneront,
1255 5640 1310 5667 au
1359 5628 1504 5668 mieux
1553 5626 1603 5667 de
1655 5626 1770 5666 leurs

638 5685 826 5726 intérêts.

688 5762 856 5802 Ouvert
893 5762 992 5799 tous
1029 5758 1088 5799 les
1110 5759 1245 5812 jours
1275 5758 1331 5797 de
1361 5759 1392 5798 2
1417 5760 1443 5796 à
1466 5759 1492 5796 8
1514 5757 1674 5797 heures
1705 5756 1769 5796 du

630 5815 739 5864 soir,
762 5819 803 5854 et
825 5816 887 5854 les
906 5812 1165 5853 dimanches
1175 5811 1364 5864 jusqu’à
1387 5811 1504 5851 midi

671 5990 1109 6067 FORMALITÉS
1157 5995 1331 6064 POUR
1379 5996 1729 6063 MARIAGES

684 6178 761 6219 Les
810 6176 1096 6229 publications
1135 6176 1185 6216 de
1227 6174 1416 6224 mariage
1463 6175 1635 6215 doivent
1682 6174 1768 6214 être

634 6232 756 6272 faites
775 6232 801 6272 à
823 6232 864 6272 la
883 6231 1027 6271 Mairie
1047 6230 1158 6271 deux
1187 6228 1442 6268 dimanches
1463 6229 1512 6268 de
1534 6228 1644 6268 suite
1668 6232 1708 6267 et
1731 6228 1767 6266 le

632 6284 820 6335 mariage
863 6296 912 6324 ne
954 6290 1053 6335 peut
1093 6283 1214 6324 avoir
1250 6282 1334 6322 lieu
1378 6294 1462 6334 que
1500 6293 1602 6320 onze
1650 6280 1770 6330 jours

631 6339 773 6380 francs
792 6339 913 6390 après
937 6337 975 6378 la
999 6339 1206 6388 première
1227 6334 1515 6387 publication.

1898 810 1938 848 Si
1965 810 2000 848 le
2022 808 2226 848 domicile
2249 808 2354 847 n’est
2376 819 2447 858 pas
2482 806 2614 847 établi
2650 816 2724 855 par
2763 804 2824 843 six
2864 802 2975 842 mois

1844 862 1894 902 de
1917 863 2148 912 résidence,
2167 863 2227 904 les
2247 860 2535 912 publications
2552 859 2730 899 devront
2744 859 2831 897 être
2850 855 2975 895 faites

1843 918 1866 956 à
1906 916 1944 955 la
1986 915 2284 968 municipalité
2323 915 2380 954 du
2420 914 2590 954 dernier
2623 911 2826 951 domicile
2851 916 2890 951 et
2920 922 2971 950 en

1843 976 1962 1009 outre
2000 982 2054 1010 au
2094 968 2296 1010 domicile
2329 968 2379 1007 de
2412 979 2518 1008 ceux
2546 978 2644 1006 sous
2679 964 2718 1004 la
2751 964 2972 1015 puissance

1842 1023 2039 1075 desquels
2058 1035 2100 1063 se
2141 1027 2336 1063 trouvent
2375 1021 2432 1062 les
2463 1020 2618 1072 parties
2647 1023 2970 1059 contractantes.

1895 1112 2038 1152 Pièces
2057 1114 2080 1152 à
2102 1111 2302 1164 produire
2322 1112 2347 1150 à
2363 1110 2405 1150 la
2427 1107 2572 1150 Mairie
2589 1122 2598 1148 :

1902 1202 1932 1239 1°
1963 1202 2099 1242 L’acte
2119 1202 2169 1241 de
2188 1200 2407 1240 naissance
2423 1199 2496 1239 des
2511 1197 2620 1238 deux
2638 1196 2779 1236 futurs
2793 1195 2974 1235 dûment

1844 1255 2039 1304 légalisés
2063 1268 2072 1303 ;

1892 1321 1931 1359 2“
1952 1320 2006 1360 Le
2027 1324 2346 1361 consentement
2367 1318 2528 1359 notarié
2547 1316 2620 1356 des
2638 1316 2755 1367 pères
2775 1320 2815 1355 et
2836 1314 2974 1354 mères

1839 1374 1915 1425 qui
1958 1387 2006 1414 ne
2048 1379 2231 1426 peuvent
2272 1372 2310 1412 le
2342 1372 2506 1412 donner
2542 1370 2832 1410 verbalement
2868 1370 2892 1406 à
2934 1366 2974 1406 la

1840 1426 1985 1468 Mairie
2005 1440 2061 1468 au
2082 1434 2275 1468 moment
2295 1427 2346 1466 de
2366 1427 2488 1466 l’acte
2509 1424 2567 1464 du
2589 1423 2779 1473 mariage
2801 1435 2811 1472 ;

1892 1494 1930 1532 3°
1960 1494 2002 1534 Si
2023 1492 2062 1534 le
2084 1496 2180 1544 père
2202 1496 2242 1532 et
2265 1492 2303 1531 la
2326 1494 2440 1532 mère
2462 1495 2555 1532 sont
2584 1490 2778 1539 décédés,
2802 1499 2855 1527 ou
2883 1486 2972 1525 l’un

1839 1546 1978 1595 d’eux,
2001 1547 2034 1586 il
2054 1548 2144 1587 faut
2164 1546 2332 1588 fournir
2352 1546 2446 1586 leur
2466 1550 2556 1585 acte
2573 1543 2624 1583 de
2646 1543 2768 1584 décès
2790 1542 2974 1582 dûment

1842 1600 2015 1650 légalisé
2039 1615 2048 1651 ;

1892 1659 1929 1699 4°
1961 1660 2068 1701 Dans
2087 1660 2126 1700 le
2147 1671 2217 1700 cas
2238 1660 2287 1700 de
2308 1660 2431 1700 décès
2451 1659 2523 1699 des
2555 1659 2651 1708 père
2682 1662 2722 1696 et
2750 1656 2880 1703 mère,
2904 1652 2970 1694 s’il

1838 1714 1967 1754 existe
2009 1726 2066 1755 un
2105 1714 2358 1766 grand-père
2390 1726 2443 1752 ou
2487 1723 2568 1751 une
2596 1709 2881 1760 grand’mère,
2915 1719 2970 1746 ou

1835 1767 1992 1808 arrière
2031 1768 2289 1819 grand-père
2322 1772 2363 1806 et
2391 1766 2548 1806 arrière
2569 1763 2851 1815 grand’mère,
2878 1760 2973 1799 leur

1838 1827 2159 1862 consentement
2180 1827 2239 1861 est
2260 1820 2511 1862 nécessaire.

1892 1874 2000 1914 Pour
2033 1887 2092 1914 un
2124 1875 2298 1914 mineur
2322 1887 2328 1914 :

1898 1946 1927 1986 1°
1966 1946 1998 1985 Il
2039 1947 2131 1986 faut
2171 1947 2211 1987 la
2247 1947 2444 1996 présence
2482 1957 2536 1985 ou
2574 1943 2611 1983 le
2647 1946 2972 1983 consentement

1839 1999 2000 2039 notarié
2026 2000 2085 2040 du
2107 2006 2250 2040 tuteur
2270 2013 2279 2050 ;

1891 2059 1927 2098 2°
1958 2058 2046 2099 Une
2083 2059 2363 2100 délibération
2406 2058 2461 2098 du
2507 2055 2671 2097 Conseil
2711 2055 2761 2095 de
2804 2053 2971 2095 famille

1838 2112 2031 2164 lorsqu’il
2061 2112 2183 2163 s’agit
2215 2112 2318 2151 d’un
2351 2111 2549 2163 orphelin
2570 2111 2621 2150 de
2643 2111 2742 2160 père
2763 2114 2803 2148 et
2823 2119 2910 2160 que
2934 2108 2971 2147 la

1838 2167 1952 2206 mère
1971 2178 2027 2206 ou
2051 2165 2223 2207 l’aïeule
2244 2171 2339 2206 sont
2360 2166 2536 2205 tutrices
2559 2178 2569 2214 ;

1891 2218 2001 2259 Dans
2023 2231 2167 2260 aucun
2188 2231 2271 2270 cas,
2297 2231 2357 2260 un
2378 2218 2551 2260 mineur
2572 2229 2623 2256 ne
2648 2222 2747 2267 peut
2776 2218 2972 2256 contrac¬

1840 2280 1899 2313 ter
1919 2274 2108 2324 mariage
2130 2285 2226 2314 sans
2251 2273 2287 2312 le
2308 2276 2627 2314 consentement
2648 2271 2699 2310 de
2719 2280 2784 2310 ses
2806 2274 2974 2320 parents

1838 2339 1888 2367 ou
1916 2332 2094 2367 tuteurs.

1890 2380 1928 2419 5°
1959 2380 2035 2422 Les
2058 2379 2179 2421 veufs
2199 2380 2371 2419 doivent
2394 2380 2591 2431 produire
2615 2377 2735 2417 Pacte
2766 2376 2816 2416 de
2847 2375 2971 2416 décès

1840 2433 2014 2483 légalisé
2034 2434 2085 2474 de
2107 2434 2200 2474 leur
2219 2434 2411 2486 conjoint
2434 2432 2591 2473 décédé
2615 2443 2625 2479 ;

1892 2494 1928 2532 6°
1960 2494 2022 2532 Un
2059 2495 2264 2534 certificat
2303 2494 2353 2532 de
2394 2492 2416 2531 6
2456 2491 2566 2532 mois
2604 2491 2655 2530 de
2695 2488 2912 2530 résidence
2950 2488 2974 2527 à

1839 2547 2060 2596 Marseille,
2084 2547 2246 2587 délivré
2268 2559 2340 2596 par
2360 2546 2398 2586 le
2420 2544 2715 2586 commissaire
2740 2543 2791 2582 de
2816 2542 2968 2593 police,

1838 2611 1944 2651 pour
1965 2600 2026 2640 les
2046 2612 2274 2652 personnes
2294 2599 2371 2651 qui
2391 2600 2463 2652 n’y
2486 2603 2579 2639 sont
2601 2608 2672 2647 pas
2695 2598 2794 2636 nées
2815 2608 2824 2646 ;

1890 2661 1927 2699 7°
1947 2660 2007 2699 On
2028 2660 2115 2699 doit
2135 2659 2319 2712 justifier
2339 2660 2388 2698 de
2410 2671 2454 2699 sa
2474 2656 2703 2699 libération
2726 2655 2784 2695 du
2806 2654 2968 2695 service

1838 2713 2058 2760 militaire,
2080 2714 2160 2754 soit
2182 2726 2255 2765 par
2274 2724 2350 2754 son
2371 2712 2519 2763 congé,
2543 2711 2623 2751 soit
2646 2722 2719 2760 par
2748 2722 2808 2748 un
2841 2707 2970 2748 certi¬

1837 2768 1935 2807 ficat
1956 2767 2007 2807 de
2027 2767 2256 2808 libération
2282 2780 2292 2818 ;

1890 2827 1927 2866 8°
1956 2827 2016 2866 En
2036 2834 2158 2867 outre
2179 2827 2252 2867 des
2275 2827 2413 2877 pièces
2434 2826 2641 2865 énoncées
2663 2823 2890 2870 ci-dessus,
2912 2820 2974 2860 les

1837 2891 2067 2931 personnes
2087 2880 2304 2920 divorcées
2324 2879 2504 2920 devront
2526 2876 2723 2929 produire
2746 2888 2804 2915 un
2823 2874 2972 2916 extrait

1836 2935 1890 2973 du
1914 2934 2136 2984 jugement
2156 2933 2366 2985 ainsique
2386 2934 2504 2972 Pacte
2520 2931 2578 2970 du
2600 2930 2770 2971 divorce
2788 2930 2974 2968 dûment

1835 2987 2067 3038 enregistré
2088 2994 2127 3027 et
2151 2987 2344 3028 transcrit
2364 2988 2383 3026 à
2410 2986 2452 3026 la
2475 2984 2618 3025 Mairie
2642 2997 2651 3035 ;

1889 3047 1927 3086 9°
1958 3047 2139 3099 Lorsque
2181 3047 2242 3087 les
2282 3050 2448 3098 parents
2494 3044 2682 3084 refusent
2730 3043 2782 3082 de
2811 3043 2974 3081 donner

1835 3099 1931 3139 leur
1954 3104 2274 3140 consentement
2293 3112 2347 3138 au
2371 3099 2559 3148 mariage
2595 3096 2724 3135 d’une
2767 3104 2972 3146 personne

1839 3152 2044 3204 majeure,
2068 3154 2097 3192 il
2134 3159 2231 3204 peut
2271 3155 2359 3194 être
2396 3153 2515 3203 passé
2544 3156 2664 3190 outre
2687 3162 2738 3190 au
2763 3147 2970 3196 mariage,

1836 3208 1958 3257 après
1976 3207 2070 3246 leur
2087 3208 2207 3247 avoir
2227 3207 2305 3246 fait
2327 3207 2399 3246 des
2422 3211 2532 3244 actes
2555 3204 2606 3243 de
2626 3208 2788 3254 respect
2810 3200 2973 3241 variant

1836 3260 1887 3299 de
1911 3272 1966 3299 un
1990 3262 2012 3299 à
2036 3260 2134 3300 trois
2167 3267 2206 3300 et
2242 3260 2362 3300 s’être
2390 3258 2607 3298 conformé
2640 3268 2722 3295 aux
2763 3254 2972 3307 prescrip¬

1840 3314 1948 3354 tions
1968 3314 2042 3354 des
2060 3320 2136 3354 art.
2168 3313 2236 3353 144
2259 3319 2299 3354 et
2326 3312 2395 3352 154
2416 3312 2471 3351 du
2496 3310 2598 3351 code
2619 3310 2722 3350 civil
2748 3322 2756 3358 ;

1898 3368 1954 3406 10“
1983 3367 2094 3406 Pour
2117 3367 2154 3406 la
2174 3367 2372 3419 question
2391 3366 2463 3405 des
2483 3363 2747 3405 cérémonies
2770 3361 2971 3412 religieu¬

1835 3431 1915 3471 ses,
1937 3420 2160 3460 s’adresser
2178 3419 2352 3461 suivant
2380 3419 2420 3459 le
2450 3419 2565 3459 culte
2586 3416 2610 3456 à
2632 3416 2672 3456 la
2694 3416 2893 3467 paroisse,
2914 3427 2968 3454 au

1836 3474 2083 3515 consistoire
2104 3479 2335 3526 protestant
2355 3486 2410 3512 ou
2432 3484 2486 3512 au
2510 3471 2624 3512 culte
2644 3470 2845 3510 Israélite.

1891 3551 2060 3592 L’Office
2079 3551 2316 3601 Mondonet,
2336 3551 2372 3601 6,
2392 3551 2419 3590 B
2422 3548 2436 3571 d
2448 3550 2498 3590 de
2514 3548 2552 3588 la
2571 3547 2844 3598 Magdeleine,
2870 3551 2971 3595 peut

1835 3617 1878 3646 se
1911 3606 2087 3655 charger
2122 3607 2172 3645 de
2207 3610 2343 3646 toutes
2379 3604 2436 3644 les
2466 3602 2704 3643 formalités
2742 3600 2892 3640 civiles
2931 3604 2971 3638 et

1837 3658 2085 3707 religieuses
2106 3659 2140 3698 si
2166 3659 2222 3699 les
2242 3656 2394 3698 clients
2416 3656 2479 3696 lui
2499 3655 2686 3696 confient
2706 3666 2752 3695 ce
2774 3652 2882 3694 soin.

1892 3712 2055 3752 L’office
2078 3712 2300 3752 Mondonet
2332 3723 2382 3750 ne
2414 3708 2572 3763 perçoit
2610 3708 2683 3748 des
2723 3706 2970 3748 honoraires

1834 3765 1932 3817 qu’a
1936 3767 2031 3816 près
2053 3764 2092 3804 la
2112 3765 2375 3804 célébration
2395 3764 2452 3803 du
2475 3762 2679 3811 mariage.

1945 3926 2495 3995 RENSEIGNEMENTS
2547 3917 2859 3993 GÉNÉRAUX

1836 4032 2182 4074 concernant
2220 4028 2296 4070 les
2330 4028 2563 4070 Veuves
2595 4026 2970 4080 pensionnées

1890 4186 2008 4225 Gand
2024 4186 2203 4226 nombre
2224 4184 2274 4223 de
2295 4184 2441 4224 dames
2460 4183 2669 4234 jouissant
2690 4183 2820 4223 d’une
2863 4195 2969 4232 pen¬

1836 4239 1930 4280 sion
1951 4239 2002 4279 de
2024 4238 2192 4280 retraite
2215 4250 2287 4287 par
2308 4238 2419 4278 suite
2439 4238 2498 4278 du
2519 4236 2643 4276 décès
2663 4237 2715 4276 de
2740 4237 2832 4276 leur
2860 4237 2971 4276 mari

1836 4298 1930 4333 sont
1968 4292 2223 4344 persuadées
2260 4290 2438 4342 qu’elles
2479 4290 2716 4340 perdraient
2750 4302 2820 4330 ces
2840 4290 2974 4330 droits

1839 4348 1861 4387 à
1882 4346 1922 4385 la
1943 4346 2111 4386 retraite
2142 4347 2175 4385 si
2211 4343 2314 4387 elles
2344 4342 2651 4384 contractaient
2686 4354 2767 4383 une
2789 4344 2970 4384 seconde

1839 4399 1989 4440 union.
2029 4399 2134 4439 C’est
2168 4409 2251 4438 une
2283 4398 2488 4448 profonde
2515 4408 2659 4437 erreur
2679 4396 2715 4436 si
2737 4408 2805 4437 ces
2826 4398 2972 4438 dames

1839 4459 1931 4493 sont
1969 4452 2249 4503 pensionnées
2284 4451 2336 4491 de
2375 4450 2496 4490 l’Etat
2519 4464 2527 4500 ;
2560 4462 2631 4489 car
2668 4455 2774 4490 cette
2794 4450 2969 4502 pension

1839 4506 1944 4547 n’est
1983 4518 2056 4558 pas
2098 4518 2179 4546 une
2220 4503 2384 4554 faveur,
2427 4504 2527 4544 c’est
2566 4515 2623 4542 un
2656 4503 2768 4544 droit
2792 4503 2974 4556 qu’elles

1840 4562 2032 4601 tiennent
2052 4571 2103 4599 en
2128 4563 2244 4599 vertu
2267 4558 2395 4596 d’une
2427 4558 2500 4598 loi.
2545 4557 2598 4596 La
2628 4556 2683 4596 loi
2706 4556 2763 4596 du
2786 4557 2973 4608 mariage

1839 4616 1954 4655 étant
1992 4611 2353 4654 essentiellement
2382 4610 2557 4661 morale,
2583 4622 2633 4650 ne
2675 4616 2774 4661 peut
2814 4611 2974 4652 édicter

1839 4668 1913 4708 des
1951 4667 2314 4718 empêchements,
2338 4664 2410 4704 des
2435 4663 2643 4706 obstacles
2675 4676 2728 4703 au
2766 4664 2970 4716 mariage,

1839 4732 1907 4761 ces
1927 4720 2276 4770 empêchements
2311 4718 2492 4758 seraient
2531 4718 2773 4759 considérés
2803 4730 2972 4758 comme

1842 4775 2082 4814 immoraux
2104 4779 2144 4814 et
2166 4784 2240 4824 par
2260 4774 2522 4823 conséquent
2544 4771 2776 4811 contraires
2795 4774 2818 4811 à
2834 4771 2873 4811 la
2899 4771 2969 4811 loi.

1843 4829 1916 4868 Les
1958 4839 2112 4867 veuves
2152 4826 2470 4876 pensionnaires
2501 4826 2551 4865 de
2582 4826 2703 4864 l’Etat
2724 4836 2775 4864 ne
2799 4824 2974 4876 perdent

1840 4883 1947 4922 donc
1986 4881 2079 4920 leur
2119 4879 2294 4931 pension
2332 4879 2375 4918 ni
2406 4890 2482 4930 par
2523 4890 2580 4919 un
2620 4879 2790 4928 second,
2831 4879 2872 4919 ni
2916 4891 2974 4919 un

1844 4935 2058 4976 troisième
2079 4934 2282 4983 mariage.

1894 4989 1971 5028 Les
1992 4999 2148 5027 veuves
2170 4987 2450 5038 pensionnées
2471 4998 2544 5037 par
2568 4985 2630 5026 les
2659 4986 2975 5036 départements

1842 5047 2026 5092 peuvent
2064 5040 2204 5082 seules
2243 5039 2335 5078 voir
2371 5040 2614 5091 supprimer
2651 5044 2758 5079 cette
2799 5039 2974 5091 pension

1843 5107 1916 5147 par
1940 5107 1995 5134 un
2016 5096 2169 5135 second
2211 5094 2398 5143 mariage
2435 5095 2542 5133 dans
2575 5092 2757 5132 certains
2788 5105 2859 5133 cas
2879 5099 2919 5132 et
2940 5092 2975 5133 si

1841 5154 1948 5189 cette
1982 5150 2156 5199 pension
2193 5160 2216 5187 a
2246 5147 2312 5187 été
2342 5147 2542 5187 accordée
2563 5147 2587 5185 à
2611 5146 2704 5186 titre
2724 5147 2775 5186 de
2806 5158 2976 5188 secours

1843 5202 2110 5252 temporaire.

1895 5255 2132 5303 D’ailleurs,
2159 5255 2195 5294 le
2218 5253 2312 5292 titre
2334 5254 2383 5292 de
2406 5254 2580 5304 pension
2606 5259 2719 5304 porte
2742 5265 2792 5294 en
2814 5266 2972 5304 marge,

1842 5321 1895 5350 en
1919 5314 2054 5348 toutes
2076 5308 2230 5356 lettres,
2259 5319 2327 5347 ces
2347 5308 2547 5348 réserves.

1845 5491 2221 5597 OFFRES
2305 5495 2417 5591 DE
2493 5490 2973 5594 MARIAGES

2016 5682 2436 5727 DEMOISELLES
2474 5682 2541 5727 ET
2574 5683 2805 5727 VEUVES

1895 5827 1986 5868 435.
2011 5851 2055 5856 —
2080 5827 2350 5876 Demoiselle,
2392 5828 2441 5867 26
2475 5838 2566 5875 ans,
2602 5827 2700 5867 bien
2723 5827 2882 5877 élevée,
2909 5827 2975 5866 fa¬

1843 5880 1963 5921 mille
2003 5883 2084 5922 très
2124 5880 2371 5930 honorable,
2411 5882 2482 5920 dot
2519 5881 2667 5930 65,000
2688 5882 2759 5930 fr.,
2795 5880 2978 5932 grandes

1842 5936 2088 5986 espérances
2106 5938 2226 5986 après
2247 5947 2311 5975 ses
2332 5942 2514 5987 parents,
2536 5935 2778 5986 épouserait
2795 5934 2974 5984 notaire,

1842 5990 1991 6035 avoué,
2032 5990 2235 6041 employé
2274 5989 2328 6028 du
2371 5996 2708 6039 gouvernement
2747 6000 2847 6028 avec
2871 5988 2976 6028 bons

1840 6043 2201 6095 appointements.

1894 6119 1971 6159 435
1991 6119 2072 6159 bis.
2096 6143 2144 6148 —
2186 6119 2456 6170 Demoiselle,
2487 6120 2536 6160 20
2557 6131 2647 6164 ans,
2680 6119 2768 6159 fille
2793 6120 2971 6171 unique,

1841 6171 1941 6214 bien
1979 6172 2138 6221 élevée,
2175 6171 2292 6224 jolie,
2338 6172 2408 6212 dot
2462 6174 2630 6219 100,000
2671 6174 2742 6222 fr.,
2794 6173 2975 6223 grandes

1840 6229 2102 6278 espérances,
2154 6226 2392 6278 épouserait
2440 6226 2655 6267 Monsieur
2702 6239 2751 6266 en
2804 6232 2975 6278 rapport

1840 6280 1975 6331 d’âge,
1997 6279 2267 6320 d’éducation
2290 6285 2330 6319 et
2359 6279 2410 6319 de
2431 6279 2602 6321 fortune
2624 6292 2676 6319 ou
2700 6280 2902 6332 employé
2923 6280 2974 6319 de

1846 6334 1978 6374 l’Etal.

3100 804 3192 844 436.
3219 827 3267 832 —
3290 802 3561 851 Demoiselle,
3578 803 3628 842 22
3644 816 3735 852 ans,
3759 803 3879 855 jolie,
3904 803 4001 843 bien
4024 803 4186 852 élevée,

3047 858 3119 896 dot
3142 858 3261 907 5,000
3282 856 3336 899 fr.
3376 858 3427 897 de
3464 861 3618 906 rentes,
3642 857 3882 908 épouserait
3903 856 4115 898 Monsieur
4134 867 4184 897 en

3047 918 3215 963 rapport
3238 911 3356 964 d’âge
3382 916 3420 950 et
3443 911 3493 951 de
3516 911 3703 951 fortune.

3099 1001 3192 1042 442.
3223 1024 3266 1031 —
3298 1002 3452 1051 Veuve,
3494 1013 3591 1041 sans
3629 1002 3812 1048 enfants,
3855 1002 3903 1041 40
3944 1012 4034 1050 ans,
4076 1001 4188 1043 belle

3048 1066 3269 1106 personne,
3301 1055 3470 1095 fortune
3500 1055 3647 1105 50,000
3680 1055 3748 1105 fr.,
3791 1056 4033 1107 épouserait
4063 1055 4186 1094 Mon¬

3046 1110 3163 1150 sieur
3183 1119 3237 1149 en
3258 1114 3425 1159 rapport
3445 1109 3565 1159 d’âge
3586 1114 3627 1148 et
3647 1108 3824 1148 d’avoir.

3101 1199 3192 1240 443.
3216 1222 3267 1227 —
3306 1198 3574 1248 Demoiselle,
3610 1199 3658 1238 22
3694 1211 3784 1248 ans,
3814 1198 3924 1239 belle
3959 1211 4183 1251 personne,

3047 1252 3118 1292 dot
3138 1252 3312 1296 200,000
3335 1252 3403 1302 fr.,
3426 1252 3666 1304 épouserait
3686 1252 3850 1294 notaire
3871 1266 3923 1293 ou
3948 1256 4100 1294 avoué.

3099 1354 3191 1396 444.
3228 1379 3262 1383 —
3287 1355 3556 1404 Demoiselle,
3580 1356 3626 1394 21
3648 1368 3739 1404 ans,
3767 1356 3836 1395 dot
3880 1355 4023 1403 12,000
4045 1356 4095 1396 fr.
4132 1357 4182 1396 de

3048 1415 3199 1458 rentes,
3232 1409 3471 1460 épouserait
3497 1409 3707 1448 Monsieur
3729 1422 3778 1448 en
3803 1414 3974 1460 rapport
4002 1410 4120 1460 d’âge
4144 1416 4183 1450 et

3047 1463 3098 1502 de
3123 1463 3307 1502 fortune.

3099 1547 3191 1588 459.
3216 1570 3264 1576 —
3287 1547 3556 1596 Demoiselle,
3578 1547 3628 1587 26
3650 1559 3740 1596 ans,
3760 1546 3879 1599 jolie,
3900 1547 3996 1587 bien
4020 1547 4180 1596 élevée,

3047 1601 3194 1648 20.000
3215 1600 3266 1641 fr.
3308 1602 3359 1640 de
3400 1602 3471 1640 dot
3500 1605 3540 1640 et
3572 1604 3835 1652 espérances,
3859 1602 4095 1651 épouserait
4122 1613 4179 1640 un

3046 1660 3337 1707 commerçant
3359 1654 3458 1694 bien
3479 1654 3627 1695 établi.

3098 1748 3190 1790 465.
3219 1772 3262 1778 —
3288 1748 3444 1799 Veuve,
3477 1751 3578 1799 âgée
3619 1748 3670 1788 de
3710 1748 3759 1787 38
3798 1759 3889 1798 ans,
3930 1748 4042 1788 belle
4086 1760 4179 1800 per¬

3047 1815 3192 1854 sonne,
3215 1803 3312 1842 bien
3354 1802 3514 1851 élevée,
3543 1803 3714 1843 fortune
3735 1804 3927 1854 présente
3956 1803 4103 1854 30,000
4127 1803 4176 1843 fr.

3047 1863 3087 1896 et
3107 1858 3368 1907 espérances,
3392 1855 3632 1906 épouserait
3666 1856 3879 1897 Monsieur
3918 1868 3969 1894 en
4010 1863 4179 1906 rapport

3047 1909 3180 1961 d’âge,
3204 1914 3334 1962 ayant
3354 1908 3486 1960 avoir,
3510 1910 3714 1960 employé
3735 1920 3788 1948 on
3811 1908 3983 1950 rentier.

3099 2006 3191 2046 468.
3226 2027 3276 2034 —
3315 2004 3586 2054 Demoiselle,
3608 2006 3658 2044 23
3680 2016 3770 2055 ans,
3808 2006 3904 2045 bien
3928 2004 4086 2055 élevée,
4128 2007 4179 2045 de

3047 2060 3186 2099 bonne
3202 2058 3383 2108 famille,
3397 2059 3567 2099 fortune
3584 2059 3850 2109 personnelle
3868 2059 4016 2109 22,000
4038 2059 4110 2108 fr.,
4130 2060 4179 2100 de

3047 2126 3112 2154 ses
3147 2119 3315 2164 parents
3355 2114 3528 2163 100,000
3567 2113 3636 2162 fr.,
3677 2113 3920 2164 épouserait
3967 2112 4183 2153 Monsieur

3050 2167 3147 2207 bien
3168 2166 3304 2216 élevé,
3345 2172 3476 2218 ayant
3500 2167 3636 2206 bonne
3662 2166 3843 2216 position
3882 2178 3934 2205 ou
3959 2166 4178 2218 employé,

3047 2234 3099 2260 en
3123 2227 3296 2272 rapport
3318 2219 3452 2271 d’âge.

3099 2322 3190 2363 469.
3222 2345 3263 2350 —
3308 2320 3576 2370 Demoiselle,
3600 2322 3651 2360 28
3671 2334 3763 2371 ans,
3788 2322 3871 2361 très
3895 2322 3995 2362 bien
4018 2322 4176 2372 élevée,

3048 2376 3216 2416 fortune
3257 2375 3404 2424 90,000
3455 2375 3523 2424 fr.,
3569 2374 3813 2426 épouserait
3867 2382 4177 2427 commerçant,

3047 2435 3179 2480 ayant
3203 2428 3311 2467 belle
3332 2428 3539 2468 situation
3571 2440 3627 2468 ou
3667 2428 3870 2481 employé
3890 2427 3941 2467 de
3965 2428 4103 2478 l’Etat,
4127 2440 4180 2468 en

3048 2488 3219 2534 rapport
3240 2482 3374 2532 d’âge.

3100 2572 3191 2613 475.
3225 2595 3263 2599 —
3304 2570 3574 2619 Demoiselle,
3607 2570 3655 2608 27
3696 2582 3786 2619 ans,
3827 2571 4067 2623 orpheline,
4107 2572 4179 2612 dot

3048 2626 3194 2676 70.000
3230 2625 3300 2673 fr.,
3344 2626 3441 2664 bien
3486 2623 3643 2673 élevée,
3686 2623 3926 2675 épouserait
3963 2624 4179 2664 Monsieur

3047 2685 3177 2731 ayant
3199 2678 3380 2730 position
3404 2684 3443 2718 et
3464 2691 3515 2718 en
3540 2686 3707 2730 rapport
3728 2679 3847 2729 d’âge
3870 2684 3908 2718 et
3930 2678 4106 2720 d’avoir.

3099 2775 3190 2816 482.
3215 2798 3263 2803 —
3301 2774 3460 2820 Veuve,
3483 2785 3580 2814 sans
3600 2774 3784 2824 enfants,
3807 2775 3908 2824 âgée
3930 2772 3981 2812 de
4003 2775 4051 2812 47
4083 2787 4175 2824 ans,

3047 2830 3218 2868 fortune
3252 2828 3398 2878 80,000
3434 2828 3483 2868 fr.
3520 2839 3572 2867 en
3611 2827 3890 2877 immeubles,
3934 2828 4178 2879 épouserait

3048 2883 3262 2923 Monsieur
3282 2894 3334 2922 en
3355 2887 3518 2932 rapport
3543 2880 3660 2932 d’âge
3683 2887 3722 2922 et
3742 2882 3916 2923 d’avoir.

3100 2980 3190 3020 495.
3212 3003 3259 3008 —
3282 2980 3551 3028 Demoiselle,
3580 2979 3624 3019 19
3663 2991 3752 3030 ans,
3785 2980 3884 3020 bien
3924 2979 4084 3030 élevée,
4108 2980 4179 3020 dot

3047 3035 3195 3084 80.000
3214 3034 3282 3082 fr.,
3306 3035 3554 3084 espérances
3574 3034 3626 3072 de
3643 3044 3710 3072 ses
3724 3039 3894 3083 parents
3915 3034 4090 3083 300,000
4108 3035 4178 3083 fr.,

3047 3087 3288 3138 épouserait
3321 3087 3521 3139 employé
3541 3087 3592 3126 de
3617 3087 3736 3126 l’Etat
3755 3092 3888 3139 ayant
3909 3087 4020 3127 belle
4041 3087 4180 3128 situa¬

3051 3142 3152 3191 tion,
3172 3154 3224 3182 ou
3266 3142 3478 3182 Monsieur
3497 3146 3628 3191 ayant
3656 3140 3824 3190 150,000
3847 3140 3916 3191 fr.,
3938 3153 3988 3182 en
4011 3148 4182 3192 rapport

3048 3195 3180 3244 d’âge.

3100 3284 3190 3325 496.
3207 3307 3258 3313 —
3278 3283 3547 3332 Demoiselle,
3586 3283 3636 3324 25
3676 3295 3766 3335 ans,
3810 3283 4050 3335 orpheline,
4083 3284 4181 3326 bien

3047 3338 3205 3386 élevée,
3251 3338 3321 3377 dot
3365 3339 3539 3383 200,000
3591 3339 3662 3387 fr.,
3712 3338 3952 3390 épouserait
3997 3339 4180 3390 notaire,

3046 3394 3195 3442 avoué,
3221 3396 3369 3431 avocat
3404 3392 3620 3442 distingué
3658 3404 3712 3431 ou
3755 3391 3970 3443 employé,
4000 3393 4100 3432 chef
4129 3395 4180 3433 de

3046 3446 3205 3486 service
3225 3445 3354 3485 d’une
3376 3445 3718 3486 administration
3739 3444 3792 3486 de
3816 3445 3952 3487 l’Etat.

3098 3535 3188 3576 497.
3216 3559 3258 3563 —
3299 3535 3568 3583 Demoiselle,
3599 3536 3700 3587 âgée
3720 3536 3770 3575 de
3791 3536 3839 3576 28
3862 3547 3951 3586 ans,
3974 3536 4116 3587 pieuse
4140 3544 4180 3578 et

3044 3588 3295 3638 charitable,
3327 3595 3459 3640 ayant
3504 3590 3792 3638 1,100,000'fr.
3814 3591 3864 3631 de
3887 3590 3972 3639 dot,
3996 3592 4179 3640 épouse¬

3045 3643 3126 3682 rait
3159 3642 3386 3692 Monsieur,
3407 3643 3591 3690 sérieux,
3612 3642 3680 3682 bel
3708 3643 3902 3691 homme,
3926 3643 4175 3691 honorable,

3044 3696 3143 3736 bien
3165 3695 3299 3747 élevé,
3322 3703 3451 3747 ayant
3490 3707 3546 3737 au
3574 3695 3714 3736 moins
3737 3695 3911 3745 300,000
3936 3696 3987 3736 fr.
4013 3696 4063 3736 de
4085 3698 4176 3738 for¬

3047 3756 3164 3789 tune.

3097 3832 3188 3873 498.
3207 3854 3258 3860 —
3278 3831 3547 3879 Demoiselle,
3579 3831 3621 3871 21
3668 3844 3758 3882 ans,
3802 3834 3912 3872 belle
3955 3846 4179 3883 personne,

3044 3887 3143 3926 bien
3166 3885 3322 3935 élevée,
3346 3886 3415 3924 dot
3438 3885 3586 3934 80,000
3608 3886 3678 3935 fr.,
3702 3887 3942 3936 épouserait
3967 3887 4180 3926 Monsieur

3044 3952 3096 3980 en
3119 3944 3286 3991 rapport
3308 3939 3427 3990 d’âge
3450 3944 3488 3979 et
3510 3938 3687 3980 d’avoir.

3098 4023 3188 4063 499.
3211 4046 3260 4051 —
3303 4021 3570 4071 Demoiselle,
3611 4023 3656 4060 21
3683 4034 3774 4072 ans,
3798 4024 3897 4063 bien
3919 4024 4083 4072 élevée,
4108 4026 4179 4064 dot

3050 4076 3219 4126 100.000
3258 4076 3309 4116 fr.
3340 4082 3382 4116 et
3419 4075 3599 4127 grandes
3635 4076 3898 4127 espérances,
3939 4078 4183 4127 épouserait

3047 4131 3259 4171 Monsieur
3279 4131 3461 4180 élégant,
3483 4142 3533 4171 en
3556 4136 3727 4182 rapport
3748 4131 3868 4182 d’âge
3890 4135 3930 4171 et
3948 4131 4123 4171 d’avoir.

3099 4222 3190 4261 507.
3231 4243 3278 4248 —
3324 4220 3594 4268 Demoiselle,
3642 4223 3744 4274 âgée
3783 4223 3834 4262 de
3874 4223 3923 4262 23
3974 4235 4066 4271 ans,
4107 4224 4178 4263 dot

3051 4274 3219 4324 150.000
3240 4274 3310 4323 fr.,
3351 4276 3599 4326 espérances
3636 4276 3966 4326 considérables,
3990 4278 4171 4327 épouse¬

3047 4328 3127 4367 rait
3166 4327 3479 4368 fonctionnaire
3518 4339 3571 4368 ou
3612 4328 3862 4380 dignitaire,
3915 4342 3965 4368 en
4008 4336 4178 4382 rapport

3047 4380 3181 4433 d’âge.

3100 4460 3190 4499 512.
3212 4482 3254 4487 —
3278 4459 3545 4508 Demoiselle,
3580 4459 3630 4498 27
3652 4472 3743 4508 ans,
3783 4462 3855 4500 dot
3899 4462 4071 4510 100,000
4107 4463 4179 4511 fr.,

3048 4512 3286 4564 épouserait
3308 4512 3522 4553 Monsieur
3542 4525 3592 4553 en
3615 4519 3783 4564 rapport
3820 4514 3871 4554 de
3912 4514 4083 4555 fortune
4124 4528 4178 4555 ou

3047 4566 3248 4618 employé
3270 4566 3320 4607 de
3342 4566 3479 4607 l’Etal.

3100 4658 3191 4698 514.
3210 4680 3259 4686 —
3281 4658 3426 4708 Dame,
3460 4657 3601 4706 noble,
3626 4656 3722 4698 bien
3747 4660 3988 4706 conservée,
4015 4660 4063 4700 50
4084 4672 4179 4709 ans,

3048 4723 3198 4760 veuve,
3240 4720 3371 4762 ayant
3408 4712 3529 4760 2,000
3569 4711 3619 4751 fr.
3658 4711 3709 4750 de
3749 4718 3900 4758 rentes,
3935 4713 4180 4763 épouserait

3049 4764 3263 4805 Monsieur
3299 4763 3402 4804 bien
3439 4764 3573 4811 élevé,
3598 4768 3731 4815 ayant
3767 4764 3819 4804 de
3858 4765 3908 4806 50
3949 4767 3973 4804 à
4007 4767 4056 4806 70
4087 4779 4179 4815 ans,

3048 4819 3191 4858 même
3228 4830 3328 4858 avec
3366 4817 3596 4858 infirmités
3635 4823 3675 4856 et
3716 4818 3937 4868 possédant
3975 4819 4025 4859 de
4067 4819 4117 4859 40
4158 4823 4179 4860 à

3048 4871 3195 4921 60.000
3216 4871 3268 4911 fr.
3304 4871 3354 4911 de
3391 4871 3560 4911 fortune
3599 4882 3654 4910 ou
3698 4872 3827 4922 partie
3863 4883 3914 4911 en
3951 4872 4104 4923 capital
4138 4880 4178 4914 et

3051 4925 3182 4976 partie
3203 4937 3255 4965 en
3280 4924 3455 4975 pension
3478 4925 3527 4965 de
3552 4924 3735 4964 retraite.

3102 5015 3191 5054 517.
3228 5036 3278 5042 —
3320 5013 3574 5055 Demoiselle
3611 5020 3743 5066 ayant
3782 5015 3854 5055 des
3895 5015 4011 5055 titres
4051 5016 4178 5056 nobi-

3051 5067 3188 5118 lières,
3222 5068 3323 5119 âgée
3363 5068 3414 5107 de
3451 5068 3502 5108 20
3545 5079 3636 5118 ans,
3684 5068 3924 5120 orpheline,
3965 5070 4179 5116 1,000,000

3050 5122 3102 5162 de
3134 5121 3219 5168 dot,
3260 5123 3502 5171 épouserait
3554 5123 3760 5172 marquis,
3807 5123 3891 5162 duc
3943 5135 3996 5162 ou
4039 5130 4180 5164 comte

3050 5186 3100 5215 en
3124 5179 3293 5227 rapport
3316 5175 3448 5226 d’âge,
3474 5187 3572 5216 avec
3594 5175 3726 5216 avoir,

3103 5266 3192 5304 521.
3218 5287 3268 5292 —
3299 5264 3566 5313 Demoiselle,
3607 5266 3656 5303 27
3696 5278 3787 5315 ans,
3822 5266 3995 5316 200,000
4036 5267 4086 5306 fr.
4131 5268 4182 5307 de

3050 5318 3134 5367 dot,
3194 5318 3432 5368 épouserait
3475 5318 3686 5359 Monsieur
3740 5332 3793 5360 en
3852 5327 4023 5371 rapport
4063 5320 4182 5371 d’âge

3051 5379 3091 5411 et
3112 5372 3287 5411 d’avoir.

3104 5456 3194 5497 52*.
3222 5478 3267 5483 —
3298 5454 3568 5506 Demoiselle,
3608 5455 3657 5495 24
3697 5467 3787 5507 ans,
3827 5456 3896 5496 dot
3936 5456 4084 5508 50,000
4128 5456 4182 5498 fr.

3050 5510 3291 5560 épouserait
3315 5508 3532 5561 employé.

3103 5602 3262 5640 531.—
3288 5600 3556 5648 Demoiselle,
3580 5602 3628 5640 23
3667 5612 3757 5651 ans,
3795 5600 3866 5641 dot
3902 5601 4076 5651 200,000
4111 5603 4180 5652 fr.,

3050 5655 3288 5704 épouserait
3328 5655 3639 5695 fonctionnaire
3682 5655 3828 5706 public
3868 5662 3999 5706 ayant
4039 5655 4182 5695 situa¬

3054 5707 3139 5747 tion
3162 5719 3211 5748 en
3238 5714 3422 5759 rapport.

3104 5799 3195 5839 533,
3216 5822 3260 5827 —
3284 5799 3553 5848 Demoiselle,
3591 5796 3638 5838 23
3678 5811 3768 5849 ans,
3792 5800 3863 5839 dot
3902 5799 4075 5850 300,000
4111 5799 4179 5848 fr.,

3050 5852 3290 5903 épouserait
3329 5853 3640 5894 fonctionnaire
3682 5864 3733 5892 en
3772 5858 3943 5905 rapport
3983 5854 4102 5904 d’âge
4143 5859 4183 5895 et

3050 5906 3100 5946 de
3122 5906 3342 5947 situation,

3103 5995 3192 6036 534.
3219 6019 3265 6023 —
3296 5994 3457 6044 Veuve,
3492 5995 3541 6036 60
3582 6007 3672 6043 ans,
3706 6002 3835 6046 ayant
3879 5995 3996 6045 1,600
4035 5996 4086 6038 fr.
4131 5998 4181 6039 de

3050 6056 3203 6100 rentes,
3255 6050 3362 6090 beau
3403 6047 3621 6100 mobilier,
3655 6047 3894 6100 épouserait
3932 6051 4088 6091 rentier
4127 6064 4179 6092 en

3049 6108 3220 6154 rapport
3242 6103 3376 6156 d’âge.

3103 6194 3194 6235 545.
3220 6218 3264 6222 —
3311 6194 3466 6242 Veuve,
3510 6194 3558 6234 50
3596 6206 3687 6244 ans,
3718 6194 3891 6236 fortune
3928 6195 4078 6235 20.000
4108 6194 4179 6243 fr.,

3048 6246 3287 6298 épouserait
3320 6246 3487 6288 retraité
3508 6259 3561 6288 ou
3584 6251 3742 6290 rentier
3762 6262 3811 6288 en
3838 6254 4006 6299 rapport
4042 6248 4178 6299 d’âge,

3102 6332 3191 6374 548.
3213 6355 3255 6362 —
3278 6332 3546 6383 Demoiselle,
3570 6334 3618 6374 30
3639 6344 3730 6385 ans,
3753 6334 3923 6375 fortune
3947 6333 4088 6375 10.000
4107 6335 4178 6385 fr,,
