4720 7064
2091 474 2172 520 LE
2209 475 2362 523 LIEN
2398 475 2486 522 DU
2523 472 2819 522 MARIAGE

762 814 816 855 Le
855 814 962 854 Lien
999 814 1051 854 du
1087 812 1271 868 Mariage
1308 827 1351 855 se
1391 814 1499 854 vend
1535 827 1591 854 au
1634 814 1723 864 prix
1771 811 1822 852 de

692 871 740 910 10
762 868 968 908 centimes
999 868 1104 908 dans
1138 874 1230 908 tous
1260 868 1319 908 les
1356 868 1558 919 kiosques
1576 867 1627 906 de
1652 867 1689 906 la
1712 864 1823 906 Ville

688 930 730 963 et
749 924 772 963 à
795 924 834 962 la
855 922 1082 972 Direction,
1106 923 1144 972 6,
1166 923 1192 960 B
1195 923 1208 943 d
1230 923 1280 962 de
1303 923 1343 962 la
1366 920 1640 971 Magdeleine,

742 1007 855 1047 Dans
893 1004 954 1044 les
994 1006 1219 1056 prochains
1255 1006 1474 1054 numéros,
1497 1016 1606 1044 nous
1632 1006 1822 1044 réserve¬

690 1072 788 1100 rons
811 1072 870 1099 un
891 1059 988 1099 tiers
1010 1059 1058 1099 de
1082 1071 1184 1111 page
1216 1072 1323 1111 pour
1352 1058 1414 1098 les
1446 1058 1823 1098 annonces-récla¬

692 1127 796 1164 mes,
820 1112 930 1153 mais
950 1126 1058 1155 nous
1078 1115 1395 1164 n’accepterons
1424 1118 1464 1151 et
1492 1111 1818 1152 recommande¬

690 1180 788 1208 rons
807 1179 891 1219 que
912 1167 1040 1208 celles
1071 1167 1148 1220 qui
1178 1171 1430 1207 émaneront
1456 1166 1530 1206 des
1564 1166 1752 1206 maisons
1772 1164 1823 1204 de

690 1222 924 1263 confiance.

742 1338 883 1376 Notre
906 1335 1038 1390 Office
1058 1348 1083 1375 a
1096 1335 1199 1388 prie
1211 1348 1334 1387 pour
1354 1334 1502 1374 devise
1523 1347 1536 1372 :
1560 1334 1604 1372 la
1624 1331 1820 1371 Probité.

688 1391 782 1431 Nos
802 1391 959 1430 clients
980 1392 1175 1442 qyeuvent
1212 1392 1302 1427 être
1328 1387 1575 1440 persuadés
1615 1387 1824 1426 d'avance

688 1459 770 1498 que
787 1456 898 1483 nous
919 1456 970 1482 ne
990 1456 1178 1482 sommes
1190 1455 1276 1494 pas
1298 1442 1372 1480 des
1394 1440 1622 1480 brasseurs
1643 1438 1824 1491 d’affai¬

687 1512 772 1542 res,
796 1512 855 1538 au
876 1496 1027 1550 risque
1050 1498 1103 1535 de
1123 1495 1246 1548 faire
1266 1495 1341 1534 des
1360 1494 1653 1534 malheureux
1674 1507 1688 1539 ;
1728 1496 1826 1530 tous

687 1566 764 1591 nos
807 1552 956 1604 efforts
1000 1550 1208 1590 tendront
1258 1548 1464 1600 toujours
1508 1551 1534 1586 à
1582 1546 1702 1599 faire
1750 1546 1825 1584 des

688 1606 902 1654 heureux,
927 1606 1063 1642 même
1098 1616 1156 1642 au
1195 1602 1432 1641 détriment
1454 1602 1507 1639 de
1536 1612 1611 1639 nos
1635 1612 1824 1652 propres

688 1660 884 1699 intérêts.
934 1658 1091 1696 Toutes
1130 1670 1206 1695 nos
1242 1655 1423 1708 affaires
1460 1656 1607 1694 seront
1646 1654 1824 1692 traitées

688 1726 791 1752 avec
814 1712 858 1750 la
868 1711 980 1763 plus
995 1710 1168 1760 grande
1183 1708 1439 1748 délicatesse
1454 1711 1494 1747 et
1511 1708 1550 1747 le
1556 1708 1663 1760 plus
1675 1707 1824 1759 grand

691 1765 1115 1806 désintéressement.

782 1984 872 2047 vis
911 1986 944 2047 à
984 2002 1082 2047 nos
1127 1984 1326 2047 clients
1364 1984 1424 2046 de
1470 1980 1786 2044 l’extérieur

746 2155 803 2195 La
842 2155 1052 2195 Direction
1092 2155 1244 2195 envoie
1280 2154 1443 2200 franco,
1467 2163 1566 2191 sous
1595 2151 1828 2202 enveloppe

666 2242 668 2247 ,
695 2208 907 2259 cachetée,
944 2220 1040 2249 sans
1078 2219 1220 2247 aucun
1260 2207 1380 2256 signe
1420 2206 1647 2254 extérieur,
1684 2210 1828 2244 contre

694 2263 743 2303 60
766 2271 800 2303 C.
838 2274 891 2302 en
927 2262 1259 2312 timbres-poste,
1300 2272 1354 2299 un
1399 2270 1668 2310 programme
1709 2256 1828 2295 indi¬

694 2323 828 2367 quant
852 2318 910 2356 les
928 2312 1172 2356 conditions
1202 2314 1252 2354 de
1292 2312 1447 2352 l’Office
1468 2319 1508 2351 et
1529 2323 1587 2351 un
1608 2310 1828 2362 question¬

695 2371 811 2408 naire
832 2371 936 2410 écrit
966 2368 1126 2420 auquel
1164 2368 1343 2410 devront
1382 2366 1590 2415 répondre
1636 2364 1694 2402 les
1738 2375 1830 2414 per¬

694 2434 847 2462 sonnes
866 2423 942 2475 qui
964 2423 1215 2462 s’adressent
1236 2423 1259 2459 à
1283 2431 1390 2459 nous
1412 2424 1451 2458 et
1472 2418 1550 2470 qui
1575 2416 1751 2456 veulent
1784 2428 1827 2456 se

696 2476 870 2515 marier.

750 2530 826 2570 Les
848 2539 1075 2580 personnes
1095 2526 1172 2579 qui
1195 2538 1246 2566 ne
1266 2531 1360 2566 sont
1383 2536 1454 2575 pas
1483 2524 1711 2571 abonnées,
1735 2526 1830 2562 sont

696 2583 835 2635 priées
854 2583 904 2622 de
924 2582 1092 2632 joindre
1116 2584 1140 2619 à
1162 2579 1255 2624 le,ur
1279 2579 1399 2619 lettre
1423 2588 1479 2618 un
1523 2578 1828 2627 timbre-poste

698 2648 803 2687 pour
828 2636 866 2674 !a
886 2639 1078 2685 réponse,
1100 2634 1183 2674 afin
1208 2632 1422 2672 d’obtenir
1459 2631 1520 2670 les
1562 2636 1702 2670 autres
1730 2642 1828 2670 ren¬

695 2688 984 2740 seignements
1002 2686 1134 2740 qu’ils
1155 2695 1340 2739 peuvent
1362 2686 1538 2726 désirer.

750 2746 826 2783 Les
848 2754 1075 2794 personnes
1095 2743 1339 2790 étrangères
1374 2740 1396 2778 à
1436 2739 1478 2778 la
1518 2738 1617 2778 ville
1655 2738 1731 2790 qui
1774 2750 1827 2778 ne

698 2796 952 2835 voudraient
970 2807 1042 2846 pas
1063 2795 1168 2834 faire
1194 2806 1248 2834 un
1275 2804 1434 2844 voyage
1452 2794 1475 2831 à
1494 2792 1704 2832 Marseille
1722 2804 1827 2843 pour

695 2856 835 2890 entrer
874 2860 923 2888 en
961 2847 1164 2888 relations
1199 2859 1299 2887 avec
1343 2848 1379 2886 la
1411 2858 1623 2898 pevsonne
1660 2845 1826 2886 choisie

695 2904 800 2943 dans
822 2902 880 2942 les
899 2902 1102 2942 colonnes
1121 2902 1177 2941 du
1199 2902 1306 2940 Lien
1323 2899 1379 2939 du
1398 2900 1598 2952 Mariage,
1616 2900 1828 2939 voudront

647 2989 651 3006 ,
696 2958 794 2996 bien
835 2967 943 2996 nous
980 2956 1171 2995 adresser
1205 2955 1298 2995 leur
1335 2954 1644 3006 pholographie
1663 2967 1671 3000 ;
1719 2965 1827 2994 nous

692 3010 787 3050 leur
808 3010 1087 3062 indiquerons
1107 3022 1184 3059 par
1204 3008 1310 3050 écrit
1335 3010 1370 3047 le
1395 3020 1551 3062 moyen
1567 3008 1752 3048 d’entrer
1774 3019 1824 3047 en

692 3063 896 3105 relations
914 3075 1015 3103 avec
1039 3063 1076 3102 la
1099 3072 1308 3114 personne
1328 3062 1494 3102 choisie
1510 3075 1563 3102 ou
1587 3074 1687 3102 avec
1710 3068 1826 3100 toute

691 3124 811 3158 autre
834 3130 1038 3166 personne
1059 3116 1110 3156 de
1134 3128 1208 3156 nos
1232 3118 1464 3156 nombreux
1487 3116 1690 3163 abonnés,
1723 3116 1826 3156 dont

691 3170 826 3220 grand
847 3171 1024 3211 nombre
1047 3182 1100 3210 ne
1119 3170 1306 3220 figurent
1328 3182 1402 3222 pas
1422 3170 1528 3210 dans
1551 3170 1588 3210 le
1608 3168 1794 3220 journal.

759 3395 1033 3465 AUX
1107 3395 1761 3467 FAMILLES

746 3567 862 3608 Nous
882 3579 934 3607 ne
955 3568 1147 3608 donnons
1167 3579 1336 3608 aucune
1358 3570 1468 3608 suite
1490 3580 1572 3608 aux
1592 3568 1824 3608 demandes

690 3618 763 3660 des
786 3631 1012 3671 personnes
1032 3623 1266 3673 divorcées,
1288 3623 1324 3663 si
1348 3622 1386 3663 le
1406 3622 1628 3674 jugement
1652 3623 1720 3662 n’a
1752 3634 1823 3674 pas

691 3675 756 3720 été
779 3678 988 3725 prononcé
1008 3676 1282 3718 absolument
1306 3690 1359 3716 en
1380 3676 1474 3716 leur
1492 3676 1658 3718 faveur.

732 3744 860 3795 \Nous
898 3759 948 3787 ne
986 3759 1094 3788 nous
1131 3759 1346 3800 occupons
1378 3760 1461 3800 que
1491 3748 1564 3788 des
1595 3760 1823 3800 personnes

692 3799 947 3840 nonorables
967 3807 1006 3840 et
1028 3802 1058 3840 il
1080 3808 1142 3842 est
1170 3802 1322 3840 inutile
1348 3802 1399 3840 de
1420 3814 1462 3842 se
1484 3803 1699 3854 présenter
1720 3802 1820 3842 chez

690 3863 799 3891 nous
818 3866 874 3892 ou
896 3854 946 3893 de
972 3866 1079 3894 nous
1098 3855 1204 3894 faire
1226 3854 1398 3906 appeler
1419 3858 1442 3894 à
1464 3855 1666 3895 domicile
1696 3855 1732 3895 si
1767 3868 1820 3895 on

691 3916 742 3946 ne
747 3916 751 3928 1
763 3906 915 3947 réalise
939 3919 1011 3958 pas
1030 3912 1136 3947 cette
1159 3907 1392 3948 condition.

714 3987 718 4000 '
746 3976 822 4016 Les
859 3988 1088 4026 personnes
1122 3978 1198 4027 qui
1232 3978 1484 4016 s'adressent
1515 3979 1536 4016 à
1575 3978 1614 4015 la
1654 3978 1819 4015 maison

690 4035 784 4068 sont
802 4028 936 4084 priées
951 4028 1002 4068 de
1015 4028 1182 4080 joindre
1202 4040 1258 4067 un
1274 4030 1428 4068 timbre
1446 4040 1554 4079 pour
1570 4028 1608 4067 la
1623 4030 1798 4079 réponse
1812 4040 1820 4076 ;

690 4087 806 4122 toute
827 4080 948 4122 lettre
970 4094 1055 4120 non
1076 4080 1312 4122 affranchie
1335 4087 1395 4120 est
1416 4080 1598 4121 refusée.

743 4152 803 4192 On
842 4158 903 4191 est
941 4151 1034 4203 prié
1067 4151 1118 4191 de
1150 4151 1318 4202 joindre
1350 4156 1499 4191 autant
1528 4162 1611 4203 que
1640 4151 1823 4203 possible

691 4216 775 4246 une
795 4204 1106 4256 photographié
1127 4211 1166 4246 et
1183 4206 1235 4246 de
1256 4206 1418 4246 donner
1438 4206 1648 4258 quelques
1668 4206 1824 4246 détails

688 4268 763 4296 sur
804 4259 842 4296 la
875 4258 1079 4298 situation
1112 4259 1163 4298 de
1200 4259 1370 4299 fortune
1402 4259 1452 4298 de
1490 4259 1527 4298 la
1566 4271 1771 4308 personne
1799 4262 1823 4298 à

691 4310 860 4352 marier.

743 4388 854 4427 Pour
875 4398 983 4426 nous
1003 4387 1136 4427 éviter
1158 4387 1230 4426 des
1259 4387 1528 4435 recherches,
1555 4387 1615 4426 les
1647 4400 1823 4437 person¬

690 4451 764 4480 nes
802 4440 879 4491 qui
914 4439 1052 4479 feront
1090 4451 1146 4478 un
1179 4439 1306 4478 choix
1326 4440 1431 4478 dans
1455 4439 1512 4478 tes
1543 4439 1744 4478 colonnes
1763 4440 1822 4478 du

691 4494 799 4534 Lien
830 4492 882 4532 du
912 4492 1116 4544 Mariage,
1143 4492 1258 4531 n’ont
1279 4492 1378 4542 qu’à
1412 4503 1518 4530 nous
1552 4491 1746 4543 rappeler
1786 4492 1823 4531 le

688 4548 872 4588 numéro
891 4546 967 4598 qui
993 4544 1166 4596 précède
1191 4544 1228 4584 la
1252 4544 1527 4596 proposition.

742 4612 855 4654 Tous
895 4611 954 4652 les
995 4611 1358 4662 renseignements
1396 4611 1559 4652 donnés
1599 4624 1672 4664 par
1716 4623 1824 4652 nous

654 4670 662 4683 '
687 4672 782 4707 sont
802 4667 996 4716 gratuits.

742 4743 796 4783 La
831 4744 1194 4796 correspondance
1234 4748 1294 4783 est
1331 4744 1520 4785 adressée
1554 4756 1654 4784 sous
1692 4756 1822 4786 enve¬

688 4806 810 4850 loppe
830 4798 1059 4847 ordinaire,
1083 4808 1180 4838 sans
1216 4807 1387 4836 aucune
1420 4798 1671 4847 inscription
1706 4800 1819 4839 exté¬

684 4851 826 4892 rieure
847 4856 967 4891 autre
988 4864 1072 4903 que
1096 4851 1294 4892 l’adresse
1315 4850 1364 4890 de
1387 4851 1425 4888 la
1451 4863 1670 4902 personne.

739 4923 814 4963 Les
847 4923 1036 4963 abonnés
1066 4923 1180 4963 seuls
1211 4927 1284 4962 ont
1314 4922 1424 4962 droit
1447 4923 1470 4960 à
1500 4935 1583 4962 une
1615 4923 1818 4963 insertion

683 4976 863 5028 de.cinq
898 4975 1046 5027 lignes,
1068 4976 1199 5028 qu’ils
1232 4975 1474 5027 rédigeront
1494 4978 1518 5015 à
1546 4975 1636 5016 leur
1667 4987 1822 5016 conve¬

684 5043 835 5072 nance.

738 5103 812 5143 Les
835 5102 1163 5155 photographies
1183 5110 1222 5143 et
1246 5110 1387 5144 autres
1422 5103 1560 5155 pièces
1591 5104 1775 5146 confiées
1796 5104 1818 5144 à

683 5155 723 5195 la
747 5156 902 5198 Maison
924 5163 1019 5198 sont
1040 5158 1224 5199 rendues
1258 5171 1339 5198 aux
1376 5158 1602 5200 intéressés
1630 5160 1750 5211 après
1777 5159 1818 5199 la

682 5210 943 5251 célébration
963 5212 1020 5253 du
1046 5212 1248 5263 mariage.

735 5286 812 5328 Les
835 5299 1060 5338 personnes
1079 5290 1154 5340 qui
1176 5296 1270 5330 sont
1291 5291 1519 5331 satisfaites
1539 5292 1591 5331 de
1620 5303 1692 5331 nos
1720 5304 1815 5332 ser¬

684 5338 796 5379 vices
819 5342 1026 5380 voudront
1046 5343 1144 5382 bien
1162 5344 1496 5396 communiquer
1518 5352 1631 5384 noire
1647 5346 1815 5384 adresse

682 5392 706 5431 à
726 5391 840 5432 leurs
860 5394 984 5443 amis,
1008 5402 1264 5447 promettant
1286 5398 1335 5436 de
1359 5398 1535 5450 remplir
1564 5398 1604 5438 le
1640 5398 1816 5438 mandat

680 5446 788 5496 qu’il
839 5458 947 5486 nous
992 5448 1250 5500 donneront,
1302 5463 1356 5490 au
1407 5452 1551 5491 mieux
1600 5451 1651 5491 de
1702 5452 1816 5492 leurs

683 5499 874 5539 intérêts.

736 5575 903 5616 Ouvert
940 5579 1038 5616 tous
1076 5576 1134 5618 les
1158 5579 1291 5632 jours
1322 5580 1375 5619 de
1408 5582 1438 5620 2
1463 5584 1488 5620 à
1511 5583 1538 5620 8
1560 5575 1719 5622 heures
1751 5582 1814 5622 du

678 5630 772 5668 soir
778 5643 787 5680 ,
809 5634 850 5670 et
872 5632 934 5670 les
954 5631 1211 5672 dimanches
1220 5634 1411 5687 jusqu’à
1432 5635 1550 5674 midi

719 5807 1157 5883 FORMALITES
1205 5817 1377 5885 POUR
1427 5819 1773 5887 MARIAGES

730 5995 806 6036 Les
855 5994 1142 6047 publications
1180 5994 1232 6035 de
1274 5995 1462 6044 mariage
1510 5996 1680 6038 doivent
1726 5999 1811 6039 être

676 6047 799 6090 faites
820 6050 844 6088 à
867 6051 907 6090 la
928 6047 1074 6088 Mairie
1093 6047 1203 6088 deux
1234 6047 1487 6089 dimanches
1508 6050 1558 6090 de
1579 6051 1688 6092 suite
1712 6058 1751 6091 et
1772 6052 1810 6092 le

675 6103 863 6154 mariage
907 6115 956 6143 ne
999 6108 1096 6154 peut
1138 6099 1259 6140 avoir
1295 6100 1378 6140 lieu
1422 6114 1506 6154 que
1544 6115 1644 6144 onze
1692 6104 1811 6155 jours

674 6155 819 6196 francs
835 6159 958 6208 après
980 6156 1019 6196 la
1043 6158 1251 6207 première
1274 6155 1536 6204 publication

1947 650 1987 690 Si
2014 648 2050 690 le
2071 648 2276 690 domicile
2298 648 2403 688 n’est
2424 660 2496 698 pas
2531 647 2662 688 établi
2699 658 2774 699 par
2812 645 2875 684 six
2914 644 3024 683 mois

1894 703 1944 743 de
1967 703 2198 751 résidence,
2218 704 2276 744 les
2299 702 2586 754 publications
2602 702 2779 742 devront
2795 700 2880 740 être
2900 698 3026 738 faites

1894 759 1916 796 à
1957 756 1996 796 la
2036 756 2336 808 municipalité
2374 755 2430 794 du
2472 755 2642 795 dernier
2674 752 2876 795 domicile
2902 758 2940 792 et
2971 762 3022 791 en

1895 818 2014 850 outre
2052 823 2104 850 an
2146 810 2348 850 domicile
2382 808 2432 847 de
2464 820 2570 848 ceux
2596 820 2696 848 sous
2731 808 2770 847 la
2802 807 3023 859 puissance

1895 864 2091 915 desquels
2111 876 2153 903 se
2192 867 2390 902 trouvent
2427 861 2486 900 les
2515 863 2670 911 parties
2699 866 3020 902 contractantes.

1948 954 2091 995 Pièces
2111 955 2134 992 à
2155 951 2355 1004 produire
2376 952 2399 990 à
2417 950 2457 990 la
2482 950 2623 990 Mairie
2642 963 2650 990 :

1952 1044 1986 1083 1°
2018 1043 2154 1082 L’acte
2174 1042 2224 1080 de
2243 1040 2460 1080 naissance
2478 1039 2551 1079 des
2566 1039 2674 1078 deux
2692 1038 2834 1079 futurs
2847 1039 3026 1078 dûment

1898 1096 2094 1147 légalisés
2118 1108 2126 1143 ;

1948 1163 1987 1202 2°
2010 1163 2063 1202 Le
2083 1164 2402 1202 consentement
2423 1159 2584 1199 notarié
2603 1158 2676 1196 des
2692 1158 2810 1208 pères
2831 1163 2870 1196 et
2891 1158 3027 1198 mères

1896 1216 1972 1267 qui
2015 1228 2063 1255 ne
2106 1220 2287 1266 peuvent
2328 1214 2365 1254 le
2399 1214 2562 1254 donner
2598 1211 2888 1251 verbalement
2923 1212 2947 1248 à
2988 1211 3027 1248 la

1898 1267 2042 1310 Mairie
2063 1281 2115 1308 au
2140 1274 2331 1308 moment
2351 1267 2402 1306 de
2423 1267 2543 1307 l’acte
2566 1266 2620 1304 du
2645 1263 2832 1314 mariage
2856 1276 2866 1312 ;

1951 1335 1987 1374 3°
2018 1334 2060 1375 Si
2082 1333 2119 1374 le
2142 1336 2238 1383 père
2259 1338 2299 1372 et
2323 1334 2360 1371 la
2384 1334 2498 1372 mère
2519 1336 2612 1372 sont
2642 1331 2835 1380 décédés,
2859 1342 2911 1368 ou
2938 1328 3027 1367 l’un

1898 1388 2036 1435 d’eux,
2060 1387 2091 1426 il
2111 1387 2202 1427 faut
2224 1386 2391 1428 fournir
2410 1386 2503 1426 leur
2523 1391 2614 1424 acte
2631 1386 2680 1424 de
2702 1384 2826 1426 décès
2846 1384 3028 1424 dûment

1900 1442 2074 1492 légalisé
2098 1455 2106 1491 ;

1951 1508 1988 1547 4°
2019 1508 2128 1548 Dans
2148 1507 2184 1547 le
2206 1519 2277 1548 cas
2296 1507 2346 1546 de
2367 1506 2490 1547 décès
2510 1506 2582 1546 des
2614 1507 2710 1558 père
2740 1511 2780 1544 et
2808 1506 2938 1554 mère,
2960 1503 3027 1544 s’il

1898 1562 2027 1602 existe
2068 1574 2124 1600 un
2164 1561 2418 1611 grand-père
2450 1572 2500 1599 ou
2546 1572 2627 1599 une
2655 1559 2939 1608 grand’mère,
2972 1570 3026 1596 ou

1897 1615 2052 1655 arrière
2094 1614 2348 1664 grand-père
2383 1619 2422 1651 et
2451 1613 2607 1652 arrière
2628 1612 2908 1663 grand’mère,
2936 1610 3028 1650 leur

1898 1674 2218 1708 consentement
2239 1674 2299 1706 est
2320 1667 2570 1706 nécessaire.

1954 1722 2060 1760 Pour
2095 1732 2151 1759 un
2183 1719 2356 1758 mineur
2379 1731 2387 1758 :

1960 1792 1990 1830 1°
2028 1791 2059 1828 Il
2104 1791 2192 1828 faut
2234 1790 2271 1828 la
2310 1791 2506 1840 présence
2543 1802 2598 1830 ou
2635 1788 2672 1830 le
2708 1793 3030 1830 consentement

1902 1844 2062 1884 notarié
2087 1843 2144 1883 du
2166 1848 2310 1884 tuteur
2330 1856 2338 1894 ;

1952 1910 1990 1950 2°
2020 1910 2109 1950 Une
2144 1910 2424 1950 délibération
2467 1910 2522 1948 do
2568 1910 2732 1950 Conseil
2772 1910 2822 1950 de
2864 1908 3030 1949 famille

1904 1963 2090 2015 lorsqu’il
2124 1963 2244 2012 s’agit
2278 1963 2379 2002 d’un
2412 1963 2610 2011 orphelin
2631 1964 2682 2002 de
2706 1964 2802 2012 père
2824 1968 2863 2002 et
2884 1975 2968 2014 que
2994 1963 3028 2002 la

1902 2019 2016 2056 mère
2035 2030 2088 2055 ou
2115 2015 2284 2055 l'aïeule
2306 2020 2400 2054 sont
2423 2016 2596 2054 tutrices
2620 2028 2630 2063 ;

1954 2071 2064 2108 Dans
2086 2080 2228 2108 aucun
2251 2080 2334 2115 cas,
2360 2078 2418 2106 un
2442 2067 2612 2106 mineur
2635 2079 2684 2106 ne
2708 2072 2808 2116 peut
2838 2071 3031 2106 contrac¬

1904 2130 1963 2162 ter
1983 2122 2172 2171 mariage
2194 2132 2290 2160 sans
2315 2120 2350 2159 le
2371 2126 2688 2160 consentement
2711 2120 2760 2159 de
2780 2131 2846 2160 ses
2867 2126 3034 2170 parents

1902 2188 1952 2215 ou
1981 2180 2158 2215 tuteurs.

1955 2240 1994 2279 5°
2024 2239 2100 2280 Les
2123 2239 2242 2279 veufs
2263 2239 2434 2279 doivent
2458 2239 2652 2288 produire
2678 2239 2796 2279 Pacte
2827 2239 2878 2279 de
2910 2239 3032 2280 décès

1904 2294 2078 2344 légalisé
2099 2294 2148 2333 de
2172 2294 2263 2332 leur
2284 2294 2472 2344 conjoint
2496 2294 2652 2332 décédé
2678 2304 2686 2340 ;

1956 2360 1992 2399 6“
2024 2360 2083 2398 Un
2123 2359 2327 2399 certificat
2366 2359 2416 2398 de
2456 2356 2479 2395 6
2520 2358 2628 2395 mois
2667 2356 2716 2395 de
2756 2356 2972 2396 résidence
3010 2359 3032 2395 à

1904 2411 2126 2459 Marseille,
2148 2410 2310 2451 délivré
2332 2423 2403 2460 par
2424 2410 2460 2450 le
2483 2408 2776 2450 commissaire
2803 2408 2854 2447 de
2882 2408 3030 2459 police,

1903 2478 2010 2516 pour
2032 2466 2090 2504 les
2111 2472 2338 2515 personnes
2358 2464 2434 2516 qui
2456 2464 2527 2515 n’y
2550 2469 2639 2503 sont
2666 2474 2736 2512 pas
2758 2463 2855 2502 nées
2878 2475 2886 2512 ;

1955 2532 1992 2570 7*
2012 2530 2071 2570 On
2092 2530 2180 2569 doit
2200 2528 2383 2580 justifier
2403 2530 2452 2568 de
2474 2540 2518 2568 sa
2540 2528 2766 2568 libération
2788 2528 2846 2567 du
2868 2527 3030 2568 service

1904 2584 2123 2630 militaire,
2146 2583 2224 2624 soit
2248 2596 2319 2634 par
2339 2595 2414 2623 son
2436 2583 2583 2632 congé,
2607 2583 2688 2622 soit
2712 2594 2782 2632 par
2812 2595 2871 2622 un
2904 2582 3031 2622 certi¬

1903 2640 2000 2679 ficat
2020 2639 2071 2678 de
2092 2638 2319 2678 libération
2344 2650 2354 2688 ;

1955 2706 1992 2744 8°
2022 2706 2080 2744 En
2102 2711 2223 2744 outre
2244 2704 2316 2744 des
2339 2703 2478 2754 pièces
2498 2703 2704 2742 énoncées
2726 2700 2952 2748 ci-dessus,
2974 2700 3035 2740 les

1902 2771 2131 2811 personnes
2151 2758 2368 2798 divorcées
2388 2756 2568 2795 devront
2590 2755 2787 2806 produire
2810 2767 2867 2794 un
2886 2754 3034 2794 extrait

1900 2815 1954 2852 du
1979 2812 2202 2864 jugement
2222 2810 2431 2863 ainsique
2450 2808 2568 2850 Pacte
2584 2810 2642 2848 du
2664 2810 2832 2848 divorce
2851 2808 3032 2848 dûment

1900 2867 2131 2918 enregistré
2152 2872 2192 2907 et
2215 2866 2407 2906 transcrit
2427 2866 2447 2904 à
2474 2863 2514 2903 la
2538 2863 2679 2904 Mairie
2703 2876 2712 2915 ;

1954 2934 1991 2974 9°
2022 2934 2204 2986 Lorsque
2244 2932 2304 2974 les
2344 2935 2510 2984 parents
2556 2931 2743 2971 refusent
2791 2928 2843 2970 de
2871 2930 3034 2969 donner

1900 2988 1994 3028 leur
2018 2991 2336 3028 consentement
2356 3000 2408 3027 au
2434 2987 2620 3036 mariage
2658 2984 2786 3025 d’une
2828 2995 3032 3035 personne

1900 3042 2106 3092 majeure,
2130 3042 2159 3080 il
2194 3048 2292 3092 peut
2332 3043 2419 3082 être
2456 3042 2574 3091 passé
2604 3046 2723 3079 outre
2746 3051 2798 3079 au
2823 3038 3027 3088 mariage,

1898 3098 2020 3148 après
2039 3096 2132 3136 leur
2150 3096 2268 3136 avoir
2288 3096 2366 3135 fait
2387 3096 2459 3136 des
2482 3100 2592 3135 actes
2615 3095 2665 3134 de
2686 3099 2847 3144 respect
2868 3092 3030 3132 variant

1899 3151 1950 3190 de
1972 3164 2027 3191 un
2051 3154 2074 3191 à
2098 3151 2196 3191 trois
2228 3158 2267 3190 et
2302 3152 2422 3192 s’être
2450 3150 2667 3190 conformé
2700 3160 2780 3187 aux
2820 3147 3030 3198 prescrip¬

1902 3206 2010 3246 tions
2030 3206 2103 3244 des
2122 3211 2198 3246 art.
2226 3206 2298 3244 144
2320 3210 2359 3244 et
2386 3203 2455 3243 154
2476 3203 2531 3242 du
2556 3202 2658 3242 code
2678 3200 2780 3242 civil
2804 3214 2814 3251 ;

1958 3274 2015 3311 10°
2046 3272 2155 3311 Pour
2178 3271 2215 3310 la
2235 3270 2432 3323 question
2451 3270 2524 3310 des
2544 3267 2807 3310 cérémonies
2828 3266 3028 3318 religieu¬

1896 3338 1975 3377 ses,
1999 3326 2219 3367 s’adresser
2239 3326 2411 3366 suivant
2442 3323 2479 3364 le
2508 3323 2623 3364 culte
2644 3324 2667 3362 à
2692 3322 2730 3362 la
2752 3322 2950 3374 paroisse,
2971 3334 3026 3362 au

1898 3380 2143 3422 consistoire
2165 3384 2394 3431 protestant
2414 3391 2468 3418 ou
2491 3391 2543 3418 au
2567 3378 2680 3418 culte
2703 3376 2902 3416 Israélite.

1952 3458 2121 3495 L’Office
2140 3456 2376 3502 Mondonet,
2395 3455 2434 3501 6,
2451 3455 2479 3491 B
2480 3452 2495 3474 ll
2507 3454 2556 3491 de
2572 3452 2611 3490 la
2630 3450 2904 3499 Magdeleine,
2928 3455 3027 3498 peut

1896 3522 1939 3548 se
1971 3508 2148 3558 charger
2183 3508 2232 3546 de
2267 3511 2403 3547 toutes
2438 3506 2495 3544 les
2524 3503 2763 3543 formalités
2800 3500 2950 3542 civiles
2988 3507 3028 3542 et

1898 3562 2146 3611 religieuses
2166 3560 2200 3599 si
2226 3560 2282 3599 les
2302 3559 2452 3599 clients
2476 3558 2536 3598 lui
2559 3556 2743 3598 confient
2764 3570 2810 3598 ce
2832 3556 2938 3598 soin.

1952 3615 2115 3656 L’office
2139 3614 2359 3654 Mondonet
2391 3626 2440 3653 ne
2474 3612 2630 3666 perçoit
2667 3612 2740 3652 des
2782 3611 3026 3652 honoraires

1894 3671 2088 3723 qu'après
2112 3668 2150 3710 la
2171 3670 2431 3710 célébration
2454 3667 2508 3707 du
2534 3666 2736 3716 mariage.

2001 3853 2551 3925 RENSEIGNEMENTS
2603 3843 2915 3919 GÉNÉRAUX

1895 3958 2242 4000 concernant
2278 3954 2356 3992 les
2388 3952 2622 3992 Veuves
2652 3952 3027 4003 pensionnées

1948 4107 2066 4148 Gland
2086 4106 2260 4147 nombre
2282 4104 2331 4146 de
2352 4104 2499 4144 dames
2518 4102 2726 4154 jouissant
2747 4100 2876 4143 d’une
2918 4115 3024 4154 pen¬

1895 4162 1987 4202 sion
2009 4163 2060 4202 de
2083 4162 2250 4202 retraite
2272 4172 2344 4210 par
2364 4158 2475 4199 suite
2496 4156 2552 4198 du
2575 4156 2698 4198 décès
2718 4158 2770 4196 de
2795 4157 2888 4198 leur
2915 4159 3023 4199 mari

1895 4222 1988 4256 sont
2028 4214 2280 4267 persuadées
2316 4211 2495 4264 qu'elles
2535 4210 2772 4262 perdraient
2806 4223 2875 4251 ces
2895 4211 3027 4252 droits

1896 4270 1919 4307 à
1939 4270 1979 4307 la
2000 4268 2168 4307 retraite
2198 4279 2231 4306 si
2267 4266 2370 4304 elles
2402 4264 2707 4304 contractaient
2742 4275 2823 4303 une
2844 4266 3024 4303 seconde

1898 4322 2046 4360 union.
2087 4320 2191 4358 C'est
2224 4330 2307 4356 une
2340 4316 2544 4367 profonde
2571 4328 2715 4356 erreur
2735 4316 2770 4355 si
2792 4327 2860 4355 ces
2880 4316 3027 4355 dames

1895 4378 1990 4411 sont
2027 4372 2306 4422 pensionnées
2342 4371 2392 4407 de
2431 4370 2551 4407 l'Etat
2575 4382 2584 4415 ;
2616 4380 2686 4407 car
2723 4374 2828 4406 cette
2850 4367 3023 4416 pension

1898 4424 2000 4463 n’est
2040 4435 2114 4474 pas
2154 4434 2235 4460 une
2276 4422 2442 4468 faveur,
2483 4422 2583 4458 c’est
2622 4431 2675 4456 un
2711 4419 2822 4456 droit
2846 4419 3027 4470 qu’elles

1899 4478 2088 4516 tiennent
2108 4487 2160 4515 en
2184 4479 2299 4514 vertu
2323 4474 2451 4512 d’une
2483 4471 2556 4512 loi.
2600 4471 2652 4511 La
2683 4471 2739 4511 loi
2759 4470 2818 4511 du
2840 4472 3026 4522 mariage

1895 4531 2010 4570 étant
2048 4527 2408 4570 essentiellement
2438 4524 2612 4575 morale,
2638 4536 2687 4564 ne
2730 4531 2827 4575 peut
2867 4526 3026 4566 édicter

1895 4584 1970 4624 des
2007 4583 2368 4636 empêchements,
2392 4580 2466 4620 des
2491 4579 2696 4621 obstacles
2728 4591 2782 4619 au
2819 4579 3022 4632 mariage,

1895 4650 1963 4679 ces
1983 4638 2331 4688 empêchements
2366 4634 2547 4675 seraient
2586 4634 2827 4675 considérés
2856 4646 3023 4675 comme

1896 4692 2136 4732 immoraux
2158 4696 2195 4730 et
2220 4702 2294 4740 par
2312 4692 2575 4740 conséquent
2598 4688 2828 4728 contraires
2846 4690 2869 4727 à
2887 4688 2924 4728 la
2950 4690 3019 4730 loi.

1895 4748 1970 4788 Les
2011 4756 2167 4786 veuves
2207 4743 2523 4795 pensionnaires
2554 4743 2604 4782 de
2634 4742 2755 4784 l'Etat
2778 4755 2827 4782 ne
2851 4743 3023 4794 perdent

1892 4803 2000 4842 donc
2039 4799 2132 4840 leur
2172 4798 2346 4850 pension
2386 4798 2427 4835 ni
2461 4808 2535 4847 par
2576 4808 2630 4835 un
2672 4796 2840 4846 second,
2883 4800 2923 4836 ni
2966 4810 3023 4838 un

1895 4856 2108 4896 troisième
2132 4851 2332 4902 mariage.

1947 4911 2023 4950 Les
2043 4920 2200 4950 veuves
2222 4906 2502 4959 pensionnées
2522 4918 2595 4956 par
2620 4904 2680 4944 les
2708 4906 3023 4955 départements

1894 4968 2079 5014 peuvent
2115 4960 2255 5002 seules
2294 4959 2386 4999 voir
2422 4959 2663 5010 supprimer
2700 4965 2807 4998 cette
2848 4960 3022 5010 pension

1894 5028 1966 5068 par
1988 5027 2046 5056 un
2066 5018 2218 5056 second
2259 5015 2447 5066 mariage
2484 5015 2590 5052 dans
2622 5012 2804 5054 certains
2835 5026 2906 5052 cas
2926 5020 2964 5052 et
2987 5014 3021 5054 si

1891 5076 1998 5110 cette
2031 5071 2204 5120 pension
2242 5083 2264 5108 a
2294 5070 2360 5110 été
2390 5068 2589 5108 accordée
2611 5070 2634 5107 à
2658 5067 2751 5107 titre
2771 5067 2822 5107 de
2852 5080 3022 5108 secours

1892 5123 2158 5176 temporaire.

1944 5179 1974 5219 D
1990 5178 2180 5227 ailleurs,
2208 5176 2244 5216 le
2266 5175 2359 5216 titre
2382 5175 2431 5216 de
2455 5176 2627 5228 pension
2652 5182 2766 5230 porte
2787 5188 2838 5219 en
2859 5191 3016 5230 marge,

1890 5246 1942 5275 en
1966 5239 2100 5274 toutes
2123 5232 2278 5280 lettres,
2306 5242 2374 5271 ces
2394 5232 2592 5271 réserves.

1890 5414 2262 5518 OFFRES
2346 5418 2454 5518 DE
2530 5414 3010 5518 MARIAGES

2062 5615 2480 5662 DEMOISELLES
2518 5618 2584 5660 ET
2616 5616 2848 5660 VEUVES

1940 5758 2030 5800 401.
2054 5784 2104 5791 —
2143 5762 2411 5810 Demoiselle,
2447 5760 2496 5802 30
2535 5774 2624 5804 ans,
2666 5759 2880 5808 instruite,
2920 5760 3016 5799 bien

1886 5811 2043 5860 élevée,
2080 5816 2167 5855 fille
2191 5816 2367 5868 unique,
2391 5816 2551 5855 femme
2572 5814 2836 5862 d’intérieur,
2880 5814 3016 5863 possé¬

1886 5866 1986 5906 dant
2006 5867 2124 5915 2,000
2146 5870 2215 5920 fr.,
2243 5882 2299 5911 un
2320 5870 2427 5910 beau
2451 5875 2687 5914 trousseau,
2719 5870 2966 5919 espérances
2993 5868 3015 5908 à

1886 5919 2006 5959 venir
2026 5920 2171 5971 30,000
2191 5926 2262 5974 fr.,
2286 5935 2328 5963 se
2351 5922 2539 5962 mettrait
2558 5923 2582 5961 à
2606 5922 2644 5960 la
2666 5922 2746 5962 tête
2766 5923 2868 5962 d’un
2888 5932 3011 5962 com¬

1884 5986 2039 6014 merce.

1936 6051 2027 6092 402,
2055 6075 2100 6082 —
2122 6051 2390 6106 Demoiselle,
2412 6053 2462 6092 47
2483 6064 2572 6104 ans,
2603 6052 2774 6096 fortune
2799 6055 2916 6104 1,500
2939 6055 3011 6102 fr.,

1882 6110 2012 6156 ayant
2035 6118 2090 6145 un
2110 6118 2346 6148 commerce
2379 6110 2431 6148 de
2467 6108 2684 6159 mercerie,
2708 6122 2767 6149 un
2788 6110 2894 6150 beau
2919 6119 3012 6146 mo¬

1882 6158 2023 6208 bilier,
2047 6160 2284 6210 épouserait
2307 6174 2367 6202 un
2391 6162 2564 6203 ouvrier
2584 6175 2638 6203 ou
2660 6163 2835 6203 artisan.

3150 644 3240 686 406.
3264 670 3314 675 —
3339 647 3498 697 Veuve,
3539 647 3588 687 42
3622 659 3711 696 ans,
3738 650 3906 691 fortune
3947 654 4067 699 9,000
4087 652 4139 694 fr,
4178 664 4230 692 en

3098 698 3272 748 actions,
3296 702 3535 751 épouserait
3557 703 3659 752 petit
3679 702 3836 742 rentier
3855 716 3907 744 ou
3932 707 4107 748 artisan.

3151 780 3242 819 407.
3264 804 3313 810 —
3335 783 3604 836 Demoiselle,
3622 786 3671 827 46
3687 798 3776 835 ans,
3800 787 3970 828 fortune
3994 791 4140 840 12,000
4162 792 4231 844 fr.,

3100 834 3314 884 tailleuse,
3336 838 3579 886 épouserait
3600 852 3659 879 un
3683 840 3835 882 marin,

3152 924 3242 963 412.
3266 947 3315 952 —
3351 923 3506 971 Veuve,
3547 927 3595 966 49
3635 940 3726 975 ans,
3763 930 4010 978 cuisinière,
4063 931 4234 972 fortune

3104 978 3558 1030 1,500fr.,épouserait
3574 992 3631 1019 un
3648 982 3730 1023 bon
3747 987 3920 1026 ouvrier
3940 996 3994 1024 ou
4010 984 4226 1038 employé.

3152 1063 3242 1103 413.
3270 1086 3315 1092 —
3348 1062 3617 1112 Demoiselle,
3659 1063 3708 1104 45
3747 1079 3836 1116 ans,
3891 1068 4080 1111 titulaire
4130 1070 4232 1111 d’un

3099 1116 3262 1156 bureau
3286 1118 3336 1158 de
3358 1118 3492 1167 tabac,
3536 1118 3776 1168 épouserait
3807 1123 4008 1176 employé
4038 1136 4094 1164 ou
4131 1124 4234 1174 petit

3102 1171 3272 1210 rentier.

3154 1259 3244 1299 418.
3272 1282 3318 1288 —
3356 1259 3626 1311 Demoiselle,
3663 1262 3764 1312 âgée
3798 1260 3848 1300 de
3871 1263 3919 1303 50
3940 1278 4030 1316 ans,
4055 1267 4235 1308 institu¬

3102 1310 3204 1350 trice
3234 1312 3355 1360 libre,
3396 1320 3527 1364 ayant
3567 1327 3648 1355 une
3684 1315 3928 1356 institution
3967 1330 4068 1360 avec
4106 1334 4234 1362 sons-

3102 1367 3319 1404 mattresse
3328 1398 3335 1426 ;
3378 1378 3510 1416 gagne
3546 1368 3667 1412 2,000
3706 1370 3755 1411 fr.
3799 1383 3870 1420 par
3908 1382 3978 1418 an,
4020 1372 4139 1419 6,000
4182 1376 4232 1414 fr.

3102 1415 3399 1468 d’économies,
3418 1420 3523 1460 beau
3544 1423 3758 1471 mobilier,
3776 1423 4018 1476 épouserait
4034 1428 4234 1480 employé

3102 1480 3156 1508 ou
3179 1471 3350 1510 rentier.

3158 1552 3247 1594 431,
3275 1576 3316 1582 —
3339 1554 3499 1601 Veuve,
3523 1558 3571 1598 47
3594 1571 3682 1606 ans,
3706 1560 3803 1601 bien
3826 1562 3983 1612 élevée,
4007 1562 4118 1604 belle
4138 1574 4235 1612 per¬

3102 1619 3250 1655 sonne,
3274 1607 3440 1647 fortune
3467 1608 3632 1656 100,000
3656 1615 3726 1662 fr.,
3750 1616 3991 1665 épouserait
4019 1618 4236 1658 Monsieur

3103 1674 3154 1700 en
3172 1668 3342 1712 rapport
3362 1662 3480 1712 d’âge
3502 1667 3542 1702 et
3563 1663 3612 1702 de
3636 1664 3820 1707 fortune.

3156 1744 3247 1786 435.
3272 1767 3316 1774 —
3341 1744 3611 1794 Demoiselle,
3652 1747 3715 1794 2<L
3736 1759 3826 1795 ans,
3865 1750 3961 1791 bien
3986 1754 4143 1806 élevée,
4170 1756 4236 1795 fa¬

3104 1796 3226 1836 mille
3266 1800 3346 1838 très
3386 1800 3632 1848 honorable,
3672 1800 3743 1840 dot
3780 1803 3928 1850 65,000
3951 1804 4022 1852 fr.,
4058 1810 4239 1856 grandes

3104 1851 3351 1902 espérances
3368 1855 3488 1902 après
3508 1867 3572 1895 ses
3594 1862 3774 1907 parents,
3798 1858 4038 1908 épouserait
4056 1863 4235 1912 notaire,

3103 1906 3254 1951 avoué,
3295 1906 3496 1958 employé
3535 1908 3591 1947 du
3632 1919 3968 1959 gouvernement
4010 1923 4110 1951 avec
4132 1912 4239 1954 bons

3104 1962 3462 2008 appointements.

3158 2038 3234 2078 435
3254 2039 3335 2080 bis.
3359 2064 3408 2070 —
3448 2043 3719 2094 Demoiselle,
3748 2047 3798 2086 20
3819 2060 3910 2094 ans,
3942 2050 4030 2090 fille
4054 2051 4234 2104 unique,

3106 2091 3206 2131 bien
3242 2092 3400 2142 élevée,
3438 2094 3555 2144 jolie,
3600 2096 3670 2135 dot
3723 2098 3892 2144 100,000
3931 2102 4003 2149 fr.,
4055 2106 4235 2152 grandes

3106 2147 3366 2196 espérances,
3416 2148 3655 2199 épouserait
3704 2151 3916 2191 Monsieur
3963 2166 4014 2192 en
4066 2164 4236 2206 rapport

3104 2198 3239 2251 d’âge,
3260 2200 3531 2243 d’éducation
3554 2208 3592 2244 et
3622 2203 3672 2244 de
3696 2204 3866 2246 fortune
3887 2219 3939 2246 on
3963 2207 4166 2259 employé
4187 2208 4238 2248 de

3108 2252 3241 2294 l’Etat,

3160 2338 3248 2376 436.
3274 2362 3323 2368 —
3344 2340 3614 2390 Demoiselle,
3630 2343 3680 2382 22
3696 2356 3786 2392 ans,
3808 2344 3927 2395 jolie,
3952 2346 4051 2386 bien
4074 2344 4232 2395 élevée,

3107 2388 3178 2427 dot
3199 2391 3318 2434 5,000
3338 2392 3390 2432 fr.
3430 2395 3480 2434 de
3518 2400 3670 2443 rentes,
3694 2396 3932 2447 épouserait
3955 2400 4166 2440 Monsieur
4184 2411 4237 2439 en

3107 2450 3275 2492 rapport
3295 2443 3414 2495 d’âge
3438 2452 3476 2484 et
3498 2448 3548 2486 de
3571 2448 3755 2491 fortune.

3159 2524 3250 2566 441.
3271 2550 3318 2555 —
3335 2526 3602 2574 Demoiselle,
3618 2530 3666 2568 34
3682 2543 3771 2582 ans,
3789 2534 3956 2574 fortune
3974 2535 4147 2583 900,000
4166 2539 4236 2588 fr.,

3107 2580 3344 2632 épouserait
3371 2581 3582 2620 Monsieur
3608 2592 3659 2619 en
3684 2596 3850 2635 rapport
3874 2590 4008 2639 d’âge,
4031 2598 4163 2642 ayant
4184 2592 4235 2631 de

3107 2635 3130 2671 2
3151 2636 3174 2672 à
3196 2634 3368 2680 300,000
3390 2635 3426 2672 fr
3448 2666 3458 2682 ,
3496 2635 3720 2674 donnerait
3744 2638 3780 2675 ta
3803 2642 4043 2686 préférence
4064 2646 4088 2684 à
4111 2644 4232 2684 Mon¬

3107 2687 3223 2727 sieur
3239 2694 3371 2738 ayant
3395 2699 3450 2727 un
3474 2688 3567 2727 titre
3590 2687 3847 2730 nobillîaire.

3160 2767 3251 2808 442.
3282 2792 3323 2798 —
3356 2768 3510 2816 Veuve,
3551 2782 3647 2810 sans
3684 2771 3866 2819 enfants,
3908 2771 3958 2814 40
3996 2781 4086 2823 arts,
4126 2779 4236 2820 belle

3108 2834 3328 2874 personne,
3360 2823 3528 2863 fortune
3558 2824 3704 2874 50,000
3738 2826 3804 2876 fr.,
3847 2828 4087 2879 épouserait
4115 2830 4237 2870 Mon¬

3107 2876 3222 2916 sieur
3242 2888 3294 2916 en
3317 2883 3480 2927 rapport
3500 2878 3620 2927 d’âge
3642 2884 3682 2918 et
3703 2879 3876 2922 d’avoir.

3160 2954 3324 3000 443.,—
3367 2955 3631 3006 Demoiselle,
3666 2955 3714 2996 22
3750 2970 3839 3004 ans,
3868 2958 3978 3000 belle
4012 2975 4235 3014 personne,

3106 3009 3176 3050 dot
3196 3010 3370 3061 200,000
3392 3010 3459 3059 fr.,
3483 3010 3722 3060 épouserait
3742 3011 3903 3052 notaire
3924 3026 3978 3054 ou
4002 3022 4152 3059 avoué.

3158 3099 3248 3142 444.
3283 3126 3311 3130 -
3344 3099 3612 3151 Demoiselle,
3638 3100 3682 3142 21
3704 3112 3795 3151 ans,
3823 3102 3891 3142 dot
3939 3103 4078 3151 12,000
4099 3106 4150 3146 fr.
4186 3107 4236 3146 de

3106 3160 3256 3204 rentes,
3288 3155 3527 3207 épouserait
3551 3156 3763 3198 Monsieur
3783 3168 3834 3198 en
3856 3163 4028 3210 rapport
4055 3159 4174 3212 d’âge
4198 3167 4238 3200 et

3103 3208 3155 3248 de
3179 3208 3360 3250 fortune.

3155 3300 3246 3340 445.
3276 3324 3320 3331 —
3359 3300 3628 3352 Demoiselle,
3667 3302 3716 3342 24
3752 3315 3843 3352 ans,
3883 3304 3955 3342 dot
3988 3304 4134 3351 50,000
4164 3306 4234 3351 fr.,

3102 3356 3339 3406 épouserait
3382 3355 3594 3395 Monsieur
3624 3362 3756 3406 ayant
3792 3355 3975 3404 position
4006 3360 4046 3392 et
4068 3355 4235 3394 fortune

3102 3408 3391 3455 équivalente.

3154 3482 3246 3522 459.
3268 3504 3318 3512 —
3340 3480 3610 3532 Demoiselle,
3631 3482 3682 3523 26
3702 3495 3792 3534 ans,
3812 3483 3931 3536 jolie,
3951 3486 4048 3528 bien
4070 3487 4231 3539 élevée,

3101 3538 3247 3586 20.000
3268 3538 3319 3579 fr.
3362 3538 3412 3579 de
3452 3538 3523 3578 dot
3552 3543 3592 3579 et
3624 3540 3886 3591 espérances,
3910 3542 4150 3592 épouserait
4172 3555 4231 3582 un

3099 3599 3388 3645 commerçant
3411 3592 3510 3631 bien
3531 3592 3678 3632 établi.

3152 3674 3243 3712 462.
3268 3695 3318 3702 —
3338 3672 3607 3716 Demoiselle,
3631 3671 3682 3711 24
3702 3683 3792 3722 ans,
3818 3672 3988 3712 fortune
4012 3674 4132 3722 3,000
4156 3674 4226 3726 fr.,

3100 3727 3208 3767 beau
3247 3731 3479 3772 trousseau,
3508 3727 3655 3767 avenir
3675 3726 3726 3767 de
3746 3739 3811 3768 ses
3835 3735 4019 3780 parents,
4042 3731 4227 3782 épouse¬

3102 3782 3179 3822 rait
3199 3794 3352 3835 garçon
3375 3782 3426 3822 de
3447 3782 3538 3823 café
3558 3795 3612 3822 ou
3635 3783 3740 3834 petit
3762 3783 3932 3823 rentier.

3152 3864 3227 3903 464
3243 3864 3324 3903 bis.
3331 3886 3380 3891 —
3400 3864 3556 3911 Veuve,
3578 3866 3678 3912 âgée
3700 3866 3750 3903 de
3771 3866 3820 3904 47
3842 3878 3932 3915 ans,
3951 3867 4050 3907 bien
4071 3868 4232 3919 élevée,

3103 3915 3323 3963 possédant
3367 3914 3531 3962 120,000
3575 3916 3625 3954 fr.
3664 3927 3718 3954 en
3760 3918 3944 3964 valeurs,
3987 3922 4234 3967 épouserait

3104 3964 3314 4004 Monsieur
3351 3978 3404 4004 ou
3447 3966 3604 4004 rentier
3643 3972 3772 4016 ayant
3794 3968 3914 4016 3,000
3936 3968 3987 4010 fr.
4012 3970 4064 4008 de
4087 3978 4228 4011 rentes

3100 4030 3155 4058 au
3176 4018 3318 4059 moins
3336 4024 3376 4059 et
3398 4031 3447 4059 en
3472 4023 3640 4071 rapport
3662 4020 3795 4071 d’âge,

3152 4103 3244 4144 465.
3272 4128 3315 4134 —
3342 4104 3496 4154 Veuve,
3530 4108 3631 4155 âgée
3671 4106 3722 4146 de
3762 4106 3811 4146 38
3850 4119 3939 4156 ans,
3982 4107 4094 4148 belle
4138 4122 4231 4160 per¬

3099 4168 3244 4208 sonne,
3267 4158 3364 4198 bien
3406 4158 3564 4206 élevée,
3594 4159 3763 4199 fortune
3786 4162 3976 4211 présente
4006 4162 4152 4214 30,000
4176 4163 4226 4204 fr.

3100 4218 3140 4250 et
3160 4212 3422 4260 espérances,
3444 4211 3684 4260 épouserait
3718 4214 3928 4254 Monsieur
3967 4228 4018 4255 en
4060 4224 4231 4268 rapport

3099 4262 3232 4310 d’âge,
3256 4268 3386 4311 ayant
3406 4263 3539 4310 avoir,
3563 4266 3765 4312 employé
3786 4277 3838 4302 ou
3863 4267 4032 4307 rentier.

3152 4330 3244 4371 468.
3279 4352 3327 4359 —
3367 4331 3638 4379 Demoiselle,
3660 4332 3708 4370 23
3731 4344 3820 4379 ans,
3859 4334 3954 4375 bien
3978 4336 4135 4385 élevée,
4179 4342 4230 4380 de

3102 4384 3239 4423 bonne
3255 4383 3435 4430 famille,
3448 4384 3618 4422 fortune
3636 4384 3899 4434 personnelle
3918 4386 4063 4435 22,000
4085 4388 4159 4436 fr.,
4179 4392 4230 4431 de

3100 4448 3164 4476 ses
3200 4442 3367 4487 parents
3407 4436 3578 4484 100,000
3616 4436 3686 4486 fr.,
3726 4439 3966 4490 épouserait
4015 4442 4230 4487 Monsieur

3103 4488 3198 4528 bien
3220 4490 3355 4539 élevé,
3396 4496 3526 4540 ayant
3550 4491 3686 4532 bonne
3711 4492 3891 4544 position
3928 4508 3980 4536 ou
4006 4499 4227 4552 employé,

3099 4554 3150 4583 en
3176 4550 3346 4595 rapport
3366 4543 3500 4595 d'âge.

3151 4632 3240 4676 469.
3268 4659 3312 4664 —
3358 4635 3624 4686 Demoiselle,
3648 4638 3698 4678 28
3718 4651 3808 4690 ans,
3835 4640 3918 4682 très
3943 4642 4040 4682 bien
4064 4643 4226 4694 élevée,

3098 4688 3266 4730 fortune
3306 4690 3452 4738 90,000
3502 4691 3571 4738 fr.,
3616 4692 3859 4743 épouserait
3912 4703 4224 4746 commerçant,

3098 4750 3228 4796 ayant
3252 4744 3359 4784 belle
3382 4743 3587 4784 situation
3619 4758 3674 4784 ou
3714 4747 3915 4798 employé
3936 4748 3987 4787 de
4011 4738 4147 4799 l'Etal,
4172 4760 4226 4790 en

3098 4804 3267 4850 rapport
3287 4798 3422 4847 d’âge.

3150 4880 3240 4922 475.
3271 4904 3313 4910 —
3352 4880 3622 4933 Demoiselle,
3654 4882 3700 4922 27
3743 4896 3832 4935 ans,
3871 4887 4111 4943 orpheline,
4155 4890 4226 4930 dot

3096 4935 3243 4984 70.000
3279 4935 3348 4984 fr.,
3391 4936 3490 4976 bien
3532 4936 3691 4987 élevée,
3732 4940 3972 4990 épouserait
4010 4943 4227 4983 Monsieur

3095 4995 3224 5042 ayant
3247 4990 3428 5042 position
3451 4996 3491 5031 et
3512 5004 3564 5032 en
3588 5000 3754 5046 rapport
3775 4995 3894 5046 d’âge
3916 5003 3955 5035 et
3976 4994 4155 5035 d’avoir,

3147 5080 3238 5122 479.
3264 5103 3310 5110 —
3335 5082 3491 5131 Veuve,
3532 5084 3632 5132 âgée
3671 5084 3720 5123 de
3760 5084 3810 5123 46
3846 5094 3934 5124 ans,
3970 5086 4102 5131 ayant
4139 5094 4223 5124 une

3095 5134 3328 5187 profession
3352 5136 3432 5175 très
3455 5135 3660 5176 lucrative
3682 5144 3722 5176 et
3747 5136 3854 5175 belle
3875 5132 4088 5187 clientèle,
4120 5138 4222 5178 éco¬

3095 5190 3259 5230 nomies
3299 5188 3439 5236 14,000
3467 5191 3535 5239 fr.,
3576 5191 3684 5230 beau
3726 5186 3939 5238 mobilier,
3979 5190 4222 5242 épouserait

3094 5244 3292 5296 employé
3314 5256 3368 5284 ou
3392 5244 3563 5283 rentier.

3146 5327 3310 5366 482.—
3347 5326 3506 5368 Veuve,
3528 5335 3626 5363 sans
3646 5323 3828 5375 enfants,
3854 5330 3954 5378 âgée
3975 5327 4026 5366 de
4048 5327 4097 5364 47
4128 5336 4222 5372 ans,

3094 5379 3263 5418 fortune
3298 5378 3443 5427 80,000
3479 5376 3528 5416 fr.
3566 5388 3616 5415 en
3656 5378 3934 5426 immeubles,
3978 5378 4223 5426 épouserait

3094 5432 3306 5473 Monsieur
3326 5443 3378 5470 en
3400 5436 3564 5480 rapport
3586 5431 3704 5484 d’âge
3727 5435 3766 5474 et
3784 5432 3959 5472 d’avoir.

3147 5520 3220 5562 484
3244 5519 3326 5559 bis.
3352 5542 3398 5548 —
3426 5519 3694 5568 Demoiselle,
3727 5523 3886 5559 femme
3916 5515 3968 5555 de
3998 5516 4219 5571 chambre,

3094 5575 3142 5615 28
3163 5586 3252 5622 ans,
3275 5580 3404 5626 ayant
3426 5578 3546 5624 7,000
3564 5576 3615 5616 fr.
3651 5567 3952 5619 d’économies,
3976 5571 4221 5626 épouserait

3095 5627 3196 5679 petit
3216 5628 3415 5682 employé
3438 5642 3488 5670 ou
3512 5627 3698 5672 ouvrier,
3732 5634 3888 5674 garçon
3911 5623 3960 5666 de
3982 5631 4092 5678 café,
4116 5640 4219 5668 avec

3091 5680 3224 5724 avoir.

3143 5766 3234 5807 485.
3262 5790 3306 5795 —
3331 5766 3487 5811 Veuve,
3527 5769 3624 5799 sans
3643 5758 3826 5810 enfants,
3860 5766 3960 5816 âgée
3980 5767 4030 5807 de
4054 5767 4103 5807 60
4126 5779 4215 5815 ans,

3090 5819 3259 5860 fortune
3295 5819 3416 5867 4,500
3451 5815 3522 5858 fr..
3544 5812 3782 5860 épouserait
3819 5823 3918 5870 petit
3964 5820 4124 5862 rentier
4163 5831 4219 5858 ou

3091 5874 3304 5916 Monsieur
3323 5880 3375 5908 en
3398 5871 3564 5916 rapport
3584 5866 3608 5904 d
3628 5867 3719 5918 âge,
3742 5880 3842 5912 avec
3866 5875 4063 5924 position.

3142 5950 3232 5987 495.
3254 5966 3302 5972 —
3324 5942 3592 5992 Demoiselle,
3619 5943 3664 5986 19
3702 5960 3791 5998 ans,
3826 5951 3923 5990 bien
3963 5947 4124 5992 élevée,
4151 5946 4222 5988 dot

3088 5999 3236 6047 80.000
3255 5996 3324 6043 fr.,
3347 5998 3592 6046 espérances
3612 6000 3664 6042 de
3682 6014 3747 6043 ses
3763 6007 3931 6054 parents
3952 5999 4127 6049 300,000
4147 6003 4218 6054 fr.,

3087 6050 3327 6100 épouserait
3360 6048 3558 6106 employé
3579 6055 3628 6096 de
3654 6054 3771 6095 l’Etat
3792 6058 3922 6103 ayant
3946 6051 4054 6094 belle
4075 6054 4216 6096 situa¬

3090 6104 3191 6152 tion,
3212 6115 3266 6143 ou
3304 6103 3515 6148 Monsieur
3534 6115 3663 6160 ayant
3691 6106 3859 6154 150,000
3880 6103 3950 6158 fr.,
3971 6120 4020 6149 en
4047 6117 4218 6164 rapport

3087 6156 3223 6207 d’âge.
