4720 7064
995 1323 1651 1413 DÉLICATESSE,
1711 1315 2419 1405 HONORABILITÉ,
2483 1311 2885 1387 PROBITÉ
2937 1327 2993 1383 &
3051 1308 3601 1382 DISCRÉTION

592 1600 695 1647 15
728 1594 972 1647 Cent,
1004 1594 1047 1644 le
1074 1592 1295 1644 Numéro

558 1703 678 1736 Envoi
698 1707 814 1745 gratis
833 1707 920 1739 hors
939 1705 974 1735 la
995 1703 1090 1735 Ville
1111 1707 1147 1735 et
1168 1703 1189 1734 à
1210 1702 1369 1732 l’Etran¬

516 1754 579 1783 ger
618 1746 640 1776 à
670 1748 774 1779 toute
812 1754 996 1788 personne
1036 1745 1099 1784 qui
1143 1752 1188 1774 en
1234 1743 1300 1771 fait
1334 1741 1368 1772 la

515 1786 699 1820 demande
719 1798 784 1828 par
807 1788 911 1819 lettre
936 1784 1148 1820 affranchie,
1177 1786 1213 1814 et
1241 1783 1368 1814 franco

515 1835 603 1860 sous
624 1830 827 1870 enveloppe
848 1826 1019 1859 cachetée
1040 1827 1168 1855 contre
1192 1823 1247 1854 30
1270 1827 1366 1855 cent,

516 1878 559 1900 en
583 1871 748 1900 timbres.

1887 1590 2183 1642 OFFICE
2239 1587 2713 1640 MONDONET

1535 1681 1665 1730 47,
1719 1682 1881 1720 Rue
1923 1680 2015 1720 de
2057 1680 2123 1720 la
2167 1675 2399 1725 Darse
2439 1675 2531 1725 (au
2567 1673 2593 1713 l
2599 1681 2635 1701 ot
2669 1683 2771 1713 sur
2807 1671 3065 1721 entresol)

2111 1759 2490 1802 MARSEILLE

1483 1840 1632 1875 Ouvert
1655 1839 1744 1872 tous
1763 1832 1816 1873 les
1828 1835 1948 1884 jours
1964 1835 2010 1872 de
2024 1836 2052 1872 2
2066 1832 2106 1872 h.
2124 1834 2151 1872 à
2166 1835 2190 1872 8
2204 1831 2242 1872 h.
2262 1835 2316 1873 du
2329 1835 2429 1881 soir,
2450 1838 2487 1872 et
2507 1830 2540 1872 le
2558 1829 2775 1872 dimanche
2795 1832 2841 1871 de
2862 1832 2885 1871 9
2908 1827 2944 1868 h.
2971 1827 2994 1868 à
3019 1826 3120 1867 midi

3303 1582 3406 1630 15
3439 1580 3625 1630 Gen
3628 1583 3684 1628 t.
3714 1575 3759 1625 le
3786 1572 4008 1624 Numéro

3271 1703 3450 1743 Mariages
3463 1702 3583 1734 riches
3596 1710 3688 1742 pour
3703 1700 3826 1732 toutes
3844 1698 3896 1729 les
3915 1698 4079 1729 fortunes

3231 1747 3266 1776 et
3295 1747 3420 1776 toutes
3450 1744 3504 1775 les
3537 1743 3731 1783 positions.
3763 1739 3814 1772 La
3850 1739 3998 1771 maison
4032 1747 4080 1770 ne

3230 1786 3397 1827 s’occupe
3415 1794 3484 1827 que
3506 1784 3570 1816 des
3585 1783 3723 1816 unions
3742 1780 3923 1824 possibles
3940 1783 3977 1811 et
3992 1788 4080 1811 sans

3230 1828 3348 1859 tâche.

515 2021 591 2133 la
611 2017 859 2133 Mis»
887 2017 923 2133 i
923 2040 963 2133 n
999 2060 1031 2112 ■
1067 2016 1203 2132 Lien
1235 2016 1311 2132 tii
1343 2016 1647 2152 Map»

594 2228 777 2271 Notre
805 2228 912 2271 but
942 2228 1036 2268 est
1066 2224 1578 2268 essentiellement

517 2298 720 2347 moral,
759 2296 1016 2340 honnête
1043 2298 1102 2339 et
1128 2292 1651 2351 philanthropique

580 2447 711 2490 Dans
736 2450 870 2491 notre
889 2447 954 2490 fin
979 2446 1037 2490 de
1074 2446 1213 2490 siècle
1254 2447 1315 2490 où
1337 2447 1439 2489 tout
1459 2443 1652 2488 marche

523 2516 550 2560 à
588 2518 630 2560 la
655 2531 846 2575 vapeur,
872 2522 916 2560 et
951 2519 1011 2560 où
1047 2518 1090 2561 la
1123 2519 1295 2562 société
1316 2519 1382 2559 vit
1420 2516 1540 2559 dans
1562 2528 1654 2559 une

519 2590 706 2632 activité
727 2588 983 2632 dévorante
1008 2602 1018 2644 ;
1048 2590 1112 2634 les
1132 2588 1300 2646 jeunes
1322 2600 1440 2643 gens
1462 2588 1648 2631 sérieux

516 2659 595 2714 qui
616 2658 871 2704 cherchent
894 2663 919 2704 à
940 2674 991 2703 se
1007 2662 1136 2703 créer
1160 2672 1248 2703 une
1274 2660 1475 2715 position
1498 2671 1648 2703 avan¬

512 2734 710 2786 tageuse
732 2732 876 2788 parle
899 2732 1084 2784 travail,
1108 2732 1271 2776 vivant
1295 2734 1415 2775 dans
1444 2731 1510 2775 les
1535 2732 1647 2787 pré¬

514 2803 822 2859 occupations
843 2804 1116 2846 constantes
1151 2802 1263 2846 d’un
1294 2803 1458 2846 labeur
1480 2803 1648 2847 ardent

514 2886 632 2930 pour
653 2871 830 2916 arriver
851 2874 878 2916 à
898 2876 1018 2918 cette
1036 2874 1119 2927 fin,
1158 2874 1403 2928 négligent
1436 2874 1502 2917 les
1523 2876 1644 2917 rela¬

511 2943 635 2984 tions
674 2944 871 2988 sociales
910 2946 987 3002 qui
1027 2946 1303 3002 pourraient
1340 2946 1406 2988 les
1448 2957 1645 3002 pousser

514 3024 618 3056 vers
643 3012 683 3058 le
725 3016 956 3071 mariage.
994 3019 1220 3072 Lorsque,
1246 3015 1387 3066 enfin,
1412 3017 1593 3060 arrivés
1618 3017 1644 3059 à

510 3086 662 3130 trente
689 3100 746 3130 ou
778 3089 1010 3142 quarante
1033 3099 1135 3139 ans,
1162 3087 1218 3130 ils
1247 3090 1327 3131 ont
1350 3087 1515 3143 acquis
1554 3100 1646 3130 une

511 3156 716 3206 position
757 3158 835 3210 qui
859 3158 958 3198 leur
992 3160 1172 3210 permet
1200 3158 1257 3200 de
1296 3159 1502 3214 respirer
1522 3160 1568 3202 et
1590 3158 1647 3201 de

512 3224 740 3278 regarder
780 3226 807 3267 à
848 3224 948 3268 leur
998 3228 1168 3270 entour
1215 3242 1333 3284 pour
1388 3228 1647 3283 compléter

515 3294 612 3339 leur
655 3296 858 3341 carrière
887 3307 972 3354 par
1011 3308 1073 3339 un
1116 3298 1347 3351 mariage,
1372 3298 1427 3340 ils
1458 3300 1646 3340 sentent

512 3367 554 3411 le
583 3367 687 3411 vide
706 3372 876 3412 autour
896 3368 923 3412 d
943 3380 1035 3412 eux
1064 3370 1108 3411 et
1127 3370 1234 3412 sont
1258 3380 1375 3426 pour
1406 3368 1526 3412 ainsi
1547 3368 1646 3413 dire

514 3439 803 3481 désorientés
826 3454 883 3483 ne
904 3445 1128 3484 trouvant
1148 3455 1379 3499 personne
1399 3443 1454 3486 de
1476 3456 1647 3487 conve¬

511 3506 650 3550 nable
682 3508 803 3550 dans
826 3509 864 3551 le
898 3510 1046 3552 cercle
1068 3512 1151 3551 des
1186 3512 1411 3552 relations
1432 3515 1494 3553 où
1518 3515 1572 3552 ils
1594 3526 1646 3554 se

514 3583 622 3624 sont
642 3593 746 3624 mus
766 3579 1068 3639 jusqu’alors.

571 3660 780 3703 Souvent
819 3660 1126 3714 découragés,
1183 3660 1238 3704 ils
1294 3659 1510 3704 finissent
1560 3673 1646 3718 par

512 3738 739 3768 renoncer
761 3740 822 3769 au
863 3728 1074 3779 mariage
1094 3731 1132 3770 si
1164 3742 1253 3771 une
1288 3731 1416 3772 main
1442 3732 1564 3774 amie
1588 3744 1646 3775 ne

515 3796 639 3840 vient
674 3796 739 3841 les
761 3797 890 3843 aider
911 3801 955 3844 et
993 3798 1059 3843 les
1079 3799 1247 3855 guider
1280 3799 1400 3844 dans
1435 3800 1475 3846 le
1510 3802 1647 3846 choix

514 3867 653 3914 d'une
674 3883 940 3930 compagne
961 3873 1039 3930 qui
1061 3874 1158 3916 doit
1179 3876 1404 3931 partager
1427 3872 1527 3918 leur
1551 3875 1639 3927 vie,

515 3940 640 3987 leurs
658 3943 776 4000 joies
794 3949 839 3990 et
863 3947 987 3991 leurs
1007 3947 1183 4003 peines.

572 4022 694 4064 C’est
722 4023 760 4066 le
802 4024 884 4066 but
914 4035 1004 4078 que
1036 4023 1147 4065 s’est
1185 4024 1385 4079 proposé
1435 4024 1474 4066 le
1523 4025 1647 4067 Lien

514 4091 582 4134 du
622 4092 858 4148 Mariage
895 4107 904 4132 :
941 4094 1051 4135 Etre
1078 4091 1220 4135 l’ami,
1246 4092 1287 4135 le
1303 4092 1444 4146 guide
1475 4095 1520 4135 et
1540 4092 1643 4135 l’in¬

514 4162 726 4204 dicateur
764 4161 846 4204 des
888 4162 1058 4204 unions
1098 4162 1328 4206 honnêtes
1362 4164 1407 4206 et
1430 4162 1646 4206 honora¬

512 4230 627 4274 bles.
656 4232 803 4276 Notre
823 4234 907 4278 but
926 4235 995 4278 est
1030 4234 1427 4279 essentiellement
1452 4234 1647 4292 philan¬

512 4300 764 4360 thropique
792 4308 836 4349 et
858 4306 1254 4350 essentiellement
1277 4306 1443 4351 moral.

572 4383 637 4423 La
678 4383 954 4437 population
990 4384 1166 4427 décroît
1200 4398 1340 4441 parce
1362 4398 1451 4442 que
1474 4386 1514 4428 le
1538 4399 1646 4429 ma¬

512 4451 643 4503 riage
665 4456 735 4493 est
754 4453 937 4507 négligé
958 4466 967 4506 ;
987 4459 1033 4498 et
1056 4455 1095 4498 le
1118 4458 1330 4512 mariage
1349 4460 1419 4500 est
1435 4458 1643 4513 négligé,

514 4531 654 4574 parce
676 4534 766 4576 que
794 4522 1011 4567 l’homme
1034 4530 1245 4582 emporté
1282 4542 1365 4583 par
1387 4528 1427 4571 le
1451 4531 1646 4572 tourbil¬

513 4590 591 4634 lon
615 4591 698 4636 des
728 4592 936 4646 affaires,
963 4596 1038 4638 n’a
1059 4609 1143 4651 pas
1164 4596 1204 4639 le
1227 4600 1382 4652 temps
1402 4599 1458 4640 de
1476 4599 1645 4640 s’arrê¬

512 4666 581 4707 ter
602 4676 720 4720 pour
742 4666 983 4709 combiner
1004 4669 1048 4708 et
1076 4667 1302 4710 chercher
1333 4668 1435 4711 telle
1458 4680 1516 4711 ou
1540 4668 1644 4712 telle

514 4736 660 4779 union
684 4738 760 4792 qui
789 4739 999 4795 pourrait
1025 4738 1084 4782 lui
1110 4740 1349 4784 convenir.

568 4808 602 4848 Il
626 4810 702 4851 n’a
726 4826 811 4864 pas
833 4815 872 4858 le
896 4819 1049 4871 temps
1071 4819 1114 4859 et
1155 4830 1212 4860 ne
1236 4820 1344 4874 peut
1383 4831 1546 4874 passer
1563 4819 1646 4861 des

510 4878 631 4923 mois
651 4885 694 4922 et
718 4886 959 4936 peut-être
982 4887 1063 4930 des
1082 4890 1259 4931 années
1282 4891 1307 4931 à
1331 4890 1518 4934 décider
1543 4890 1646 4934 telle

512 4964 744 5008 personne
784 4953 810 4995 à
851 4958 1076 5008 partager
1107 4970 1160 4999 sa
1191 4960 1260 5000 vie
1284 4970 1295 5011 ;
1322 4959 1349 5000 il
1378 4974 1431 5003 ne
1454 4967 1646 5006 connaît

512 5036 599 5078 pas
620 5024 728 5068 bien
764 5023 807 5068 la
842 5024 1067 5067 situation
1103 5026 1159 5070 de
1198 5031 1318 5072 cette
1341 5043 1590 5086 personne,
1615 5031 1640 5075 il

511 5094 659 5140 hésite
694 5102 739 5142 et
775 5099 875 5142 finit
906 5110 988 5155 par
1019 5109 1245 5143 renoncer
1270 5115 1328 5143 au
1367 5104 1579 5157 mariage
1600 5108 1646 5147 et

511 5172 560 5204 se
580 5164 794 5218 résigner
816 5171 842 5214 à
867 5172 994 5215 vivre
1025 5167 1258 5212 d’amitiés
1280 5174 1582 5226 passagères.

568 5240 688 5283 Mais
708 5254 759 5284 ce
789 5249 865 5299 qui
905 5249 1059 5292 arrive
1083 5260 1202 5306 pour
1229 5246 1295 5291 les
1315 5244 1483 5304 jeunes
1506 5260 1640 5304 gens,

512 5314 666 5358 arrive
687 5311 796 5356 bien
823 5315 925 5370 plus
956 5331 1125 5366 encore
1147 5335 1264 5378 pour
1287 5320 1352 5366 les
1390 5335 1646 5379 personnes

511 5387 588 5440 qui
615 5388 759 5442 ayant
797 5386 868 5430 été
908 5387 1043 5430 unies
1080 5405 1172 5436 une
1202 5394 1432 5450 première
1470 5395 1557 5436 fois
1595 5407 1644 5437 se

511 5458 730 5502 trouvent
756 5462 854 5503 tout
876 5460 902 5503 à
924 5469 1043 5512 coup
1082 5459 1303 5510 désunies
1336 5478 1422 5522 par
1446 5464 1486 5508 le
1506 5465 1646 5508 décès

512 5523 570 5566 de
592 5527 716 5574 l’une
740 5532 915 5576 d'elles.

570 5599 722 5654 Après
751 5612 888 5652 s'être
922 5610 1191 5664 longtemps
1212 5607 1423 5655 abîmées
1446 5615 1566 5658 dans
1603 5614 1645 5656 la

511 5668 707 5715 douleur
734 5680 779 5719 et
814 5683 943 5724 avoir
978 5683 1096 5738 payé
1143 5694 1204 5723 un
1236 5676 1360 5735 juste
1406 5684 1550 5727 tribut
1592 5685 1646 5728 de

511 5740 686 5786 larmes
706 5744 732 5787 à
762 5746 943 5802 l’époux
979 5766 1036 5795 ou
1063 5755 1088 5796 à
1120 5754 1324 5810 l’épouse
1348 5751 1564 5807 décédée,
1590 5755 1646 5799 ils

510 5818 695 5860 sentent
732 5815 838 5871 plus
862 5822 1094 5867 vivement
1132 5824 1171 5868 le
1195 5826 1298 5868 vide
1321 5823 1397 5882 qui
1430 5820 1538 5865 s’est
1560 5824 1644 5865 fait

511 5892 683 5934 autour
719 5887 779 5932 du
820 5890 1082 5946 survivant,
1127 5895 1182 5939 ils
1214 5902 1294 5939 ont
1334 5894 1495 5940 besoin
1534 5892 1644 5936 d’un

511 5972 643 6003 cœur
664 5963 756 6004 ami
795 5960 871 6018 qui
914 5959 979 6002 les
1012 5966 1202 6008 console
1237 5980 1296 6010 ou
1332 5968 1399 6011 les
1434 5967 1639 6023 protège.

511 6028 573 6071 Ils
594 6034 804 6088 aspirent
826 6035 852 6077 à
875 6033 994 6077 cette
1023 6031 1092 6074 vie
1115 6036 1367 6092 tranquille
1385 6039 1582 6095 paisible
1603 6040 1647 6083 et

509 6100 763 6156 ntérieure,
800 6107 914 6151 faite
943 6103 1223 6150 d’intimités
1248 6111 1293 6150 et
1312 6110 1370 6152 de
1394 6111 1646 6155 confiden¬

1728 2019 1806 2051 ces
1834 2019 1923 2063 que
1962 2006 2006 2051 la
2042 2008 2164 2050 mort
2202 2019 2228 2051 a
2268 2018 2480 2062 rompue.
2520 2006 2650 2047 Dans
2691 2015 2742 2046 ce
2782 2015 2863 2046 cas

1728 2079 1949 2123 l’homme
1990 2092 2016 2122 a
2064 2080 2228 2123 besoin
2268 2079 2408 2122 d’une
2451 2076 2574 2120 amie
2612 2075 2764 2131 pleine
2806 2074 2862 2116 de

1727 2151 1856 2192 soins
1884 2155 1928 2194 et
1956 2151 2012 2192 de
2043 2150 2383 2192 dévouements
2406 2158 2416 2201 ;
2438 2147 2480 2191 la
2502 2147 2639 2190 dame
2662 2144 2862 2188 cherche

1728 2232 1791 2263 un
1813 2222 2014 2274 soutien,
2042 2232 2105 2263 un
2131 2223 2395 2278 protecteur
2435 2221 2480 2262 et
2503 2231 2567 2260 un
2591 2218 2712 2260 aide.
2743 2216 2862 2259 Mais

1727 2292 1787 2335 où
1828 2294 2015 2336 trouver
2037 2291 2082 2335 la
2125 2302 2358 2348 personne
2394 2288 2470 2346 qui
2505 2287 2718 2330 réunisse
2754 2288 2860 2328 tous

1727 2363 1793 2408 les
1833 2364 2102 2408 désidérata
2122 2364 2143 2407 ?
2166 2367 2229 2408 La
2250 2365 2371 2407 mort
2392 2362 2470 2418 qui
2494 2373 2521 2403 a
2542 2359 2581 2403 si
2615 2359 2860 2413 brusque¬

1727 2439 1855 2479 ment
1894 2438 2188 2492 interrompu
2228 2435 2270 2479 le
2303 2447 2443 2479 cours
2478 2433 2534 2475 de
2571 2434 2693 2475 cette
2730 2430 2859 2474 exis¬

1728 2510 1862 2551 tence
1880 2507 2043 2551 n’était
2066 2520 2152 2563 pas
2172 2507 2332 2551 entrée
2355 2506 2475 2548 dans
2493 2504 2559 2547 les
2592 2502 2768 2546 calculs
2804 2500 2861 2544 de

1728 2579 1771 2622 la
1795 2580 1864 2623 vie
1899 2591 2166 2623 commune.
2208 2579 2277 2623 Où
2316 2580 2503 2621 trouver
2543 2575 2587 2618 la
2627 2585 2860 2631 personne

1728 2651 1996 2698 réunissant
2018 2651 2084 2696 les
2106 2651 2371 2695 conditions
2394 2662 2510 2706 pour
2532 2660 2624 2691 une
2658 2646 2860 2690 seconde

1727 2724 1891 2768 union.

1788 2796 1848 2854 Le
1864 2796 2054 2854 journal
2084 2796 2095 2840 1
2100 2809 2124 2840 q
2147 2795 2271 2839 Lien
2294 2793 2363 2836 du
2398 2790 2632 2848 Mariage
2672 2790 2787 2834 offre
2832 2790 2859 2832 à

1727 2871 1832 2911 tous
1856 2880 1946 2911 une
1982 2867 2209 2910 situation
2245 2862 2502 2908 semblable
2528 2864 2574 2906 et
2607 2862 2794 2918 lorsque
2818 2863 2858 2904 la

1720 2954 1954 2997 personne
1975 2939 2117 2996 qu’on
2156 2939 2309 2982 désire
2331 2950 2390 2980 ne
2426 2935 2494 2991 s’y
2512 2939 2678 2979 trouve
2700 2947 2803 2991 pas,
2830 2936 2858 2980 il

1719 3011 1795 3067 n’y
1812 3024 1839 3068 a
1855 3011 1963 3068 qu’à
1986 3011 2244 3054 s'adresser
2279 3011 2306 3052 à
2339 3007 2556 3053 l’Office
2594 3010 2856 3051 Mondonet

1719 3084 1798 3139 qui
1820 3096 1848 3126 a
1871 3096 1933 3126 un
1955 3083 2111 3138 grand
2135 3082 2331 3124 nombre
2350 3080 2406 3123 de
2437 3079 2757 3135 propositions
2775 3079 2855 3134 qui

1720 3168 1779 3198 ne
1797 3154 2005 3210 figurent
2027 3167 2114 3210 pas
2135 3154 2256 3196 dans
2278 3166 2356 3196 ces
2377 3151 2618 3194 colonnes.

1780 3233 1924 3274 Notre
1941 3230 2130 3286 journal
2168 3244 2194 3272 a
2219 3243 2336 3286 pour
2359 3230 2440 3272 but
2460 3228 2667 3271 d’ouvrir
2688 3227 2732 3270 la
2754 3226 2857 3271 voie

1720 3300 1976 3343 honorable
2011 3302 2068 3343 de
2104 3302 2148 3343 la
2186 3301 2359 3343 société
2396 3301 2423 3342 à
2467 3302 2594 3342 toute
2623 3311 2858 3354 personne

1720 3370 1798 3426 qui
1816 3382 1866 3414 se
1887 3372 2052 3415 trouve
2075 3370 2196 3414 dans
2216 3369 2407 3427 pareille
2428 3370 2672 3412 situation.

1804 3538 1946 3578 Rôle
1978 3538 2056 3578 du
2095 3554 2114 3575 «
2150 3536 2292 3579 Lien
2320 3538 2399 3579 du
2431 3535 2690 3591 Mariage
2727 3551 2746 3574 »

1776 3676 1910 3720 Nous
1931 3686 2193 3732 proposons
2229 3674 2296 3718 les
2335 3686 2596 3730 personnes
2616 3687 2731 3718 avec
2756 3675 2855 3718 leur

1719 3749 1946 3791 situation
1986 3748 2042 3791 de
2080 3747 2262 3791 fortune
2294 3748 2339 3788 et
2384 3744 2440 3787 de
2477 3744 2710 3795 moralité,
2735 3758 2854 3788 nous

1721 3818 1896 3863 faisons
1929 3819 1995 3864 les
2031 3818 2307 3872 demandes,
2339 3815 2614 3861 abouchons
2650 3816 2716 3859 les
2741 3828 2854 3871 per¬

1721 3906 1894 3936 sonnes
1932 3896 1978 3936 et
2017 3897 2223 3936 mettons
2252 3906 2310 3936 en
2335 3891 2558 3949 présence
2592 3888 2658 3932 les
2679 3888 2851 3932 futurs.

1720 3967 1852 4008 Nous
1872 3978 2079 4008 sommes
2100 3964 2167 4008 les
2203 3963 2580 4008 intermédiaires
2620 3962 2703 4006 des
2743 3974 2856 4018 pre¬

1724 4038 1890 4079 mières
1927 4040 2194 4087 entrevues,
2235 4034 2450 4090 toujours
2488 4035 2583 4078 très
2623 4036 2856 4088 gênantes

1720 4110 1766 4147 et
1804 4107 1896 4148 très
1918 4107 2139 4148 délicates
2164 4119 2280 4160 pour
2303 4107 2384 4148 des
2410 4116 2668 4159 personnes
2688 4106 2768 4160 qui
2806 4118 2855 4147 se

1722 4175 1876 4216 voient
1904 4187 2023 4230 pour
2044 4175 2090 4216 la
2131 4176 2362 4230 première
2400 4174 2500 4215 fois,
2536 4174 2667 4215 Nous
2702 4174 2852 4215 résol¬

1720 4258 1836 4288 vons
1883 4247 2050 4287 autant
2090 4256 2179 4300 que
2223 4242 2424 4300 possible
2483 4243 2550 4287 les
2602 4242 2852 4286 difficultés

1720 4320 1796 4377 qui
1822 4320 2024 4376 peuvent
2058 4330 2107 4360 se
2131 4317 2374 4374 présenter
2395 4316 2516 4361 dans
2552 4316 2596 4359 la
2627 4316 2851 4359 situation

1720 4391 1747 4433 d
1763 4410 1775 4419 j
1796 4391 1808 4434 1
1830 4403 1919 4434 une
1938 4388 2111 4434 d’elles.
2138 4390 2268 4432 Nous
2288 4402 2498 4433 sommes
2518 4388 2616 4432 leur
2640 4390 2855 4432 intermé¬

1719 4463 1866 4506 diaire
1895 4464 1941 4506 et
1980 4463 2078 4506 leur
2109 4463 2219 4504 ami.
2245 4463 2348 4515 Oui,
2375 4461 2474 4504 leur
2494 4461 2604 4512 ami,
2631 4472 2713 4503 car
2736 4474 2856 4504 nous

1719 4534 2025 4576 considérons
2047 4546 2230 4575 comme
2258 4534 2319 4575 tel
2359 4536 2490 4575 notre
2531 4534 2627 4575 rôle
2652 4544 2768 4588 pour
2790 4533 2856 4575 les

1721 4616 1979 4660 personnes
2011 4604 2088 4659 qui
2130 4615 2251 4646 nous
2287 4604 2519 4658 chargent
2558 4602 2617 4646 du
2658 4606 2762 4647 soin
2800 4606 2856 4647 de

1720 4676 1818 4720 leur
1843 4676 2004 4719 union.

1777 4747 1899 4791 Elles
1915 4748 2116 4803 peuvent
2131 4750 2343 4803 compter
2355 4760 2436 4792 sur
2451 4751 2583 4791 notre
2600 4747 2853 4790 discrétion

1719 4820 1928 4863 absolue.
1966 4819 2111 4862 Notre
2132 4818 2266 4863 office
2292 4822 2363 4863 est
2398 4832 2456 4861 un
2484 4819 2704 4860 tombeau
2735 4830 2854 4872 pour

1720 4891 1786 4934 les
1806 4892 1982 4934 secrets
2004 4890 2082 4947 qui
2106 4902 2226 4934 nous
2247 4895 2354 4935 sont
2376 4887 2566 4932 confiés.

1778 4971 2002 5020 Souvent,
2051 4972 2222 5020 même,
2266 4968 2308 5010 la
2340 4966 2570 5023 première
2607 4968 2854 5023 présenta¬

1719 5042 1816 5083 tion
1856 5053 1883 5083 a
1921 5039 2012 5083 lieu
2039 5051 2152 5082 sans
2183 5037 2450 5092 qu’aucune
2487 5037 2571 5082 des
2592 5039 2711 5082 deux
2750 5052 2855 5095 par¬

1719 5111 1806 5152 ties
1826 5111 2075 5152 connaisse
2098 5107 2138 5149 le
2162 5119 2273 5151 nom
2307 5108 2366 5152 de
2403 5110 2569 5153 l’autre
2590 5114 2634 5152 et
2658 5123 2776 5152 nous
2795 5123 2854 5152 ne

1719 5179 1784 5222 les
1806 5179 1983 5222 faisons
2003 5181 2248 5224 connaître
2274 5193 2364 5237 que
2391 5192 2472 5223 sur
2492 5180 2592 5222 leur
2613 5179 2844 5220 autorisa¬

1719 5252 1815 5295 tion
1838 5263 2076 5307 expresse.

1776 5331 1851 5375 Un
1868 5327 2056 5386 journal
2077 5342 2193 5384 pour
2209 5328 2448 5380 mariages
2467 5326 2587 5368 dans
2600 5339 2692 5370 une
2711 5328 2853 5382 petite

1720 5400 1824 5444 ville
1844 5402 1902 5443 où
1927 5402 2026 5441 tout
2047 5399 2086 5440 le
2115 5398 2284 5439 monde
2311 5409 2360 5439 se
2379 5398 2571 5439 connaît
2592 5399 2636 5440 et
2660 5403 2853 5442 connaît

1719 5471 1762 5514 la
1785 5471 2010 5512 situation
2031 5467 2087 5510 de
2109 5479 2195 5511 son
2235 5468 2402 5521 voisin,
2428 5467 2632 5510 n’aurait
2671 5482 2757 5523 pas
2796 5471 2853 5514 de

1719 5542 1876 5583 raison
1908 5539 2068 5592 d’être,
2092 5540 2214 5583 mais
2236 5539 2355 5582 dans
2392 5551 2483 5582 une
2524 5539 2707 5600 grande
2728 5540 2850 5594 ville,

1719 5623 1900 5656 comme
1936 5612 1979 5655 la
2018 5614 2164 5666 nôtre,
2204 5610 2263 5654 où
2302 5609 2486 5654 chacun
2527 5622 2670 5665 pense
2715 5614 2743 5655 à
2779 5624 2854 5656 ses

1718 5683 1910 5727 affaires
1930 5686 1974 5726 et
2004 5694 2098 5726 non
2120 5683 2146 5724 à
2163 5680 2300 5724 celles
2318 5681 2375 5726 de
2396 5692 2471 5725 ses
2492 5681 2671 5726 voisins
2695 5695 2704 5737 ;
2728 5686 2774 5727 et
2792 5686 2852 5727 où

1718 5756 1826 5798 bien
1848 5758 2047 5798 souvent
2068 5752 2133 5796 les
2158 5753 2402 5796 habitants
2422 5751 2477 5794 de
2498 5751 2543 5795 la
2567 5758 2720 5798 même
2738 5756 2851 5799 mai¬

1718 5839 1803 5868 son
1826 5838 1883 5867 ne
1916 5838 1967 5868 se
2003 5825 2307 5868 connaissent
2346 5836 2431 5880 pas
2449 5826 2581 5867 entre
2598 5836 2703 5879 eux,
2731 5827 2758 5868 il
2782 5829 2852 5870 est

1718 5896 1984 5939 nécessaire
2026 5896 2135 5939 d’un
2188 5896 2280 5939 ami
2327 5893 2538 5951 général,
2592 5895 2704 5940 d’un
2758 5898 2849 5940 ami

1717 5975 1939 6007 commun
1963 5968 2039 6022 qui
2063 5972 2302 6024 groupant
2346 5967 2465 6008 dans
2487 5979 2550 6010 un
2590 5971 2725 6011 vaste
2760 5980 2851 6011 en¬

1719 6035 1911 6087 semble,
1936 6036 2003 6080 les
2040 6039 2180 6083 offres
2218 6042 2262 6083 et
2301 6038 2368 6081 les
2408 6035 2686 6091 demandes,
2715 6052 2853 6083 com¬

1720 6109 1826 6152 bine
1848 6106 1910 6150 lui
1948 6112 2102 6152 même
2123 6110 2190 6153 les
2224 6107 2495 6165 situations,
2522 6110 2588 6155 les
2620 6115 2754 6166 âges,
2787 6111 2854 6154 les

2939 2004 3096 2056 goûts,
3138 1997 3203 2041 les
3238 1995 3431 2051 figures,
3488 1994 3555 2036 les
3607 1992 3820 2035 fortunes
3860 1990 3904 2032 et
3955 1987 4080 2031 fasse

2939 2072 3002 2115 lui
3040 2075 3194 2114 même
3218 2069 3284 2114 les
3307 2066 3626 2124 propositions
3659 2063 3726 2107 les
3766 2060 3871 2118 plus
3915 2063 4076 2103 sorta-

2936 2140 3054 2184 bles.

2994 2211 3075 2255 Cet
3098 2210 3190 2251 ami
3214 2220 3454 2259 commun,
3480 2207 3594 2251 c’est
3615 2204 3779 2248 l’office
3802 2202 4074 2254 Mondonet,

2935 2283 3007 2335 47,
3032 2292 3115 2325 rue
3144 2280 3199 2323 de
3220 2279 3264 2321 la
3287 2280 3450 2331 Darse,
3473 2278 3586 2322 c’est
3619 2277 3658 2320 le
3675 2273 3865 2332 journal
3888 2273 3928 2316 le
3951 2268 4078 2314 Lien

2934 2354 3003 2395 du
3031 2350 3270 2408 Mariage
3292 2348 3368 2406 qui
3396 2350 3466 2391 est
3487 2360 3574 2391 son
3596 2346 3859 2389 auxiliaire.

2991 2433 3204 2478 Pendant
3227 2432 3499 2486 longtemps
3520 2428 3550 2471 il
3587 2440 3615 2471 a
3654 2427 3801 2471 existé
3838 2438 3931 2469 une
3966 2423 4072 2481 pré¬

2935 2507 3124 2551 vention
3147 2504 3242 2546 très
3272 2503 3497 2556 marquée
3532 2502 3694 2543 contre
3723 2499 3788 2541 les
3829 2497 4071 2547 mariages

2936 2579 3028 2622 dits
3042 2578 3098 2620 de
3122 2572 3427 2632 proposition,
3453 2583 3514 2614 on
3539 2570 3716 2614 voulait
3738 2580 3787 2612 se
3812 2566 4072 2624 persuader

2935 2649 3046 2707 qu’il
3078 2661 3135 2691 ne
3168 2646 3360 2703 pouvait
3380 2643 3520 2686 sortir
3540 2641 3621 2684 des
3640 2652 3848 2696 agences
3876 2651 3967 2695 que
3991 2638 4074 2682 des

2936 2722 3172 2774 mariages
3194 2718 3474 2774 disparates.

2991 2807 3063 2849 En
3087 2804 3187 2846 face
3208 2802 3291 2845 des
3320 2799 3544 2843 résultats
3584 2796 3846 2843 contraires
3867 2795 4071 2838 obtenus

2936 2891 3020 2935 par
3075 2888 3152 2919 ces
3214 2875 3442 2926 bureaux,
3484 2883 3546 2914 on
3603 2872 3674 2914 est
3714 2867 3830 2912 sorti
3862 2866 4065 2922 complè¬

2934 2951 3110 2993 tement
3148 2946 3203 2990 de
3243 2948 3362 2988 cette
3414 2943 3706 2999 prévention.
3751 2939 3963 2983 L’estime
4007 2938 4070 2980 du

2935 3019 3090 3076 public
3110 3020 3179 3062 est
3202 3016 3499 3060 absolument
3514 3014 3706 3070 acquise
3727 3024 3824 3055 aux
3842 3022 4067 3065 agences,

2935 3104 3050 3148 pour
3072 3090 3115 3131 la
3138 3090 3295 3131 raison
3326 3088 3432 3130 bien
3467 3084 3651 3141 simple,
3678 3095 3767 3140 que
3789 3083 3855 3126 les
3878 3080 4070 3123 affaires

2931 3163 3124 3204 traitées
3147 3171 3232 3215 par
3263 3158 3389 3207 elles,
3415 3156 3456 3200 le
3495 3159 3603 3199 sont
3624 3156 3732 3211 plus
3770 3152 4070 3207 rapidement

2932 3237 2976 3276 et
3019 3233 3120 3288 plus
3160 3231 3416 3276 sûrement,
3441 3229 3486 3271 et
3526 3239 3585 3270 on
3629 3228 3739 3282 peut
3776 3223 3875 3267 dire
3912 3235 4002 3279 que
4028 3222 4068 3266 le

2934 3304 3038 3360 plus
3056 3303 3208 3359 grand
3250 3300 3446 3344 nombre
3487 3298 3568 3342 des
3606 3298 3863 3352 mariages,
3915 3298 4067 3338 même

2931 3376 3100 3425 riches,
3120 3376 3200 3416 ont
3223 3374 3295 3416 été
3312 3372 3416 3428 plus
3437 3382 3496 3414 ou
3516 3370 3670 3412 moins
3692 3370 3782 3412 mis
3803 3379 3884 3410 sur
3907 3366 3950 3410 la
3967 3366 4068 3410 voie

2934 3459 3016 3503 par
3039 3457 3124 3489 nos
3151 3454 3371 3499 agences.
3406 3442 3538 3487 Nous
3560 3452 3680 3483 nous
3698 3438 3986 3483 efforcerons
4008 3436 4064 3480 de

2931 3519 3122 3562 mériter
3143 3518 3263 3559 cette
3284 3516 3450 3558 estime
3470 3514 3532 3556 du
3558 3512 3712 3568 public
3734 3523 3794 3555 en
3810 3511 4067 3566 apportant

2931 3589 3051 3631 dans
3100 3587 3143 3628 la
3199 3586 3472 3627 conclusion
3514 3584 3596 3626 des
3644 3583 3834 3625 affaires
3875 3582 3919 3623 la
3962 3580 4068 3635 plus

2929 3657 3111 3713 grande
3148 3655 3442 3707 délicatesse,
3467 3654 3510 3696 la
3546 3652 3650 3708 plus
3672 3651 3855 3707 grande
3879 3651 4063 3707 probité

2928 3732 2974 3772 et
2994 3728 3038 3771 la
3060 3728 3315 3771 discrétion
3337 3727 3379 3768 la
3410 3726 3514 3780 plus
3535 3724 3746 3768 absolue.

2987 3813 3074 3855 Les
3126 3810 3278 3852 beaux
3326 3808 3551 3851 résultats
3610 3820 3700 3864 que
3755 3820 3875 3851 nous
3914 3819 4064 3851 avons

2929 3883 3129 3927 obtenus
3186 3892 3307 3923 nous
3340 3882 3583 3935 engagent
3619 3880 3647 3923 à
3683 3879 3905 3936 persister
3946 3879 4068 3922 dans

2931 3959 3051 4002 cette
3084 3953 3204 4004 voie,
3240 3952 3463 4008 espérant
3502 3964 3592 4008 que
3627 3952 3667 3995 le
3699 3950 3853 4007 public
3888 3950 4068 3994 voudra

2931 4029 3037 4072 bien
3062 4038 3180 4069 nous
3200 4024 3448 4068 continuer
3470 4035 3546 4067 ses
3567 4024 3756 4067 faveurs
3795 4025 3840 4066 et
3860 4034 3913 4066 sa
3945 4035 4066 4066 con¬

2931 4099 3099 4142 fiance.

2990 4182 3051 4227 Le
3084 4181 3208 4224 Lien
3252 4180 3320 4223 du
3354 4179 3591 4236 Mariage
3624 4182 3695 4223 est
3734 4179 3775 4223 le
3807 4179 3916 4222 trait
3960 4181 4066 4224 d’u¬

2928 4254 3039 4295 nion
3079 4251 3162 4294 des
3194 4250 3410 4300 familles,
3434 4263 3528 4291 non
3566 4251 3827 4293 seulement
3851 4250 3907 4294 de
3931 4254 4066 4295 notre

2928 4323 3050 4376 ville,
3076 4321 3196 4364 mais
3229 4332 3398 4364 encore
3438 4320 3520 4364 des
3546 4320 3828 4379 principales
3853 4321 3986 4365 villes
4008 4323 4065 4366 de

2930 4399 3107 4440 France
3142 4396 3186 4438 et
3222 4394 3276 4438 de
3319 4392 3574 4448 l’étranger
3611 4391 3670 4436 où
3706 4396 3838 4437 notre
3878 4392 4012 4437 office
4035 4407 4063 4436 a

2930 4468 3012 4511 des
3046 4465 3446 4522 correspondants
3476 4466 3688 4508 discrets.
3715 4467 3847 4509 Nous
3875 4466 4066 4521 présen¬

2930 4542 3036 4582 tons
3056 4538 3178 4580 donc
3199 4549 3291 4579 aux
3318 4538 3454 4592 pères
3480 4536 3536 4579 de
3555 4536 3731 4579 famille
3760 4549 3874 4580 souc
3898 4550 3985 4579 eux
4008 4536 4063 4579 de

2931 4610 3124 4652 l’avenir
3147 4607 3202 4651 de
3227 4607 3352 4650 leurs
3372 4607 3562 4650 enfants
3584 4611 3690 4651 tous
3711 4608 3775 4651 les
3798 4610 4063 4662 avantages

2930 4678 3067 4735 qu’ils
3088 4690 3146 4719 ne
3167 4678 3411 4720 sauraient
3440 4680 3630 4721 trouver
3655 4678 3752 4721 s’ils
3791 4682 3899 4722 sont
3923 4679 4065 4722 livrés

2928 4751 2955 4792 à
2976 4751 3263 4792 eux-mêmes
3284 4751 3330 4791 et
3352 4748 3474 4792 dans
3497 4748 3536 4792 le
3556 4748 3705 4792 cercle
3728 4748 3784 4792 de
3805 4748 3931 4794 leurs
3952 4762 4061 4794 con¬

2930 4821 3206 4864 naissances
3227 4830 3236 4873 ;
3272 4834 3331 4862 en
3354 4820 3476 4872 effet,
3508 4820 3959 4875 indépendamment
3982 4822 4064 4863 des

2930 4895 3192 4939 références
3214 4894 3466 4948 certaines,
3496 4892 3548 4935 ils
3584 4895 3666 4935 ont
3690 4893 3728 4936 le
3749 4891 3886 4936 choix
3912 4891 4062 4948 parmi

2928 4968 2970 5011 le
2991 4966 3146 5021 grand
3169 4966 3364 5007 nombre
3404 4964 3459 5006 de
3484 4964 3803 5018 propositions
3826 4976 3914 5018 que
3943 4975 4060 5004 con¬

2928 5038 3142 5080 tiennent
3182 5035 3247 5078 les
3283 5034 3506 5076 colonnes
3535 5034 3591 5076 de
3628 5037 3760 5078 notre
3776 5032 3980 5089 journal,
4006 5031 4062 5076 ils

2930 5110 3132 5164 peuvent
3150 5107 3264 5147 faire
3287 5107 3486 5159 épouser
3508 5107 3534 5147 à
3554 5105 3679 5147 leurs
3695 5106 3884 5147 enfants
3902 5104 3945 5146 la
3967 5118 4063 5160 per¬

2926 5187 3075 5219 sonne
3094 5174 3230 5229 qu’ils
3247 5174 3452 5215 désirent
3466 5175 3555 5216 soit
3574 5186 3758 5218 comme
3779 5175 4058 5232 profession,

2926 5247 3129 5291 fortune,
3166 5246 3422 5296 caractère,
3462 5244 3665 5300 position
3706 5244 3878 5290 sociale
3919 5250 3963 5291 et
4006 5248 4062 5291 ils

2928 5332 2986 5363 ne
3019 5318 3343 5374 s’exposeront
3381 5330 3467 5374 pas
3504 5320 3530 5361 à
3571 5318 3670 5362 leur
3707 5320 3822 5363 faire
3859 5320 4063 5375 épouser

2928 5403 3019 5434 une
3055 5402 3287 5447 personne
3310 5390 3386 5444 qui
3427 5388 3524 5432 leur
3560 5402 3667 5432 sera
3708 5390 4059 5446 antipathique,

2926 5464 3016 5506 soit
3036 5473 3120 5518 par
3142 5473 3228 5503 son
3251 5463 3355 5515 âge,
3376 5462 3465 5503 soit
3502 5472 3620 5515 pour
3655 5464 3760 5505 tous
3791 5464 3951 5504 autres
3975 5462 4062 5504 dé¬

2928 5534 3052 5576 fauts
3074 5532 3151 5588 qui
3191 5533 3298 5574 sont
3331 5534 3499 5574 autant
3538 5531 3594 5572 de
3632 5544 3799 5576 causes
3839 5531 3895 5575 de
3919 5531 4058 5575 désu¬

2926 5604 3039 5647 nion
3060 5601 3180 5644 dans
3200 5600 3242 5645 le
3264 5603 3476 5654 mariage
3498 5603 3543 5644 et
3576 5600 3790 5647 finissent
3816 5615 3900 5659 par
3922 5615 4059 5646 ame¬

2927 5687 3010 5718 ner
3031 5674 3071 5716 le
3092 5672 3279 5716 divorce
3300 5675 3344 5715 et
3370 5671 3413 5714 la
3435 5672 3730 5728 séparation.

2986 5759 3114 5800 Dans
3146 5754 3438 5799 lescolonnes
3466 5755 3528 5800 du
3562 5756 3683 5800 Lien
3715 5756 3783 5800 du
3826 5756 4055 5811 Mariage

2926 5840 2984 5871 ou
3022 5829 3048 5871 à
3099 5825 3314 5870 l’Office
3372 5828 3650 5878 Mondonet,
3691 5828 3764 5880 47,
3804 5839 3886 5869 rue
3919 5826 3975 5867 de
4010 5824 4054 5867 la

2926 5899 3091 5949 Darse,
3122 5910 3182 5939 on
3206 5898 3312 5952 peut
3338 5899 3526 5942 trouver
3555 5898 3819 5941 facilement
3840 5908 3899 5938 un
3923 5907 4050 5950 gen¬

2926 5971 3023 6022 dre,
3050 5982 3110 6012 un
3149 5971 3298 6025 époux
3320 5982 3378 6012 ou
3402 5983 3493 6013 une
3515 5972 3688 6026 épouse
3715 5972 3741 6012 à
3779 5979 3862 6011 son
3890 5968 3975 6022 gré
4008 5971 4052 6010 et

2927 6055 2983 6086 en
3023 6043 3120 6084 tout
3163 6040 3289 6098 point
3329 6042 3568 6086 conforme
3611 6054 3703 6084 aux
3735 6039 3883 6083 désirs
3919 6039 3972 6082 de
4009 6039 4054 6082 la

2928 6124 3162 6169 personne
3188 6112 3215 6155 à
3235 6114 3427 6156 marier.
