4712 7064
2127 486 2206 531 LE
2245 487 2396 534 LIEN
2432 488 2520 535 DU
2559 490 2855 540 MARIAGE

784 802 838 843 Le
878 803 983 843 Lien
1022 803 1072 845 du
1110 805 1295 862 Mariage
1332 823 1375 852 se
1416 813 1523 853 vend
1560 827 1615 854 au
1659 817 1748 866 prix
1796 818 1847 856 de

713 855 760 894 15
782 856 990 897 centimes
1022 858 1127 900 dans
1161 866 1252 902 tous
1283 864 1343 903 les
1379 866 1580 918 kiosques
1600 869 1651 908 de
1675 869 1714 910 la
1735 870 1846 911 Ville

711 914 751 948 et
772 910 794 948 à
816 910 856 948 la
879 910 1106 962 Direction,
1131 914 1195 964 47,
1215 928 1291 958 rue
1311 919 1363 959 de
1384 920 1425 958 la
1445 919 1585 962 Darse,

764 992 876 1034 Dans
916 994 975 1035 les
1015 998 1242 1048 prochains
1277 1004 1496 1052 numéros,
1519 1016 1628 1047 nous
1654 1007 1843 1047 réserve¬

711 1058 808 1087 rons
830 1059 890 1087 un
910 1047 1011 1089 tiers
1031 1050 1079 1090 de
1104 1063 1206 1102 page
1236 1066 1343 1104 pour
1374 1055 1435 1095 les
1467 1061 1844 1100 annonces-récla¬

712 1111 815 1150 mes,
841 1101 951 1142 mais
971 1115 1079 1144 nous
1099 1107 1419 1158 n’accepterons
1443 1116 1484 1150 et
1512 1114 1839 1154 recommande¬

711 1164 808 1193 rons
827 1167 911 1204 que
931 1155 1060 1198 celles
1090 1160 1168 1211 qui
1198 1164 1450 1202 émaneront
1478 1164 1551 1206 des
1584 1167 1772 1207 maisons
1793 1168 1843 1207 de

710 1208 944 1251 confiance.

766 1325 900 1366 Notre
924 1327 1055 1382 Office
1075 1343 1100 1369 a
1111 1331 1216 1383 pris
1227 1347 1350 1384 pour
1370 1335 1518 1375 devise
1540 1351 1552 1375 :
1578 1338 1620 1377 la
1643 1338 1838 1376 Probité.

707 1379 799 1418 Nos
819 1380 975 1420 clients
996 1389 1190 1435 peuvent
1227 1390 1318 1426 être
1342 1390 1591 1440 persuadés
1631 1391 1841 1431 d'avance

706 1445 787 1484 que
806 1446 915 1472 nous
934 1448 987 1474 ne
1006 1449 1192 1479 sommes
1204 1453 1291 1491 pas
1311 1442 1388 1481 des
1407 1442 1639 1483 brasseurs
1659 1444 1839 1496 d’affai¬

706 1498 788 1529 res,
812 1499 871 1525 au
892 1487 1042 1542 risque
1063 1491 1116 1531 de
1136 1492 1256 1543 faire
1279 1495 1354 1534 des
1373 1496 1668 1535 malheureux
1689 1510 1703 1543 ;
1743 1499 1840 1535 tous

704 1551 781 1578 nos
823 1541 971 1594 efforts
1015 1544 1221 1587 tendront
1271 1547 1478 1600 toujours
1523 1551 1547 1588 à
1596 1549 1716 1601 faire
1763 1550 1839 1588 des

705 1591 904 1632 heureux
907 1609 917 1645 ,
942 1599 1080 1636 même
1114 1611 1172 1636 au
1210 1600 1448 1640 détriment
1468 1602 1523 1640 de
1550 1615 1626 1640 nos
1650 1615 1840 1654 propres

704 1645 898 1687 intérêts.
948 1650 1106 1691 Toutes
1143 1665 1220 1692 nos
1256 1654 1438 1706 affaires
1475 1658 1620 1694 seront
1660 1655 1839 1695 traitées

703 1711 806 1739 avec
829 1700 871 1739 la
883 1702 994 1752 plus
1010 1706 1182 1755 grande
1198 1707 1453 1747 délicatesse
1468 1711 1508 1747 et
1526 1709 1565 1747 le
1570 1710 1678 1760 plus
1690 1710 1840 1760 grand

705 1751 1128 1799 désintéressement.

740 1970 884 2032 Avis
922 1971 955 2033 à
995 1990 1094 2035 nos
1139 1975 1338 2036 clients
1376 1975 1436 2036 de
1482 1975 1798 2038 l'extérieur

751 2152 808 2191 La
847 2154 1059 2195 Direction
1099 2156 1251 2195 envoie
1287 2156 1450 2204 franco,
1474 2168 1573 2196 sous
1603 2158 1836 2209 enveloppe

699 2206 912 2256 cachetée,
948 2219 1046 2247 sans
1083 2220 1226 2248 aucun
1267 2208 1387 2258 signe
1427 2211 1654 2259 extérieur,
1691 2216 1836 2251 contre

700 2259 748 2299 60
771 2271 807 2299 c.
844 2272 896 2299 en
935 2260 1268 2311 timbres-poste,
1307 2274 1360 2300 un
1405 2274 1676 2312 programme
1716 2263 1836 2303 indi¬

698 2318 834 2363 quant
858 2314 916 2352 les
935 2314 1179 2354 conditions
1208 2314 1259 2354 de
1299 2314 1452 2355 l’0fïice
1475 2323 1514 2355 et
1535 2328 1594 2356 un
1615 2316 1835 2367 question¬

701 2365 820 2404 naire
840 2366 945 2406 écrit
975 2367 1135 2419 auquel
1174 2367 1352 2407 devront
1390 2370 1599 2419 répondre
1642 2370 1701 2410 les
1743 2383 1834 2422 per¬

700 2430 855 2456 sonnes
875 2419 952 2470 qui
975 2420 1223 2460 s’adressent
1246 2422 1268 2459 à
1291 2432 1399 2460 nous
1422 2427 1460 2460 et
1481 2422 1558 2474 qui
1580 2423 1756 2463 veulent
1790 2436 1832 2464 se

700 2471 875 2511 marier.

755 2523 833 2563 Les
855 2535 1084 2575 personnes
1102 2524 1179 2576 qui
1202 2538 1254 2564 ne
1273 2532 1369 2566 sont
1390 2539 1461 2576 pas
1488 2527 1715 2579 abonnées,
1739 2535 1834 2569 sont

702 2576 840 2627 priées
860 2578 911 2616 de
932 2578 1099 2628 joindre
1123 2582 1147 2616 à
1170 2577 1263 2618 leur
1286 2579 1406 2619 lettre
1430 2592 1486 2619 un
1530 2580 1832 2634 timbre-poste

702 2642 810 2680 pour
834 2630 871 2670 la
892 2633 1084 2680 réponse,
1108 2631 1190 2671 afin
1215 2632 1428 2673 d’obtenir
1466 2634 1526 2673 les
1564 2641 1708 2676 aulree
1733 2648 1831 2677 ren¬

699 2682 991 2734 seignements
1009 2683 1140 2736 qu’ils
1161 2694 1348 2736 peuvent
1368 2687 1543 2727 désirer.

755 2736 831 2775 Les
853 2747 1080 2787 personnes
1102 2739 1344 2787 étrangères
1380 2740 1403 2778 à
1442 2739 1483 2779 la
1522 2740 1622 2782 ville
1659 2743 1736 2794 qui
1778 2756 1830 2783 ne

702 2790 955 2828 voudraient
976 2802 1051 2839 pas
1070 2790 1177 2828 faire
1199 2803 1256 2830 un
1279 2803 1442 2844 aoyage
1459 2795 1483 2832 à
1500 2794 1710 2836 Marseille
1726 2809 1832 2847 pour

698 2847 840 2882 entrer
878 2854 927 2880 en
967 2843 1170 2882 relations
1204 2856 1304 2884 avec
1348 2846 1384 2884 la
1414 2858 1629 2896 pevsonne
1664 2850 1828 2890 choisie

699 2895 806 2935 dans
826 2894 886 2935 les
906 2895 1107 2936 colonnes
1127 2896 1183 2936 du
1204 2898 1311 2938 Lien
1332 2898 1383 2937 du
1400 2899 1587 2954 Mariage
1594 2934 1602 2948 ,
1622 2904 1831 2943 voudront

698 2948 799 2987 bien
840 2959 950 2988 nous
987 2950 1179 2989 adresser
1211 2951 1305 2991 leur
1341 2951 1677 3004 photographie;
1722 2968 1831 2996 nous

696 3000 792 3040 leur
812 3000 1094 3053 indiquerons
1114 3015 1190 3053 par
1211 3004 1315 3044 écrit
1340 3004 1376 3044 le
1399 3018 1556 3058 moyen
1572 3007 1756 3048 d’entrer
1776 3022 1827 3050 en

696 3054 901 3094 relations
919 3067 1019 3095 avec
1044 3056 1082 3094 la
1104 3068 1313 3107 personne
1334 3059 1498 3099 choisie
1514 3073 1567 3100 ou
1591 3074 1691 3102 avec
1714 3070 1827 3103 toute

695 3116 816 3146 autre
838 3119 1044 3158 personne
1064 3109 1116 3148 de
1138 3122 1214 3150 nos
1234 3112 1470 3152 nombreux
1491 3115 1694 3163 abonnés,
1726 3115 1829 3155 dont

698 3160 831 3211 grand
852 3162 1031 3203 nombre
1054 3174 1107 3203 ne
1126 3163 1312 3215 figurent
1335 3178 1407 3217 pas
1427 3166 1532 3207 dans
1556 3167 1592 3207 le
1612 3167 1796 3219 journal.

760 3383 1033 3457 AUX
1108 3385 1761 3462 FAMILLES

744 3575 862 3616 Nous
883 3587 934 3615 ne
955 3576 1148 3616 donnons
1168 3590 1338 3619 aucune
1359 3582 1470 3619 suite
1491 3592 1574 3620 aux
1594 3581 1827 3623 demandes

690 3628 764 3668 des
786 3639 1015 3678 personnes
1034 3630 1267 3682 divorcées,
1290 3634 1326 3672 si
1350 3633 1387 3672 le
1407 3632 1631 3683 jugement
1654 3636 1722 3674 n’a
1753 3647 1825 3687 pas

690 3682 756 3723 été
778 3684 988 3732 prononcé
1008 3684 1282 3727 absolument
1307 3698 1359 3726 en
1381 3686 1476 3726 leur
1493 3687 1660 3730 faveur.

742 3759 859 3799 Nous
896 3771 948 3800 ne
984 3773 1092 3803 nous
1130 3774 1344 3816 occupons
1376 3778 1462 3816 que
1492 3766 1564 3807 des
1595 3779 1824 3819 personnes

689 3812 945 3855 honorables
966 3820 1004 3855 et
1026 3816 1057 3855 il
1079 3823 1140 3857 est
1169 3818 1322 3859 inutile
1347 3819 1398 3859 de
1419 3831 1462 3861 se
1484 3823 1699 3872 présenter
1722 3823 1822 3863 chez

689 3879 799 3907 nous
818 3879 874 3907 ou
895 3868 947 3908 de
972 3881 1082 3910 nous
1101 3870 1208 3910 faire
1228 3871 1400 3922 appeler
1420 3875 1444 3912 à
1466 3874 1668 3914 domicile
1698 3876 1735 3914 si
1768 3888 1823 3915 ou

690 3932 742 3959 ne
763 3922 915 3962 réalise
939 3934 1010 3972 pas
1030 3928 1138 3962 cette
1160 3924 1395 3964 condition.

746 3985 822 4024 Les
860 3998 1091 4035 personnes
1123 3988 1200 4038 qui
1235 3987 1488 4029 s’adressent
1518 3992 1539 4028 à
1578 3991 1616 4028 la
1658 3991 1822 4031 maison

689 4043 784 4076 sont
802 4038 939 4088 priées
950 4038 1003 4078 de
1016 4039 1184 4090 joindre
1202 4042 1430 4081 unjimbre
1446 4054 1555 4091 pour
1571 4042 1609 4081 la
1624 4044 1800 4093 réponse
1813 4056 1823 4091 ;

690 4096 806 4131 toute
829 4090 948 4131 lettre
971 4103 1057 4132 non
1078 4092 1314 4132 affranchie
1335 4099 1396 4134 est
1418 4094 1599 4135 refusée.

742 4162 802 4201 On
842 4167 900 4201 est
940 4162 1034 4212 prié
1068 4162 1119 4202 de
1151 4162 1318 4212 joindre
1351 4169 1500 4204 autant
1528 4178 1612 4218 que
1643 4167 1823 4216 possible

690 4225 773 4252 une
794 4214 1106 4265 photographie
1127 4222 1167 4255 et
1183 4216 1235 4256 de
1255 4217 1419 4258 donner
1437 4219 1648 4271 quelques
1668 4221 1824 4262 détails

692 4278 767 4306 sur
807 4267 844 4307 la
878 4267 1082 4310 situation
1116 4270 1167 4308 de
1203 4271 1372 4311 fortune
1404 4272 1455 4312 de
1492 4274 1530 4313 la
1568 4286 1774 4324 personne
1801 4278 1823 4314 à

691 4319 859 4359 marier.

744 4391 855 4430 Pour
875 4402 984 4430 nous
1003 4392 1138 4431 éviter
1158 4391 1232 4431 des
1259 4393 1528 4443 recherches,
1556 4396 1616 4435 les
1647 4410 1823 4447 person¬

690 4455 766 4483 nes
802 4444 879 4494 qui
915 4443 1052 4483 feront
1090 4456 1144 4484 un
1180 4446 1307 4486 choix
1327 4447 1431 4488 dans
1456 4448 1514 4487 les
1544 4449 1746 4489 colonnes
1764 4451 1822 4490 du

691 4498 799 4538 Lien
830 4495 881 4535 du
915 4497 1116 4550 Mariage,
1142 4499 1258 4539 n’ont
1279 4500 1378 4550 qu'à
1411 4512 1518 4541 nous
1551 4503 1744 4554 rappeler
1783 4503 1820 4543 le

688 4551 872 4590 numéro
891 4551 966 4602 qui
991 4551 1167 4601 précède
1191 4552 1228 4591 la
1251 4554 1527 4604 proposition.

742 4614 855 4655 Tous
895 4615 954 4655 les
996 4616 1358 4667 renseignements
1398 4619 1559 4662 donnés
1599 4634 1672 4674 par
1716 4635 1824 4664 nous

688 4675 782 4710 sont
803 4670 996 4718 gratuits.

742 4746 798 4784 La
832 4747 1195 4798 correspondance
1234 4754 1295 4788 est
1332 4750 1522 4791 adressée
1554 4763 1654 4794 sous
1692 4767 1822 4795 enve¬

687 4800 812 4851 loppe
831 4798 1062 4848 ordinaire,
1086 4814 1184 4840 sans
1218 4813 1388 4843 aucune
1420 4804 1672 4855 inscription
1707 4811 1820 4850 exté¬

685 4854 827 4894 rieure
847 4856 968 4892 autre
988 4865 1074 4904 que
1096 4854 1295 4895 l’adresse
1316 4855 1367 4896 de
1387 4858 1426 4896 la
1451 4869 1671 4908 personne.

739 4917 815 4958 Les
848 4918 1039 4959 abonnés
1068 4918 1184 4959 seuls
1215 4926 1288 4960 ont
1319 4920 1428 4962 droit
1450 4924 1472 4962 à
1503 4935 1584 4963 une
1618 4924 1818 4966 insertion

685 4972 736 5011 de
766 4972 864 5022 cinq
899 4970 1048 5020 lignes,
1071 4973 1203 5024 qu’ils
1237 4974 1477 5026 rédigeront
1496 4978 1520 5016 à
1547 4978 1639 5018 leur
1667 4990 1821 5019 conve¬

685 5036 837 5064 nance.

742 5097 816 5135 Les
839 5096 1167 5148 photographies
1187 5106 1226 5138 et
1250 5106 1391 5140 autres
1427 5102 1566 5152 pièces
1594 5106 1776 5147 confiées
1798 5107 1820 5146 à

685 5148 727 5187 la
750 5149 904 5190 Maison
928 5157 1023 5191 sont
1044 5151 1228 5194 rendues
1262 5167 1344 5195 aux
1379 5155 1603 5200 intéressés
1632 5162 1751 5212 après
1778 5160 1818 5200 la

684 5201 944 5243 célébration
967 5206 1023 5244 du
1048 5207 1250 5256 mariage.

737 5273 814 5312 Les
836 5285 1062 5324 personnes
1082 5276 1156 5327 qui
1179 5283 1273 5316 sont
1295 5280 1523 5320 satisfaites
1543 5283 1594 5323 de
1622 5296 1695 5324 nos
1723 5296 1816 5324 ser¬

684 5327 796 5367 vices
819 5327 1028 5368 voudront
1048 5328 1146 5368 bien
1164 5334 1499 5387 communiquer
1520 5342 1634 5378 notre
1650 5340 1818 5379 adresse

680 5383 705 5419 à
725 5381 842 5420 leurs
860 5382 984 5430 amis,
1010 5389 1267 5432 promettant
1287 5386 1338 5426 de
1361 5388 1538 5439 remplir
1566 5389 1606 5430 le
1642 5393 1817 5432 mandat

680 5435 788 5486 qu’il
839 5446 947 5474 nous
994 5434 1252 5489 donneront,
1304 5452 1359 5480 au
1410 5443 1552 5483 mieux
1602 5444 1652 5484 de
1704 5446 1818 5487 leurs

683 5488 872 5528 intérêts.

737 5562 904 5604 Ouvert
942 5568 1040 5604 tous
1078 5564 1137 5607 les
1160 5567 1294 5620 jours
1325 5569 1380 5610 de
1411 5571 1442 5611 2
1466 5575 1492 5611 à
1514 5574 1540 5612 8
1562 5573 1720 5617 heures
1752 5579 1814 5618 du

679 5617 774 5657 soir
779 5630 787 5667 ,
811 5622 851 5658 et
874 5619 935 5658 les
955 5619 1212 5661 dimanches
1222 5623 1411 5678 jusqu’à
1434 5626 1550 5667 midi

717 5793 1158 5869 FORMALITÉS
1205 5804 1378 5872 POUR
1427 5809 1774 5881 MARIAGES

729 5967 804 6007 Les
854 5968 1143 6019 publications
1180 5970 1232 6008 de
1274 5970 1462 6020 mariage
1508 5974 1681 6016 doivent
1727 5979 1814 6018 être

675 6020 799 6060 faites
820 6022 843 6061 à
868 6023 907 6062 la
928 6022 1074 6062 Mairie
1094 6022 1203 6062 deux
1235 6022 1490 6065 dimanches
1510 6028 1559 6067 de
1582 6029 1692 6069 suite
1715 6036 1754 6071 et
1775 6032 1814 6071 le

675 6075 864 6126 mariage
908 6088 959 6116 ne
1001 6083 1100 6127 peut
1140 6076 1261 6116 avoir
1298 6076 1382 6117 lieu
1425 6091 1510 6131 que
1547 6093 1649 6122 onze
1698 6083 1815 6135 jours

673 6127 816 6170 francs
836 6132 959 6180 après
983 6130 1020 6170 la
1045 6132 1253 6180 première
1275 6131 1558 6182 publication.

1978 652 2016 692 Si
2044 652 2080 693 le
2103 654 2308 696 domicile
2330 657 2436 696 n’est
2459 670 2529 708 pas
2564 662 2696 701 établi
2733 675 2807 714 par
2847 664 2908 703 six
2949 666 3059 707 mois

1922 704 1972 745 de
1996 707 2228 758 résidence,
2248 711 2307 750 les
2329 710 2617 760 publications
2634 716 2811 756 devront
2827 720 2914 758 être
2934 718 3059 760 faites

1921 759 1944 796 à
1986 758 2025 798 la
2065 762 2368 812 municipalité
2406 763 2462 803 du
2504 766 2674 807 dernier
2705 769 2909 811 domicile
2933 778 2974 812 et
3003 785 3055 812 en

1920 819 2042 852 outre
2080 826 2131 854 au
2174 815 2378 856 domicile
2410 817 2460 856 de
2495 829 2600 859 ceux
2628 832 2726 862 sous
2762 823 2799 863 la
2832 826 3056 875 puissance

1919 865 2118 918 desquels
2138 879 2180 907 se
2220 875 2418 909 trouvent
2455 870 2514 910 les
2546 874 2699 923 parties
2728 884 3051 920 contractantes.

1972 960 2115 1002 Pièces
2136 964 2159 1000 à
2181 962 2382 1013 produire
2403 964 2426 1002 à
2444 962 2484 1004 la
2507 966 2652 1008 Mairie
2671 982 2679 1008 :

1977 1048 2008 1087 1“
2040 1048 2175 1089 L'acte
2196 1050 2246 1090 de
2266 1051 2484 1092 naissance
2501 1055 2574 1095 des
2589 1056 2698 1098 deux
2715 1059 2856 1101 futurs
2872 1062 3052 1104 dûment

1919 1100 2117 1151 légalisés
2141 1115 2151 1151 ;

1968 1167 2007 1204 2°
2030 1166 2084 1206 Le
2104 1174 2424 1211 consentement
2446 1175 2607 1215 notarié
2626 1176 2699 1216 des
2715 1178 2833 1228 pères
2853 1186 2893 1220 et
2915 1183 3052 1223 mères

1915 1219 1992 1268 qui
2035 1232 2084 1259 ne
2126 1228 2308 1271 peuvent
2351 1223 2386 1263 le
2419 1224 2583 1267 donner
2619 1231 2910 1272 verbalement
2947 1236 2970 1273 à
3012 1235 3051 1275 la

1915 1271 2061 1312 Mairie
2082 1285 2136 1312 au
2159 1283 2351 1315 moment
2371 1276 2422 1316 de
2444 1279 2564 1320 l'acte
2586 1281 2642 1320 du
2666 1283 2856 1335 mariage
2879 1299 2888 1335 ;

1968 1338 2006 1376 3*
2036 1339 2078 1378 Si
2100 1337 2139 1378 le
2159 1340 2256 1388 père
2279 1344 2319 1380 et
2342 1341 2379 1380 la
2403 1344 2516 1383 mère
2537 1351 2631 1386 sont
2660 1346 2855 1399 décédés,
2878 1363 2931 1389 ou
2959 1350 3049 1391 l'un

1914 1390 2054 1438 d’eux,
2078 1390 2108 1429 il
2130 1392 2220 1433 faut
2243 1395 2410 1434 fournir
2428 1395 2523 1436 leur
2543 1406 2632 1439 acte
2650 1400 2700 1439 de
2722 1402 2846 1442 décès
2867 1403 3050 1444 dûment

1916 1443 2093 1494 légalisé
2116 1457 2127 1494 ;

1967 1508 2003 1547 4°
2035 1510 2144 1550 Dans
2164 1510 2202 1551 le
2222 1523 2292 1552 cas
2312 1512 2363 1551 de
2384 1514 2507 1555 décès
2527 1515 2600 1556 des
2631 1520 2728 1568 père
2758 1525 2799 1559 et
2827 1522 2958 1570 mère,
2979 1522 3046 1561 s’il

1914 1562 2043 1602 existe
2086 1574 2140 1602 un
2181 1566 2434 1615 grand-père
2466 1580 2519 1607 ou
2563 1582 2644 1610 une
2672 1573 2959 1623 grand’mère,
2991 1587 3046 1616 ou

1912 1615 2069 1655 arrière
2110 1618 2368 1669 grand-père
2400 1626 2440 1658 et
2468 1622 2626 1663 arrière
2646 1626 2927 1676 grand’mère,
2952 1627 3047 1668 leur

1912 1675 2235 1708 consentement
2256 1679 2316 1711 est
2337 1674 2588 1716 nécessaire.

1966 1721 2075 1760 Pour
2110 1734 2167 1760 un
2199 1723 2374 1764 mineur
2398 1739 2406 1766 ;

1973 1780 2003 1818 l*
2041 1780 2074 1819 Il
2114 1780 2207 1820 faut
2247 1782 2287 1823 la
2323 1786 2521 1834 présence
2557 1800 2611 1828 ou
2649 1788 2687 1830 le
2722 1794 3047 1834 consentement

1915 1832 2076 1872 notarié
2101 1833 2158 1872 du
2180 1839 2326 1876 tuteur
2346 1850 2354 1886 ;

1966 1891 2002 1930 2°
2033 1891 2120 1932 Une
2156 1894 2437 1938 délibération
2480 1900 2535 1938 du
2581 1902 2743 1944 Conseil
2784 1904 2835 1946 de
2875 1907 3043 1949 famille

1914 1943 2103 1996 lorsqu’il
2135 1947 2257 1998 s’agit
2290 1950 2392 1990 d’un
2426 1952 2624 2002 orphelin
2645 1956 2696 1994 de
2719 1958 2817 2007 père
2838 1963 2879 1998 et
2897 1972 2982 2008 que
3006 1962 3042 2001 la

1912 2000 2027 2036 mère
2046 2011 2099 2038 ou
2124 1999 2298 2041 l'aïeule
2319 2008 2412 2042 sont
2436 2006 2611 2046 tutrices
2634 2021 2643 2056 ;

1964 2051 2074 2090 Dans
2095 2062 2239 2093 aucun
2260 2066 2344 2103 cas,
2371 2067 2428 2095 un
2451 2058 2623 2099 mineur
2644 2072 2695 2100 ne
2718 2068 2818 2112 peut
2847 2069 3043 2106 contrac¬

1911 2110 1972 2143 ter
1992 2104 2182 2155 mariage
2202 2118 2299 2147 sans
2323 2108 2359 2147 le
2380 2119 2699 2154 consentement
2719 2116 2771 2155 de
2790 2127 2856 2156 ses
2877 2126 3045 2168 parents

1910 2168 1962 2195 ou
1990 2162 2168 2199 tuteurs.

1963 2220 2001 2259 5“
2032 2220 2108 2262 Les
2130 2223 2251 2263 veufs
2271 2223 2442 2266 doivent
2465 2230 2662 2279 produire
2685 2232 2805 2275 l’acte
2835 2236 2886 2276 de
2918 2237 3042 2279 décès

1911 2272 2086 2324 légalisé
2106 2275 2157 2316 de
2179 2276 2271 2317 leur
2291 2280 2481 2330 conjoint
2503 2283 2661 2324 décédé
2686 2298 2695 2334 ;

1962 2340 1999 2379 6”
2030 2340 2089 2380 Un
2128 2343 2334 2383 certificat
2372 2344 2423 2384 de
2463 2346 2486 2386 6
2526 2347 2635 2387 mois
2674 2350 2724 2388 de
2764 2352 2980 2394 résidence
3018 2356 3042 2395 à

1909 2392 2132 2442 Marseille,
2155 2394 2318 2436 délivré
2342 2409 2411 2446 par
2432 2398 2468 2438 le
2490 2402 2785 2443 commissaire
2812 2406 2862 2443 de
2888 2407 3038 2458 police,

1908 2458 2015 2495 pour
2035 2447 2095 2486 les
2116 2459 2344 2498 personnes
2362 2451 2440 2502 qui
2455 2454 2532 2504 .n’y
2554 2462 2647 2494 sont
2670 2467 2741 2504 pas
2763 2459 2861 2498 nées
2882 2471 2891 2508 ;

1959 2511 1998 2550 7*
2018 2510 2077 2551 On
2099 2511 2186 2551 doit
2205 2512 2390 2563 justifier
2410 2516 2459 2555 de
2479 2530 2524 2557 sa
2546 2519 2771 2560 libération
2795 2523 2852 2562 du
2875 2526 3039 2568 service

1907 2563 2128 2612 militaire,
2151 2567 2230 2607 soit
2254 2580 2326 2618 par
2345 2580 2420 2610 son
2442 2572 2590 2623 congé,
2614 2575 2695 2614 soit
2719 2587 2790 2626 par
2819 2588 2878 2616 un
2911 2580 3038 2619 certi¬

1906 2617 2005 2657 ficat
2025 2619 2076 2658 de
2096 2618 2324 2662 libération
2350 2635 2359 2672 ;

1959 2684 1995 2722 8*
2026 2684 2084 2723 En
2105 2691 2227 2725 outre
2248 2687 2321 2727 des
2343 2689 2482 2738 pièces
2502 2693 2710 2732 énoncées
2731 2694 2956 2744 ci-dessus,
2978 2696 3039 2739 les

1904 2748 2135 2787 personnes
2154 2738 2372 2782 divorcées
2392 2741 2572 2783 devront
2594 2746 2791 2795 produire
2812 2760 2871 2788 un
2888 2751 3036 2790 extrait

1903 2790 1959 2830 du
1980 2791 2206 2842 jugement
2225 2794 2435 2847 ainsique
2454 2796 2573 2837 l’acte
2588 2797 2645 2837 du
2667 2799 2837 2840 divorce
2855 2802 3037 2844 dûment

1903 2844 2134 2894 enregistré
2155 2851 2195 2885 et
2218 2849 2411 2887 transcrit
2431 2850 2450 2888 à
2478 2850 2517 2888 la
2542 2850 2683 2891 Mairie
2706 2865 2715 2903 ;

1955 2909 1994 2947 9°
2024 2910 2207 2962 Lorsque
2247 2911 2308 2952 les
2348 2919 2514 2964 parents
2559 2916 2746 2957 refusent
2794 2920 2844 2959 de
2874 2922 3035 2962 donner

1902 2960 1996 3000 leur
2019 2970 2340 3005 consentement
2358 2978 2413 3006 au
2436 2970 2624 3019 mariage
2660 2970 2788 3012 d’une
2830 2986 3033 3022 personne

1904 3015 2110 3065 majeure,
2134 3016 2163 3055 il
2198 3030 2274 3068 peu
2286 3022 2304 3056 F
2336 3020 2423 3059 être
2459 3023 2578 3071 passé
2607 3035 2660 3063 ou
2671 3030 2727 3064 ire
2750 3038 2801 3064 au
2826 3027 3030 3078 mariage,

1901 3070 2023 3119 après
2042 3069 2135 3109 leur
2152 3071 2271 3110 avoir
2291 3071 2370 3111 fait
2391 3074 2463 3113 des
2483 3082 2596 3115 actes
2617 3078 2668 3116 de
2688 3085 2850 3128 respect
2870 3079 3032 3121 variant

1900 3120 1952 3160 de
1974 3133 2030 3160 un
2054 3123 2077 3160 à
2099 3123 2199 3163 trois
2231 3131 2271 3162 et
2305 3126 2427 3165 s’être
2452 3128 2669 3170 conformé
2702 3143 2784 3171 aux
2822 3135 3031 3186 prescrip¬

1904 3173 2014 3214 tions
2034 3175 2106 3215 des
2124 3182 2202 3216 art.
2232 3176 2301 3216 144
2323 3183 2363 3217 et
2389 3178 2459 3219 154
2480 3180 2535 3219 du
2559 3182 2662 3222 code
2682 3183 2782 3223 civil
2808 3198 2816 3232 ;

1960 3239 2018 3276 10°
2048 3240 2158 3279 Pour
2180 3239 2218 3280 la
2238 3243 2435 3291 question
2455 3244 2527 3286 des
2546 3247 2810 3290 cérémonies
2831 3251 3030 3303 religieu¬

1899 3302 1978 3340 ses,
2001 3292 2224 3334 s’adresser
2243 3296 2416 3336 suivant
2446 3298 2484 3338 le
2512 3300 2628 3340 culte
2649 3296 2673 3342 à
2696 3303 2735 3343 la
2757 3305 2954 3357 paroisse,
2975 3320 3029 3347 au

1900 3344 2146 3386 consistoire
2168 3354 2398 3399 protestant
2418 3363 2471 3391 ou
2494 3364 2547 3392 au
2571 3356 2685 3394 culte
2707 3358 2906 3399 Israélite.

1954 3427 2124 3467 L’Office
2146 3428 2383 3480 Mondonet,
2407 3431 2471 3482 47,
2496 3445 2571 3474 rue
2600 3435 2651 3475 de
2683 3435 2721 3476 la
2756 3438 2897 3488 Dar»e,
2932 3448 3031 3492 peut

1899 3490 1940 3519 se
1974 3479 2150 3530 charger
2186 3481 2235 3520 de
2270 3489 2406 3524 toutes
2439 3483 2498 3526 les
2528 3487 2766 3531 formalités
2803 3492 2954 3535 civiles
2991 3502 3031 3537 et

1902 3531 2150 3582 religieuses
2169 3535 2204 3575 si
2228 3535 2287 3576 les
2305 3535 2459 3580 clients
2479 3540 2542 3580 lui
2563 3544 2748 3586 confient
2768 3559 2816 3588 ce
2835 3548 2943 3590 soin.

1955 3586 2119 3627 L’office
2142 3588 2363 3631 Mondonet
2394 3604 2446 3634 ne
2476 3597 2634 3650 perçoit
2671 3599 2744 3640 des
2784 3603 3030 3647 honoraires

1896 3639 1992 3690 qu’a
1999 3642 2093 3691 près
2115 3640 2153 3682 la
2175 3644 2436 3687 célébration
2458 3650 2514 3688 du
2539 3651 2742 3703 mariage.

2003 3834 2555 3903 RENSEIGNEMENTS
2607 3831 2917 3912 GÉNÉRAUX

1898 3931 2243 3968 concernant
2280 3929 2358 3971 les
2390 3930 2624 3975 Veuves
2656 3938 3030 3987 pensionnées

1950 4058 2068 4098 Gand
2087 4061 2264 4100 nombre
2283 4062 2335 4100 de
2354 4064 2501 4104 dames
2519 4063 2728 4115 jouissant
2748 4070 2878 4113 d’une
2920 4086 3027 4125 pen¬

1897 4111 1988 4151 sion
2012 4112 2063 4152 de
2086 4115 2252 4155 retraite
2276 4128 2348 4167 par
2368 4118 2479 4158 suite
2500 4118 2556 4159 du
2579 4120 2702 4163 décès
2721 4124 2773 4163 de
2799 4126 2891 4167 leur
2919 4130 3027 4171 mari

1896 4171 1990 4206 sont
2030 4170 2282 4218 persuadées
2319 4171 2496 4221 qu'elles
2538 4175 2774 4223 perdraient
2807 4191 2876 4220 ces
2896 4183 3030 4225 droits

1895 4220 1920 4259 à
1939 4219 1980 4260 la
2001 4222 2170 4262 retraite
2198 4226 2233 4262 si
2267 4222 2372 4264 elles
2402 4229 2708 4270 contractaient
2741 4244 2824 4274 une
2844 4239 3027 4277 seconde

1899 4274 2047 4313 union.
2087 4274 2192 4314 C'est
2227 4286 2310 4314 une
2343 4278 2546 4326 profonde
2572 4294 2716 4323 erreur
2736 4286 2772 4323 si
2794 4298 2863 4327 ces
2883 4290 3030 4330 dames

1895 4331 1990 4364 sont
2027 4327 2307 4376 pensionnées
2343 4329 2394 4368 de
2432 4330 2552 4371 l’Etat
2576 4346 2584 4382 ;
2618 4347 2687 4374 car
2724 4344 2831 4378 cette
2851 4342 3026 4391 pension

1897 4378 2002 4416 n’est
2041 4390 2115 4428 pas
2154 4391 2237 4420 une
2276 4380 2443 4431 faveur,
2483 4386 2584 4424 c’est
2622 4399 2678 4426 un
2712 4390 2824 4430 droit
2847 4394 3031 4444 qu’elles

1899 4431 2090 4471 tiennent
2108 4444 2160 4471 en
2184 4438 2300 4472 vertu
2324 4435 2452 4476 d’une
2484 4436 2556 4478 loi.
2602 4439 2653 4479 La
2686 4441 2739 4482 loi
2760 4443 2818 4483 du
2841 4447 3029 4499 mariage

1896 4484 2012 4523 étant
2050 4486 2411 4528 essentiellement
2439 4491 2614 4543 morale,
2640 4506 2689 4535 ne
2731 4504 2830 4547 peut
2870 4502 3030 4543 édicter

1896 4538 1971 4576 des
2008 4539 2371 4592 empêchements,
2395 4543 2468 4584 des
2494 4546 2700 4588 obstacles
2730 4563 2784 4591 au
2820 4555 3026 4608 mariage,

1895 4602 1964 4631 ces
1984 4592 2334 4640 empêchements
2367 4598 2550 4638 seraient
2588 4603 2830 4647 considérés
2859 4620 3027 4652 comme

1896 4644 2139 4684 immoraux
2159 4652 2199 4687 et
2222 4659 2296 4698 par
2315 4654 2577 4708 conséquent
2598 4659 2832 4702 contraires
2850 4663 2873 4702 à
2890 4663 2927 4703 la
2952 4667 3024 4707 loi.

1896 4699 1972 4738 Les
2012 4711 2168 4739 veuves
2208 4702 2524 4750 pensionnaires
2555 4707 2605 4748 de
2636 4710 2756 4751 l’Etat
2779 4725 2829 4752 ne
2852 4717 3027 4765 perdent

1894 4753 2002 4792 donc
2027 4764 2096 4804 pas
2116 4752 2210 4794 leur
2233 4755 2407 4803 pension
2446 4758 2489 4796 ni
2522 4771 2595 4809 par
2627 4774 2684 4802 un
2707 4767 2876 4818 second,
2903 4771 2946 4809 ni
2971 4783 3027 4812 un

1897 4807 2111 4848 troisième
2135 4807 2338 4859 mariage.

1948 4861 2023 4900 Les
2044 4874 2200 4902 veuves
2222 4864 2502 4914 pensionnées
2523 4879 2596 4916 par
2620 4867 2682 4907 les
2711 4871 3028 4922 départements

1895 4920 2080 4962 peuvent
2116 4915 2256 4956 seules
2295 4918 2387 4957 voir
2423 4920 2666 4971 supprimer
2703 4930 2810 4966 cette
2850 4931 3024 4978 pension

1894 4978 1967 5018 par
1990 4979 2047 5007 un
2067 4972 2220 5008 second
2259 4973 2448 5022 mariage
2485 4974 2592 5014 dans
2623 4976 2807 5018 certains
2841 4991 2912 5020 cas
2931 4989 2971 5022 et
2991 4984 3028 5023 si

1892 5026 1999 5060 cette
2034 5023 2207 5071 pension
2243 5038 2267 5063 a
2296 5026 2362 5066 été
2391 5027 2592 5068 accordée
2614 5030 2637 5068 à
2662 5029 2755 5070 titre
2776 5032 2827 5072 de
2856 5046 3028 5079 secours

1894 5075 2160 5124 temporaire.

1946 5128 2182 5180 D'ailleurs,
2210 5130 2244 5170 le
2267 5130 2362 5172 titre
2383 5132 2432 5173 de
2456 5135 2630 5184 pension
2655 5144 2768 5190 porte
2790 5151 2841 5180 en
2863 5155 3023 5198 marge,

1891 5194 1944 5222 en
1968 5188 2102 5225 toutes
2124 5184 2279 5236 lettres,
2307 5198 2376 5227 ces
2396 5188 2596 5230 réserves.

1893 5401 2266 5510 OFFRES
2349 5411 2462 5512 DE
2537 5413 3022 5523 MARIAGES

2063 5595 2483 5648 DEMOISELLES
2520 5606 2587 5650 ET
2620 5607 2851 5653 VEUVES

1941 5738 2031 5780 401.
2055 5764 2106 5772 —
2145 5743 2415 5795 Demoiselle,
2449 5748 2500 5789 30
2538 5763 2627 5796 ans,
2668 5751 2882 5804 instruite,
2923 5756 3018 5798 bien

1888 5791 2047 5839 élevée,
2084 5795 2171 5836 fille
2196 5800 2371 5851 unique,
2395 5802 2556 5843 femme
2576 5804 2840 5855 d’intérieur,
2882 5811 3020 5859 possé¬

1887 5846 1987 5886 dant
2008 5848 2128 5895 2,000
2150 5850 2219 5901 fr.,
2247 5865 2302 5892 un
2326 5855 2431 5895 beau
2455 5862 2690 5906 trousseau,
2722 5863 2970 5911 espérances
2995 5866 3018 5905 à

1889 5899 2011 5940 venir
2029 5902 2176 5952 30,000
2197 5907 2267 5955 fr.,
2291 5918 2334 5946 se
2355 5911 2543 5948 mettrait
2562 5912 2587 5950 à
2610 5912 2649 5950 la
2670 5915 2750 5952 tête
2769 5916 2872 5955 d’un
2891 5930 3013 5958 com¬

1888 5964 2042 5994 merce.

1940 6035 2032 6077 402.
2060 6060 2104 6067 —
2127 6039 2395 6094 Demoiselle,
2416 6044 2467 6084 47
2488 6058 2579 6095 ans,
2608 6047 2780 6091 fortune
2809 6052 2922 6099 1,500
2944 6054 3016 6103 fr.,

1886 6095 2017 6140 ayant
2039 6102 2095 6131 un
2115 6104 2352 6137 commerce
2386 6099 2436 6139 de
2472 6100 2690 6152 mercerie,
2715 6115 2772 6144 un
2795 6106 2899 6145 beau
2926 6117 3018 6144 mo¬

1887 6141 2028 6193 bilier,
2051 6146 2291 6196 épouserait
2312 6162 2372 6191 un
2395 6152 2568 6194 ouvrier
2588 6167 2641 6196 ou
2664 6156 2838 6198 artisan.

3184 667 3275 708 403.
3292 691 3340 699 —
3354 671 3624 723 Demoiselle,
3644 675 3796 723 30ans,
3812 678 4036 727 possédant
4058 681 4200 730 10,000
4215 681 4266 723 fr.

3131 726 3171 759 et
3191 722 3338 770 20,000
3359 727 3482 775 après
3512 739 3556 767 sa
3592 729 3720 777 mère,
3744 728 3959 779 instruite,
3983 732 4080 772 bien
4103 735 4266 786 élevée,

3130 773 3291 814 femme
3311 776 3577 826 d’intérieur,
3602 783 3844 833 épouserait
3865 783 4082 836 employé.

3180 856 3271 898 404.
3296 881 3348 887 —
3367 859 3636 911 Demoiselle,
3673 866 3723 904 30
3744 877 3835 917 ans,
3859 867 3956 907 bien
3979 867 4139 918 élevée,
4171 870 4267 909 for¬

3130 915 3231 951 tune
3252 912 3399 962 30,000
3422 912 3474 954 fr.
3511 915 3560 954 de
3583 927 3626 955 sa
3651 920 3766 958 mère
3800 926 3840 960 et
3877 921 4046 970 110,000
4069 922 4120 962 fr.
4146 924 4268 972 après

3126 975 3200 1004 son
3223 967 3330 1015 père,
3354 967 3490 1007 désire
3511 970 3690 1019 épouser
3714 983 3770 1011 un
3791 974 4000 1015 Monsieur
4022 975 4122 1015 bien
4143 976 4264 1016 élevé

3125 1030 3178 1057 en
3198 1025 3367 1071 rapport
3387 1020 3506 1072 d’àge
3525 1027 3564 1063 et
3587 1023 3639 1063 de
3658 1023 3831 1067 fortune
3850 1040 3906 1068 ou
3923 1040 3980 1069 un
3995 1028 4200 1081 employé
4211 1030 4264 1071 de

3128 1070 3262 1112 l’Etat.

3179 1155 3268 1195 405.
3296 1179 3339 1186 —
3363 1158 3632 1210 Demoiselle,
3656 1162 3704 1200 49
3725 1174 3814 1208 ans,
3839 1163 4011 1206 fortune
4034 1172 4183 1218 argent
4203 1179 4258 1208 ou

3126 1207 3326 1248 mobilier
3366 1211 3511 1260 15,000
3540 1214 3610 1263 fr.,
3647 1216 3889 1266 épouserait
3923 1220 4027 1259 veuf
4059 1233 4156 1263 sans
4176 1232 4258 1262 en¬

3126 1258 3236 1300 fants
3256 1274 3310 1300 ou
3334 1275 3419 1303 non
3441 1267 3591 1307 marié.

3176 1340 3268 1382 406.
3291 1366 3342 1372 —
3367 1344 3524 1396 Veuve,
3566 1348 3615 1388 42
3650 1363 3737 1400 ans,
3766 1352 3934 1394 fortune
3974 1356 4095 1400 9,000
4116 1356 4167 1396 fr.
4203 1370 4258 1399 en

3122 1394 3299 1444 actions,
3322 1398 3562 1447 épouserait
3584 1404 3684 1452 petit
3704 1406 3862 1446 rentier
3882 1419 3934 1447 ou
3959 1408 4132 1448 artisan.

3175 1475 3266 1515 407.
3290 1501 3338 1507 —
3360 1479 3630 1531 Demoiselle,
3647 1486 3802 1535 46ans,
3826 1488 3995 1530 fortune
4019 1490 4167 1540 12,000
4186 1492 4255 1543 fr.,

3123 1528 3335 1580 tailleuse,
3358 1533 3600 1583 épouserait
3623 1549 3680 1576 un
3703 1540 3858 1582 marin.

3172 1618 3263 1658 408.
3285 1642 3329 1648 —
3354 1619 3622 1671 Demoiselle,
3643 1624 3693 1664 60
3710 1636 3801 1676 ans,
3819 1631 4041 1676 possédant
4068 1632 4185 1680 1,200
4200 1634 4251 1676 fr.

3120 1669 3171 1708 de
3212 1678 3327 1712 rente
3367 1677 3548 1725 viagère,
3594 1676 3696 1717 beau
3747 1680 3962 1730 mobilier,
4012 1686 4256 1735 épouserait

3119 1727 3278 1764 rentier
3298 1738 3350 1766 en
3373 1736 3542 1780 rapport
3564 1731 3683 1781 d’âge
3707 1738 3746 1772 et
3767 1732 3943 1774 d'avoir.

3171 1812 3262 1854 409.
3280 1837 3330 1843 —
3352 1815 3619 1867 Demoiselle,
3637 1820 3686 1860 44
3710 1834 3799 1872 ans,
3819 1824 4043 1874 possédant
4067 1827 4182 1874 1,500
4199 1829 4250 1868 fr.

3116 1866 3374 1917 obligations
3392 1873 3778 1924 nu-propriétaire,
3801 1876 3853 1916 de
3876 1878 4023 1927 10,000
4045 1879 4096 1919 fr.
4122 1880 4250 1920 d’im¬

3118 1922 3328 1971 meubles,
3371 1931 3556 1974 gagnant
3596 1927 3852 1971 elle-même
3892 1932 3915 1972 5
3945 1931 4000 1973 fr.
4038 1946 4111 1986 par
4135 1932 4250 1987 jour,

3116 1972 3359 2021 épouserait
3390 1979 3563 2018 ouvrier
3596 1993 3648 2020 ou
3674 1994 3964 2036 commerçant
3994 1999 4044 2027 en
4067 1996 4250 2040 rapport.

3170 2060 3259 2101 412.
3284 2084 3334 2091 —
3369 2062 3526 2113 Veuve,
3566 2066 3615 2106 49
3656 2079 3747 2113 ans,
3786 2070 4032 2122 cuisinière,
4082 2076 4252 2118 fortune

3119 2111 3238 2162 1,500
3251 2114 3320 2163 fr.,
3334 2117 3575 2167 épouserait
3590 2131 3648 2159 un
3666 2122 3747 2161 bon
3765 2134 3940 2164 ouvrier
3959 2138 4012 2166 ou
4029 2128 4247 2179 employé.

3168 2200 3258 2243 413.
3287 2226 3333 2232 —
3364 2203 3635 2259 Demoiselle,
3676 2207 3727 2250 45
3766 2222 3856 2259 ans,
3910 2212 4100 2254 titulaire
4148 2215 4251 2256 d’un

3115 2255 3278 2296 bureau
3302 2259 3352 2298 de
3376 2260 3510 2308 tabac,
3555 2263 3795 2312 épouserait
3828 2267 4030 2320 employé
4058 2282 4112 2308 ou
4150 2271 4252 2320 petit

3115 2310 3286 2348 rentier.

3167 2395 3256 2434 415.
3283 2418 3331 2426 —
3354 2397 3623 2450 Demoiselle,
3666 2403 3716 2443 35
3752 2415 3844 2455 ans,
3887 2407 3996 2447 belle
4023 2422 4246 2464 personne,

3113 2447 3212 2487 bien
3235 2448 3393 2499 élevée,
3433 2451 3603 2492 fortune
3635 2456 3758 2503 1,200
3778 2458 3848 2506 fr.,
3871 2470 4007 2509 gagne
4026 2464 4076 2503 80
4101 2466 4147 2506 fr.
4175 2479 4248 2516 par

3116 2500 3238 2551 mois,
3258 2502 3395 2543 désire
3412 2505 3591 2555 épouser
3612 2507 3716 2558 petit
3736 2510 3952 2564 employé.

3164 2590 3255 2630 416.
3280 2613 3330 2619 —
3361 2591 3629 2643 Demoiselle,
3671 2594 3946 2650 institutrice,
3970 2603 4018 2642 30
4039 2615 4130 2654 ans,
4154 2604 4246 2646 for¬

3114 2647 3212 2681 tune
3252 2644 3436 2684 actuelle
3491 2646 3605 2695 1,500
3651 2648 3703 2688 fr.
3758 2650 4058 2704 d’économies,
4107 2671 4244 2710 gagne

3115 2694 3231 2740 1,400
3252 2696 3303 2736 fr.
3326 2708 3399 2746 par
3419 2710 3488 2748 an,
3515 2700 3619 2739 beau
3644 2708 3877 2752 trousseau,
3911 2709 4060 2748 avenir
4079 2710 4131 2750 de
4168 2724 4244 2752 son

3112 2750 3207 2799 père
3225 2750 3372 2799 20,000
3395 2751 3446 2791 fr.
3472 2764 3523 2791 en
3547 2755 3794 2808 propriétés,
3818 2758 3955 2800 désire
3986 2763 4166 2812 épouser
4187 2778 4246 2804 un

3109 2802 3311 2854 employé
3334 2803 3430 2843 bien
3452 2804 3586 2846 élevé.

3160 2889 3252 2930 417.
3275 2913 3326 2920 —
3347 2891 3507 2942 Veuve,
3547 2906 3647 2935 sans
3666 2898 3848 2947 enfants,
3886 2903 3987 2951 âgée
4009 2904 4059 2944 de
4083 2907 4132 2945 58
4151 2918 4243 2958 ans,

3108 2943 3383 2994 propriétaire
3432 2946 3562 2987 d’une
3612 2950 3775 2990 maison
3824 2952 3927 2992 d’un
3975 2966 4146 3008 rapport
4193 2961 4244 3002 de

3112 2995 3254 3044 14,000
3278 2998 3347 3047 fr.,
3370 2999 3610 3048 épouserait
3632 3003 3834 3057 employé
3864 3019 3920 3047 ou
3944 3011 4047 3060 petit
4068 3015 4241 3056 rentier.

3159 3085 3250 3124 418.
3280 3107 3323 3115 —
3363 3086 3634 3139 Demoiselle,
3670 3092 3771 3141 âgée
3804 3094 3856 3134 de
3878 3096 3927 3135 50
3948 3107 4039 3146 ans,
4064 3098 4246 3140 institu¬

3106 3136 3210 3177 trice
3240 3138 3360 3187 libre,
3402 3147 3534 3193 ayant
3573 3154 3656 3184 une
3690 3144 3936 3190 institution
3974 3163 4079 3192 avec
4115 3166 4244 3195 sous-

3106 3194 3339 3239 maitresse,
3382 3204 3516 3245 gagne
3552 3196 3672 3243 2,000
3711 3200 3762 3242 fr.
3803 3215 3876 3252 par
3914 3216 3984 3255 an,
4026 3206 4147 3256 6,000
4191 3210 4243 3249 fr.

3103 3243 3403 3298 d’économies,
3422 3248 3528 3288 beau
3547 3251 3763 3304 mobilier,
3782 3255 4023 3307 épouserait
4038 3262 4242 3312 employé

3103 3310 3160 3338 ou
3181 3299 3354 3340 rentier.

3155 3386 3246 3427 420.
3270 3410 3319 3416 —
3339 3389 3610 3442 Demoiselle,
3639 3394 3682 3432 19
3704 3406 3794 3444 ans,
3817 3396 3935 3446 jolie,
3961 3398 4059 3439 bien
4078 3400 4238 3454 élevée,

3104 3438 3272 3480 fortune
3295 3442 3442 3490 30,000
3467 3444 3516 3484 fr.
3540 3457 3592 3485 en
3616 3448 3847 3499 propriétés
3868 3463 3923 3492 ou
3946 3454 4124 3506 actions,
4149 3458 4238 3499 fille

3104 3492 3280 3547 unique,
3306 3496 3546 3548 épouserait
3572 3512 3628 3542 un
3654 3502 3736 3544 bon
3758 3506 3975 3559 employé.

3155 3586 3247 3624 423.
3272 3610 3322 3615 —
3358 3588 3518 3634 Veuve,
3559 3602 3655 3628 sans
3695 3592 3878 3640 enfants,
3915 3595 3963 3632 53
3996 3606 4086 3643 ans,
4111 3606 4242 3647 ayant

3102 3636 3279 3684 pension
3303 3638 3468 3687 viagère
3506 3641 3558 3679 de
3597 3641 3674 3680 800
3711 3643 3763 3682 fr.
3798 3643 3892 3693 plus
3931 3647 3969 3685 la
3998 3646 4243 3696 jouissance

3102 3687 3231 3727 d’une
3254 3690 3380 3739 petite
3420 3703 3670 3746 campagne,
3695 3695 3935 3748 épouserait
3956 3702 4160 3756 employé
4182 3716 4238 3745 ou

3103 3742 3208 3792 petit
3228 3743 3386 3784 rentier
3407 3758 3456 3785 en
3482 3755 3663 3798 rapport.

3155 3823 3247 3864 428.
3273 3847 3320 3855 —
3343 3827 3614 3879 Demoiselle,
3639 3832 3689 3870 22
3711 3844 3799 3881 ans,
3823 3834 3972 3884 20,000
3995 3838 4048 3880 fr.

3155 3900 3424 3953 Demoiselle,
3448 3904 3496 3943 23
3518 3917 3607 3954 ans,
3631 3907 3779 3956 50,000
3802 3909 3852 3950 fr.

3154 3976 3424 4030 Demoisel’e,
3467 3982 3515 4022 23
3555 3995 3644 4034 ans,
3687 3986 3834 4034 60,000
3874 3988 3943 4035 fr.,
3976 3996 4113 4031 toutes
4134 3993 4238 4034 trois

3103 4028 3202 4070 bien
3222 4031 3400 4083 élevées,
3424 4035 3475 4075 de
3490 4036 3678 4079 familles
3703 4043 3783 4080 très
3807 4042 4074 4092 honorables,
4098 4046 4239 4096 épou¬

3102 4085 3283 4126 seraient
3322 4087 3395 4128 des
3419 4090 3642 4143 employés
3676 4093 3728 4133 de
3775 4094 3895 4135 l’Etat
3917 4108 3971 4136 ou
3994 4107 4163 4140 avocats
4184 4111 4239 4141 en

3102 4147 3270 4189 rapport
3291 4141 3424 4191 d’àge,
3448 4144 3500 4183 de
3529 4144 3700 4186 fortune
3725 4154 3765 4187 et
3785 4148 4075 4194 d’éducation.

3157 4224 3246 4266 431.
3281 4251 3316 4255 —
3338 4228 3499 4276 Veuve,
3523 4231 3572 4271 47
3594 4244 3683 4280 ans,
3706 4235 3806 4275 bi«n
3827 4235 3986 4287 élevée,
4008 4240 4120 4281 belle
4141 4255 4238 4292 per¬

3103 4289 3250 4327 sonne,
3276 4279 3440 4321 fortune
3465 4284 3632 4324 100.000
3656 4287 3726 4335 fr.,
3750 4290 3992 4339 épouserait
4019 4292 4239 4336 Monsieur

3103 4343 3154 4370 en
3174 4340 3342 4383 rapport
3363 4335 3482 4386 d’àge
3504 4343 3544 4376 et
3563 4338 3614 4379 de
3635 4339 3822 4383 fortune.

3155 4421 3246 4463 434.
3266 4446 3310 4452 —
3334 4424 3492 4476 Veuve,
3510 4428 3559 4468 26
3582 4442 3672 4480 ans,
3696 4443 3792 4474 sans
3810 4435 3994 4488 enfants,
4019 4438 4234 4491 instruite,

3104 4474 3311 4527 brevetée,
3356 4478 3527 4522 fortune
3562 4483 3706 4534 10,000
3737 4487 3775 4526 fr
3796 4520 3805 4538 ,
3839 4494 4087 4542 espérances
4114 4498 4239 4547 après

3102 4539 3166 4568 ses
3189 4538 3355 4582 parents
3392 4535 3538 4587 30,000
3561 4536 3630 4588 fr.,
3672 4540 3912 4592 épouserait
3952 4548 4152 4599 employé
4179 4562 4235 4590 ou

3102 4586 3275 4626 rentier.

3154 4674 3246 4716 435.
3271 4699 3316 4706 —
3340 4678 3611 4728 Demoiselle,
3654 4686 3703 4723 26
3736 4698 3827 4732 ans,
3864 4687 3962 4726 bien
3984 4684 4143 4738 élevée,
4168 4691 4236 4730 fa¬

3101 4726 3223 4767 mille
3262 4731 3344 4768 très
3384 4730 3631 4782 honorable,
3672 4734 3743 4775 dot
3779 4737 3928 4784 65,000
3950 4740 4020 4788 fr.,
4055 4743 4237 4792 grandes

3102 4781 3348 4830 espérances
3366 4784 3486 4832 après
3506 4797 3571 4826 ses
3592 4795 3774 4837 parents,
3796 4791 4038 4842 épouserait
4055 4798 4234 4851 notaire,

3100 4835 3251 4879 avoué,
3292 4836 3493 4888 employé
3531 4839 3589 4878 du
3628 4852 3966 4890 gouvernement
4006 4862 4106 4891 avec
4128 4852 4235 4893 bons

3102 4890 3460 4935 appointements.

3155 4967 3230 5008 435
3250 4968 3332 5011 bis.
3355 4994 3404 5000 —
3446 4975 3715 5031 Demoiselle,
3745 4982 3795 5023 20
3815 4995 3907 5030 ans,
3938 4986 4027 5023 fille
4050 4985 4231 5036 unique,

3102 5020 3200 5061 bien
3238 5022 3396 5075 élevée,
3434 5026 3551 5079 jolie,
3595 5031 3666 5072 dot
3720 5035 3887 5082 100,000
3928 5036 3999 5083 fr.,
4051 5039 4231 5087 grandes

3101 5078 3360 5126 espérances,
3411 5082 3650 5130 épouserait
3696 5088 3911 5127 Monsieur
3957 5100 4008 5127 en
4059 5102 4232 5144 rapport

3100 5127 3235 5180 d’âge,
3256 5130 3526 5175 d’éducation
3548 5142 3588 5176 et
3616 5138 3667 5179 de
3688 5139 3859 5180 fortune
3882 5152 3935 5179 ou
3958 5143 4158 5197 employé
4178 5148 4231 5191 de

3103 5183 3235 5225 l’Etat.

3154 5272 3230 5312 436
3270 5295 3318 5302 —
3339 5275 3608 5324 Demoiselle,
3626 5279 3675 5316 22
3691 5291 3780 5330 ans,
3804 5280 3923 5335 jolie,
3948 5287 4046 5328 bien
4068 5288 4228 5336 élevée,

3099 5324 3172 5364 dot
3193 5327 3312 5370 5,000
3332 5327 3386 5369 fr.
3426 5328 3476 5368 de
3514 5336 3664 5379 rentes,
3687 5333 3927 5384 épouserait
3949 5340 4160 5380 Monsieur
4177 5353 4231 5380 en

3100 5386 3267 5430 rapport
3288 5380 3407 5432 d’âge
3432 5388 3471 5421 et
3492 5383 3543 5422 de
3565 5383 3749 5430 fortune.

3152 5467 3243 5508 441.
3264 5491 3311 5498 —
3327 5470 3594 5524 Demoiselle,
3610 5476 3658 5517 34
3674 5490 3764 5528 ans,
3783 5480 3950 5518 fortune
3966 5479 4140 5527 900,000
4159 5482 4229 5532 fr.,

3099 5523 3336 5572 épouserait
3362 5524 3572 5568 Monsieur
3599 5542 3651 5571 en
3676 5538 3843 5581 rapport
3866 5531 4002 5580 d’àge,
4026 5542 4156 5584 ayant
4179 5538 4230 5579 de

3095 5575 3118 5615 2
3139 5578 3163 5614 à
3185 5575 3359 5624 300,000
3378 5576 3416 5616 fr
3439 5611 3447 5628 ,
3486 5581 3712 5623 donnerait
3732 5583 3772 5620 la
3794 5583 4037 5632 préférence
4058 5588 4083 5627 à
4103 5588 4226 5632 Mon¬

3095 5628 3211 5668 sieur
3227 5635 3359 5680 ayant
3382 5644 3438 5673 un
3462 5635 3556 5675 tilre
3581 5634 3839 5675 nobilliaire.

3147 5714 3239 5758 442.
3271 5742 3312 5748 —
3344 5719 3499 5768 Veuve,
3540 5732 3636 5760 sans
3675 5722 3858 5770 enfants,
3899 5724 3948 5767 40
3987 5740 4078 5780 ans,
4118 5734 4228 5775 belle

3095 5782 3314 5822 personne,
3347 5774 3516 5812 fortune
3546 5774 3694 5823 50,000
3727 5775 3794 5824 fr.,
3838 5779 4078 5830 épouserait
4107 5787 4230 5824 Mon¬

3091 5824 3208 5864 sieur
3227 5838 3280 5864 en
3304 5831 3470 5875 rapport
3490 5826 3610 5875 d’âge
3631 5832 3672 5866 et
3693 5827 3868 5872 d’avoir.

3146 5915 3236 5954 443.
3261 5934 3312 5940 —
3351 5912 3619 5964 Demoiselle,
3653 5916 3703 5956 22
3737 5931 3827 5968 ans,
3856 5924 3967 5964 belle
4000 5935 4226 5976 personne,

3092 5966 3162 6004 dot
3183 5964 3356 6007 200,000
3380 5964 3447 6014 fr.,
3471 5967 3708 6017 épouserait
3730 5976 3892 6015 notaire
3912 5988 3966 6015 ou
3991 5979 4143 6018 avoué.

3146 6051 3236 6091 444.
3268 6075 3303 6079 -
3332 6052 3600 6108 Demoiselle,
3626 6062 3669 6101 21
3692 6075 3783 6112 ans,
3811 6063 3880 6102 dot
3924 6063 4067 6108 12,000
4088 6066 4139 6110 fr.
4175 6070 4227 6111 de

3092 6109 3244 6155 rentes,
3278 6107 3518 6156 épouserait
3539 6114 3751 6156 Monsieur
3771 6128 3823 6155 en
3846 6124 4016 6171 rapport
4044 6122 4164 6175 d’àge
4187 6130 4227 6163 et

3090 6158 3143 6199 de
3165 6158 3352 6201 fortune.
