4720 7064
2119 440 2197 488 LE
2236 442 2386 491 LIEN
2423 443 2505 490 DE
2549 441 2844 491 MARIAGE

752 612 843 653 552.
876 636 915 642 —
948 611 1107 652 Ancien
1129 611 1358 662 capitaine,
1382 610 1503 651 4.200
1526 611 1576 650 fr.
1602 611 1652 652 de
1675 618 1830 660 rentes,

697 667 747 706 50
784 678 875 712 ans,
915 666 1331 716 épouserait'veuve
1370 676 1468 706 sans
1505 666 1686 716 enfants,
1727 678 1831 706 avec
1856 678 1863 688 '

700 720 816 759 avoir
838 727 878 759 et
899 720 996 759 bien
1020 719 1180 758 élevée.

752 802 843 842 553.
869 824 917 831 —
958 800 1080 848 Veuf,
1104 802 1153 840 65
1174 814 1263 851 ans,
1284 803 1548 854 agriculteur
1568 803 1619 844 de
1646 802 1830 855 premier

697 856 833 902 ordre,
855 854 1028 893 fortune
1049 853 1099 894 60
1119 855 1196 895 000
1218 856 1286 907 fr.,
1309 858 1551 908 épouserait
1571 870 1706 896 veuve
1726 858 1829 906 âgée

696 908 747 947 de
771 907 867 958 plus
887 907 938 946 de
959 907 1008 946 50
1028 918 1118 957 ans,
1140 917 1271 960 ayant
1291 911 1411 951 2.000
1439 911 1489 951 fr.
1522 911 1572 950 de
1596 914 1748 956 rentes,
1772 922 1825 948 ou

698 971 832 1000 veuve
870 966 1000 1012 ayant
1036 959 1086 1001 de
1118 963 1298 1014 grandes
1328 964 1572 1015 propriétés,
1599 964 1740 1003 môme
1775 973 1826 1002 en

696 1014 889 1064 Afrique.

747 1096 895 1136 558.—
915 1096 1178 1147 Célibataire,
1199 1099 1248 1140 32
1270 1106 1503 1151 ans,ayant
1528 1098 1758 1148 profession
1778 1098 1827 1136 li¬

695 1148 834 1191 bérale
858 1152 936 1191 très
956 1150 1178 1201 lucrative,
1200 1152 1374 1193 fortune
1396 1154 1542 1194 50.000
1559 1151 1630 1200 fr.,
1651 1154 1827 1202 épouse¬

695 1203 773 1242 rait
791 1203 1038 1245 demoiselle
1060 1211 1191 1258 ayant
1212 1206 1284 1246 dot
1308 1207 1478 1247 100.000
1500 1207 1552 1245 fr.

744 1283 834 1322 568.
858 1306 908 1312 —
930 1283 1094 1332 Prince,
1115 1283 1207 1323 seul
1231 1283 1487 1324 descendant
1506 1283 1635 1324 d’une
1658 1282 1823 1323 famille

690 1342 820 1388 ayant
849 1335 1090 1389 longtemps
1127 1337 1256 1387 régné
1292 1350 1370 1376 sur
1411 1350 1492 1377 une
1531 1338 1603 1377 des
1643 1335 1824 1387 grandes

691 1390 934 1440 puissances
965 1390 1016 1430 de
1047 1391 1253 1439 l’Europe,
1291 1391 1394 1430 allié
1427 1403 1509 1430 aux
1544 1391 1722 1440 grandes
1757 1390 1822 1427 fa¬

688 1443 830 1483 milles
877 1443 1106 1493 princières
1162 1442 1410 1495 d’Espagne,
1451 1443 1742 1494 d’Angleterre
1783 1448 1823 1482 et

686 1496 918 1547 d'ailleurs,
942 1499 1018 1548 âgé
1039 1498 1088 1537 de
1112 1498 1159 1536 30
1181 1508 1272 1547 ans,
1296 1496 1535 1547 épouserait
1572 1496 1691 1537 riche
1724 1494 1822 1546 plé¬

690 1551 887 1592 béienne.

738 1623 828 1663 580.
855 1646 902 1652 —
934 1623 1126 1662 Boucher
1164 1622 1311 1670 établi,
1355 1622 1404 1662 39
1447 1634 1539 1670 ans,
1579 1619 1824 1672 épouserait

684 1675 933 1716 demoiselle
951 1688 1003 1715 ou
1028 1687 1164 1715 veuve
1187 1675 1412 1726 possédant
1434 1676 1554 1723 8,000
1575 1674 1627 1715 fr.

737 1760 828 1799 581.
855 1783 902 1788 —
932 1759 1141 1807 Boucher,
1184 1758 1423 1799 richement
1452 1758 1597 1806 établi,
1640 1759 1688 1798 27
1727 1769 1817 1806 ans,

684 1812 750 1852 fils
772 1811 951 1864 unique,
975 1818 1143 1863 parents
1173 1811 1327 1858 riches,
1370 1812 1612 1862 épouserait
1642 1811 1813 1851 demoi¬

683 1866 786 1906 selle
808 1865 904 1906 bien
928 1864 1088 1915 élevée,
1115 1864 1338 1915 possédant
1359 1864 1500 1913 10,000
1522 1866 1571 1904 fr.

738 1944 827 1983 587.
859 1967 910 1972 —
952 1942 1075 1991 Veuf,
1119 1943 1167 1980 37
1212 1954 1303 1991 ans,
1346 1942 1516 1983 fortune
1560 1943 1704 1987 18,000
1744 1942 1783 1979 fr
1807 1975 1816 1991 ,

681 2002 815 2048 ayant
832 2007 1071 2037 commerce
1092 1996 1303 2046 prospère,
1329 2003 1497 2047 rapport
1535 1995 1586 2034 de
1617 1995 1738 2035 6.000
1759 1995 1811 2036 fr.

683 2063 758 2100 par
777 2061 847 2096 an,
870 2050 1110 2100 épouserait
1131 2060 1263 2088 veuve
1288 2048 1384 2088 bien
1402 2048 1560 2098 élevée,
1578 2059 1678 2089 avec
1697 2050 1815 2088 avoir

680 2110 731 2142 de
752 2103 899 2151 20,000
922 2102 1078 2142 francs.

732 2186 822 2226 586.
848 2207 898 2215 —
926 2183 1096 2226 Officier
1122 2184 1175 2223 de
1203 2183 1391 2233 l’armée,
1430 2187 1507 2235 âgé
1544 2186 1596 2225 de
1635 2187 1684 2226 30
1717 2196 1811 2232 ans,

676 2240 918 2289 épouserait
938 2236 1188 2278 demoiselle
1218 2249 1268 2277 en
1304 2244 1471 2290 rapport
1506 2239 1640 2289 d'âge,
1676 2246 1811 2290 ayant

683 2280 856 2342 150.000
877 2291 1035 2331 francs.

731 2373 822 2416 594.
847 2398 895 2403 —
917 2374 1183 2423 Célibataire,
1207 2375 1256 2415 28
1277 2387 1367 2426 ans,
1391 2375 1564 2415 fortune
1582 2375 1731 2427 20,000
1753 2377 1802 2418 fr.

676 2435 804 2479 ayant
826 2439 1066 2469 commerce
1088 2428 1191 2468 d'un
1212 2435 1379 2480 rapport
1400 2430 1559 2470 annuel
1595 2429 1646 2470 de
1687 2431 1808 2479 4,000

679 2483 746 2530 fr.,
771 2480 868 2532 plus
903 2494 986 2520 une
1023 2488 1144 2522 autre
1186 2483 1350 2521 maison
1390 2495 1443 2522 en
1480 2484 1712 2536 Amérique
1744 2483 1806 2523 lui

676 2540 920 2586 rapportant
948 2535 1060 2584 1,500
1086 2536 1152 2583 fr.,
1175 2535 1416 2587 épouserait
1435 2536 1686 2578 demoiselle
1707 2548 1807 2577 avec

676 2589 747 2628 dot
768 2588 819 2627 de
844 2587 992 2636 20,000
1016 2587 1171 2630 francs.

728 2671 818 2711 596.
844 2694 892 2700 —
912 2671 1179 2721 Célibataire,
1203 2672 1252 2715 54
1274 2684 1364 2722 ans,
1388 2671 1559 2714 fortune
1582 2675 1728 2724 60,000
1751 2675 1802 2715 fr.

672 2726 915 2778 épouserait
962 2726 1212 2766 demoiselle
1260 2739 1316 2766 ou
1366 2739 1531 2776 veuve,
1585 2729 1807 2778 possédant

674 2776 822 2827 30.000
843 2778 1000 2818 francs.

727 2855 819 2895 599.
842 2878 892 2886 —
914 2855 1080 2895 Officier
1099 2867 1153 2896 en
1183 2856 1371 2903 activité,
1411 2857 1459 2896 36
1499 2870 1590 2904 ans,
1635 2859 1806 2898 fortune

674 2908 940 2959 personnelle
980 2908 1126 2950 30.000
1167 2910 1206 2947 fr
1227 2942 1238 2959 ,
1279 2910 1520 2960 épouserait
1555 2910 1805 2951 demoiselle

671 2968 804 3014 ayant
822 2963 894 3002 dot
910 2963 961 3002 de
983 2962 1131 3012 80,000
1155 2963 1204 3002 fr.

726 3046 816 3084 601.
844 3066 891 3074 —
918 3045 1186 3093 Célibataire,
1207 3046 1256 3084 38
1276 3056 1366 3094 ans,
1403 3055 1535 3098 ayant
1575 3048 1804 3098 profession

671 3100 772 3139 d’un
800 3106 970 3151 rapport
991 3098 1151 3139 annuel
1191 3099 1241 3139 de
1282 3099 1402 3148 5,000
1443 3100 1514 3150 fr.,
1551 3100 1720 3140 fortune
1753 3103 1804 3142 de

670 3152 816 3200 35.000
840 3154 907 3203 fr.,
930 3152 1171 3203 épouserait
1189 3152 1439 3192 demoiselle
1462 3166 1563 3194 avec
1579 3153 1726 3204 40,000
1750 3155 1800 3195 fr.

723 3230 812 3270 606.
847 3254 900 3260 —
944 3230 1212 3278 Célibataire,
1254 3231 1304 3270 25
1352 3243 1443 3280 ans,
1486 3231 1704 3282 disposant
1752 3233 1803 3273 de

668 3284 816 3332 25.000
838 3283 907 3332 fr.,
931 3291 969 3323 et
991 3286 1240 3335 espérances
1262 3284 1408 3332 30,000
1424 3286 1498 3333 fr.,
1518 3285 1655 3324 désire
1671 3287 1802 3335 épou¬

668 3349 735 3376 ser
754 3338 1002 3378 demoiselle
1023 3344 1153 3389 ayant
1187 3338 1295 3378 belle
1335 3338 1542 3379 situation
1579 3351 1799 3379 commer¬

668 3390 778 3430 ciale
807 3403 816 3434 ;
859 3391 888 3430 il
926 3392 1182 3442 apporterait
1218 3391 1278 3432 les
1316 3392 1463 3442 25,000
1503 3392 1555 3432 fr.
1604 3395 1708 3432 dans
1762 3393 1799 3433 la

670 3443 834 3483 maison
856 3445 908 3483 de
930 3457 1185 3486 commerce.

719 3527 810 3568 608.
830 3550 878 3556 —
899 3527 1164 3576 Célibataire,
1183 3528 1233 3568 25
1248 3540 1338 3578 ans,
1357 3528 1560 3580 employé
1582 3527 1632 3568 de
1657 3529 1794 3576 l'Etat,

664 3582 904 3632 épouserait
946 3582 1192 3623 demoiselle
1232 3595 1286 3623 ou
1340 3594 1478 3623 veuve
1526 3595 1575 3623 en
1631 3590 1798 3635 rapport,

666 3635 798 3686 d'âge,
821 3641 953 3688 ayant
979 3636 1122 3677 15.000
1145 3636 1197 3676 fr.

718 3713 808 3753 611.
840 3735 880 3742 —
902 3712 1167 3764 Célibataire,
1209 3714 1257 3755 30
1297 3727 1388 3764 ans,
1429 3727 1584 3768 garçon
1619 3715 1795 3768 d'hôtel,

663 3772 794 3818 ayant
814 3766 932 3807 avoir
952 3768 1071 3808 6.000
1096 3768 1163 3816 fr.,
1188 3769 1430 3818 épouserait
1468 3770 1718 3811 demoiselle
1740 3784 1794 3811 ou

664 3831 800 3859 veuve
824 3822 1044 3871 possédant
1066 3822 1186 3862 4.000
1206 3822 1276 3873 fr.,
1301 3835 1410 3874 pour
1431 3831 1599 3864 monter
1620 3824 1794 3875 pension

664 3874 927 3923 bourgeoise.

674 3995 676 4002 ,
716 3960 806 4000 612.
831 3982 880 3990 —
921 3960 1042 4011 Veuf,
1067 3963 1258 4010 docteur,
1283 3963 1504 4014 possédant
1531 3966 1700 4005 100.000
1723 3965 1794 4016 fr.,

663 4016 738 4063 âgé
759 4013 808 4052 de
831 4014 880 4053 55
902 4024 991 4063 ans,
1015 4015 1256 4066 épouserait
1279 4027 1412 4056 veuve
1434 4016 1484 4056 de
1503 4016 1552 4056 30
1572 4019 1596 4056 h
1627 4019 1676 4056 50
1702 4030 1794 4070 ans,

666 4068 761 4107 bien
783 4066 940 4116 élevée,
963 4075 1097 4119 ayant
1115 4067 1304 4120 quelque
1325 4069 1459 4111 avoir.

716 4151 806 4190 618.
856 4174 899 4184 —
950 4151 1080 4201 Veuf,
1130 4163 1227 4194 sans
1274 4154 1436 4203 enfant,
1488 4156 1791 4207 représentant,

663 4209 846 4254 gagnant
867 4206 987 4245 8.000
1023 4205 1074 4247 fr.
1112 4219 1184 4258 par
1203 4219 1272 4255 an,
1296 4207 1433 4249 désire
1455 4210 1636 4260 épouser
1656 4224 1792 4252 veuve

661 4268 715 4295 ou
738 4258 986 4298 demoiselle
1006 4270 1056 4298 en
1079 4268 1248 4311 rapport
1269 4262 1388 4311 d'âge
1410 4275 1464 4303 on
1496 4263 1721 4307 au-dessus
1741 4266 1793 4305 de

662 4308 711 4349 40
732 4322 823 4359 ans,
848 4311 1068 4361 possédant
1090 4312 1236 4354 20.000
1258 4314 1313 4353 fr.

676 4427 680 4434 .
716 4392 789 4430 622
828 4414 879 4420 —
899 4392 1167 4442 Célibataire,
1190 4395 1239 4435 26
1262 4408 1352 4443 ans,
1376 4397 1547 4438 fortune
1570 4399 1716 4442 40.000
1739 4403 1791 4443 fr.

662 4444 938 4490 immeubles,
960 4447 1202 4495 épouserait
1221 4448 1472 4491 demoiselle
1494 4460 1627 4503 ayant
1650 4454 1793 4496 bonne

660 4498 865 4538 situation
886 4499 1188 4539 commerciale
1210 4511 1262 4540 ou
1287 4502 1455 4543 fortune
1476 4507 1526 4544 de
1548 4506 1696 4546 80.000
1738 4507 1790 4550 fr.

715 4588 807 4628 622.
830 4610 883 4617 —
912 4588 1179 4638 Célibataire,
1215 4589 1264 4630 26
1297 4602 1388 4639 ans,
1423 4595 1712 4644 représentant
1742 4597 1795 4639 de

658 4654 915 4690 commerce,
957 4642 1128 4682 fortune
1166 4643 1314 4683 40.000
1354 4644 1404 4686 fr.
1447 4659 1500 4686 en
1541 4650 1790 4700 propriétés,

660 4702 843 4746 gagnant
883 4696 1003 4735 4.000
1036 4696 1104 4744 fr.,
1145 4695 1282 4736 désire
1323 4699 1503 4749 épouser
1542 4701 1792 4744 demoiselle

660 4748 875 4799 disposant
895 4750 946 4788 de
971 4750 1139 4790 100.000
1162 4750 1211 4790 fr.

712 4839 803 4879 625.
832 4862 872 4867 —
917 4839 1024 4878 Veuf
1063 4852 1159 4880 sans
1198 4839 1381 4890 enfants,
1421 4843 1498 4892 âgé
1530 4842 1581 4882 de
1615 4846 1665 4884 50
1698 4858 1788 4893 ans,

658 4904 791 4942 gagne
831 4892 974 4932 10.000
998 4894 1046 4932 Ir.
1085 4906 1157 4944 par
1188 4905 1243 4934 an
1275 4906 1443 4935 comme
1486 4898 1790 4950 représentant,

660 4944 755 4995 plus
775 4943 947 4987 fortune
972 4947 1248 4998 personnelle,
1277 4947 1414 4990 désire
1435 4951 1615 5000 épouser
1636 4963 1787 5003 veuve,

659 5002 802 5039 même
826 4999 921 5051 plus
940 5002 1056 5051 âgée,
1083 5001 1305 5052 possédant
1326 5003 1502 5044 200.000
1523 5004 1575 5046 fr.

710 5095 800 5136 627.
824 5118 867 5126 —
910 5095 1176 5147 Célibataire,
1216 5099 1410 5147 horloger
1438 5101 1583 5150 établi,
1614 5103 1663 5143 30
1694 5114 1786 5155 ans,

655 5148 823 5190 fortune
871 5151 1012 5191 15.000
1054 5152 1128 5198 fr.,
1167 5154 1407 5204 épouserait
1447 5156 1697 5198 demoiselle
1735 5168 1785 5198 en

655 5208 823 5252 rapport
843 5204 963 5254 d'âge
983 5217 1084 5245 avec
1106 5206 1275 5247 fortune
1295 5208 1585 5259 équivalente.

708 5291 798 5331 628.
814 5313 862 5320 —
883 5292 1147 5340 Célibataire,
1172 5295 1220 5335 25
1239 5308 1328 5346 ans,
1354 5298 1522 5339 fortune
1551 5300 1692 5340 10.000
1716 5302 1783 5352 fr.,

655 5343 936 5395 mécanicien,
959 5358 1095 5396 gagne
1115 5347 1236 5388 2.500
1262 5349 1311 5390 fr.
1336 5362 1411 5400 par
1439 5363 1508 5398 an,
1542 5354 1783 5402 épouserait

653 5396 903 5438 demoiselle
941 5411 993 5438 en
1035 5408 1200 5452 rapport
1238 5404 1358 5454 d'âge
1396 5411 1528 5457 ayant
1570 5419 1627 5446 un
1667 5419 1784 5447 com¬

655 5462 794 5490 merce
815 5462 867 5491 ou
891 5452 1026 5493 avoir.

706 5532 794 5572 630.
812 5555 863 5562 —
884 5534 1153 5587 Célibataire,
1172 5538 1222 5580 28
1238 5551 1327 5587 ans,
1346 5551 1442 5591 sage
1460 5547 1500 5582 et
1522 5541 1782 5594 travailleur,

651 5592 949 5638 restaurateur,
972 5590 1214 5640 épouserait
1235 5594 1487 5635 demoiselle
1529 5602 1713 5646 pouvant
1747 5596 1784 5637 le

647 5638 867 5688 seconder,
890 5647 1022 5691 ayant
1042 5642 1094 5682 de
1118 5644 1159 5683 10
1183 5646 1201 5683 à
1232 5647 1374 5686 12.000
1395 5647 1445 5688 fr.

706 5718 795 5757 636.
820 5739 863 5747 —
887 5718 1152 5770 Célibataire,
1176 5723 1328 5773 28ans,
1350 5724 1516 5766 fortune
1538 5727 1707 5767 100.000
1728 5729 1778 5768 fr.

649 5771 832 5822 espèces,
850 5774 1019 5822 épouser
1030 5775 1091 5812 ait
1103 5775 1354 5817 demoiselle
1370 5786 1503 5830 ayant
1519 5779 1628 5820 belle
1643 5780 1780 5820 situa¬

651 5826 736 5864 tion
756 5824 1074 5867 commerciale.

699 5908 790 5947 638.
815 5930 864 5936 —
888 5908 1008 5952 Veuf,
1034 5910 1082 5948 56
1104 5922 1195 5955 ans,
1227 5914 1415 5963 ouvrier,
1451 5927 1548 5954 sans
1592 5917 1776 5967 enfants,

650 5963 872 6011 possédant
893 5962 1041 6002 20.000
1064 5962 1115 6002 fr.
1149 5975 1203 6003 en
1232 5966 1503 6015 obligations,
1538 5971 1779 6019 épouserait

650 6027 784 6055 veuve
804 6026 855 6054 en
880 6020 1048 6066 rapport
1071 6016 1204 6066 d’âge,
1222 6031 1319 6059 sans
1340 6020 1522 6071 enfants,
1556 6024 1778 6072 possédant

646 6069 722 6107 700
744 6068 795 6107 fr.
819 6067 870 6107 de
886 6079 1095 6119 revenus;
1119 6070 1148 6108 il
1175 6071 1299 6111 ferait
1319 6074 1520 6115 donation
1550 6077 1602 6117 de
1644 6077 1775 6119 l'usu¬

646 6122 752 6160 fruit
773 6132 847 6171 par
867 6127 1056 6164 contrat.'

1959 614 2050 656 639.
2074 636 2127 643 —
2147 615 2414 664 Célibataire,
2439 616 2487 655 39
2510 627 2600 664 ans,
2624 615 2838 666 médecin,
2862 618 3040 667 épouse¬

1905 667 1984 706 rait
2005 667 2255 709 demoiselle
2277 670 2499 720 possédant
2518 670 2666 712 80.000
2688 670 2742 710 fr.

1959 751 2050 793 640.
2087 775 2112 780 -
2144 753 2412 801 Célibataire,
2439 754 2639 806 employé
2654 755 2703 794 de
2722 754 2858 804 l'Etal,
2878 755 2923 794 31
2944 767 3036 800 ans,

1904 807 2247 856 appointements
2275 808 2416 853 18,000
2432 807 2503 855 fr.,
2523 807 2764 859 épouserait
2787 809 3038 850 demoiselle

1902 866 2035 910 ayant
2048 862 2120 899 dot
2143 860 2192 900 de
2214 862 2362 900 20.000
2383 861 2435 900 fr.

1956 942 2047 984 641.
2075 967 2111 972 —
2148 943 2274 992 Veuf,
2315 943 2336 983 3
2379 943 2562 989 enfants,
2603 944 2651 983 42
2678 957 2768 992 ans,
2812 946 3036 996 possédant

1904 996 2023 1044 6,000
2044 998 2096 1036 fr.
2121 996 2172 1035 de
2195 1009 2391 1044 revenus,
2415 998 2656 1050 épouserait
2694 998 2943 1040 demoiselle
2980 1013 3032 1040 ou

1902 1062 2036 1090 veuve
2056 1050 2282 1100 possédant
2299 1051 2349 1090 25
2371 1051 2449 1091 000
2473 1051 2522 1090 fr.
2546 1051 2599 1091 de
2619 1051 2704 1091 dot.

1957 1231 2088 1274 Nous
2132 1231 2351 1276 donnons
2401 1231 2668 1276 ci-dessous
2711 1230 2936 1274 l’adresse
2975 1232 3032 1275 de

1898 1291 2010 1332 MM.
2051 1290 2119 1334 les
2155 1292 2362 1335 notaires
2395 1292 2452 1334 de
2488 1291 2532 1334 la
2563 1291 2667 1335 ville
2694 1290 2751 1335 de
2782 1290 3028 1345 Marseille,

1898 1349 1976 1403 qui
2007 1362 2182 1406 pourra
2210 1354 2308 1395 être
2340 1351 2450 1394 utile
2483 1363 2599 1407 pour
2628 1350 2692 1394 les
2724 1353 2938 1395 contrats
2971 1350 3027 1394 de

1896 1410 2111 1464 mariage
2131 1424 2142 1452 :

1950 1509 2044 1550 MM.
2082 1511 2286 1562 Sabatier,
2310 1523 2386 1552 rue
2407 1511 2591 1563 Paradis,
2623 1512 2680 1551 17.

2082 1582 2303 1634 Kaynaud,
2327 1596 2402 1624 rue
2424 1583 2608 1632 Paradis,
2631 1583 2696 1624 24.

2079 1655 2256 1707 Gaudet,
2282 1670 2356 1696 rue
2379 1656 2562 1707 Paradis,
2586 1658 2651 1698 46.

2080 1727 2279 1779 Gasquet,
2300 1740 2376 1768 rue
2394 1727 2580 1778 Paradis,
2604 1730 2668 1769 57.

2078 1799 2278 1851 Ferraud,
2302 1812 2378 1841 rue
2398 1799 2583 1851 Paradis,
2607 1802 2671 1843 59.

2078 1871 2232 1923 Brezet,
2256 1886 2330 1912 rue
2355 1872 2536 1923 Paradis,
2562 1875 2626 1915 68.

2078 1944 2128 1983 de
2152 1944 2290 1995 Laget,
2312 1956 2388 1985 rue
2410 1946 2732 1994 Saint-Ferréol,
2756 1950 2795 1988 7.

2078 2015 2350 2067 Delanglade,
2372 2030 2450 2058 rue
2466 2015 2794 2067 Saint-Ferréol,
2823 2020 2886 2059 29.

2076 2088 2219 2139 Benet,
2243 2100 2319 2128 rue
2340 2088 2663 2138 Saint-Ferréol,
2687 2090 2750 2131 30.

2074 2159 2318 2214 Provençal,
2342 2172 2416 2202 rue
2436 2162 2766 2213 Saint-Ferréol,
2791 2164 2859 2206 50.

2071 2227 2294 2279 Bouteille,
2318 2240 2391 2268 rue
2412 2228 2735 2280 Saint-Ferréol,
2763 2231 2828 2271 52.

2072 2300 2307 2351 Eslrangin,
2332 2313 2407 2341 rue
2427 2300 2754 2350 Saint-Ferréol,
2778 2302 2843 2343 54.

2070 2371 2271 2422 Jourdan,
2293 2384 2368 2412 rue
2388 2371 2712 2420 Saint-Ferréol,
2737 2372 2800 2413 59.

2068 2442 2224 2494 Sayou,
2248 2455 2324 2483 rue
2344 2443 2672 2493 Saint-Ferréol,
2698 2443 2760 2483 78.

2070 2513 2229 2563 Perrin,
2252 2527 2327 2555 rue
2351 2515 2612 2566 Montgrand,
2638 2516 2706 2556 38.

2066 2584 2402 2637 Taxil-Forloul,
2426 2600 2501 2628 rue
2526 2588 2787 2639 Montgrand,
2811 2590 2876 2630 48.

2067 2658 2210 2708 Alliés,
2236 2671 2312 2699 rue
2332 2659 2592 2711 Montgrand,
2615 2662 2679 2701 62.

2066 2736 2201 2786 Azaïs,
2226 2750 2300 2776 rue
2322 2737 2372 2778 de
2395 2738 2434 2777 la
2454 2738 2596 2787 Darse,
2618 2739 2655 2778 5.

2068 2810 2262 2860 Laugier,
2286 2823 2360 2850 rue
2382 2812 2432 2852 de
2454 2811 2495 2851 la
2516 2811 2655 2862 Darse,
2678 2812 2743 2855 29.

2071 2882 2292 2934 Raynaud,
2316 2896 2390 2924 rue
2411 2883 2612 2931 Noailles,
2636 2887 2675 2926 7.

2067 2954 2287 3003 Dessuard,
2312 2967 2387 2996 rue
2407 2955 2607 3005 Noailles,
2639 2958 2695 2998 18.

2070 3026 2259 3076 Laugier,
2284 3039 2358 3066 rue
2378 3027 2651 3076 Cannebière,
2676 3030 2714 3071 5.

2067 3099 2294 3148 Decormis,
2319 3112 2392 3140 rue
2414 3102 2615 3152 Grignan,
2640 3103 2704 3143 56.

2067 3170 2187 3220 Latil,
2213 3184 2286 3211 rue
2307 3172 2466 3222 Sainte,
2492 3175 2527 3215 1.

2064 3242 2258 3290 Giraudi,
2280 3256 2406 3285 cours
2423 3246 2711 3297 Saint-Louis,
2736 3248 2772 3291 3.

2063 3314 2204 3366 Blanc,
2226 3328 2301 3356 nie
2321 3317 2372 3358 de
2396 3318 2570 3370 l’Arbre,
2594 3320 2631 3360 9.

2065 3387 2284 3435 Honbaud,
2311 3402 2386 3430 rue
2406 3391 2456 3430 de
2480 3391 2519 3430 la
2542 3393 2828 3446 République,
2855 3397 2918 3435 15.

2063 3456 2211 3508 Gavot,
2235 3470 2310 3498 rue
2332 3459 2387 3499 du
2412 3462 2599 3512 Bausset,
2623 3463 2660 3503 4.

1924 3635 2114 3691 L’Office
2144 3638 2383 3680 Mondonet
2402 3646 2464 3680 est
2491 3650 2643 3684 ouvert
2666 3648 2763 3684 tous
2790 3647 2851 3686 les
2871 3647 3008 3699 jours

1871 3702 1926 3740 de
1942 3704 1973 3742 2
1991 3703 2151 3743 heures
2170 3708 2196 3744 à
2219 3707 2245 3744 8
2266 3703 2423 3747 heures
2441 3708 2503 3747 du
2534 3712 2626 3750 soir
2651 3714 2692 3749 et
2730 3711 2790 3751 les
2826 3712 3007 3752 diman¬

1871 3767 1970 3808 ches
1988 3773 2028 3809 et
2047 3770 2156 3823 fiêtes
2178 3771 2230 3811 de
2254 3774 2278 3812 9
2300 3771 2455 3814 heures
2475 3779 2500 3814 à
2524 3775 2655 3816 midi.

1930 3925 2340 3998 THÉÂTRES
2400 3939 2492 3999 ET
2550 3940 2946 4006 CONCERTS

1924 4110 2415 4154 Grand-Thèatre.—
2456 4114 2484 4152 Il
2526 4126 2632 4156 nous
2654 4128 2676 4155 a
2698 4118 2764 4159 été
2782 4119 2922 4160 donné
2944 4134 2999 4160 un

1868 4166 1996 4214 grand
2028 4164 2187 4215 plaisir,
2211 4167 2323 4207 celui
2348 4167 2594 4210 d’entendre
2616 4171 2651 4210 M
2693 4170 2795 4221 Duc,
2815 4175 3003 4226 premier

1870 4219 1991 4258 ténor
2007 4219 2058 4259 de
2080 4219 2336 4260 l’Académie
2360 4222 2575 4263 nationale
2594 4224 2644 4263 de
2662 4227 2878 4276 musique,
2897 4228 3003 4268 dans

1870 4271 1930 4311 les
1950 4271 2199 4324 Huguenots
2239 4274 2399 4314 Inutile
2418 4275 2471 4315 de
2489 4275 2580 4318 dire
2617 4278 2752 4330 qu’un
2788 4280 3001 4322 immense

1868 4327 2015 4366 succès
2043 4332 2104 4366 est
2136 4338 2243 4367 venu
2279 4328 2508 4371 confirmer
2547 4343 2622 4370 son
2666 4334 2795 4372 talent
2831 4335 2882 4373 de
2920 4335 3003 4374 fort

1871 4379 1987 4418 ténor
2007 4384 2047 4419 et
2067 4391 2151 4430 que
2175 4380 2212 4419 la
2235 4380 2443 4421 direction
2474 4395 2496 4420 a
2538 4383 2614 4423 fait
2647 4390 2740 4424 tous
2776 4398 2840 4426 ses
2863 4387 3003 4428 efforts

1867 4443 1976 4482 pour
1996 4431 2035 4472 le
2055 4434 2205 4482 garder
2227 4433 2438 4487 quelques
2459 4438 2815 4488 représentations
2834 4451 2998 4483 encore.

1920 4485 1978 4526 En
1998 4486 2108 4535 effet,
2134 4498 2241 4526 nous
2261 4499 2393 4528 avons
2413 4502 2463 4527 en
2494 4488 2531 4528 la
2568 4491 2708 4531 bonne
2748 4493 2918 4534 fortune
2948 4496 2999 4535 de

1868 4535 2119 4589 l’apprécier
2139 4552 2223 4581 une
2246 4540 2326 4581 fois
2344 4541 2396 4582 de
2418 4542 2515 4594 plus
2535 4543 2640 4585 dans
2678 4544 2715 4584 la
2756 4548 2914 4598 reprise
2950 4550 3000 4588 de

1872 4590 2036 4630 liohert
2057 4594 2095 4632 le
2117 4594 2281 4635 Diable.
2306 4595 2362 4635 On
2383 4608 2406 4635 a
2426 4596 2526 4647 joué
2552 4600 2684 4648 aussi,
2707 4611 2776 4640 ces
2798 4600 2998 4652 jours-ci,

1868 4642 2028 4683 Laknié
2031 4676 2040 4692 ,
2065 4648 2190 4696 opéra
2210 4650 2426 4699 comique,
2446 4663 2548 4691 avec
2571 4654 2667 4692 Mlle
2691 4646 2939 4696 Vuiliadme
2959 4663 3000 4696 et

1867 4696 1959 4736 MM.
1983 4697 2184 4750 Delvoye,
2211 4700 2379 4742 Devriès
2400 4710 2438 4742 et
2460 4704 2639 4757 Queyla.

1920 4799 2179 4851 Gymnase.
2206 4824 2251 4830 —
2292 4801 2342 4840 La
2379 4806 2651 4846 réouverture
2687 4819 2710 4846 a
2744 4820 2796 4847 eu
2840 4808 2924 4848 lieu
2962 4809 2998 4850 le

1866 4850 1913 4890 23
1935 4850 2115 4902 janvier,
2139 4866 2240 4895 avec
2283 4854 2318 4894 le
2358 4858 2490 4907 grand
2532 4862 2682 4900 succès
2721 4862 2922 4913 parisien,
2959 4864 2998 4903 la

1868 4903 1979 4947 Fille
2002 4908 2050 4944 de
2074 4907 2274 4946 Fanclion
2304 4908 2340 4947 la
2371 4911 2575 4952 Vielleuse
2580 4944 2590 4961 ,
2615 4924 2670 4952 un
2694 4917 2819 4964 opéra
2859 4918 2996 4955 comi¬

1866 4968 1948 5006 que
1970 4970 2019 4998 en
2048 4959 2071 4999 4
2094 4966 2208 5000 actes
2227 4967 2267 5000 et
2288 4962 2310 5000 5
2336 4963 2547 5014 tableaux,
2574 4966 2774 5018 musique
2795 4968 2846 5008 de
2888 4968 2995 5008 Var-

1866 5020 1964 5060 ney.
1992 5014 2040 5052 M.
2064 5013 2162 5052 Nito
2191 5027 2214 5054 a
2250 5015 2408 5056 débuté
2431 5019 2514 5058 très
2536 5022 2868 5060 heureusement
2888 5023 2996 5063 dans

1866 5062 1902 5102 le
1942 5066 2027 5104 rôle
2067 5066 2118 5104 de
2147 5066 2338 5119 Jacquot.
2377 5072 2436 5110 Au
2470 5071 2695 5113 deuxième
2716 5080 2824 5124 acte,
2852 5075 2887 5114 le
2908 5086 2995 5116 auo

1862 5116 2016 5160 chanté
2040 5132 2111 5170 par
2135 5119 2243 5160 Mme
2267 5122 2442 5163 Decroza
2470 5131 2507 5166 et
2532 5125 2795 5168 Ilomerville
2816 5134 2874 5169 est
2912 5129 2993 5171 fort

1862 5172 2081 5224 applaudi.

1914 5276 2152 5318 Variétés.
2167 5300 2212 5307 —
2228 5278 2528 5319 Continuation
2548 5282 2621 5321 des
2639 5284 2994 5332 représentations

1859 5328 1915 5367 du
1959 5330 2140 5368 Château
2182 5332 2503 5386 Tire-Larigot,
2543 5335 2891 5387 opérette-féerie
2940 5338 2991 5378 de

1859 5382 2011 5423 Gaston
2034 5382 2222 5435 Serpette
2239 5398 2248 5434 ;
2277 5398 2359 5427 une
2378 5387 2548 5428 ovation
2565 5396 2624 5429 est
2642 5388 2836 5442 toujours
2859 5391 2992 5432 réser¬

1860 5436 1932 5475 vée
1954 5448 2035 5476 aux
2057 5439 2307 5479 aéronaules
2328 5441 2420 5492 qui,
2443 5442 2615 5494 chaque
2637 5444 2736 5491 soir,
2760 5451 2854 5484 sont
2875 5447 2990 5486 obli¬

1858 5488 1930 5538 gés
1947 5490 1998 5529 de
2019 5490 2154 5530 bisser
2175 5491 2268 5531 leur
2287 5495 2523 5534 ascension.
2550 5496 2604 5535 La
2627 5497 2760 5547 partie
2782 5499 2832 5538 de
2854 5504 2990 5540 cartes

1862 5541 2127 5585 lumineuses
2147 5546 2309 5585 obtient
2334 5547 2574 5598 également
2598 5562 2653 5588 un
2677 5552 2809 5599 grand
2840 5555 2990 5595 succès

1855 5595 1908 5634 de
1928 5598 2052 5644 gaité.
2086 5599 2164 5639 Les
2200 5599 2450 5650 répétitions
2468 5600 2686 5654 A'Orphea
2706 5615 2784 5642 aux
2819 5606 2988 5647 Enfers

1859 5649 2082 5690 marchent
2102 5654 2232 5701 grand
2259 5651 2384 5695 train.

1910 5750 2392 5796 Palais-de-Cristal.
2416 5775 2467 5783 —
2488 5753 2594 5795 Bien
2616 5755 2668 5795 de
2690 5755 2788 5807 plus
2808 5759 2986 5800 curieux

1854 5814 1937 5854 que
1959 5802 1999 5842 la
2023 5810 2171 5858 troupe
2211 5807 2284 5847 des
2322 5808 2443 5848 chats
2478 5815 2650 5848 savants
2688 5812 2902 5859 présentés
2930 5826 2982 5854 au

1852 5856 2022 5896 Palazzo
2044 5871 2118 5908 par
2139 5861 2188 5901 M.
2216 5862 2440 5912 Bonnetty,
2458 5872 2527 5900 ces
2542 5870 2762 5904 amusants
2779 5866 2983 5908 animaux

1852 5922 1895 5950 se
1923 5908 2079 5950 livrent
2110 5924 2191 5952 aux
2224 5915 2320 5966 plus
2358 5914 2536 5955 curieux
2575 5920 2615 5954 et
2651 5916 2745 5966 plus
2786 5919 2984 5962 difficiles

1851 5963 2060 6004 exercices
2098 5978 2198 6007 avec
2240 5979 2324 6008 une
2363 5969 2591 6008 étonnante
2631 5970 2855 6019 précision.
2909 5974 2986 6016 Les

1850 6017 2060 6058 exercices
2082 6018 2131 6058 de
2155 6021 2363 6063 mémoire
2387 6024 2441 6060 du
2467 6021 2702 6070 professeur
2723 6023 2855 6078 Kreps
2875 6034 2915 6068 et
2930 6031 2982 6068 de

1849 6082 1894 6110 sa
1914 6070 2003 6111 fille
2026 6071 2275 6114 intéressent
2299 6075 2514 6116 vivement
2552 6076 2588 6115 le
2620 6077 2763 6127 public
2826 6082 2983 6123 Succès

1848 6123 2024 6164 continu
2048 6124 2099 6165 de
2119 6125 2233 6167 Valti
2254 6134 2294 6167 et
2315 6130 2366 6169 de
2388 6128 2427 6168 la
2447 6134 2595 6180 troupe
2616 6130 2667 6171 de
2696 6134 2978 6182 pantomime.

3167 623 3522 731 faisons
3583 623 4196 713 (Recommandées

3129 877 3346 1011 LE
3449 879 4230 1019 CHINOIS

3258 1046 3568 1096 CHAPEAUX
3602 1050 3673 1096 EN
3707 1051 3848 1099 TOUS
3882 1051 4096 1100 GENRES

3134 1124 3411 1168 COIFFURES
3449 1127 3582 1168 POUR
3623 1127 3900 1171 MESSIEURS
3943 1131 4008 1171 ET
4047 1130 4214 1172 DAMES

3414 1211 3688 1251 FRAICHEURS,
3720 1212 3798 1240 RON
3828 1211 3935 1241 GOUT

3196 1267 3346 1307 Haute
3368 1268 3628 1310 Nouveauté
3650 1271 3703 1311 de
3722 1274 3883 1325 forme,
3907 1272 4130 1326 Elégance
4135 1307 4144 1326 ,

3535 1335 3811 1388 Originalité

3400 1404 3619 1446 Spécialité
3640 1407 3691 1439 de
3716 1408 3756 1440 la
3780 1409 3939 1443 Maison

3103 1459 3288 1508 Coiffures
3310 1464 3435 1510 riches
3458 1463 3680 1511 d’intérieur
3698 1471 3738 1514 et
3759 1468 3804 1515 de
3823 1468 3970 1516 Bureau
3999 1482 4137 1530 (Dernières
4147 1486 4167 1516 M
4171 1498 4183 1518 0
4184 1484 4236 1531 d«s)

3513 1539 3612 1578 Prix
3641 1538 3836 1582 Modérés

3179 1602 3281 1642 26
3287 1634 3300 1651 ,
3343 1603 3505 1643 Rue
3553 1604 4023 1659 Cannebière,
4059 1611 4162 1652 26

3099 1764 3342 1880 ARMES
3393 1768 3474 1880 DE
3529 1767 3790 1882 CHÂSSE
3837 1768 3924 1881 ET
3983 1771 4068 1883 DE
4107 1772 4234 1886 TIR

3215 1946 3222 1976 (
3222 1920 3516 1980 Réparations,
3559 1910 3810 1986 (Échanges,
3836 1924 4108 1987 Nettoyages

3104 2018 3644 2084 BERNARD
3696 2038 3808 2074 rue
3835 2024 4120 2090 Paradis,
4156 2027 4231 2078 32

3147 2205 3491 2306 Entreprise
3537 2207 3605 2285 de
3647 2207 4177 2313 Déménagements

3282 2321 3392 2360 Pour
3423 2334 3471 2362 la
3502 2323 3664 2363 France
3696 2338 3746 2364 et
3775 2327 4036 2368 l’Etranger

3229 2407 3470 2451 PRIX
3546 2400 4086 2463 MODÉRÉS

3158 2492 3302 2519 Cadres

3213 2547 3247 2574 et

3139 2602 3330 2628 WAGONS

3130 2648 3328 2688 capitonnés

3100 2714 3184 2745 pour
3208 2707 3358 2740 Meubles

3150 2772 3311 2812 précieux

3407 2532 3694 2613 EéniÉnageuses
3729 2532 3912 2605 Favorites

3461 2634 3643 2745 AIES
3683 2637 3725 2744 &
3763 2638 3799 2746 C
3803 2636 3833 2676 ie

3428 2771 3515 2803 Maison
3541 2773 3718 2814 complètement
3742 2786 3770 2807 en
3795 2775 3879 2807 dehors

3543 2820 3571 2850 île
3590 2824 3640 2852 tout
3658 2822 3772 2864 Monopole

3959 2568 4201 2595 ASSURANCES

4020 2618 4139 2648 contre

3990 2668 4171 2703 l’Incendie

4070 2725 4100 2751 et

3194 2894 3299 2939 Bourse
3318 2895 3517 2943 Immobilière.
3531 2922 3588 2927 —
3606 2898 3690 2944 Vente
3711 2900 3738 2946 et
3756 2900 3880 2947 location
3900 2903 4102 2952 d’immeubles

3086 2975 3318 3019 MARSEILLE—
3334 2976 3419 3019 Rue
3435 2976 3647 3030 Pavillon,
3666 2980 3703 3032 4,
3719 2992 3770 3023 au
3784 2982 4035 3036 Magasin—
4050 2987 4222 3028 MARSEILLE

3280 3166 3502 3208 Vient
3559 3170 3650 3208 de
3708 3174 4024 3223 paraître

3420 3255 3646 3306 (EDITION
3674 3258 3736 3299 DE
3760 3260 3881 3312 1891)

3130 3522 3189 3562 DE
3208 3523 3268 3563 LA
3290 3524 3489 3578 FRANCE,
3508 3527 3568 3567 DE
3590 3528 3649 3568 LA
3666 3527 3826 3582 CORSE,
3846 3531 3904 3571 DE
3920 3525 4169 3572 L’ALGÉRIE

3271 3591 3330 3631 DE
3349 3592 3407 3632 LA
3431 3594 3622 3634 TUNISIE
3639 3595 3667 3634 &
3689 3596 3776 3635 DES
3798 3596 4026 3636 COLONIES

3087 3658 3154 3698 Un
3176 3659 3265 3698 fort
3298 3660 3456 3700 volume
3486 3663 3535 3701 de
3560 3662 3651 3700 800
3676 3675 3819 3716 pages,
3852 3665 4101 3716 imprimées
4136 3679 4216 3705 sur

3314 3714 3344 3752 2
3365 3716 3565 3756 colonnes
3572 3730 3581 3766 ,
3607 3715 3769 3758 reliure
3790 3717 3978 3771 anglaise

3188 3796 3760 3835 Prix.
3819 3802 3882 3836 K»
3912 3802 4099 3838 franos

3130 3880 3196 3919 Col
3219 3894 3420 3933 ouvrage,
3445 3883 3588 3934 rédigé
3607 3895 3680 3924 sur
3702 3898 3759 3925 un
3788 3886 3886 3936 plan
3924 3887 4211 3928 entièrement

3082 3944 3291 3983 nouveau,
3330 3935 3518 3975 contient
3553 3943 3646 3976 tous
3688 3938 3746 3978 les
3780 3940 4034 3979 documents
4072 3940 4210 3990 régle¬

3079 3993 3268 4026 mentant
3294 3987 3328 4027 le
3348 3989 3510 4029 service
3531 3990 3604 4030 des
3639 3996 3786 4040 postes,
3822 3992 3895 4031 des
3927 3994 4206 4044 télégraphes,

3079 4039 3152 4079 des
3172 4040 3418 4091 téléphones
3439 4049 3479 4082 et
3500 4044 3571 4083 des
3591 4044 3790 4086 chemins
3810 4046 3860 4086 de
3879 4046 3955 4087 fer.

3132 4094 3164 4132 Il
3186 4095 3362 4146 indique
3392 4096 3454 4136 les
3474 4108 3598 4137 noms
3630 4098 3680 4139 de
3703 4104 3840 4139 toutes
3864 4099 3924 4140 les
3947 4111 4206 4149 communes,

3075 4147 3183 4187 ainsi
3206 4160 3290 4200 que
3311 4162 3416 4190 ceux
3438 4150 3510 4191 des
3531 4151 3719 4193 bureaux
3750 4154 3800 4192 de
3824 4160 3938 4204 poste
3959 4160 3999 4194 et
4026 4154 4078 4195 de
4101 4155 4210 4195 télé¬

3075 4202 3235 4252 graphe
3255 4204 3330 4254 qui
3356 4204 3414 4243 les
3431 4204 3688 4255 desservent,
3727 4207 3787 4247 les
3806 4207 4017 4248 disiances
4050 4207 4210 4259 légales

3076 4259 3116 4293 et
3151 4256 3186 4294 le
3218 4255 3368 4295 chiffre
3404 4256 3455 4296 de
3494 4258 3532 4296 la
3570 4259 3836 4310 population.
3876 4262 3936 4301 On
3958 4275 3988 4312 y
4021 4274 4044 4300 a
4065 4263 4208 4314 ajouté

3078 4313 3211 4347 toutes
3236 4308 3298 4347 les
3318 4323 3446 4360 gares
3474 4319 3670 4351 ouvertes
3702 4326 3754 4351 au
3787 4315 3946 4354 service
3979 4314 4052 4354 des
4086 4316 4207 4358 colis

3075 4372 3295 4413 postaux,
3336 4376 3436 4404 avec
3472 4366 3663 4405 mention
3704 4366 3870 4418 lorsque
3910 4379 3980 4407 ces
4018 4367 4208 4408 derniers

3074 4422 3168 4455 sont
3187 4415 3391 4456 livrables
3408 4430 3458 4456 en
3480 4430 3579 4468 gare
3600 4431 3652 4459 ou
3674 4420 3697 4459 à
3715 4419 3936 4462 domicile.

3127 4468 3186 4507 On
3208 4482 3236 4520 y
3260 4476 3455 4510 trouvera
3474 4471 3591 4512 aussi
3624 4479 3718 4514 tous
3750 4474 3811 4515 les
3841 4475 4206 4526 renseignements

3075 4522 3330 4563 nécessaires
3343 4535 3417 4563 sur
3434 4524 3468 4563 le
3487 4527 3671 4568 service
3687 4530 3771 4570 des
3787 4536 4205 4578 recouvrements,

3074 4579 3154 4615 soit
3183 4588 3232 4615 en
3258 4576 3425 4626 France,
3448 4579 3530 4619 soit
3550 4580 3656 4622 dans
3679 4580 3736 4622 les
3760 4594 3864 4634 pays
3883 4584 4100 4632 étrangers

3124 4630 3195 4670 Cet
3215 4643 3398 4682 ouvrage
3419 4642 3477 4671 est
3507 4633 3824 4686 indispensable
3858 4648 3911 4675 au
3947 4648 4203 4686 commerce,

3072 4683 3094 4720 à
3119 4682 3356 4726 l’industrie
3376 4691 3416 4726 et
3435 4697 3519 4727 aux
3539 4687 3926 4730 administrations.

3259 4775 3462 4815 PRIME
3494 4778 3535 4816 A
3567 4776 3687 4817 NOS
3718 4771 4016 4819 ABONNÉS

3125 4850 3203 4890 Par
3233 4851 3344 4892 suite
3375 4851 3479 4891 d’un
3514 4860 3812 4903 arrangement
3843 4867 3943 4898 avec
3987 4856 4199 4907 l'éditeur,

3071 4914 3179 4943 nous
3199 4915 3383 4945 sommes
3403 4908 3424 4944 à
3452 4908 3591 4947 même
3624 4908 3675 4947 de
3698 4908 3866 4948 fournir
3886 4918 3951 4951 cet
3971 4923 4158 4960 ouvrage
4179 4914 4203 4950 à

3074 4967 3146 4996 nos
3191 4956 3379 5000 abonnés
3426 4971 3476 4999 en
3519 4960 3575 5000 les
3612 4959 3768 5002 faisant
3804 4964 4034 5004 bénéficier
4074 4966 4200 5004 d’une

3072 5011 3223 5051 remise
3244 5014 3580 5063 exceptionnelle
3599 5016 3651 5055 de
3671 5017 3735 5058 20
3757 5028 3802 5068 p.
3830 5019 3939 5059 100.

3120 5063 3236 5104 Nous
3255 5064 3456 5114 adresser,
3479 5066 3584 5107 dans
3602 5079 3650 5108 ce
3670 5081 3755 5119 cas,
3793 5082 3848 5109 un
3886 5070 4202 5123 mandat-poste

3068 5115 3118 5156 de
3140 5118 3202 5158 20
3226 5118 3283 5159 fr.
3307 5131 3359 5159 au
3386 5131 3483 5159 nom
3508 5122 3558 5162 de
3580 5123 3748 5164 Bonal.

3263 5288 3345 5356 A
3409 5288 3991 5363 VENDRE

3064 5386 3373 5445 Une
3428 5402 4199 5462 campagne

3314 5494 3360 5554 A
3414 5492 3950 5560 SAINT-MARCEL

3166 5584 3462 5627 Ancienne
3512 5588 3763 5642 fabrique
3812 5589 3880 5630 de
3933 5592 4095 5636 tuiles

3368 5674 3474 5715 JOLI
3508 5674 3658 5716 POINT
3688 5674 3752 5715 DE
3784 5675 3882 5717 VUE

3062 5752 3256 5794 Très
3306 5756 3461 5792 k»on
3511 5766 3719 5807 pour
3774 5754 3846 5796 la
3900 5760 4196 5803 chasse

3155 5838 3562 5884 CONTENANCE
3596 5848 3606 5875 :
3643 5838 3811 5887 2-500
3843 5835 4090 5891 MÈTRES

3060 5919 3164 5972 Près
3190 5919 3226 5971 le
3248 5919 3436 5971 château
3460 5918 3510 5971 de
3536 5918 3591 5971 M.
3620 5919 3658 5974 le
3688 5923 3876 5992 marquis
3916 5924 3967 5976 de
4000 5924 4194 5982 Coriolis

3699 6071 3747 6103 Le
3767 6068 3904 6111 gérant
3926 6079 3936 6103 :
3960 6071 4104 6107 Bonal.

3055 6153 3166 6195 Impr.
3184 6155 3343 6196 spéciale
3366 6159 3416 6191 du
3434 6159 3526 6191 Lien
3555 6160 3609 6191 du
3627 6159 3812 6199 Mariage,
3828 6160 3947 6202 11,rue
3958 6163 4004 6196 de
4021 6164 4056 6198 la
4071 6166 4190 6199 Paix*
