4712 7064
2110 438 2192 484 LE
2228 436 2383 484 LIEN
2416 436 2507 482 DU
2542 428 2840 479 MARIAGE

776 794 831 835 Le
866 794 976 835 Lien
1013 792 1065 831 du
1100 790 1288 840 Mariage
1325 799 1368 827 se
1407 784 1516 827 vend
1551 796 1608 823 au
1648 781 1740 835 prix
1786 780 1839 821 de

707 851 754 891 10
776 847 983 889 centimes
1015 846 1120 884 dans
1154 847 1247 882 tous
1276 841 1336 880 les
1372 840 1574 891 kiosques
1592 838 1643 877 de
1667 836 1706 875 la
1727 835 1839 875 Ville

703 910 744 943 et
764 904 787 943 à
810 903 850 940 la
870 899 1099 947 Direction,
1123 896 1188 946 47,
1207 908 1283 935 rue
1304 895 1355 934 de
1378 895 1416 934 la
1436 894 1576 932 Darse.

757 986 870 1025 Dans
909 983 970 1023 les
1010 979 1236 1032 prochains
1271 979 1491 1026 numéros,
1513 986 1623 1015 nous
1647 974 1839 1014 réserve¬

704 1051 803 1079 rons
826 1050 883 1077 un
906 1037 1004 1076 tiers
1024 1035 1074 1074 de
1098 1044 1200 1084 page
1231 1045 1338 1084 pour
1367 1031 1430 1071 les
1462 1026 1841 1069 annonces-récla¬

706 1103 810 1142 mes,
834 1091 943 1130 mais
965 1099 1074 1128 nous
1094 1087 1411 1138 n’accepterons
1439 1088 1480 1123 et
1508 1079 1838 1122 recommande¬

706 1157 804 1186 rons
822 1156 907 1195 que
926 1142 1056 1183 celles
1086 1140 1164 1194 qui
1193 1143 1445 1180 émaneront
1473 1135 1547 1175 des
1579 1134 1769 1175 maisons
1790 1133 1840 1172 de

706 1199 942 1239 conliance.

763 1312 900 1352 Notice
923 1309 1055 1363 Office
1074 1323 1101 1348 a
1110 1307 1217 1361 pris
1226 1319 1351 1360 pour
1370 1304 1519 1344 devise
1539 1316 1553 1342 :
1577 1304 1621 1342 la
1642 1299 1837 1340 Probité.

707 1367 800 1406 Nos
820 1364 976 1404 clients
997 1364 1191 1416 peuvent
1228 1364 1319 1400 être
1344 1358 1592 1411 persuadés
1632 1355 1842 1394 d'avance

706 1433 787 1474 que
804 1432 915 1458 nous
935 1431 987 1456 ne
1007 1428 1194 1455 sommes
1205 1427 1291 1467 pas
1314 1414 1390 1452 des
1410 1412 1639 1451 brasseurs
1662 1406 1842 1460 d’affai¬

705 1487 789 1517 res,
813 1486 871 1512 au
892 1471 1043 1523 risque
1065 1471 1119 1508 de
1138 1469 1259 1521 faire
1282 1467 1358 1507 des
1376 1464 1670 1505 malheureux
1691 1475 1705 1507 ;
1746 1464 1843 1498 tous

704 1540 782 1567 nos
824 1526 974 1579 efforts
1018 1523 1225 1563 tendront
1275 1520 1482 1572 toujours
1526 1516 1552 1568 «
1599 1515 1720 1568 faire
1767 1514 1844 1551 des

706 1582 919 1629 heureux,
946 1581 1082 1618 même
1118 1590 1175 1616 au
1214 1574 1452 1614 détriment
1474 1572 1526 1611 de
1555 1583 1631 1608 nos
1655 1577 1846 1619 propres

707 1635 902 1674 intérêts.
952 1631 1111 1671 Toutes
1148 1642 1224 1668 nos
1261 1627 1443 1681 affaires
1480 1626 1626 1663 seront
1666 1619 1846 1659 traitées

708 1700 811 1727 avec
832 1687 876 1726 la
888 1687 999 1738 plus
1015 1683 1188 1735 grande
1202 1682 1460 1722 délicatesse
1474 1679 1515 1717 et
1531 1678 1571 1716 le
1576 1676 1684 1728 plus
1697 1671 1847 1726 grand

710 1740 1134 1780 désintéressement.

752 1962 896 2025 Avis
932 1959 968 2022 à
1006 1975 1104 2021 nos
1148 1957 1348 2020 clients
1388 1955 1448 2015 de
1492 1949 1808 2014 l’extérieur

766 2131 824 2170 La
862 2128 1075 2169 Direction
1114 2126 1266 2167 envoie
1302 2124 1464 2171 franco,
1487 2131 1587 2160 sous
1616 2116 1848 2170 enveloppe

715 2184 930 2232 cachetée,
964 2192 1063 2222 sans
1098 2190 1242 2220 aucun
1282 2178 1402 2226 signe
1442 2172 1668 2221 extérieur,
1706 2178 1848 2212 contre

715 2240 764 2278 00
787 2248 823 2278 c.
860 2248 912 2275 en
949 2234 1282 2282 timbres-poste,
1322 2240 1376 2267 un
1420 2238 1690 2279 programme
1730 2226 1850 2264 indi¬

714 2295 850 2343 quant
872 2290 930 2328 les
950 2287 1194 2328 conditions
1223 2283 1274 2323 de
1315 2281 1467 2322 l’Office
1490 2287 1528 2320 et
1550 2292 1608 2320 un
1630 2280 1850 2332 question¬

715 2343 832 2383 naire
854 2343 958 2382 écrit
988 2338 1147 2390 auquel
1186 2338 1364 2378 devront
1403 2336 1611 2387 répondre
1656 2334 1715 2372 les
1758 2343 1851 2383 per¬

714 2407 868 2436 sonnes
888 2393 965 2446 qui
986 2394 1236 2432 s’adressent
1257 2392 1280 2431 à
1304 2402 1411 2430 nous
1434 2395 1472 2428 et
1494 2388 1572 2439 qui
1595 2386 1772 2427 veulent
1806 2397 1848 2427 se

716 2448 891 2489 marier.

771 2502 847 2542 Les
870 2511 1096 2551 personnes
1116 2498 1193 2551 qui
1215 2510 1267 2536 ne
1287 2500 1382 2536 sont
1403 2507 1475 2546 pas
1504 2495 1731 2544 abonnées,
1755 2498 1849 2534 sont

719 2555 856 2607 priées
875 2555 927 2594 de
946 2552 1114 2605 joindre
1137 2555 1162 2591 à
1182 2551 1277 2591 leur
1299 2549 1420 2590 lettre
1443 2561 1501 2589 un
1543 2548 1850 2598 timbre-poste

719 2620 827 2660 pour
850 2608 887 2647 la
908 2611 1100 2657 réponse,
1123 2603 1207 2645 afin
1231 2603 1443 2644 d’obtenir
1480 2603 1542 2642 les
1587 2606 1728 2642 autres
1750 2612 1851 2640 ren¬

718 2663 1007 2712 seignements
1025 2658 1155 2711 qu’ils
1176 2666 1363 2710 peuvent
1384 2658 1559 2698 désirer.

773 2717 850 2755 Les
870 2724 1098 2766 personnes
1118 2714 1360 2762 étrangères
1395 2712 1420 2750 à
1458 2710 1500 2749 la
1539 2708 1640 2748 ville
1677 2707 1756 2760 qui
1795 2719 1851 2748 ne

722 2768 972 2808 voudraient
994 2779 1066 2818 pas
1087 2766 1192 2805 faire
1215 2778 1272 2804 un
1295 2775 1456 2816 aoyage
1475 2764 1499 2803 à
1516 2762 1728 2803 Marseille
1746 2773 1851 2812 pour

718 2827 858 2862 entrer
896 2833 946 2860 en
984 2820 1187 2859 relations
1222 2830 1322 2858 avec
1363 2818 1402 2856 la
1432 2827 1646 2868 pevsonne
1684 2815 1848 2855 choisie

718 2876 823 2915 dans
844 2875 903 2914 les
923 2872 1124 2914 colonnes
1145 2872 1200 2911 du
1222 2872 1328 2911 Lien
1349 2871 1400 2910 du
1418 2870 1621 2923 Mariage,
1639 2870 1852 2908 voudront

720 2930 819 2968 bien
859 2938 968 2967 nous
1006 2927 1196 2967 adresser
1228 2926 1322 2965 leur
1358 2923 1668 2975 photographie
1687 2935 1695 2969 ;
1743 2931 1852 2960 nous

718 2982 812 3022 leur
834 2980 1112 3032 indiquerons
1132 2991 1208 3030 par
1230 2979 1334 3020 écrit
1358 2978 1395 3018 le
1416 2987 1576 3027 moyen
1592 2976 1776 3016 d’entrer
1799 2984 1851 3014 en

718 3034 923 3075 relations
940 3044 1041 3073 avec
1064 3034 1103 3071 la
1124 3043 1333 3084 personne
1354 3030 1519 3070 choisie
1535 3042 1588 3068 ou
1612 3039 1712 3068 avec
1735 3033 1851 3067 toute

719 3095 839 3128 autre
860 3098 1065 3136 personne
1085 3087 1136 3126 de
1159 3097 1235 3126 nos
1256 3084 1492 3124 nombreux
1514 3082 1716 3128 abonnés,
1750 3080 1853 3119 dont

719 3142 855 3193 grand
875 3140 1052 3180 nombre
1075 3151 1128 3180 ne
1147 3140 1334 3190 figurent
1355 3150 1430 3188 pas
1450 3136 1555 3176 dans
1578 3135 1615 3175 le
1636 3132 1822 3186 journal.

788 3365 1060 3436 AUX
1136 3355 1792 3432 FAMILLES

775 3539 892 3579 Nous
912 3548 964 3576 ne
986 3536 1179 3575 donnons
1199 3543 1368 3572 aucune
1390 3534 1500 3571 suite
1522 3542 1604 3570 aux
1625 3528 1856 3569 demandes

719 3592 794 3631 des
815 3599 1044 3640 personnes
1063 3587 1298 3636 divorcées,
1320 3586 1356 3625 si
1382 3584 1417 3624 le
1437 3584 1662 3636 jugement
1683 3583 1753 3622 n’a
1783 3594 1856 3634 pas

720 3645 786 3686 été
808 3643 1019 3695 prononcé
1039 3640 1312 3683 absolument
1337 3651 1390 3679 en
1411 3638 1506 3680 leur
1523 3638 1691 3679 faveur.

774 3715 890 3756 Nous
927 3727 979 3754 ne
1015 3726 1124 3754 nous
1161 3723 1376 3764 occupons
1408 3723 1492 3763 que
1523 3711 1595 3751 des
1626 3722 1855 3762 personnes

722 3768 978 3811 nonorables
997 3774 1036 3808 et
1058 3768 1089 3807 il
1110 3774 1173 3808 est
1198 3766 1354 3807 inutile
1378 3766 1430 3806 de
1450 3776 1494 3807 se
1514 3766 1731 3816 présenter
1751 3764 1854 3804 chez

722 3835 831 3864 nous
850 3836 904 3863 ou
927 3824 978 3863 de
1003 3834 1111 3863 nous
1131 3822 1236 3862 faire
1258 3819 1430 3872 appeler
1451 3822 1474 3859 à
1496 3819 1699 3859 domicile
1730 3819 1766 3859 si
1799 3830 1854 3859 ou

722 3888 774 3918 ne
795 3876 946 3918 réalise
971 3888 1040 3927 pas
1060 3880 1167 3916 cette
1190 3874 1423 3915 condition.

776 3949 854 3988 Les
890 3959 1121 3999 personnes
1152 3947 1231 3998 qui
1263 3944 1518 3984 s’adressent
1547 3946 1570 3982 à
1606 3944 1648 3982 la
1687 3943 1854 3981 maison

722 4007 815 4042 sont
831 4002 968 4053 priées
983 4000 1032 4046 de
1047 3999 1214 4051 joindre
1232 4009 1290 4036 un
1307 3996 1460 4035 timbre
1478 4007 1587 4046 pour
1602 3996 1641 4034 la
1656 3996 1832 4043 réponse
1845 4006 1854 4041 ;

720 4060 835 4096 toute
859 4054 978 4095 lettre
999 4064 1087 4093 non
1107 4048 1344 4092 affranchie
1366 4054 1427 4088 est
1448 4047 1631 4088 refusée.

774 4127 835 4167 On
873 4132 934 4166 est
971 4123 1065 4175 prié
1098 4123 1150 4162 de
1181 4120 1350 4172 joindre
1382 4123 1532 4158 autant
1560 4130 1645 4168 que
1673 4115 1857 4166 possible

723 4190 806 4219 une
827 4176 1138 4230 photographie
1159 4180 1199 4215 et
1216 4175 1268 4215 de
1288 4174 1451 4215 donner
1471 4171 1683 4225 quelques
1703 4168 1859 4210 détails

722 4243 796 4272 sur
836 4232 874 4272 la
906 4231 1111 4272 situation
1146 4229 1196 4269 de
1232 4228 1403 4269 fortune
1436 4227 1486 4267 de
1523 4226 1561 4266 la
1599 4236 1806 4276 personne
1834 4225 1858 4263 à

722 4284 892 4324 marier.

776 4363 886 4402 Pour
906 4374 1015 4403 nous
1034 4361 1168 4402 éviter
1190 4359 1263 4398 des
1292 4356 1562 4406 recherches,
1589 4356 1648 4396 les
1680 4366 1858 4406 person¬

722 4426 796 4455 nes
834 4418 909 4467 qui
944 4415 1084 4455 feront
1120 4424 1178 4453 un
1212 4410 1338 4451 choix
1358 4411 1463 4450 dans
1488 4410 1546 4448 les
1575 4408 1779 4447 colonnes
1799 4408 1858 4446 du

723 4469 831 4508 Lien
860 4468 912 4508 du
942 4467 1133 4520 Mariage
1139 4498 1148 4515 ,
1172 4464 1291 4504 n’ont
1311 4463 1412 4514 qu’à
1443 4472 1552 4501 nous
1584 4459 1781 4512 rappeler
1819 4459 1859 4498 le

723 4523 903 4562 numéro
923 4522 999 4575 qui
1023 4519 1199 4572 précède
1223 4518 1262 4557 la
1283 4514 1562 4569 proposition.

775 4586 887 4627 Tous
925 4588 984 4628 les
1026 4584 1391 4635 renseignements
1430 4580 1594 4622 donnés
1634 4591 1707 4632 par
1751 4588 1860 4619 nous

722 4645 817 4679 sont
836 4642 1030 4688 gratuits.

778 4714 832 4754 La
867 4718 1226 4768 correspondance
1267 4720 1327 4756 est
1366 4714 1556 4755 adressée
1588 4723 1690 4753 sous
1728 4723 1859 4752 enve¬

724 4779 846 4819 loppe
866 4769 1094 4819 ordinaire,
1118 4782 1215 4811 sans
1250 4780 1421 4810 aucune
1453 4767 1708 4816 inscription
1743 4766 1856 4807 exté¬

722 4822 864 4861 rieure
883 4826 1004 4860 autre
1023 4834 1107 4874 que
1130 4823 1328 4864 l’adresse
1348 4822 1400 4862 de
1421 4822 1461 4860 la
1486 4831 1708 4871 personne.

776 4891 851 4931 Les
884 4891 1072 4932 abonnés
1100 4894 1215 4934 seuls
1246 4899 1319 4934 ont
1350 4892 1460 4933 droit
1483 4893 1506 4931 à
1536 4903 1619 4931 une
1652 4889 1855 4931 insertion

720 4944 772 4984 de
802 4946 899 4995 cinq
935 4944 1082 4994 lignes,
1106 4946 1235 4996 qu’ils
1267 4947 1510 4997 rédigeront
1530 4946 1554 4984 à
1580 4944 1674 4984 leur
1704 4954 1859 4982 conve¬

722 5008 875 5038 nance.

778 5070 852 5108 Les
874 5069 1203 5120 photographies
1223 5076 1262 5110 et
1284 5078 1427 5111 autres
1460 5072 1600 5122 pièces
1630 5071 1815 5111 confiées
1836 5069 1859 5107 à

722 5122 763 5161 la
786 5122 942 5162 Maison
964 5127 1058 5162 sont
1079 5122 1263 5163 rendues
1298 5135 1379 5163 aux
1415 5124 1642 5165 intéressés
1670 5124 1790 5174 après
1818 5122 1858 5161 la

722 5174 983 5216 célébration
1004 5176 1062 5215 du
1085 5175 1291 5227 mariage.

776 5251 854 5291 Les
876 5263 1102 5302 personnes
1122 5253 1198 5304 qui
1218 5258 1312 5292 sont
1334 5254 1562 5294 satisfaites
1582 5256 1632 5295 de
1662 5267 1735 5295 nos
1763 5267 1858 5295 ser¬

724 5307 838 5346 vices
860 5304 1068 5344 voudront
1090 5303 1188 5343 bien
1205 5307 1539 5358 communiquer
1559 5315 1674 5348 notre
1690 5310 1858 5348 adresse

722 5362 747 5399 à
767 5359 883 5398 leurs
902 5357 1027 5406 amis,
1051 5363 1308 5407 promettant
1329 5359 1380 5398 de
1402 5359 1580 5410 remplir
1608 5360 1648 5399 le
1684 5360 1860 5400 mandat

722 5411 830 5465 qu’il
880 5421 988 5451 nous
1036 5410 1295 5461 donneront,
1346 5423 1402 5451 au
1449 5412 1596 5452 mieux
1643 5412 1695 5452 de
1746 5414 1860 5454 leurs

724 5466 916 5506 intérêts.

779 5542 947 5583 Ouvert
985 5542 1083 5578 tous
1121 5536 1180 5579 les
1202 5539 1336 5591 jours
1367 5540 1421 5579 de
1453 5542 1484 5579 2
1507 5543 1534 5579 à
1555 5543 1583 5580 8
1603 5542 1764 5582 heures
1795 5544 1859 5583 du

722 5597 816 5638 soir
823 5610 831 5642 ,
854 5599 895 5635 et
918 5596 980 5635 les
999 5591 1257 5632 dimanches
1266 5592 1456 5647 jusqu’à
1478 5594 1595 5635 midi

764 5768 1204 5851 FORMALITÉS
1252 5775 1426 5842 POUR
1474 5779 1820 5846 MARIAGES

776 5963 854 6004 Les
903 5956 1191 6014 publierions
1230 5953 1280 5992 de
1322 5951 1512 6000 mariage
1558 5954 1730 5994 doivent
1775 5956 1861 5995 être

724 6019 848 6059 faites
869 6018 893 6056 à
916 6018 955 6056 la
976 6011 1123 6054 Mairie
1142 6007 1253 6048 deux
1283 6004 1539 6044 dimanches
1558 6007 1608 6046 de
1629 6007 1739 6047 suite
1763 6014 1802 6048 et
1822 6008 1861 6047 le

724 6071 914 6120 mariage
956 6080 1007 6108 ne
1048 6068 1149 6116 peut
1190 6060 1311 6100 avoir
1345 6058 1431 6098 lieu
1473 6070 1558 6110 que
1595 6072 1696 6100 onze
1743 6060 1863 6111 jours

723 6126 868 6167 francs
887 6123 1008 6175 après
1032 6120 1070 6160 la
1094 6116 1303 6170 première
1324 6111 1589 6162 publication
1606 6140 1611 6152 .

1964 611 2007 651 Si
2031 610 2068 650 le
2089 608 2295 650 domicile
2316 607 2423 647 n’est
2443 616 2516 656 pas
2550 603 2683 644 établi
2717 612 2792 652 par
2830 599 2894 639 six
2932 596 3043 635 mois

1911 664 1962 704 de
1986 664 2218 711 résidence,
2236 664 2295 703 les
2316 659 2605 712 publications
2622 658 2799 696 devront
2814 655 2900 694 être
2920 650 3045 688 faites

1911 720 1935 758 à
1974 718 2014 758 la
2052 715 2355 767 municipalité
2394 714 2450 752 du
2492 711 2660 752 dernier
2694 706 2896 749 domicile
2922 710 2962 743 et
2991 714 3042 742 en

1911 779 2031 811 outre
2070 783 2122 810 au
2163 768 2366 809 domicile
2399 767 2450 806 de
2483 776 2590 805 ceux
2616 774 2715 803 sous
2750 762 2788 800 la
2820 759 3043 811 puissance

1912 824 2109 876 desquels
2128 835 2171 864 se
2209 826 2407 863 trouvent
2444 819 2504 859 les
2535 816 2690 867 parties
2719 816 3040 855 contractantes.

1965 912 2108 954 Pièces
2127 914 2151 952 à
2172 911 2373 964 produire
2394 910 2418 948 à
2435 908 2476 947 la
2498 904 2643 947 Mairie
2660 916 2670 944 :

1969 1003 2004 1042 1°
2035 1001 2171 1040 L'acte
2191 1000 2242 1039 de
2260 999 2480 1039 naissance
2498 995 2571 1035 des
2585 992 2695 1031 deux
2710 990 2854 1029 futurs
2866 987 3047 1028 dûment

1915 1054 2112 1106 légalisés
2135 1067 2144 1103 ;

1966 1122 2003 1160 2°
2025 1120 2079 1159 Le
2100 1121 2420 1159 consentement
2442 1111 2604 1155 notarié
2623 1110 2696 1151 des
2713 1108 2830 1159 pères
2851 1110 2891 1146 et
2912 1104 3048 1144 mères

1912 1175 1990 1226 qui
2031 1186 2082 1212 ne
2123 1178 2307 1223 peuvent
2348 1170 2384 1210 le
2417 1170 2582 1208 donner
2619 1162 2909 1204 verbalement
2943 1159 2968 1196 à
3009 1156 3049 1195 la

1915 1227 2059 1267 Mairie
2080 1238 2135 1266 au
2158 1231 2350 1264 moment
2370 1223 2419 1263 de
2442 1223 2563 1260 l’acte
2586 1219 2642 1258 du
2665 1214 2854 1263 mariage
2878 1223 2886 1262 ;

1968 1294 2005 1332 3°
2035 1292 2077 1331 Si
2099 1291 2138 1331 le
2159 1292 2256 1341 père
2278 1294 2318 1330 et
2341 1289 2379 1328 la
2402 1290 2518 1327 mère
2538 1288 2632 1325 sont
2662 1280 2856 1327 décédés,
2879 1288 2933 1316 ou
2960 1274 3048 1312 l’un

1915 1346 2055 1392 d’eux,
2079 1344 2110 1383 il
2130 1344 2222 1384 faut
2243 1342 2411 1383 fournir
2430 1342 2524 1380 leur
2544 1344 2635 1378 acte
2651 1336 2702 1376 de
2722 1334 2848 1374 décès
2867 1331 3051 1371 dûment

1916 1398 2093 1449 légalisé
2116 1411 2126 1447 ;

1969 1464 2006 1503 4°
2038 1464 2146 1504 Dans
2166 1463 2203 1502 le
2224 1474 2295 1503 cas
2315 1462 2365 1501 de
2386 1460 2510 1500 décès
2531 1456 2603 1496 des
2635 1458 2731 1507 père
2762 1459 2801 1492 et
2830 1451 2960 1498 mère,
2983 1446 3049 1487 s’il

1919 1518 2048 1556 existe
2090 1528 2146 1556 un
2187 1516 2440 1567 grand-père
2472 1524 2526 1551 ou
2569 1522 2651 1550 une
2679 1506 2963 1558 grand’mère,
2994 1513 3051 1540 ou

1918 1571 2074 1612 arrière
2115 1570 2371 1620 grand-père
2406 1572 2446 1606 et
2475 1563 2631 1604 arrière
2652 1560 2934 1614 grand’mère,
2958 1555 3052 1594 leur

1919 1630 2240 1664 consentement
2262 1628 2321 1662 est
2342 1617 2592 1660 nécessaire.

1973 1678 2083 1716 Pour
2114 1688 2175 1716 un
2203 1675 2379 1714 mineur
2402 1686 2411 1713 :

1980 1749 2010 1787 1°
2048 1748 2082 1786 Il
2123 1747 2215 1786 faut
2255 1744 2295 1784 la
2331 1744 2530 1795 présence
2566 1754 2620 1781 ou
2657 1739 2695 1779 le
2731 1738 3055 1778 consentement

1922 1800 2084 1842 notarié
2109 1799 2167 1839 du
2187 1803 2332 1838 tuteur
2352 1810 2362 1848 ;

1974 1867 2013 1905 2°
2042 1866 2131 1904 Une
2166 1863 2448 1906 délibération
2490 1863 2546 1903 du
2591 1859 2756 1902 Conseil
2795 1858 2846 1898 de
2886 1853 3055 1895 famille

1924 1919 2115 1970 lorsqu’il
2147 1919 2267 1970 s’agit
2300 1919 2403 1959 d’un
2438 1916 2635 1968 orphelin
2656 1916 2706 1955 de
2728 1915 2827 1964 père
2848 1915 2888 1951 et
2908 1920 2994 1962 que
3018 1908 3054 1948 la

1923 1974 2037 2013 mère
2056 1986 2110 2012 ou
2135 1972 2307 2012 l’aïeule
2328 1978 2423 2013 sont
2444 1971 2620 2011 tutrices
2644 1983 2654 2018 ;

1975 2026 2086 2066 Dans
2107 2038 2251 2067 aucun
2271 2038 2357 2075 cas,
2382 2036 2442 2064 un
2463 2024 2636 2063 mineur
2656 2031 2709 2060 ne
2731 2022 2833 2068 peut
2861 2018 3055 2056 contrac¬

1924 2086 1984 2120 ter
2004 2080 2194 2131 mariage
2215 2091 2311 2119 sans
2336 2079 2372 2118 le
2394 2078 2712 2118 consentement
2734 2072 2784 2111 de
2804 2080 2870 2111 ses
2890 2071 3059 2119 parents

1922 2147 1974 2174 ou
1999 2139 2179 2174 tuteurs.

1976 2199 2015 2238 5°
2045 2198 2123 2239 Les
2143 2196 2266 2238 veufs
2286 2196 2458 2237 doivent
2480 2195 2679 2248 produire
2700 2192 2823 2234 l’acte
2852 2190 2904 2230 de
2934 2187 3059 2228 décès

1925 2251 2099 2303 légalisé
2120 2251 2170 2292 de
2192 2251 2284 2292 leur
2306 2251 2496 2303 conjoint
2518 2248 2675 2291 décédé
2700 2259 2708 2297 ;

1978 2319 2014 2359 6°
2044 2318 2106 2358 Un
2144 2318 2350 2360 certificat
2388 2316 2439 2356 de
2480 2315 2502 2355 6
2542 2312 2652 2354 mois
2690 2311 2741 2351 de
2779 2307 2998 2348 résidence
3035 2304 3059 2343 à

1923 2372 2148 2422 Marseille,
2170 2371 2334 2411 délivré
2355 2382 2428 2419 par
2447 2368 2486 2408 le
2507 2363 2804 2408 commissaire
2829 2360 2880 2399 de
2904 2357 3056 2407 police,

1923 2439 2031 2479 pour
2050 2426 2111 2466 les
2131 2434 2362 2476 personnes
2380 2422 2457 2474 qui
2478 2422 2551 2475 n’y
2572 2423 2666 2460 sont
2687 2426 2760 2467 pas
2779 2415 2880 2454 nées
2901 2423 2911 2460 ;

1976 2494 2014 2531 7°
2034 2491 2094 2531 On
2115 2490 2203 2530 doit
2224 2487 2408 2539 justifier
2428 2487 2478 2526 de
2499 2499 2544 2527 sa
2563 2481 2792 2524 libération
2816 2479 2874 2518 du
2896 2474 3059 2516 service

1924 2544 2147 2592 militaire,
2170 2542 2251 2583 soit
2271 2555 2345 2603 par
2364 2552 2442 2582 son
2462 2538 2612 2590 congé,
2634 2536 2716 2576 soit
2738 2544 2812 2585 par
2840 2542 2901 2571 un
2934 2527 3059 2568 certi¬

1924 2599 2023 2639 ficat
2043 2598 2095 2638 de
2115 2596 2343 2639 libération
2368 2607 2379 2646 ;

1976 2664 2015 2704 8°
2043 2664 2103 2703 En
2124 2668 2246 2704 outre
2267 2663 2340 2703 des
2362 2660 2502 2711 pièces
2522 2656 2730 2699 énoncées
2751 2650 2979 2695 ci-dessus,
3000 2646 3062 2684 les

1923 2730 2156 2770 personnes
2175 2716 2395 2755 divorcées
2414 2712 2595 2751 devront
2615 2704 2814 2759 produire
2835 2713 2894 2742 un
2913 2697 3062 2739 extrait

1923 2772 1978 2811 du
2002 2771 2227 2823 jugement
2247 2766 2458 2818 ainsique
2476 2764 2597 2803 l’acte
2612 2762 2670 2799 du
2692 2759 2862 2799 divorce
2880 2754 3062 2794 dûment

1924 2824 2155 2874 enregistré
2176 2828 2216 2863 et
2239 2819 2434 2860 transcrit
2454 2819 2474 2856 à
2499 2816 2539 2856 la
2562 2813 2706 2855 Mairie
2730 2823 2739 2862 ;

1978 2890 2015 2929 9°
2046 2888 2231 2939 Lorsque
2270 2886 2332 2925 les
2370 2886 2539 2934 parents
2583 2879 2771 2918 refusent
2818 2875 2871 2914 de
2899 2873 3063 2912 donner

1925 2942 2020 2982 leur
2044 2941 2364 2980 consentement
2384 2948 2439 2975 au
2460 2934 2650 2982 mariage
2687 2930 2815 2968 d’une
2858 2936 3062 2977 personne

1927 2994 2134 3044 majeure,
2156 2991 2188 3032 il
2220 2996 2321 3042 peut
2362 2990 2450 3029 être
2486 2987 2606 3038 passé
2635 2990 2754 3024 outre
2776 2995 2830 3022 au
2854 2979 3059 3030 mariage,

1925 3048 2048 3099 après
2066 3046 2160 3086 leur
2178 3044 2297 3084 avoir
2318 3042 2395 3082 fait
2417 3042 2490 3080 des
2511 3046 2623 3080 actes
2645 3039 2696 3078 de
2715 3040 2878 3086 respect
2898 3032 3062 3075 variant

1927 3101 1978 3140 de
2000 3112 2055 3141 un
2080 3100 2103 3139 à
2126 3098 2225 3139 trois
2258 3103 2297 3136 et
2332 3096 2454 3136 s’être
2480 3092 2697 3133 conformé
2731 3102 2812 3128 aux
2851 3087 3062 3140 prescrip¬

1928 3155 2039 3194 tions
2059 3154 2132 3192 des
2151 3156 2228 3191 art.
2255 3150 2328 3190 144
2351 3154 2390 3189 et
2416 3147 2487 3187 154
2508 3146 2563 3187 du
2587 3144 2690 3186 code
2710 3143 2812 3183 civil
2836 3155 2846 3192 ;

1986 3219 2044 3258 10°
2074 3219 2186 3256 Pour
2208 3215 2246 3254 la
2266 3214 2464 3266 question
2482 3212 2555 3252 des
2575 3208 2839 3251 cérémonies
2859 3207 3060 3258 religieu¬

1928 3284 2007 3323 ses,
2030 3271 2252 3311 s’adresser
2272 3268 2444 3308 suivant
2474 3266 2513 3308 le
2543 3264 2658 3306 culte
2678 3266 2702 3304 à
2724 3263 2764 3303 la
2786 3262 2984 3315 paroisse,
3004 3273 3059 3303 au

1928 3324 2174 3367 consistoire
2195 3327 2426 3375 protestant
2446 3334 2500 3362 ou
2523 3332 2576 3360 au
2600 3320 2714 3360 culte
2735 3316 2935 3358 Israélite.

1982 3405 2153 3445 L’Office
2173 3403 2413 3451 Mondonet,
2434 3402 2500 3450 47,
2524 3412 2599 3440 rue
2628 3400 2679 3439 de
2712 3398 2750 3436 la
2786 3399 2927 3442 Darse,
2961 3399 3061 3443 peut

1928 3472 1971 3500 se
2004 3460 2180 3507 charger
2215 3457 2265 3495 de
2300 3459 2436 3494 toutes
2470 3450 2796 3491 les'formalités
2834 3446 2984 3487 civiles
3022 3450 3063 3484 et

1931 3511 2179 3561 religieuses
2199 3508 2235 3548 si
2259 3507 2316 3547 les
2336 3505 2488 3547 clients
2510 3503 2572 3544 lui
2594 3503 2779 3543 confient
2800 3512 2846 3542 ce
2868 3498 2975 3540 soin.

1984 3566 2148 3606 L’office
2172 3562 2394 3602 Mondonet
2424 3571 2476 3599 ne
2507 3556 2665 3611 perçoit
2703 3556 2776 3596 des
2815 3554 3061 3596 honoraires

1927 3620 2024 3674 qu’a
2031 3620 2123 3672 près
2146 3617 2185 3659 la
2207 3615 2468 3658 célébration
2490 3614 2547 3654 du
2571 3611 2772 3662 mariage.

2035 3806 2587 3879 RENSEIGNEMENTS
2639 3791 2951 3867 GÉNÉRAUX

1927 3912 2275 3956 concernant
2312 3909 2390 3949 les
2422 3906 2658 3947 Veuves
2688 3904 3063 3957 pensionnées

1983 4064 2102 4106 Gland
2120 4062 2298 4103 nombre
2319 4060 2370 4100 de
2390 4059 2536 4099 dames
2555 4056 2766 4107 jouissant
2786 4056 2916 4095 d’une
2956 4068 3063 4106 pen¬

1930 4120 2023 4160 sion
2046 4119 2097 4159 de
2119 4116 2287 4158 retraite
2311 4127 2383 4166 par
2403 4114 2516 4154 suite
2535 4111 2592 4151 du
2615 4111 2739 4152 décès
2758 4111 2811 4150 de
2835 4110 2929 4150 leur
2955 4108 3065 4150 mari

1930 4178 2024 4215 sont
2062 4171 2318 4224 persuadées
2354 4166 2534 4221 qu’elles
2574 4164 2812 4216 perdraient
2846 4175 2915 4204 ces
2935 4164 3067 4204 droits

1931 4230 1954 4268 à
1973 4228 2014 4267 la
2036 4227 2204 4267 retraite
2235 4227 2269 4264 si
2304 4222 2408 4263 elles
2439 4219 2747 4262 contractaient
2780 4229 2864 4259 une
2884 4219 3064 4258 seconde

1930 4281 2081 4322 union.
2122 4279 2227 4318 C’est
2262 4288 2344 4315 une
2376 4272 2582 4323 profonde
2610 4284 2754 4312 erreur
2774 4272 2809 4311 si
2831 4283 2900 4311 ces
2920 4272 3066 4312 dames

1930 4339 2024 4375 sont
2061 4331 2343 4384 pensionnées
2379 4326 2430 4366 de
2468 4326 2591 4366 l’Etat
2614 4339 2622 4375 ;
2655 4338 2725 4366 car
2762 4330 2868 4364 cette
2888 4324 3063 4375 pension

1931 4388 2036 4426 n’est
2076 4395 2150 4435 pas
2190 4392 2272 4420 une
2312 4380 2479 4427 faveur,
2522 4379 2622 4418 c’est
2659 4390 2715 4416 un
2751 4379 2860 4416 droit
2886 4378 3067 4430 qu’elles

1934 4440 2125 4478 tiennent
2145 4446 2196 4475 en
2220 4438 2337 4472 vertu
2360 4432 2489 4471 d’une
2520 4431 2594 4471 loi.
2638 4431 2691 4470 La
2722 4429 2778 4470 loi
2798 4430 2856 4470 du
2878 4431 3066 4483 mariage

1931 4493 2048 4532 étant
2086 4486 2448 4528 essentiellement
2476 4483 2651 4535 morale,
2676 4495 2727 4524 ne
2768 4491 2867 4535 peut
2907 4486 3067 4527 édicter

1932 4545 2006 4584 des
2043 4540 2407 4594 empêchements,
2431 4538 2504 4579 des
2530 4537 2736 4579 obstacles
2768 4551 2822 4578 au
2859 4539 3063 4592 mariage,

1931 4611 2000 4640 ces
2020 4594 2370 4646 empêchements
2404 4592 2586 4634 seraient
2625 4592 2867 4635 considérés
2896 4606 3064 4636 comme

1931 4654 2176 4692 immoraux
2197 4654 2237 4687 et
2258 4660 2334 4698 par
2354 4651 2616 4698 conséquent
2637 4647 2870 4688 contraires
2887 4650 2911 4688 à
2927 4648 2967 4688 la
2990 4651 3062 4691 loi.

1931 4708 2008 4748 Les
2048 4713 2206 4744 veuves
2244 4699 2563 4751 pensionnaires
2594 4699 2644 4739 de
2674 4700 2795 4740 l’Etat
2816 4713 2868 4741 ne
2891 4703 3066 4752 perdent

1931 4763 2039 4802 donc
2063 4771 2135 4812 pas
2155 4757 2249 4798 leur
2268 4752 2446 4815 pension
2484 4752 2528 4791 ni
2559 4764 2634 4802 par
2666 4764 2724 4792 un
2746 4755 2916 4804 second,
2942 4758 2984 4795 ni
3008 4767 3066 4796 un

1934 4815 2149 4856 troisième
2171 4808 2375 4859 mariage.

1986 4869 2062 4908 Les
2082 4876 2240 4908 veuves
2260 4860 2542 4916 pensionnées
2563 4870 2636 4910 par
2660 4858 2723 4899 les
2751 4859 3068 4910 départements

1932 4927 2119 4972 peuvent
2156 4919 2296 4960 seules
2335 4916 2427 4955 voir
2463 4912 2707 4964 supprimer
2744 4919 2851 4952 cette
2891 4915 3066 4963 pension

1932 4986 2006 5027 par
2029 4986 2085 5012 un
2106 4974 2260 5012 second
2300 4970 2488 5019 mariage
2526 4967 2632 5007 dans
2664 4966 2847 5006 certains
2880 4977 2950 5006 cas
2970 4972 3010 5006 et
3031 4967 3067 5007 si

1932 5033 2039 5070 cette
2072 5026 2248 5078 pension
2284 5038 2308 5063 a
2338 5024 2403 5064 été
2432 5022 2634 5064 accordée
2654 5021 2679 5060 à
2703 5018 2796 5061 titre
2817 5019 2868 5060 de
2898 5030 3068 5060 secours

1932 5080 2200 5131 temporaire.

1986 5134 2223 5182 D’ailleurs,
2251 5130 2286 5170 le
2308 5129 2403 5168 titre
2424 5128 2474 5168 de
2498 5130 2671 5179 pension
2695 5134 2810 5182 porte
2831 5139 2883 5170 en
2904 5142 3063 5182 marge,

1932 5203 1986 5232 en
2006 5195 2144 5230 toutes
2166 5187 2322 5235 lettres,
2350 5195 2419 5225 ces
2438 5183 2639 5223 réserves.

1933 5377 2309 5479 OFFRES
2393 5376 2505 5476 DE
2581 5368 3065 5475 MARIAGES

2108 5567 2528 5612 DEMOISELLES
2566 5564 2632 5610 ET
2666 5564 2898 5608 VEUVES

1986 5717 2078 5758 401.
2103 5742 2152 5747 —
2189 5716 2462 5763 Demoiselle,
2495 5715 2546 5756 30
2584 5726 2675 5759 ans.
2715 5712 2931 5762 instruite,
2970 5712 3068 5751 bien

1934 5771 2092 5818 élevée,
2130 5771 2216 5811 fille
2240 5772 2416 5824 unique,
2441 5770 2602 5808 femme
2622 5767 2888 5814 d’intérieur,
2930 5766 3070 5815 possé¬

1933 5824 2034 5864 dant
2054 5824 2174 5872 2,000
2195 5824 2265 5874 fr.,
2291 5838 2348 5864 un
2370 5825 2478 5864 beau
2500 5828 2737 5867 trousseau,
2770 5820 3018 5868 espérances
3045 5819 3068 5858 à

1934 5877 2055 5918 venir
2074 5878 2221 5928 30,000
2241 5879 2312 5928 fr.,
2335 5891 2378 5919 se
2399 5875 2589 5918 mettrait
2608 5875 2633 5912 à
2655 5874 2695 5913 la
2716 5875 2798 5914 tête
2817 5872 2921 5912 d’un
2939 5885 3064 5914 com¬

1935 5942 2089 5971 merce.

1986 6006 2078 6048 402.
2104 6031 2151 6036 —
2172 6006 2441 6058 Demoiselle,
2463 6007 2513 6046 47
2534 6015 2626 6054 ans,
2655 6003 2827 6043 fortune
2853 6003 2970 6054 1,500
2992 6006 3066 6056 fr.,

1933 6066 2064 6110 ayant
2086 6072 2140 6099 un
2160 6071 2399 6100 commerce
2430 6063 2483 6100 de
2518 6056 2736 6106 mercerie,
2762 6070 2820 6096 un
2842 6058 2948 6099 beau
2973 6072 3068 6099 mo¬

1935 6112 2076 6162 bilier,
2099 6114 2338 6164 épouserait
2359 6124 2420 6153 un
2443 6112 2616 6154 ouvrier
2636 6123 2690 6151 ou
2714 6111 2890 6154 artisan.

3169 596 3260 635 406.
3284 619 3334 624 —
3359 595 3520 644 Veuve,
3562 592 3612 632 42
3646 602 3734 640 ans,
3762 590 3931 630 fortune
3972 591 4094 639 9,000
4114 589 4166 630 fr.
4204 600 4257 630 en

3116 650 3294 698 actions,
3318 647 3558 699 épouserait
3580 646 3683 699 petit
3703 643 3860 684 rentier
3880 655 3934 683 ou
3958 644 4132 684 artisan.

3170 731 3262 771 407.
3286 754 3334 759 —
3358 730 3628 780 Demoiselle,
3646 731 3695 771 46
3712 740 3802 778 ans,
3824 728 3996 768 fortune
4020 728 4168 780 12,000
4186 728 4258 780 fr.,

3120 784 3334 834 tailleuse,
3358 783 3603 834 épouserait
3624 796 3683 823 un
3706 783 3862 824 marin.

3172 873 3262 914 412.
3287 895 3338 902 —
3370 871 3528 919 Veuve,
3568 870 3618 911 49
3659 883 3750 918 ans,
3787 871 4034 918 cuisinière,
4088 870 4260 910 fortune

3123 928 3239 978 1,500
3254 927 3323 976 fr.,
3338 924 3579 977 épouserait
3595 935 3654 963 un
3670 924 3752 964 bon
3771 927 3945 967 ouvrier
3966 936 4021 966 ou
4036 922 4252 975 employé.

3174 1018 3264 1058 413.
3290 1040 3338 1046 —
3368 1012 3640 1062 Demoiselle,
3681 1012 3732 1052 45
3772 1025 3862 1062 ans,
3915 1015 4105 1056 titulaire
4155 1012 4259 1054 d’un

3119 1071 3283 1112 bureau
3306 1070 3357 1111 de
3379 1070 3515 1118 tabac,
3559 1066 3799 1119 épouserait
3831 1068 4032 1121 employé
4062 1081 4118 1110 ou
4152 1067 4259 1119 petit

3122 1125 3293 1164 rentier.

3175 1207 3266 1246 415.
3291 1229 3340 1236 —
3361 1206 3632 1256 Demoiselle,
3675 1207 3724 1247 35
3763 1216 3854 1255 ans,
3898 1203 4007 1244 belle
4031 1219 4258 1258 personne,

3123 1258 3222 1298 bien
3246 1259 3402 1308 élevée,
3442 1259 3612 1299 fortune
3646 1260 3767 1310 1,200
3788 1259 3858 1308 fr.,
3882 1268 4016 1310 gagne
4038 1260 4087 1299 80
4112 1261 4159 1302 fr.
4183 1274 4259 1314 par

3126 1311 3250 1359 mois,
3270 1312 3406 1352 désire
3423 1314 3604 1362 épouser
3623 1314 3728 1363 petit
3749 1312 3965 1366 employé.

3178 1400 3270 1439 418.
3298 1422 3344 1428 —
3383 1399 3653 1451 Demoiselle,
3690 1403 3791 1452 âgée
3826 1403 3876 1442 de
3899 1404 3947 1444 50
3970 1415 4059 1452 ans,
4084 1402 4263 1443 institu¬

3124 1454 3229 1494 trice
3259 1451 3380 1501 libre,
3422 1459 3554 1503 ayant
3592 1467 3674 1494 une
3710 1455 3955 1496 institution
3993 1468 4096 1496 avec
4134 1467 4178 1495 so
4184 1467 4263 1495 us-

3127 1511 3360 1552 maîtresse,
3402 1515 3537 1555 gagne
3571 1506 3694 1552 2,000
3730 1508 3783 1549 fr.
3824 1522 3896 1559 par
3935 1522 4004 1560 an,
4046 1510 4167 1560 6,000
4208 1508 4263 1548 fr.

3126 1559 3426 1608 d’économies,
3444 1559 3551 1599 beau
3569 1560 3784 1610 mobilier,
3803 1563 4043 1612 épouserait
4060 1563 4263 1616 employé

3126 1627 3181 1655 ou
3203 1614 3375 1655 rentier.

3180 1698 3271 1737 420.
3294 1719 3343 1726 —
3363 1695 3634 1746 Demoiselle,
3663 1695 3706 1736 19
3728 1707 3818 1744 ans,
3840 1696 3959 1747 jolie,
3983 1698 4081 1739 bien
4100 1702 4260 1753 élevée,

3128 1751 3298 1791 fortune
3319 1751 3466 1799 30,000
3490 1752 3540 1791 fr.
3564 1762 3616 1792 en
3639 1748 3871 1802 propriétés
3892 1762 3947 1790 ou
3970 1751 4148 1803 actions,
4171 1755 4260 1795 fille

3130 1804 3306 1856 unique,
3332 1804 3573 1855 épouserait
3595 1816 3655 1844 un
3678 1806 3762 1844 bon
3783 1803 4000 1855 employé.

3183 1888 3272 1930 431.
3299 1912 3344 1918 —
3365 1888 3527 1936 Veuve,
3551 1888 3600 1928 47
3622 1900 3711 1938 ans,
3733 1889 3832 1930 bien
3854 1888 4012 1939 élevée,
4035 1887 4147 1930 belle
4166 1899 4264 1939 per¬

3128 1955 3276 1991 sonne,
3300 1943 3467 1982 fortune
3491 1943 3660 1993 100,000
3683 1944 3754 1994 fr.,
3778 1943 4019 1995 épouserait
4047 1943 4266 1984 Monsieur

3130 2007 3180 2035 en
3199 2002 3369 2046 rapport
3389 1995 3508 2044 d’âge
3530 2002 3570 2035 et
3590 1997 3641 2035 de
3662 1998 3848 2036 fortune.

3184 2078 3275 2118 435.
3300 2100 3346 2106 —
3370 2077 3640 2126 Demoiselle,
3682 2079 3732 2119 26
3766 2090 3856 2126 ans,
3894 2078 3991 2119 bien
4015 2080 4172 2130 élevée,
4198 2083 4267 2122 fa¬

3131 2131 3252 2172 mille
3292 2132 3374 2171 très
3414 2130 3660 2180 honorable,
3702 2132 3772 2171 dot
3808 2131 3958 2179 65,000
3979 2131 4051 2180 fr.,
4086 2134 4267 2183 grandes

3131 2187 3380 2239 espérances
3395 2187 3516 2237 après
3535 2198 3602 2227 ses
3622 2191 3804 2239 parents,
3827 2185 4068 2238 épouserait
4083 2186 4265 2235 notaire,

3131 2242 3282 2287 avoué,
3323 2241 3524 2292 employé
3563 2241 3620 2280 du
3660 2247 3998 2291 gouvernement
4039 2250 4139 2280 avec
4162 2239 4268 2279 bons

3131 2297 3491 2347 appointements.

3185 2375 3263 2415 435
3281 2375 3364 2415 bis.
3387 2397 3437 2404 —
3477 2376 3748 2425 Demoiselle,
3777 2378 3828 2416 20
3849 2387 3940 2420 ans,
3971 2378 4062 2417 fille
4083 2379 4264 2431 unique,

3134 2428 3234 2468 bien
3271 2427 3430 2476 élevée,
3468 2427 3584 2478 jolie,
3630 2429 3700 2467 dot
3754 2430 3923 2476 100,000
3963 2427 4035 2476 fr.,
4087 2434 4267 2480 grandes

3134 2486 3394 2533 espérances,
3446 2479 3685 2530 épouserait
3732 2482 3946 2522 Monsieur
3993 2494 4043 2522 en
4095 2492 4266 2534 rapport

3134 2536 3268 2587 d’âge,
3290 2535 3560 2576 d’éducation
3582 2538 3623 2573 et
3650 2532 3703 2574 de
3723 2535 3895 2577 fortune
3914 2550 3970 2578 ou
3991 2536 4194 2586 employé
4214 2538 4266 2576 de

3138 2591 3270 2631 l’Etat.

3188 2674 3278 2713 436.
3304 2696 3354 2702 —
3375 2672 3644 2720 Demoiselle,
3660 2674 3710 2713 22
3727 2684 3817 2722 ans,
3840 2672 3959 2726 jolie,
3983 2674 4082 2715 bien
4104 2678 4263 2729 élevée,

3135 2728 3207 2767 dot
3227 2727 3348 2775 5,000
3366 2727 3421 2768 fr.
3459 2727 3511 2767 de
3547 2732 3700 2776 rentes,
3722 2728 3963 2780 épouserait
3983 2728 4196 2768 Monsieur
4213 2744 4267 2771 en

3136 2788 3304 2832 rapport
3324 2782 3443 2834 d’âge
3468 2787 3507 2820 et
3528 2781 3578 2821 de
3600 2781 3784 2824 fortune.

3188 2865 3279 2906 441.
3300 2890 3347 2895 —
3363 2866 3631 2915 Demoiselle,
3648 2867 3696 2908 34
3711 2879 3802 2917 ans,
3820 2868 3988 2909 fortune
4004 2868 4179 2919 900,000
4196 2867 4267 2916 fr.,

3138 2920 3375 2972 épouserait
3399 2920 3611 2961 Monsieur
3638 2933 3691 2962 en
3715 2930 3882 2974 rapport
3906 2922 4042 2972 d’âge,
4064 2930 4196 2975 ayant
4218 2922 4268 2963 de

3136 2975 3159 3015 2
3180 2976 3203 3015 à
3226 2974 3398 3024 300,000
3419 2974 3455 3014 fr
3479 3007 3487 3024 ,
3526 2975 3751 3016 donnerait
3774 2975 3812 3015 la
3834 2976 4078 3026 préférence
4099 2978 4123 3016 à
4144 2978 4268 3018 Mon¬

3135 3028 3251 3070 sieur
3267 3036 3399 3080 ayant
3423 3041 3478 3068 un
3502 3030 3597 3069 tilre
3620 3028 3879 3070 nobilliaire.

3188 3112 3279 3154 442.
3310 3136 3353 3143 —
3384 3113 3539 3162 Veuve,
3580 3123 3676 3153 sans
3715 3110 3898 3156 enfants,
3940 3110 3988 3150 40
4028 3121 4119 3159 ans,
4158 3108 4271 3150 belle

3136 3179 3356 3218 personne,
3388 3168 3558 3207 fortune
3587 3165 3734 3215 50,000
3766 3164 3835 3215 fr.,
3878 3166 4119 3216 épouserait
4147 3164 4270 3205 Mon¬

3134 3220 3250 3260 sieur
3270 3232 3322 3260 en
3343 3224 3509 3272 rapport
3530 3220 3650 3270 d’âge
3671 3224 3711 3259 et
3733 3218 3908 3259 d’avoir.

3188 3299 3278 3340 443.
3303 3323 3354 3327 —
3392 3296 3662 3346 Demoiselle,
3695 3298 3744 3336 22
3779 3310 3870 3342 ans,
3899 3297 4010 3336 belle
4043 3308 4268 3346 personne,

3134 3354 3204 3392 dot
3223 3354 3398 3402 200,000
3419 3352 3488 3399 fr.,
3511 3351 3751 3400 épouserait
3771 3350 3935 3387 notaire
3955 3360 4010 3386 ou
4034 3351 4186 3387 avoué.

3187 3425 3279 3464 444.
3307 3448 3351 3454 —
3374 3422 3644 3471 Demoiselle,
3667 3423 3714 3462 21
3735 3434 3827 3471 ans,
3854 3423 3924 3463 dot
3966 3423 4111 3471 12,000
4131 3424 4183 3467 fr,
4218 3426 4271 3467 de

3136 3484 3287 3527 rentes,
3320 3476 3559 3531 épouserait
3583 3475 3795 3516 Monsieur
3815 3487 3867 3516 en
3889 3484 4060 3531 rapport
4088 3479 4208 3534 d’âge
4231 3488 4272 3522 et

3135 3534 3186 3575 de
3208 3533 3394 3575 fortune.

3188 3619 3279 3659 445.
3308 3639 3354 3647 —
3392 3614 3663 3662 Demoiselle,
3699 3614 3751 3651 24
3788 3623 3879 3662 ans,
3918 3614 3991 3652 dot
4022 3614 4171 3660 50,000
4199 3614 4271 3662 fr.,

3135 3670 3374 3722 épouserait
3414 3667 3630 3708 Monsieur
3660 3671 3791 3718 ayant
3827 3664 4012 3718 position
4043 3672 4082 3707 et
4106 3665 4272 3708 fortune

3135 3722 3424 3775 équivalente.

3188 3801 3280 3843 454.
3304 3824 3353 3831 —
3384 3799 3655 3847 Demoiselle,
3691 3799 3740 3839 36
3774 3811 3864 3847 ans,
3895 3798 3995 3839 bien
4016 3799 4176 3850 élevée,
4203 3800 4275 3842 dot

3136 3856 3258 3903 5.000
3282 3855 3350 3899 fr.,
3372 3851 3612 3901 épouserait
3634 3851 3851 3899 employé.

3188 3930 3282 3968 459.
3304 3951 3354 3957 —
3376 3923 3647 3972 Demoiselle,
3666 3924 3718 3964 26
3739 3935 3831 3972 ans,
3849 3924 3969 3975 jolie,
3987 3924 4086 3964 bien
4108 3925 4271 3978 élevée,

3138 3980 3285 4027 20.000
3306 3979 3358 4019 fr.
3400 3978 3451 4018 de
3491 3978 3562 4018 dot
3591 3982 3631 4017 et
3663 3979 3924 4029 espérances,
3948 3978 4190 4030 épouserait
4212 3992 4272 4021 un

3139 4038 3428 4086 commerçant
3451 4031 3551 4072 bien
3571 4031 3719 4074 établi.

3191 4116 3284 4158 462.
3309 4140 3359 4147 —
3377 4116 3648 4163 Demoiselle,
3672 4118 3723 4158 24
3743 4128 3835 4166 ans,
3859 4119 4033 4158 fortune
4054 4119 4176 4169 3,000
4197 4120 4270 4170 fr.,

3140 4171 3248 4212 beau
3290 4176 3521 4218 trousseau,
3551 4172 3699 4211 avenir
3718 4171 3768 4211 de
3790 4182 3855 4211 ses
3879 4178 4064 4223 parents,
4087 4177 4271 4224 épouse¬

3142 4226 3220 4265 rait
3242 4237 3395 4279 garçon
3416 4226 3467 4266 de
3488 4227 3580 4267 café
3599 4238 3655 4265 ou
3678 4225 3783 4275 petit
3803 4224 3976 4263 rentier.

3191 4308 3268 4352 464
3285 4308 3352 4350 bis
3358 4333 3422 4351 .—
3438 4310 3598 4358 Veuve,
3618 4308 3720 4358 âgée
3742 4306 3792 4346 de
3813 4304 3863 4346 47
3883 4315 3975 4355 ans,
3993 4306 4092 4346 bien
4112 4306 4272 4355 élevée,

3143 4364 3362 4414 possédant
3406 4364 3572 4414 120,000
3616 4362 3667 4401 fr.
3707 4371 3760 4400 en
3800 4359 3988 4408 valeurs,
4031 4360 4276 4411 épouserait

3143 4418 3353 4458 Monsieur
3390 4430 3443 4458 on
3486 4415 3644 4456 rentier
3683 4418 3814 4465 ayant
3836 4412 3956 4463 3,000
3979 4412 4032 4455 fr.
4056 4413 4108 4455 de
4131 4418 4274 4455 rentes

3139 4484 3194 4512 au
3215 4472 3359 4512 moins
3375 4477 3418 4512 et
3438 4483 3489 4511 en
3514 4472 3684 4521 rapport
3704 4467 3840 4518 d’âge.

3191 4555 3283 4596 465.
3311 4579 3355 4586 —
3379 4555 3538 4603 Veuve,
3571 4555 3671 4603 âgée
3712 4551 3764 4591 de
3804 4551 3855 4591 38
3892 4563 3984 4602 ans,
4026 4551 4138 4592 belle
4182 4564 4276 4602 per¬

3138 4622 3283 4660 sonne,
3306 4611 3403 4650 bien
3446 4608 3605 4654 élevée,
3634 4607 3806 4646 fortune
3828 4607 4020 4656 présente
4050 4606 4198 4656 30,000
4220 4604 4274 4644 fr.

3140 4670 3180 4704 et
3200 4666 3461 4713 espérances,
3483 4659 3726 4711 épouserait
3759 4659 3972 4699 Monsieur
4011 4670 4063 4696 en
4104 4662 4276 4707 rapport

3139 4716 3274 4767 d’âge,
3296 4719 3427 4766 ayant
3447 4714 3580 4763 avoir,
3603 4712 3808 4763 employé
3828 4723 3883 4750 ou
3906 4710 4076 4750 rentier.

3192 4786 3284 4827 468.
3319 4807 3370 4814 —
3408 4780 3679 4828 Demoiselle,
3702 4782 3751 4819 23
3774 4791 3863 4827 ans,
3902 4778 3998 4819 bien
4022 4778 4179 4830 élevée,
4223 4780 4275 4824 de

3140 4840 3280 4879 bonne
3294 4835 3478 4882 famille,
3489 4834 3662 4873 fortune
3678 4831 3944 4883 personnelle
3962 4832 4110 4884 22,000
4130 4834 4204 4886 fr.,
4223 4836 4275 4878 de

3140 4904 3206 4932 ses
3242 4895 3408 4942 parents
3450 4887 3620 4938 100,000
3660 4887 3730 4938 fr.,
3770 4887 4011 4939 épouserait
4059 4890 4277 4931 Monsieur

3144 4946 3241 4984 bien
3263 4943 3398 4992 élevé,
3439 4948 3570 4994 ayant
3591 4942 3731 4983 bonne
3754 4943 3936 4994 position
3975 4956 4027 4984 ou
4052 4943 4275 4994 employé,

3141 5009 3193 5038 en
3218 5003 3392 5050 rapport
3411 4995 3547 5048 d’âge.

3192 5086 3283 5128 469.
3312 5110 3356 5115 —
3400 5084 3670 5135 Demoiselle,
3694 5087 3744 5126 28
3766 5098 3858 5138 ans,
3884 5087 3967 5127 très
3994 5084 4094 5122 bien
4116 5080 4276 5134 élevée,

3142 5142 3311 5183 fortune
3350 5139 3498 5190 90,000
3547 5140 3617 5189 fr.,
3663 5139 3908 5192 épouserait
3963 5142 4276 5190 commerçant,

3140 5201 3272 5248 ayant
3295 5195 3404 5236 belle
3427 5194 3632 5235 situation
3667 5206 3722 5234 ou
3763 5190 3964 5240 employé
3986 5188 4038 5228 de
4061 5188 4200 5243 l’Etat,
4226 5204 4280 5232 en

3140 5256 3311 5301 rapport
3332 5251 3470 5299 d’âge.

3194 5331 3286 5370 475.
3316 5352 3358 5356 —
3398 5326 3671 5374 Demoiselle,
3702 5326 3750 5364 27
3791 5336 3882 5375 ans,
3923 5328 4166 5379 orpheline,
4207 5326 4280 5363 dot

3142 5383 3288 5434 70.000
3324 5382 3395 5431 fr.,
3438 5380 3538 5420 bien
3580 5378 3739 5427 élevée,
3782 5379 4023 5431 épouserait
4060 5376 4278 5419 Monsieur

3142 5442 3272 5490 ayant
3294 5434 3478 5488 position
3499 5438 3540 5472 et
3560 5443 3614 5471 en
3635 5440 3803 5486 rapport
3824 5435 3943 5486 d’âge
3966 5440 4006 5474 et
4027 5428 4206 5471 d’avoir.

3194 5526 3287 5566 479.
3311 5546 3360 5554 —
3383 5522 3543 5571 Veuve,
3583 5523 3684 5573 âgée
3721 5524 3772 5565 de
3810 5524 3862 5563 46
3898 5531 3988 5563 ans,
4022 5522 4156 5568 ayant
4192 5530 4279 5560 une

3142 5578 3379 5631 profession
3402 5575 3484 5615 très
3508 5574 3715 5618 lucrative
3736 5584 3776 5618 et
3800 5574 3910 5615 belle
3932 5570 4146 5622 clientèle,
4179 5572 4280 5615 éco¬

3143 5631 3310 5672 nomies
3350 5628 3491 5678 14,000
3519 5630 3590 5680 fr.,
3630 5631 3739 5671 beau
3782 5624 3997 5672 mobilier,
4038 5624 4280 5676 épouserait

3142 5684 3344 5736 employé
3363 5696 3420 5725 ou
3443 5684 3618 5724 rentier.

3196 5768 3286 5809 482.
3310 5792 3360 5799 —
3399 5769 3559 5813 Veuve,
3582 5776 3680 5807 sans
3700 5761 3884 5810 enfants,
3909 5763 4008 5812 âgée
4031 5764 4082 5807 de
4104 5766 4154 5806 47
4184 5776 4278 5813 ans,

3143 5823 3312 5863 fortune
3348 5823 3495 5872 80,000
3531 5820 3582 5858 fr.
3619 5827 3671 5855 en
3712 5815 3990 5867 immeubles,
4034 5818 4278 5871 épouserait

3143 5878 3357 5919 Monsieur
3375 5887 3429 5915 en
3450 5874 3619 5922 rapport
3639 5868 3759 5919 d’âge
3779 5874 3820 5908 et
3839 5868 4015 5914 d’avoir.

3196 5947 3271 5988 484
3294 5947 3376 5984 bis.
3403 5964 3450 5972 —
3476 5939 3747 5991 Demoiselle,
3779 5942 3940 5984 femme
3971 5944 4023 5983 de
4052 5939 4275 5988 chambre,

3143 6002 3191 6040 28
3213 6010 3303 6046 ans,
3326 5999 3458 6047 ayant
3479 5994 3599 6043 7,000
3617 5994 3669 6036 fr.
3706 5995 4007 6043 d’économies,
4031 5992 4278 6043 épouserait

3143 6053 3247 6103 petit
3266 6048 3469 6099 employé
3489 6060 3543 6088 ou
3566 6050 3751 6103 ouvrier,
3785 6062 3943 6104 garçon
3963 6048 4015 6087 de
4035 6046 4148 6098 café,
4170 6059 4273 6090 avec

3142 6103 3276 6144 avoir.
