4720 7064
2076 422 2156 468 LE
2196 423 2347 471 LIEN
2383 426 2471 472 DU
2510 426 2807 475 MARIAGE

1017 588 1448 648 AVIS

740 754 794 794 Le
831 753 939 792 Lien
977 754 1028 795 du
1064 754 1250 810 Mariage
1287 770 1330 798 se
1369 758 1478 798 vend
1514 770 1568 799 au
1611 760 1702 809 prix
1750 758 1800 799 de

668 807 716 847 10
738 807 946 847 centimes
976 808 1082 848 dans
1115 814 1207 850 tous
1236 810 1296 851 les
1332 811 1534 864 kiosques
1554 812 1604 852 de
1630 812 1667 851 la
1688 811 1800 852 Ville

664 866 706 900 et
724 862 748 900 à
770 863 810 900 la
831 862 1059 912 Direction,
1083 864 1120 914 6,
1143 864 1171 903 B
1171 864 1186 884 d
1207 866 1258 904 de
1279 867 1319 905 la
1342 866 1616 916 Magdeleine.

717 944 828 985 Dans
868 943 928 984 les
968 947 1194 996 prochains
1228 951 1449 999 numéros,
1472 960 1580 990 nous
1607 950 1798 990 réserve¬

663 1010 762 1039 rons
783 1010 843 1039 un
863 999 963 1039 tiers
983 999 1031 1040 de
1055 1012 1159 1051 page
1189 1015 1296 1054 pour
1326 1003 1387 1043 les
1419 1003 1800 1044 annonces-récla¬

665 1063 768 1103 mes,
794 1051 902 1092 mais
923 1064 1031 1095 nous
1052 1056 1370 1107 n’accepterons
1396 1062 1438 1096 et
1465 1056 1795 1096 recommande¬

663 1118 761 1147 rons
779 1119 864 1158 que
884 1106 1014 1149 celles
1043 1109 1122 1162 qui
1150 1114 1403 1150 émaneront
1430 1110 1504 1150 des
1536 1111 1727 1151 maisons
1747 1111 1799 1151 de

663 1160 898 1203 confiance.

718 1275 855 1316 Notre
878 1275 1010 1331 Office
1030 1291 1055 1318 a
1066 1277 1171 1330 pris
1182 1291 1306 1331 pour
1326 1279 1474 1318 devise
1496 1291 1509 1316 :
1534 1280 1577 1318 la
1598 1278 1795 1318 Probité.

660 1330 754 1369 Nos
772 1330 930 1370 clients
951 1335 1145 1383 peuvent
1183 1336 1274 1372 être
1299 1332 1547 1384 persuadés
1587 1331 1798 1371 d’avance

659 1396 740 1436 que
758 1398 868 1423 nous
888 1398 940 1423 ne
959 1398 1148 1425 sommes
1159 1399 1246 1438 pas
1267 1387 1343 1426 des
1363 1386 1594 1424 brasseurs
1615 1383 1798 1436 d’affai¬

658 1450 742 1480 res,
766 1451 824 1477 au
847 1437 996 1491 risque
1019 1440 1072 1478 de
1091 1439 1214 1490 faire
1235 1439 1311 1479 des
1330 1439 1626 1479 malheureux
1645 1451 1660 1484 ;
1700 1442 1798 1475 tous

656 1504 735 1530 nos
775 1492 925 1544 efforts
968 1492 1178 1534 tendront
1227 1494 1435 1546 toujours
1479 1495 1504 1530 à
1551 1490 1674 1543 faire
1721 1490 1799 1528 des

656 1544 870 1595 heureux,
896 1549 1032 1584 môme
1067 1560 1126 1586 au
1164 1547 1403 1586 détriment
1426 1546 1479 1584 de
1506 1558 1583 1583 nos
1607 1555 1798 1595 propres

656 1598 852 1638 intérêts.
902 1599 1060 1638 Toutes
1098 1612 1175 1639 nos
1211 1599 1394 1652 affaires
1432 1600 1579 1636 seront
1618 1596 1798 1636 traitées

655 1666 758 1691 avec
780 1652 823 1691 la
836 1653 947 1704 plus
963 1654 1136 1703 grande
1152 1652 1410 1692 délicatesse
1424 1654 1464 1691 et
1483 1651 1521 1690 le
1527 1651 1635 1703 plus
1647 1650 1798 1703 grand

656 1705 1084 1746 désintéressement.

696 1926 839 1988 Avis
878 1927 912 1988 à
951 1943 1050 1988 nos
1095 1927 1295 1988 clients
1335 1925 1395 1987 de
1439 1924 1755 1987 l’extérieur

710 2096 767 2135 La
806 2096 1019 2136 Direction
1059 2098 1211 2136 envoie
1247 2096 1411 2143 franco,
1434 2106 1534 2134 sous
1563 2095 1795 2147 enveloppe

657 2149 872 2198 cachetée,
907 2160 1007 2189 sans
1043 2160 1188 2189 aucun
1227 2149 1348 2198 signe
1387 2147 1613 2198 extérieur,
1650 2156 1795 2190 contre

658 2203 707 2242 GO
728 2213 764 2243 c.
802 2215 855 2242 en
891 2202 1227 2252 timbres-poste,
1266 2212 1322 2240 un
1365 2212 1634 2252 programme
1674 2203 1795 2242 indi¬

655 2262 792 2307 quant
814 2256 872 2295 les
892 2254 1137 2295 conditions
1167 2255 1218 2294 de
1258 2254 1412 2295 l’Office
1434 2262 1474 2295 et
1494 2267 1553 2295 un
1574 2256 1795 2306 question¬

656 2308 775 2348 naire
796 2310 900 2348 écrit
931 2308 1091 2360 auquel
1130 2308 1308 2348 devront
1347 2309 1555 2359 répondre
1600 2308 1659 2348 les
1703 2320 1795 2359 per¬

656 2373 811 2401 sonnes
830 2362 907 2412 qui
928 2362 1179 2402 s’adressent
1200 2363 1224 2400 à
1247 2374 1355 2400 nous
1377 2368 1416 2400 et
1438 2361 1516 2412 qui
1539 2362 1716 2402 veulent
1750 2374 1792 2403 se

657 2415 832 2454 marier.

711 2468 788 2508 Les
810 2480 1039 2518 personnes
1058 2467 1136 2519 qui
1159 2480 1210 2507 ne
1230 2472 1326 2507 sont
1346 2479 1418 2518 pas
1447 2468 1675 2519 abonnées,
1699 2473 1792 2508 sont

656 2522 796 2572 priées
814 2522 867 2560 de
886 2521 1056 2572 joindre
1078 2526 1103 2559 à
1124 2519 1219 2560 leur
1242 2520 1363 2560 lettre
1386 2533 1443 2560 un
1486 2522 1792 2572 timbre-poste

657 2587 764 2626 pour
788 2575 827 2613 la
847 2578 1040 2624 réponse,
1064 2575 1148 2613 afin
1171 2574 1385 2615 d’obtenir
1423 2574 1484 2614 les
1526 2580 1670 2615 autres
1691 2586 1792 2614 ren¬

656 2627 947 2679 seignements
964 2627 1096 2678 qu’ils
1117 2637 1304 2679 peuvent
1326 2628 1502 2667 désirer.

711 2682 788 2720 Les
810 2692 1038 2731 personnes
1058 2683 1302 2731 étrangères
1322 2682 1361 2728 ,à
1399 2680 1442 2720 la
1480 2680 1580 2720 ville
1619 2682 1698 2734 qui
1738 2694 1791 2723 ne

660 2734 912 2774 voudraient
934 2746 1007 2784 pas
1027 2735 1132 2774 faire
1158 2747 1212 2774 un
1239 2744 1399 2786 voyage
1418 2736 1440 2774 à
1458 2734 1670 2776 Marseille
1687 2748 1792 2787 pour

657 2794 799 2826 entrer
835 2799 886 2826 en
923 2787 1128 2827 relations
1162 2799 1264 2828 avec
1306 2788 1344 2826 la
1374 2799 1588 2839 pevsonne
1624 2789 1790 2829 choisie

656 2840 763 2880 dans
784 2840 843 2879 les
863 2839 1064 2880 colonnes
1084 2840 1140 2880 du
1161 2840 1268 2880 Lien
1290 2840 1340 2880 du
1360 2842 1547 2894 Mariage
1552 2875 1562 2888 ,
1580 2844 1791 2882 voudront

655 2895 757 2934 bien
797 2905 907 2934 nous
944 2894 1135 2934 adresser
1168 2895 1262 2934 leur
1298 2895 1635 2946 photographie;
1682 2907 1791 2936 nous

653 2946 748 2986 leur
768 2946 1050 2999 indiquerons
1070 2959 1146 2998 par
1167 2947 1272 2988 écrit
1295 2948 1332 2987 le
1355 2959 1514 3000 moyen
1530 2950 1715 2990 d’entrer
1736 2960 1788 2989 en

654 3000 859 3039 relations
876 3013 978 3041 avec
1000 3001 1040 3040 la
1062 3014 1271 3052 personne
1291 3002 1456 3043 choisie
1472 3015 1526 3043 ou
1550 3015 1651 3044 avec
1672 3010 1788 3044 toute

651 3060 774 3094 autre
795 3065 1000 3103 personne
1021 3055 1072 3094 de
1094 3066 1171 3095 nos
1191 3056 1428 3096 nombreux
1449 3058 1652 3107 abonnés,
1686 3058 1789 3098 dont

652 3107 788 3158 grand
808 3108 986 3148 nombre
1008 3120 1062 3149 ne
1082 3108 1268 3160 figurent
1290 3122 1364 3162 pas
1384 3109 1490 3150 dans
1514 3110 1550 3151 le
1570 3110 1756 3163 journal.

719 3332 991 3406 AUX
1067 3335 1719 3412 FAMILLES

701 3507 819 3550 Nous
839 3520 891 3550 ne
911 3510 1104 3551 donnons
1124 3523 1294 3553 aucune
1315 3515 1427 3554 suite
1447 3526 1530 3555 aux
1551 3515 1783 3557 demandes

646 3562 720 3602 des
741 3575 970 3613 personnes
988 3565 1221 3618 divorcées,
1245 3568 1281 3608 si
1306 3567 1342 3607 le
1361 3567 1586 3619 jugement
1607 3570 1677 3611 n’a
1707 3583 1781 3623 pas

646 3616 712 3655 été
733 3619 944 3667 prononcé
963 3619 1236 3662 absolument
1260 3635 1314 3662 en
1335 3622 1430 3663 leur
1447 3623 1614 3666 faveur.

697 3687 815 3729 Nous
851 3702 904 3731 ne
939 3703 1048 3732 nous
1085 3706 1301 3746 occupons
1331 3707 1415 3747 que
1445 3698 1519 3738 des
1548 3710 1778 3749 personnes

644 3742 900 3784 .Honorables
920 3750 959 3784 et
982 3745 1010 3784 il
1034 3752 1095 3786 est
1120 3747 1275 3788 inutile
1302 3748 1351 3788 de
1372 3760 1415 3790 se
1436 3752 1652 3802 présenter
1674 3754 1774 3794 chez

643 3807 752 3836 nous
772 3808 827 3836 ou
848 3798 899 3838 de
924 3811 1032 3840 nous
1052 3800 1159 3841 faire
1179 3802 1352 3853 appeler
1372 3804 1395 3844 à
1418 3804 1620 3847 domicile
1651 3807 1687 3848 si
1720 3820 1774 3848 on

642 3860 694 3888 ne
714 3850 867 3891 réalise
891 3864 961 3902 pas
981 3859 1087 3894 cette
1110 3856 1344 3896 condition.

698 3920 773 3962 Les
811 3934 1041 3972 personnes
1072 3926 1151 3975 qui
1184 3926 1436 3967 s'adressent
1467 3930 1489 3967 à
1527 3930 1566 3968 la
1607 3931 1774 3970 maison

639 3979 734 4013 sont
750 3975 887 4026 priées
902 3976 952 4015 de
966 3975 1134 4027 joindre
1152 3990 1208 4016 un
1226 3979 1379 4018 timbre
1396 3993 1505 4030 pour
1521 3982 1559 4020 la
1575 3983 1750 4032 réponse
1763 3995 1772 4031 ;

640 4032 754 4067 toute
777 4027 898 4067 lettre
919 4039 1004 4068 non
1026 4030 1263 4070 affranchie
1284 4036 1344 4070 est
1366 4032 1548 4072 Refusée.

691 4098 751 4138 On
791 4104 852 4138 est
890 4098 983 4149 prié
1016 4099 1067 4139 de
1098 4099 1267 4150 joindre
1299 4106 1450 4141 autant
1478 4115 1562 4154 que
1590 4103 1774 4154 possible

639 4162 722 4190 une
744 4151 1054 4203 photographie
1075 4159 1115 4192 et
1132 4155 1184 4194 de
1204 4154 1367 4195 donner
1387 4156 1598 4209 quelques
1619 4158 1774 4199 détails

635 4215 711 4243 sur
751 4206 791 4244 la
821 4205 1028 4247 situation
1061 4207 1112 4247 de
1147 4208 1319 4248 fortune
1350 4209 1401 4250 de
1438 4211 1476 4250 la
1513 4223 1721 4263 personne
1748 4215 1773 4252 à

639 4258 807 4298 marier.

690 4335 801 4375 Pour
821 4347 931 4375 nous
949 4336 1084 4376 éviter
1103 4336 1179 4376 des
1207 4339 1476 4388 recherches,
1502 4341 1564 4380 les
1594 4354 1772 4391 person¬

636 4399 711 4427 nes
748 4390 825 4439 qui
859 4388 999 4427 feront
1035 4400 1092 4427 un
1127 4390 1252 4428 choix
1274 4392 1379 4430 dans
1403 4392 1460 4430 les
1491 4393 1692 4432 colonnes
1712 4396 1771 4432 du

636 4439 746 4483 Lien
776 4440 827 4479 du
860 4439 1048 4492 Mariage
1055 4472 1063 4488 ,
1088 4441 1204 4480 n’ont
1226 4443 1326 4491 qu’à
1358 4454 1467 4482 nous
1498 4444 1694 4495 rappeler
1732 4446 1772 4485 le

636 4495 818 4535 numéro
838 4494 915 4545 qui
938 4494 1114 4543 précède
1138 4494 1176 4533 la
1198 4495 1475 4546 proposition.

688 4559 800 4599 Tous
840 4558 899 4599 les
939 4559 1304 4608 renseignements
1343 4560 1506 4603 donnés
1546 4575 1620 4615 par
1663 4576 1772 4604 nous

632 4619 728 4654 sont
748 4614 943 4663 gratuits.

686 4690 742 4729 La
776 4691 1139 4742 correspondance
1179 4696 1239 4731 est
1278 4692 1467 4735 adressée
1500 4706 1600 4736 sous
1639 4708 1768 4738 enve¬

631 4740 755 4794 loppe
774 4743 1005 4795 ordinaire,
1028 4756 1127 4784 sans
1162 4756 1331 4786 aucune
1364 4748 1618 4800 inscription
1651 4754 1766 4794 exté¬

628 4798 771 4836 rieure
792 4802 912 4835 autre
934 4810 1016 4848 que
1040 4798 1239 4838 l’adresse
1260 4799 1311 4838 de
1331 4800 1371 4838 la
1395 4814 1616 4851 personne.

683 4867 759 4908 Les
791 4867 983 4908 abonnés
1011 4868 1128 4908 seuls
1157 4874 1232 4909 ont
1261 4870 1372 4910 droit
1391 4872 1416 4911 à
1444 4884 1529 4913 une
1559 4874 1764 4916 insertion

628 4922 680 4962 de
710 4923 808 4972 cinq
843 4921 991 4971 lignes,
1015 4922 1146 4974 qu’ils
1179 4923 1419 4975 rédigeront
1440 4927 1463 4964 à
1490 4926 1582 4968 leur
1612 4939 1766 4968 conve¬

628 4987 780 5016 nance.

683 5048 756 5088 Les
779 5047 1108 5100 photographies
1128 5056 1167 5090 et
1191 5058 1332 5092 autres
1367 5054 1507 5104 pièces
1535 5057 1720 5099 confiées
1740 5058 1764 5098 à

626 5100 667 5139 la
691 5099 847 5142 Maison
869 5107 964 5142 sont
985 5102 1168 5144 rendues
1202 5116 1284 5145 aux
1318 5106 1546 5150 intéressés
1573 5113 1695 5162 après
1720 5111 1762 5151 la

623 5152 886 5195 célébration
908 5156 964 5195 du
988 5156 1194 5209 mariage.

678 5231 756 5271 Les
776 5243 1003 5282 personnes
1022 5235 1099 5286 qui
1120 5243 1214 5275 sont
1234 5239 1464 5280 satisfaites
1483 5242 1535 5283 de
1562 5256 1636 5283 nos
1663 5257 1759 5284 ser¬

624 5284 738 5326 vices
760 5285 969 5325 voudront
990 5286 1089 5327 bien
1104 5292 1439 5344 communiquer
1460 5303 1575 5336 notre
1591 5298 1759 5338 adresse

623 5341 647 5378 à
667 5339 783 5379 leurs
803 5340 927 5388 amis,
952 5347 1208 5391 promettant
1228 5344 1279 5384 de
1302 5347 1479 5398 remplir
1508 5348 1547 5388 le
1583 5352 1759 5391 mandat

621 5391 731 5444 qu’il
778 5404 888 5432 nous
934 5392 1192 5447 donneront,
1243 5409 1299 5438 au
1347 5400 1494 5442 mieux
1541 5403 1592 5443 de
1643 5404 1758 5446 leurs

622 5447 815 5487 intérêts.

675 5523 843 5563 Ouvert
880 5527 978 5563 tous
1016 5524 1075 5565 les
1098 5527 1231 5580 jours
1263 5530 1317 5568 de
1349 5532 1380 5570 2
1403 5535 1430 5571 à
1452 5534 1480 5571 8
1500 5531 1659 5575 heures
1692 5538 1754 5576 du

615 5576 711 5616 soir
716 5590 726 5627 ,
748 5580 788 5617 et
811 5579 874 5618 les
892 5579 1151 5620 dimanches
1160 5583 1351 5636 jusqu’à
1372 5586 1490 5626 midi

656 5757 1097 5833 FORMALITÉS
1144 5768 1317 5837 POUR
1366 5771 1713 5844 MARIAGES

666 5942 742 5984 Les
790 5943 1079 5994 publications
1116 5944 1167 5984 de
1208 5946 1398 5996 mariage
1444 5950 1618 5990 doivent
1663 5954 1748 5995 être

613 5995 736 6037 faites
758 5998 780 6036 à
804 5999 844 6038 la
866 5996 1011 6039 Mairie
1030 5998 1140 6038 deux
1171 5998 1425 6041 dimanches
1446 6004 1495 6043 de
1517 6004 1627 6045 suite
1650 6011 1690 6046 et
1711 6007 1748 6047 le

611 6050 799 6101 mariage
842 6063 892 6092 ne
935 6058 1034 6102 peut
1074 6052 1195 6093 avoir
1230 6052 1315 6094 lieu
1359 6067 1443 6107 que
1481 6070 1582 6098 onze
1630 6058 1748 6111 jours

610 6104 754 6145 francs
772 6106 894 6158 après
918 6104 955 6146 la
978 6107 1187 6157 première
1209 6107 1475 6156 publication
1491 6137 1498 6147 >

1927 592 1968 632 Si
1994 592 2031 634 le
2052 595 2259 636 domicile
2279 596 2386 636 n’est,
2407 608 2480 646 pas
2513 598 2646 638 établi
2682 611 2757 651 par
2794 599 2859 639 six
2898 600 3008 640 mois

1874 646 1924 687 de
1947 648 2179 698 résidence,
2199 651 2259 690 les
2280 650 2567 700 publications
2584 652 2762 692 devront
2776 654 2863 693 être
2883 652 3008 693 faites

1855 700 1897 738 ’à
1937 700 1976 740 la
2016 702 2317 754 municipalité
2356 703 2414 743 du
2455 706 2623 747 dernier
2656 706 2859 748 domicile
2884 713 2924 747 et
2954 718 3006 747 en

1874 762 1994 794 outre
2032 767 2083 795 au
2126 756 2329 796 domicile
2362 758 2412 795 de
2446 770 2551 798 ceux
2578 772 2677 800 sous
2711 761 2750 800 la
2782 760 3006 812 puissance

1874 807 2071 859 desquels
2090 820 2132 848 se
2171 815 2369 850 trouvent
2406 808 2464 851 les
2495 814 2650 862 parties
2679 821 3002 856 contractantes.

1926 897 2070 938 Pièces
2088 900 2111 936 à
2134 899 2334 948 produire
2355 900 2379 938 à
2396 898 2436 938 la
2458 900 2603 940 Mairie
2622 915 2630 942 :

1930 987 1963 1024 1°
1994 986 2132 1026 L’acte
2151 986 2203 1026 de
2220 986 2440 1028 naissance
2456 988 2531 1028 des
2544 988 2655 1030 deux
2670 990 2812 1031 futurs
2825 993 3005 1034 dûment

1874 1038 2072 1088 légalisés
2095 1052 2104 1087 ;

1923 1104 1963 1143 2°
1983 1103 2039 1143 Le
2059 1111 2379 1147 consentement
2400 1107 2562 1148 notarié
2579 1108 2655 1148 des
2670 1111 2788 1160 pères
2807 1116 2848 1151 et
2867 1112 3006 1154 mères

1871 1158 1948 1207 qui
1990 1170 2039 1196 ne
2082 1166 2264 1208 peuvent
2306 1160 2342 1200 le
2375 1160 2539 1202 donner
2575 1164 2864 1204 verbalement
2900 1167 2924 1203 à
2964 1166 3003 1206 la

1872 1210 2018 1249 Mairie
2039 1222 2092 1250 au
2115 1219 2307 1253 moment
2327 1214 2377 1254 de
2399 1214 2519 1256 Pacte
2541 1215 2599 1256 du
2620 1216 2810 1267 mariage
2831 1230 2842 1268 ;

1926 1276 1962 1315 3°
1992 1275 2035 1314 Si
2057 1275 2095 1315 le
2116 1279 2213 1327 père
2235 1283 2274 1318 et
2298 1278 2335 1319 la
2359 1281 2472 1321 mère
2494 1288 2587 1322 sont
2616 1282 2811 1332 décédés,
2834 1295 2887 1323 ou
2915 1282 3002 1322 l’un

1871 1327 2010 1375 d’eux,
2035 1328 2065 1367 il
2085 1330 2176 1371 faut
2198 1332 2366 1372 fournir
2385 1332 2478 1375 leur
2498 1342 2588 1376 acte
2605 1336 2655 1376 de
2677 1335 2801 1378 décès
2821 1337 3004 1377 dûment

1874 1381 2049 1431 légalisé
2071 1396 2080 1432 ;

1924 1447 1962 1485 4°
1994 1448 2101 1489 Dans
2119 1448 2159 1489 le
2179 1463 2249 1491 cas
2270 1451 2319 1492 de
2340 1452 2463 1495 décès
2483 1455 2555 1495 des
2587 1458 2683 1507 père
2714 1463 2752 1496 et
2782 1459 2912 1507 mère,
2935 1457 3000 1498 s’il

1840 1512 1843 1526 1
1871 1500 2001 1540 existe
2041 1514 2099 1542 un
2138 1506 2392 1557 grand-père
2422 1519 2476 1547 ou
2519 1521 2601 1550 une
2627 1512 2912 1560 grand’mère,
2946 1523 3002 1552 ou

1871 1554 2026 1595 arrière
2066 1558 2322 1608 grand-père
2356 1566 2395 1599 et
2424 1563 2580 1604 arrière
2602 1565 2882 1615 grand’mère,
2908 1564 3002 1605 leur

1871 1614 2191 1649 consentement
2213 1618 2272 1651 est
2294 1615 2542 1657 nécessaire.

1926 1660 2033 1700 Pour
2065 1675 2126 1703 un
2155 1664 2330 1705 mineur
2351 1680 2360 1707 :

1931 1732 1960 1771 1°
1999 1732 2031 1770 Il
2073 1732 2164 1772 faut
2204 1735 2244 1774 la
2279 1739 2477 1787 présence
2514 1752 2568 1780 ou
2606 1740 2643 1782 le
2679 1750 3002 1784 consentement

1871 1786 2034 1825 notarié
2059 1786 2116 1826 du
2136 1791 2282 1828 tuteur
2300 1803 2310 1842 ;

1924 1851 1962 1889 2°
1992 1851 2079 1892 Une
2115 1854 2395 1899 délibération
2437 1861 2492 1900 du
2539 1862 2702 1903 Conseil
2742 1864 2791 1904 de
2833 1865 3000 1906 famille

1873 1902 2062 1956 lorsqu’il
2094 1907 2214 1959 s’agit
2247 1910 2348 1951 d’un
2383 1915 2580 1963 orphelin
2602 1918 2651 1956 de
2675 1919 2772 1968 père
2794 1924 2834 1959 et
2854 1931 2938 1969 que
2963 1921 2998 1960 la

1871 1960 1984 1998 mère
2003 1972 2058 2000 ou
2082 1960 2253 2002 Païeule
2275 1971 2368 2004 sont
2390 1968 2566 2008 tutrices
2588 1983 2598 2017 ;

1922 2012 2032 2051 Dans
2053 2026 2197 2054 aucun
2218 2028 2302 2065 cas,
2327 2030 2387 2056 un
2407 2020 2581 2059 mineur
2601 2032 2654 2059 ne
2675 2027 2777 2071 peut
2805 2028 2999 2064 contrac¬

1871 2071 1930 2104 ter
1951 2067 2140 2117 mariage
2161 2079 2256 2107 sans
2282 2070 2318 2108 le
2339 2078 2658 2112 consentement
2678 2074 2728 2114 de
2750 2085 2814 2115 ses
2834 2083 3002 2126 parents

1869 2130 1920 2157 ou
1947 2124 2126 2159 tuteurs.

1922 2183 1959 2220 5°
1992 2182 2067 2224 Les
2090 2184 2210 2224 veufs
2231 2186 2402 2227 doivent
2424 2191 2620 2240 produire
2644 2191 2764 2234 l’acte
2795 2194 2846 2235 de
2876 2195 3000 2236 décès

1871 2234 2044 2284 légalisé
2064 2238 2115 2278 de
2139 2238 2230 2279 leur
2250 2242 2439 2292 conjoint
2463 2243 2619 2284 décédé
2643 2258 2652 2294 ;

1921 2302 1958 2342 6°
1988 2302 2050 2343 Un
2087 2304 2294 2344 certificat
2331 2307 2382 2346 de
2422 2306 2446 2347 6
2484 2309 2594 2347 mois
2633 2310 2683 2347 de
2722 2311 2939 2351 résidence
2976 2315 3000 2352 à

1868 2355 2091 2404 Marseille,
2114 2356 2276 2398 délivré
2299 2370 2371 2408 par
2391 2359 2428 2400 le
2450 2362 2746 2402 commissaire
2771 2363 2822 2403 de
2847 2364 2997 2414 police,

1866 2420 1975 2458 pour
1994 2408 2055 2448 les
2075 2420 2304 2459 personnes
2322 2414 2399 2464 qui
2419 2414 2493 2464 n’y
2514 2420 2607 2453 sont
2629 2426 2702 2464 pas
2721 2416 2821 2456 nées
2842 2428 2852 2466 ;

1919 2474 1958 2511 7°
1978 2472 2038 2512 On
2058 2474 2146 2512 doit
2166 2472 2350 2526 justifier
2369 2479 2419 2516 de
2439 2491 2484 2519 sa
2504 2479 2735 2520 libération
2755 2480 2814 2520 du
2836 2482 2998 2523 service

1866 2526 2089 2575 militaire,
2110 2527 2191 2567 soit
2212 2540 2286 2579 par
2305 2542 2381 2571 son
2401 2532 2550 2582 congé,
2573 2534 2655 2574 soit
2676 2546 2750 2586 par
2778 2546 2840 2575 un
2871 2536 3000 2576 certi¬

1866 2579 1964 2619 ficat
1986 2579 2035 2619 de
2055 2580 2284 2622 libération
2308 2597 2318 2635 ;

1919 2645 1956 2685 8°
1986 2646 2046 2686 En
2066 2653 2187 2687 outre
2208 2648 2281 2688 des
2303 2651 2442 2699 pièces
2461 2654 2670 2692 énoncées
2690 2652 2918 2703 ci-dessus,
2938 2654 3001 2695 les

1864 2710 2095 2750 personnes
2115 2700 2334 2743 divorcées
2353 2702 2532 2744 devront
2554 2706 2751 2756 produire
2774 2718 2832 2747 un
2851 2708 2999 2748 extrait

1864 2752 1918 2792 du
1942 2752 2166 2803 jugement
2186 2755 2395 2808 ainsique
2414 2757 2534 2798 Pacte
2550 2758 2606 2798 du
2628 2759 2798 2800 divorce
2816 2760 2999 2801 dûment

1863 2807 2095 2856 enregistré
2115 2814 2156 2847 et
2178 2811 2371 2850 transcrit
2391 2812 2411 2850 à
2436 2811 2477 2850 la
2499 2812 2643 2852 Mairie
2666 2826 2675 2864 ;

1916 2872 1954 2911 9°
1985 2872 2167 2924 Lorsque
2208 2874 2268 2915 les
2308 2882 2475 2927 parents
2520 2879 2708 2919 refusent
2755 2880 2807 2920 de
2836 2881 2998 2922 donner

1862 2923 1958 2964 leur
1981 2933 2300 2967 consentement
2319 2942 2374 2970 au
2395 2931 2585 2983 mariage
2620 2932 2749 2974 d’une
2791 2946 2996 2985 personne

1864 2978 2070 3030 majeure,
2094 2980 2123 3019 il
2158 2988 2256 3032 peut
2296 2983 2383 3024 être
2419 2987 2538 3036 passé
2568 2994 2687 3028 outre
2708 3001 2762 3028 au
2786 2990 2991 3041 mariage,

1862 3034 1984 3084 après
2002 3032 2096 3074 leur
2112 3036 2232 3075 avoir
2252 3036 2330 3076 fait
2351 3039 2424 3079 des
2444 3046 2556 3079 actes
2577 3042 2629 3080 de
2647 3049 2811 3094 respect
2830 3044 2995 3086 variant

1860 3086 1911 3127 de
1934 3099 1991 3127 un
2014 3088 2036 3127 à
2059 3088 2159 3128 trois
2191 3098 2230 3130 et
2266 3091 2386 3132 s’être
2412 3094 2630 3136 conformé
2662 3108 2744 3138 aux
2783 3099 2992 3152 prescrip¬

1864 3140 1974 3182 tions
1992 3141 2066 3183 des
2084 3149 2160 3183 art.
2190 3144 2260 3183 144
2283 3151 2323 3186 et
2348 3146 2418 3186 154
2440 3148 2495 3187 du
2519 3150 2621 3189 code
2641 3150 2743 3190 civil
2768 3164 2776 3201 ;

1918 3208 1976 3246 10°
2006 3207 2117 3247 Pour
2138 3208 2178 3248 la
2196 3211 2394 3262 question
2413 3211 2486 3254 des
2506 3213 2769 3256 cérémonies
2789 3218 2990 3270 religieu¬

1859 3271 1938 3312 ses,
1960 3260 2182 3303 s’adresser
2202 3263 2374 3307 suivant
2403 3266 2442 3309 le
2472 3268 2587 3311 culte
2608 3271 2631 3310 à
2654 3270 2694 3312 la
2715 3273 2912 3326 paroisse,
2934 3286 2988 3315 au

1858 3315 2104 3358 consistoire
2123 3324 2355 3370 protestant
2374 3335 2431 3364 ou
2451 3336 2506 3364 au
2528 3326 2643 3366 culte
2663 3326 2863 3371 Israélite.

1910 3394 2082 3436 L’Office
2099 3396 2337 3450 Mondonet,
2356 3400 2394 3450 6,
2411 3402 2440 3440 B
2442 3400 2455 3422 d
2467 3402 2518 3442 de
2534 3401 2572 3443 la
2590 3403 2866 3454 Magdeleine,
2888 3414 2988 3455 peut

1855 3459 1899 3487 se
1930 3448 2107 3499 charger
2141 3451 2192 3490 de
2225 3458 2363 3492 toutes
2397 3454 2456 3494 les
2484 3452 2722 3496 formalités
2759 3458 2910 3498 civiles
2947 3464 2988 3499 et

1855 3499 2104 3552 religieuses
2124 3503 2159 3543 si
2184 3504 2242 3546 les
2260 3504 2414 3547 clients
2435 3508 2496 3548 lui
2519 3510 2704 3551 confient
2724 3524 2771 3554 ce
2792 3511 2899 3555 soin.

1907 3556 2074 3598 L’office
2095 3559 2318 3601 Mondonet
2347 3575 2400 3603 ne
2431 3565 2589 3619 perçoit
2626 3567 2700 3608 des
2738 3567 2985 3611 honoraires

1850 3612 1947 3663 qu’a
1954 3614 2047 3664 près
2070 3612 2108 3654 la
2130 3615 2390 3658 célébration
2412 3618 2468 3660 du
2492 3620 2695 3674 mariage.

1955 3803 2508 3872 RENSEIGNEMENTS
2559 3799 2870 3877 GÉNÉRAUX

1847 3909 2194 3947 concernant
2231 3906 2308 3946 les
2342 3904 2576 3950 Veuves
2607 3911 2982 3962 pensionnées

1900 4054 2019 4095 Gand
2036 4055 2214 4097 nombre
2235 4055 2286 4096 de
2307 4058 2454 4099 dames
2472 4056 2682 4108 jouissant
2703 4059 2832 4102 d’une
2874 4075 2980 4114 pen¬

1846 4108 1938 4148 sion
1962 4110 2012 4150 de
2035 4111 2203 4151 retraite
2227 4124 2299 4162 par
2319 4111 2431 4152 suite
2451 4112 2508 4152 du
2531 4112 2655 4155 décès
2674 4114 2727 4155 de
2751 4115 2845 4156 leur
2871 4118 2980 4158 mari

1845 4168 1939 4203 sont
1976 4165 2231 4216 persuadées
2268 4164 2448 4217 qu’elles
2488 4168 2726 4218 perdraient
2759 4181 2830 4210 ces
2850 4171 2982 4212 droits

1846 4219 1869 4256 à
1888 4217 1929 4257 la
1950 4219 2119 4259 retraite
2149 4222 2183 4259 si
2218 4219 2322 4260 elles
2352 4223 2660 4262 contractaient
2693 4234 2777 4263 une
2797 4226 2980 4265 seconde

1846 4272 1996 4310 union.
2036 4272 2140 4310 C’est
2176 4283 2258 4310 une
2291 4273 2495 4322 profonde
2522 4286 2667 4314 erreur
2687 4276 2723 4314 si
2744 4287 2812 4316 ces
2832 4278 2980 4316 dames

1844 4328 1939 4362 sont
1976 4323 2256 4372 pensionnées
2292 4323 2343 4363 de
2380 4324 2503 4364 l’Etat
2525 4339 2535 4375 ;
2567 4339 2638 4366 car
2674 4333 2780 4367 cette
2799 4328 2976 4379 pension

1845 4375 1950 4413 n’est
1990 4386 2063 4424 pas
2103 4386 2186 4414 une
2226 4375 2391 4423 faveur,
2432 4379 2534 4416 c’est
2571 4391 2627 4416 un
2662 4379 2772 4418 droit
2798 4381 2979 4431 qu’elles

1847 4427 2038 4466 tiennent
2058 4438 2109 4466 en
2134 4432 2249 4466 vertu
2272 4427 2400 4467 d’une
2432 4429 2506 4470 loi.
2550 4430 2604 4469 La
2634 4430 2690 4470 loi
2710 4431 2768 4471 du
2790 4434 2978 4485 mariage

1843 4479 1960 4519 étant
1997 4479 2359 4522 essentiellement
2386 4482 2562 4534 morale,
2588 4495 2639 4523 ne
2679 4491 2779 4536 peut
2818 4487 2979 4528 édicter

1843 4532 1918 4572 des
1954 4534 2318 4585 empêchements,
2342 4535 2415 4575 des
2440 4536 2647 4578 obstacles
2679 4550 2732 4579 au
2768 4540 2974 4594 mariage,

1843 4598 1912 4627 ces
1931 4587 2280 4637 empêchements
2314 4590 2496 4632 seraient
2535 4591 2776 4635 considérés
2805 4607 2975 4639 comme

1843 4640 2085 4680 immoraux
2106 4647 2146 4682 et
2167 4655 2243 4693 par
2262 4647 2524 4695 conséquent
2546 4648 2779 4690 contraires
2796 4651 2819 4691 à
2836 4650 2875 4691 la
2899 4652 2970 4694 loi.

1841 4695 1918 4736 Les
1958 4706 2115 4735 veuves
2152 4696 2471 4746 pensionnaires
2502 4699 2552 4740 de
2583 4700 2703 4742 l’Etat
2724 4715 2775 4743 ne
2798 4706 2972 4756 perdent

1839 4750 1947 4791 donc
1986 4748 2080 4790 leur
2119 4750 2294 4800 pension
2332 4751 2376 4790 ni
2406 4764 2482 4803 par
2522 4766 2581 4795 un
2620 4758 2790 4808 second,
2830 4762 2875 4799 ni
2915 4773 2974 4802 un

1842 4804 2056 4845 troisième
2078 4803 2280 4854 mariage.

1891 4858 1969 4898 Les
1987 4870 2147 4900 veuves
2167 4859 2448 4911 pensionnées
2467 4874 2542 4914 par
2565 4862 2628 4903 les
2655 4863 2972 4916 départements

1839 4918 2024 4960 peuvent
2062 4912 2202 4954 seules
2239 4915 2332 4954 voir
2368 4916 2611 4966 supprimer
2648 4924 2755 4959 cette
2794 4923 2971 4972 pension

1838 4975 1912 5014 par
1935 4976 1991 5003 un
2011 4969 2163 5007 second
2205 4968 2394 5019 mariage
2431 4971 2536 5010 dans
2568 4972 2752 5012 certains
2783 4986 2854 5015 cas
2874 4982 2913 5015 et
2934 4976 2971 5017 si

1836 5022 1943 5058 cette
1975 5021 2151 5070 pension
2187 5035 2211 5062 a
2240 5023 2306 5064 été
2335 5024 2536 5066 accordée
2558 5027 2581 5067 à
2604 5026 2698 5068 titre
2718 5027 2768 5068 de
2798 5040 2970 5072 secours

1835 5072 2104 5124 temporaire.

1887 5126 2125 5176 D’ailleurs,
2152 5126 2188 5167 le
2210 5127 2306 5170 titre
2326 5131 2376 5171 de
2398 5134 2574 5184 pension
2596 5142 2712 5190 porte
2733 5150 2786 5179 en
2805 5151 2963 5194 marge,

1834 5191 1887 5222 en
1908 5188 2046 5226 toutes
2067 5183 2222 5235 lettres,
2250 5195 2319 5224 ces
2338 5187 2536 5230 réserves.

1832 5364 2209 5471 OFFRES
2288 5372 2401 5476 DE
2480 5373 2961 5481 MARIAGES

2003 5571 2422 5622 DEMOISELLES
2459 5576 2526 5620 ET
2559 5579 2791 5623 VEUVES

1879 5712 1970 5755 401.
1994 5738 2043 5747 —
2082 5719 2352 5768 Demoiselle,
2387 5722 2436 5762 30
2476 5734 2566 5768 ans,
2607 5723 2821 5774 instruite,
2860 5726 2959 5766 bien

1824 5767 1983 5815 élevée,
2019 5771 2107 5812 fille
2131 5775 2306 5826 unique,
2330 5776 2492 5815 femme
2511 5776 2776 5826 d’intérieur,
2819 5780 2958 5829 possé¬

1824 5820 1924 5861 dant
1945 5822 2064 5868 2,000
2086 5827 2155 5875 fr.,
2182 5840 2238 5867 un
2259 5827 2367 5868 beau
2390 5834 2627 5876 trousseau,
2659 5834 2907 5881 espérances
2934 5836 2956 5875 à

1824 5875 1944 5915 venir
1964 5876 2111 5929 30,000
2131 5882 2202 5931 fr.,
2225 5894 2267 5922 se
2290 5882 2479 5922 mettrait
2498 5884 2522 5922 à
2545 5883 2584 5923 la
2607 5884 2687 5924 tête
2707 5887 2809 5928 d’un
2828 5900 2952 5930 com¬

1822 5942 1976 5970 merce.

1874 6006 1966 6048 402.
1992 6030 2038 6037 —
2060 6008 2328 6064 Demoiselle,
2351 6014 2402 6052 47
2423 6024 2513 6063 ans,
2543 6014 2713 6059 fortune
2737 6020 2856 6070 1,500
2878 6023 2951 6072 fr.,

1819 6066 1950 6111 ayant
1971 6072 2028 6103 un
2047 6074 2284 6107 commerce
2318 6068 2368 6107 de
2404 6070 2622 6120 mercerie,
2648 6084 2704 6112 un
2726 6074 2832 6115 beau
2858 6088 2951 6114 mo¬

1819 6113 1960 6164 bilier,
1984 6115 2222 6167 épouserait
2243 6133 2304 6161 un
2327 6120 2502 6163 ouvrier
2521 6135 2574 6164 ou
2598 6125 2774 6167 artisan.

3134 602 3224 643 40G.
3248 627 3298 632 —
3324 603 3483 655 Veuve,
3526 604 3576 643 42
3610 616 3698 654 ans,
3726 606 3896 650 fortune
3937 611 4060 659 9,000
4079 611 4130 652 fr.
4168 623 4223 651 en

3080 656 3258 706 actions,
3282 659 3522 707 épouserait
3544 660 3648 710 petit
3666 660 3826 700 rentier
3844 675 3899 703 ou
3922 666 4096 707 artisan.

3133 738 3225 779 407.
3247 762 3297 768 —
3319 741 3591 795 Demoiselle,
3609 744 3659 786 46
3674 756 3764 795 ans,
3787 744 3959 787 fortune
3983 750 4132 801 12,000
4150 751 4219 803 fr.,

3082 792 3200 831 taille
3210 803 3295 842 use,
3320 795 3565 844 épouserait
3587 811 3646 839 un
3668 799 3824 840 marin.

3132 880 3222 923 412,
3247 904 3296 910 —
3331 881 3488 932 Veuve,
3528 886 3578 924 49
3619 900 3711 935 ans,
3748 888 3996 939 cuisinière,
4048 891 4219 933 fortune

3084 935 3200 986 1,500
3215 936 3284 984 fr.,
3299 936 3542 987 épouserait
3559 950 3616 978 un
3632 940 3715 981 bon
3734 945 3908 986 ouvrier
3928 955 3982 984 ou
3998 944 4214 999 employé.

3131 1020 3222 1061 413.
3247 1043 3296 1051 —
3328 1020 3600 1072 Demoiselle,
3640 1023 3691 1063 45
3731 1039 3820 1077 ans,
3874 1030 4064 1071 titulaire
4114 1030 4218 1072 d’un

3077 1072 3242 1115 bureau
3264 1075 3315 1116 de
3338 1076 3474 1127 tabac,
3518 1076 3759 1128 épouserait
3790 1084 3992 1138 employé
4022 1098 4078 1126 ou
4112 1086 4218 1136 petit

3078 1130 3250 1169 rentier.

3131 1216 3223 1258 418.
3250 1240 3296 1248 —
3336 1218 3607 1271 Demoiselle,
3644 1222 3745 1272 âgée
3780 1222 3831 1262 de
3854 1223 3903 1264 50
3924 1239 4014 1279 ans,
4038 1230 4216 1271 institu¬

3078 1268 3182 1308 trice
3211 1271 3332 1321 libre,
3374 1279 3506 1324 ayant
3546 1287 3627 1316 une
3664 1276 3909 1318 institution
3948 1291 4051 1323 avec
4088 1296 4216 1324 sous-

3078 1325 3311 1371 maîtresse,
3354 1337 3488 1376 gagne
3526 1328 3646 1374 2,000
3683 1330 3735 1373 fr.
3778 1344 3850 1383 par
3890 1343 3959 1382 an,
4000 1335 4120 1383 6,000
4162 1339 4214 1378 fr.

3077 1371 3376 1430 d'économies,
3395 1380 3504 1421 beau
3521 1383 3738 1435 mobilier,
3757 1385 3999 1439 épouserait
4014 1392 4217 1444 employé

3077 1438 3132 1467 ou
3154 1430 3327 1470 rentier.

3131 1511 3221 1554 431.
3247 1536 3291 1542 —
3313 1514 3474 1563 Veuve,
3499 1519 3548 1559 47
3570 1532 3659 1568 ans,
3683 1523 3782 1564 bien
3804 1525 3963 1575 élevée,
3986 1525 4098 1567 belle
4117 1538 4214 1576 per¬

3076 1578 3223 1616 sonne,
3249 1567 3415 1608 fortune
3439 1570 3608 1620 100,000
3632 1576 3702 1624 fr.,
3726 1578 3968 1630 épouserait
3997 1582 4215 1622 Monsieur

3075 1632 3127 1660 en
3143 1628 3315 1674 rapport
3335 1621 3455 1672 d’âge
3477 1628 3518 1663 et
3538 1624 3589 1663 de
3611 1627 3797 1671 fortune.

3128 1704 3219 1747 435.
3244 1730 3290 1735 —
3314 1706 3584 1758 Demoiselle,
3627 1711 3676 1750 26
3710 1723 3800 1760 ans,
3839 1714 3936 1755 bien
3959 1719 4118 1771 élevée,
4143 1721 4211 1760 fa¬

3075 1758 3197 1797 mille
3235 1762 3318 1799 très
3357 1762 3605 1812 honorable,
3646 1764 3717 1804 dot
3754 1766 3903 1814 65,000
3923 1768 3995 1819 fr.,
4030 1775 4215 1822 grandes,

3075 1812 3323 1862 espérances
3339 1818 3460 1864 après
3480 1830 3546 1858 ses
3566 1823 3748 1870 parents,
3771 1822 4012 1871 épouserait
4028 1828 4208 1878 notaire,

3074 1866 3224 1913 avoué,
3266 1868 3467 1920 employé
3506 1871 3563 1911 du
3603 1884 3941 1923 gouvernement
3982 1888 4082 1916 avec
4105 1878 4211 1919 bons

3074 1924 3434 1970 appointements.

3127 2000 3203 2041 435
3222 2003 3304 2043 bis.
3328 2027 3377 2034 —
3419 2007 3688 2059 Demoiselle,
3718 2012 3768 2052 20
3790 2026 3880 2060 ans,
3912 2015 4002 2056 fille
4025 2016 4207 2071 unique,

3074 2052 3174 2092 bien
3211 2055 3370 2105 élevée,
3408 2058 3526 2107 jolie,
3571 2062 3642 2100 dot
3695 2063 3863 2108 100,000
3903 2068 3976 2114 fr,,
4027 2072 4208 2119 grandes

3075 2109 3335 2156 espérances,
3387 2112 3626 2160 épouserait
3674 2115 3887 2156 Monsieur
3935 2131 3986 2158 en
4039 2131 4210 2173 rapport

3073 2157 3207 2212 d’âge,
3230 2160 3500 2206 d’éducation
3523 2171 3563 2206 et
3591 2166 3642 2208 de
3665 2168 3835 2210 fortune
3858 2184 3910 2211 ou
3934 2174 4135 2220 employé
4158 2176 4208 2215 de

3076 2212 3210 2256 l’Etat.

3126 2299 3216 2340 436.
3242 2324 3290 2330 —
3311 2302 3583 2355 Demoiselle,
3599 2308 3648 2347 22
3664 2322 3755 2359 ans,
3779 2311 3898 2363 jolie,
3922 2311 4022 2354 bien
4044 2311 4204 2362 élevée,

3074 2349 3144 2387 dot
3166 2352 3284 2397 5,000
3304 2354 3358 2395 fr.
3398 2358 3448 2395 de
3487 2364 3636 2407 rentes,
3660 2363 3899 2411 épouserait
3922 2367 4134 2408 Monsieur
4151 2378 4204 2407 en

3072 2410 3241 2451 rapport
3260 2403 3380 2456 d’âge
3403 2415 3444 2446 et
3463 2410 3515 2449 de
3535 2411 3720 2455 fortune.

3126 2483 3216 2525 441.
3236 2510 3284 2515 —
3300 2487 3568 2538 Demoiselle,
3584 2494 3632 2532 34
3648 2507 3738 2546 ans,
3756 2499 3924 2541 fortune
3940 2503 4114 2551 900,000
4131 2508 4170 2546 fr
4192 2540 4201 2556 ,

3073 2539 3311 2589 épouserait
3335 2541 3548 2582 Monsieur
3574 2555 3626 2583 en
3650 2559 3817 2600 rapport
3839 2554 3975 2606 d’âge,
3998 2566 4130 2608 ayant
4151 2560 4202 2600 de

3072 2591 3095 2630 2
3116 2594 3139 2630 à
3162 2591 3334 2642 300,000
3355 2596 3391 2634 fr
3415 2627 3423 2642 ,
3462 2595 3687 2636 donnerait
3710 2601 3746 2639 la
3768 2607 4011 2651 préférence
4032 2614 4056 2651 à
4078 2611 4200 2652 Mon¬

3072 2644 3188 2683 sieur
3204 2653 3335 2697 ayant
3361 2660 3415 2686 un
3439 2650 3534 2688 tilre
3558 2650 3815 2694 nobilliaire.

3124 2725 3216 2768 442.
3247 2751 3290 2758 —
3320 2728 3475 2779 Veuve,
3515 2744 3611 2772 sans
3650 2735 3832 2782 enfants,
3875 2738 3923 2778 40
3963 2752 4052 2790 ans,
4092 2747 4203 2787 belle

3072 2790 3292 2830 personne,
3323 2782 3494 2824 fortune
3523 2787 3669 2835 50,000
3701 2790 3769 2840 fr.,
3811 2793 4052 2844 épouserait
4080 2796 4203 2836 Mon¬

3070 2832 3186 2874 sieur
3206 2847 3259 2875 en
3280 2843 3444 2888 rapport
3466 2839 3584 2890 d’âge
3606 2847 3646 2880 et
3668 2842 3842 2886 d’avoir.

3124 2911 3215 2952 443.
3239 2936 3288 2942 —
3327 2915 3595 2967 Demoiselle,
3629 2919 3678 2958 22
3713 2933 3803 2967 ans,
3832 2925 3943 2966 belle
3977 2937 4201 2982 personne,

3069 2964 3139 3007 dot
3159 2966 3332 3013 200,000
3352 2970 3423 3020 fr.,
3446 2971 3683 3024 épouserait
3706 2976 3867 3019 notaire
3890 2992 3942 3019 ou
3967 2988 4118 3027 avoué.

3120 3058 3211 3100 444.
3238 3084 3282 3090 —
3306 3060 3575 3114 Demoiselle,
3599 3065 3645 3105 21
3666 3078 3758 3116 ans,
3786 3067 3855 3108 dot
3900 3070 4043 3118 12,000
4063 3075 4114 3115 fr.
4149 3076 4200 3115 de

3067 3119 3219 3164 rentes,
3251 3118 3491 3167 épouserait
3515 3119 3726 3160 Monsieur
3746 3132 3796 3162 en
3819 3130 3991 3176 rapport
4019 3127 4139 3180 d’âge
4160 3135 4202 3168 et

3066 3165 3118 3207 de
3140 3167 3324 3210 fortune.

3116 3259 3208 3301 445.
3236 3284 3282 3291 —
3320 3262 3590 3316 Demoiselle,
3628 3267 3678 3307 24
3714 3280 3804 3320 ans,
3846 3271 3916 3311 dot
3950 3272 4098 3321 50,000
4127 3275 4199 3322 fr.,

3062 3314 3301 3366 épouserait
3340 3319 3555 3359 Monsieur
3586 3329 3716 3372 ayant
3753 3323 3939 3373 position
3967 3331 4008 3362 et
4030 3326 4200 3364 fortune

3060 3368 3352 3418 équivalente.

3112 3443 3205 3485 459.
3227 3468 3279 3475 —
3299 3446 3569 3495 Demoiselle,
3590 3447 3643 3488 26
3663 3462 3753 3498 ans,
3773 3450 3892 3502 jolie,
3912 3452 4011 3495 bien
4034 3454 4196 3508 élevée,

3060 3497 3207 3547 20.000
3228 3499 3279 3542 fr.
3322 3499 3372 3543 de
3412 3500 3483 3543 dot
3514 3507 3552 3543 et
3586 3506 3848 3558 espérances,
3872 3509 4114 3560 épouserait
4136 3524 4196 3552 un

3059 3564 3350 3610 commerçant
3372 3558 3471 3598 bien
3492 3559 3640 3599 établi.

3111 3638 3203 3678 462.
3228 3662 3278 3667 —
3296 3639 3568 3682 Demoiselle,
3594 3640 3643 3679 24
3663 3651 3756 3688 ans,
3780 3642 3954 3681 fortune
3976 3643 4096 3691 3,000
4119 3644 4192 3694 fr.,

3056 3690 3167 3730 beau
3206 3696 3440 3736 trousseau,
3471 3691 3619 3732 avenir
3637 3692 3688 3732 de
3709 3703 3775 3735 ses
3798 3702 3985 3748 parents,
4006 3699 4195 3750 épouse¬

3058 3743 3136 3783 rait
3158 3755 3312 3799 garçon
3334 3746 3384 3786 de
3404 3746 3496 3788 café
3516 3759 3572 3787 ou
3595 3748 3699 3800 petit
3720 3750 3892 3792 rentier.

3107 3828 3185 3868 464
3201 3829 3281 3868 bis.
3288 3851 3339 3859 —
3355 3831 3513 3878 Veuve,
3535 3834 3636 3879 âgée
3657 3834 3708 3871 de
3729 3834 3779 3873 47
3799 3847 3890 3884 ans,
3909 3836 4008 3876 bien
4029 3838 4190 3888 élevée,

3058 3881 3279 3927 possédant
3320 3881 3488 3926 120,000
3532 3883 3583 3920 fr.
3623 3895 3675 3920 en
3716 3886 3903 3934 valeurs,
3946 3891 4191 3937 épouserait

3059 3928 3271 3968 Monsieur
3308 3942 3363 3968 ou
3405 3932 3563 3970 rentier
3602 3940 3732 3982 ayant
3755 3936 3875 3983 3,000
3898 3938 3950 3978 fr.
3975 3939 4026 3979 de
4048 3948 4192 3982 rentes

3056 3991 3111 4019 au
3132 3982 3275 4020 moins
3293 3987 3335 4020 et
3355 3994 3406 4021 en
3431 3987 3600 4032 rapport
3619 3986 3754 4034 d’âge.

3108 4063 3200 4104 465.
3228 4087 3272 4095 —
3296 4063 3454 4112 Veuve,
3487 4068 3588 4115 âgée
3629 4067 3679 4107 de
3719 4070 3770 4110 38
3807 4083 3898 4122 ans,
3939 4074 4051 4115 belle
4094 4088 4189 4128 per¬

3055 4127 3200 4168 sonne,
3223 4118 3320 4156 bien
3362 4116 3522 4164 élevée,
3550 4119 3721 4163 fortune
3742 4126 3934 4174 présente
3962 4129 4110 4180 30,000
4133 4131 4184 4173 fr.

3055 4175 3096 4210 et
3116 4170 3378 4219 espérances,
3402 4171 3642 4219 épouserait
3675 4177 3887 4220 Monsieur
3924 4191 3976 4222 en
4017 4190 4189 4237 rapport

3054 4222 3188 4271 d’âge,
3211 4229 3342 4274 ayant
3362 4222 3494 4272 avoir,
3518 4227 3723 4278 employé
3742 4242 3796 4268 on
3819 4234 3990 4276 rentier.

3106 4291 3199 4332 468.
3234 4314 3283 4319 —
3324 4293 3592 4344 Demoiselle,
3615 4296 3664 4334 23
3687 4308 3776 4346 ans,
3815 4299 3910 4339 bien
3935 4303 4092 4355 élevée,
4136 4311 4188 4349 de

3054 4343 3193 4384 bonne
3207 4344 3574 4394 famille,fortune
3590 4350 3856 4399 personnelle
3875 4354 4023 4404 22,000
4043 4358 4118 4405 fr..
4136 4362 4188 4399 de

3052 4407 3118 4437 ses
3152 4406 3319 4448 parents
3360 4400 3531 4449 100,000
3571 4402 3639 4451 fr.,
3680 4404 3922 4455 épouserait
3971 4409 4187 4452 Monsieur

3056 4449 3152 4491 bien
3174 4452 3309 4502 élevé,
3351 4459 3480 4504 ayant
3503 4455 3640 4497 bonne
3666 4459 3847 4508 position
3886 4475 3939 4504 ou
3963 4464 4184 4522 employé,

3051 4515 3103 4544 en
3127 4512 3301 4558 rapport
3321 4505 3455 4558 d’âge.

3101 4595 3195 4638 469.
3220 4620 3266 4626 —
3309 4596 3579 4650 Demoiselle,
3601 4602 3652 4643 28
3672 4615 3763 4656 ans,
3790 4607 3873 4649 très
3897 4609 3997 4651 bien
4020 4611 4180 4664 élevée,

3050 4649 3218 4692 fortune
3258 4652 3406 4701 90,000
3455 4655 3524 4703 fr.,
3570 4658 3814 4709 épouserait
3867 4674 4180 4718 commerçant,

3048 4710 3180 4756 ayant
3204 4706 3311 4747 belle
3332 4707 3538 4748 situation
3572 4722 3627 4751 ou
3667 4714 3869 4766 employé
3890 4716 3941 4755 de
3963 4716 4102 4767 l’Etat,
4128 4730 4182 4758 en

3047 4766 3218 4811 rapport
3238 4760 3374 4811 d’âge.

3099 4842 3191 4883 475.
3222 4866 3263 4871 —
3303 4843 3574 4897 Demoiselle,
3607 4848 3655 4887 27
3696 4861 3787 4900 ans,
3827 4854 4068 4911 orpheline,
4107 4860 4180 4900 dot

3046 4896 3192 4947 70.000
3228 4896 3298 4947 fr.,
3341 4899 3440 4939 bien
3483 4900 3642 4952 élevée,
3684 4905 3926 4958 épouserait
3962 4912 4179 4954 Monsieur

3044 4956 3175 5002 ayant
3196 4952 3379 5003 position
3401 4960 3442 4995 et
3462 4968 3515 4996 en
3537 4966 3706 5011 rapport
3726 4962 3844 5014 d’âge
3867 4970 3907 5004 et
3928 4966 4107 5006 d’avoir.

3095 5040 3186 5083 479.
3211 5067 3259 5074 —
3283 5044 3440 5095 Veuve,
3482 5050 3582 5098 âgée
3619 5050 3670 5091 de
3708 5051 3759 5093 46
3795 5065 3884 5096 ans,
3920 5056 4054 5103 ayant
4091 5064 4179 5092 une

3042 5096 3278 5147 profession
3302 5101 3381 5139 très
3405 5099 3611 5144 lucrative
3632 5112 3673 5144 et
3698 5106 3807 5145 belle
3828 5104 4042 5155 clientèle,
4076 5106 4179 5148 éco¬

3041 5151 3207 5193 nomies
3246 5151 3387 5200 14,000
3416 5154 3486 5206 fr.,
3526 5156 3635 5199 beau
3677 5156 3892 5207 mobilier,
3932 5159 4178 5211 épouserait

3040 5207 3240 5260 employé
3261 5220 3316 5247 ou
3340 5208 3510 5251 rentier.

3091 5289 3182 5330 482.
3204 5314 3255 5320 —
3293 5291 3452 5337 Veuve,
3475 5303 3574 5331 sans
3594 5291 3776 5346 enfants,
3802 5298 3902 5348 âgée
3926 5299 3976 5340 de
3999 5300 4048 5339 47
4079 5308 4174 5344 ans,

3039 5340 3208 5382 fortune
3244 5344 3390 5391 80,000
3424 5343 3476 5384 fr.
3512 5355 3564 5383 en
3604 5345 3883 5399 immeubles,
3927 5348 4175 5401 épouserait

3038 5394 3252 5436 Monsieur
3271 5407 3323 5435 en
3344 5402 3511 5447 rapport
3531 5396 3651 5453 d’âge
3671 5408 3712 5443 et
3730 5404 3906 5444 d’avoir.

3090 5485 3164 5526 484
3187 5485 3270 5527 bis.
3296 5508 3343 5516 —
3369 5486 3639 5542 Demoiselle,
3671 5494 3832 5532 femme
3863 5488 3914 5526 de
3944 5486 4168 5538 chambre,

3035 5539 3086 5579 28
3106 5551 3196 5588 ans,
3218 5544 3348 5590 ayant
3370 5542 3490 5591 7,000
3507 5546 3559 5586 fr.
3595 5539 3897 5586 d’économies,
3922 5539 4168 5590 épouserait

3036 5592 3139 5643 petit
3159 5592 3359 5648 employé
3380 5610 3432 5637 ou
3456 5598 3642 5646 ouvrier,
3676 5602 3834 5643 garçon
3855 5592 3906 5631 de
3928 5594 4039 5648 café,
4063 5608 4166 5638 avec

3034 5644 3167 5686 avoir.

3085 5727 3176 5771 485.
3203 5756 3247 5762 —
3272 5732 3429 5783 Veuve,
3471 5740 3568 5771 sans
3588 5726 3771 5776 enfants,
3807 5731 3907 5782 âgée
3926 5734 3976 5777 de
4001 5738 4051 5778 60
4072 5750 4163 5790 ans,

3031 5782 3203 5827 fortune
3237 5787 3360 5835 4,500
3393 5786 3466 5828 fr.,
3487 5779 3728 5830 épouserait
3763 5787 3867 5835 petit
3908 5791 4070 5832 rentier
4109 5807 4165 5833 ou

3031 5838 3244 5880 Monsieur
3264 5850 3316 5878 en
3340 5838 3508 5883 rapport
3528 5832 3555 5871 d
3574 5835 3664 5884 âge,
3688 5846 3788 5880 avec
3811 5843 4010 5894 position.

3081 5916 3173 5955 495.
3193 5936 3242 5943 —
3264 5908 3535 5959 Demoiselle,
3562 5910 3608 5952 19
3646 5926 3735 5968 ans,
3767 5919 3869 5959 bien
3909 5919 4070 5964 élevée,
4094 5915 4167 5958 dot

3028 5967 3176 6015 80.000
3195 5964 3264 6009 fr.,
3288 5963 3536 6012 espérances
3555 5966 3607 6008 de
3626 5980 3691 6011 ses
3707 5979 3876 6023 parents
3898 5970 4074 6019 300,000
4092 5970 4160 6024 fr.,

3027 6015 3268 6067 épouserait
3303 6015 3501 6072 employé
3522 6020 3572 6063 de
3597 6023 3715 6065 l’Etat
3736 6029 3869 6075 ayant
3891 6022 4002 6063 belle
4023 6023 4162 6068 situa¬

3027 6070 3131 6116 tion,
3151 6080 3206 6108 ou
3244 6070 3458 6115 Monsieur
3478 6084 3607 6128 ayant
3635 6078 3804 6126 150,000
3827 6074 3898 6126 fr.,
3918 6088 3970 6118 en
3992 6088 4162 6135 rapport

3026 6120 3160 6170 d’âge.
