4720 7064
600 393 658 439 N°
682 391 728 437 7.
756 416 812 423 —
851 388 1106 434 Deuxième
1145 387 1326 436 Année.

1941 387 2290 438 Edition
2331 392 2808 442 JVÆensnelle

3496 140 3514 240 I
3566 187 3842 245 DEPOT
3882 187 4154 241 LEGAL
4194 143 4204 243 I

3608 239 3688 344 //°
3836 240 4054 366 Uf-
4204 319 4216 363 ,

3501 360 3568 410 \
3796 362 3818 392 4
3845 361 3876 391 o
3894 335 3974 392 g/
4145 350 4219 413 y

3453 406 3588 451 Mo»
3618 408 3676 455 DE
3697 408 3916 456 tOTCŒF
4151 408 4163 423 '

600 1518 702 1567 lO
732 1512 975 1566 Cîent.
1006 1512 1048 1564 le
1076 1511 1296 1566 Numéro

567 1626 683 1658 Envoi
703 1626 819 1666 gratis
838 1626 924 1659 hors
943 1627 978 1660 la
998 1627 1092 1660 Ville
1114 1631 1149 1659 et
1170 1628 1191 1660 à
1211 1627 1368 1659 l’Etran¬

524 1676 587 1707 ger
626 1667 643 1699 à
675 1671 779 1700 toute
816 1678 999 1710 personne
1038 1671 1100 1711 qui
1146 1678 1188 1702 en
1235 1670 1299 1699 fait
1335 1667 1367 1698 la

523 1709 704 1743 liemande
724 1720 788 1752 par
811 1711 915 1744 lettre
939 1711 1151 1749 affranchie,
1179 1714 1214 1742 et
1240 1710 1367 1740 franco

523 1759 610 1783 sous
630 1754 832 1795 enveloppe,
852 1754 1022 1786 cachetée
1042 1755 1170 1784 contre
1192 1751 1247 1783 30
1268 1754 1365 1783 cent,

524 1802 567 1824 en
590 1794 755 1828 timbres.

1883 1516 2175 1566 OFFICE
2232 1518 2701 1567 MONDONET

1531 1604 1661 1654 47,
1710 1606 1870 1644 Fine
1912 1607 2003 1645 de
2047 1606 2112 1644 la
2156 1607 2383 1647 Darse
2426 1606 2515 1655 (au
2554 1604 2578 1643 1
2586 1612 2619 1632 er
2655 1616 2755 1646 sur
2791 1610 3050 1659 entresol)

2100 1690 2478 1734 MARSEILLE

1479 1768 1627 1807 Ouvert
1651 1772 1739 1805 tous
1756 1764 1810 1805 les
1827 1767 1940 1815 jours
1956 1767 2003 1805 de
2022 1768 2044 1804 “J
2058 1764 2097 1805 h.
2115 1765 2139 1805 à
2156 1770 2180 1804 S
2195 1763 2233 1806 h.
2252 1767 2305 1806 du
2316 1767 2418 1816 soir,
2438 1772 2472 1806 et
2494 1766 2528 1806 le
2544 1765 2759 1807 dimanche
2779 1767 2824 1806 de
2845 1768 2867 1807 0
2892 1764 2927 1807 h.
2955 1766 2976 1806 à
3003 1767 3103 1807 midi

3290 1542 3394 1578 iu
3427 1543 3673 1584 üent.
3704 1544 3747 1583 le
3776 1544 3998 1587 INumero

3256 1648 3436 1692 Mariages
3450 1652 3570 1686 riches
3584 1664 3675 1695 pour
3691 1659 3814 1690 toutes
3832 1659 3884 1690 les
3902 1660 4068 1692 fortunes

3215 1692 3250 1720 et
3282 1693 3404 1724 toutes
3435 1694 3488 1726 les
3520 1697 3716 1735 positions.
3750 1698 3800 1731 La
3838 1702 3984 1734 maison
4022 1711 4066 1734 ne

3212 1730 3380 1773 s’occupe
3399 1743 3468 1774 que
3490 1736 3555 1768 des
3571 1739 3708 1771 unions
3728 1741 3910 1778 possibles
3927 1746 3960 1775 et
3978 1751 4067 1775 sans

3214 1772 3331 1804 tâche.

575 1939 609 1978 A
648 1946 768 1977 cause
807 1935 859 1975 du
899 1935 1039 1987 grand
1079 1935 1424 1990 développement
1471 1936 1519 1979 de
1568 1948 1646 1980 nos

521 1995 703 2048 affaires,
732 1997 857 2039 notre
882 1995 994 2040 Office
1013 2007 1111 2040 sera
1132 1996 1366 2051 transféré,
1387 1999 1412 2042 à
1426 1999 1575 2055 partir
1594 1999 1645 2044 du

519 2054 573 2096 29
595 2056 833 2110 septembre
851 2058 1074 2112 prochain,
1101 2059 1332 2102 boulevard
1352 2059 1402 2102 de
1421 2061 1464 2103 la
1483 2060 1646 2113 Magde¬

519 2115 630 2159 leine
636 2150 646 2167 ,
670 2118 711 2159 B°
735 2118 771 2168 6,
796 2128 847 2160 au
872 2117 935 2160 i".

524 2281 601 2389 La
620 2274 865 2390 Mission
892 2274 929 2391 fl
928 2295 969 2391 a
1004 2319 1032 2371 «
1068 2275 1201 2391 Lien
1232 2276 1309 2392 an
1344 2276 1593 2413 Mariage
1616 2321 1644 2378 »

600 2466 783 2511 Notre
810 2467 915 2508 but
943 2468 1038 2510 est
1067 2468 1574 2512 essentiellement

523 2528 726 2575 moral,
762 2526 1019 2570 honnête
1046 2530 1104 2570 et
1129 2526 1647 2582 philanthropique

582 2627 710 2668 Dans
736 2628 868 2670 notre
888 2626 952 2671 fin
979 2628 1035 2670 de
1071 2627 1208 2668 siècle
1250 2627 1308 2668 où
1332 2628 1432 2669 tout
1455 2626 1646 2671 marche

522 2696 547 2739 à
585 2694 627 2739 la
652 2710 843 2755 vapeur,
868 2700 912 2739 et
947 2699 1006 2740 où
1042 2695 1084 2738 la
1118 2698 1288 2740 société
1312 2698 1376 2740 vit
1414 2698 1534 2742 dans
1555 2712 1646 2744 une

519 2770 708 2812 activité
729 2768 983 2810 dévorante
1007 2779 1018 2822 ;
1047 2767 1111 2811 les
1131 2767 1300 2823 jeunes
1319 2782 1440 2823 gens
1459 2771 1645 2815 sérieux

518 2840 595 2895 qui
617 2836 871 2880 cherchent
892 2838 918 2881 à
939 2851 990 2883 se
1004 2840 1134 2883 créer
1158 2852 1246 2883 une
1270 2840 1471 2895 position
1493 2854 1642 2885 avan¬

516 2914 711 2963 tageuse
734 2910 876 2967 parle
900 2912 1083 2963 travail,
1108 2911 1268 2955 vivant
1291 2914 1411 2956 dans
1442 2912 1504 2956 les
1528 2915 1640 2970 pré¬

518 2982 824 3037 occupations
844 2984 1116 3026 constantes
1151 2982 1261 3025 d’un
1292 2982 1454 3027 labeur
1476 2984 1643 3028 ardent

519 3064 635 3110 pour
657 3054 833 3098 arriver
854 3054 880 3096 à
899 3056 1019 3098 cette
1039 3052 1119 3104 fin,
1157 3052 1401 3108 négligent
1434 3055 1499 3099 les
1520 3056 1642 3099 rela¬

518 3123 640 3164 tions
678 3124 875 3166 sociales
912 3126 988 3179 qui
1030 3126 1303 3179 pourraient
1340 3126 1404 3170 les
1447 3140 1642 3184 pousser

520 3203 623 3235 vers
647 3190 686 3236 le
728 3194 958 3249 mariage.
996 3196 1220 3252 Lorsque,
1246 3198 1387 3251 enfin,
1411 3202 1591 3244 arrivés
1615 3203 1642 3245 à

518 3267 668 3311 trente
694 3279 752 3311 ou
782 3270 1013 3324 quarante
1035 3280 1137 3321 ans,
1162 3268 1219 3312 ils
1246 3272 1328 3312 ont
1350 3271 1515 3328 acquis
1551 3284 1642 3316 une

519 3339 720 3395 position
761 3340 839 3398 qui
862 3339 960 3387 leur
994 3342 1172 3400 permet
1200 3340 1256 3387 de
1295 3343 1498 3403 respirer
1519 3347 1563 3390 et
1586 3343 1642 3391 de

519 3413 744 3462 regarder
784 3415 810 3454 à
852 3414 950 3458 leur
999 3418 1167 3460 entour
1215 3430 1332 3475 pour
1387 3419 1644 3476 compléter

520 3478 616 3520 leur
657 3482 859 3523 carrière
886 3495 972 3537 par
1012 3498 1071 3526 un
1114 3488 1345 3540 mariage,
1370 3490 1426 3532 ils
1455 3494 1644 3535 sentent

519 3550 556 3595 le
587 3549 688 3596 vide
707 3555 878 3596 autour
897 3552 1035 3598 d’eux
1064 3557 1108 3599 et
1127 3559 1234 3600 sont
1257 3570 1374 3615 pour
1403 3559 1523 3603 ainsi
1543 3560 1642 3604 dire

518 3626 806 3671 désorientés
827 3640 884 3672 ne
907 3632 1130 3674 trouvant
1147 3644 1378 3689 personne
1396 3634 1452 3679 de
1474 3647 1644 3679 conve¬

516 3694 654 3735 nable
686 3697 806 3738 dans
827 3699 867 3739 le
900 3700 1048 3742 cercle
1071 3701 1152 3743 des
1187 3703 1412 3747 relations
1435 3708 1494 3748 où
1518 3708 1574 3750 ils
1595 3720 1644 3751 se

517 3767 624 3808 sont
643 3778 747 3810 mus
767 3766 1069 3826 jusqu’alors.

575 3839 783 3886 Souvent
822 3842 1127 3901 découragés,
1182 3847 1238 3892 ils
1294 3848 1508 3895 finissent
1559 3863 1644 3908 par

519 3924 744 3959 renoncer
766 3930 826 3960 au
866 3918 1077 3972 mariage
1098 3919 1136 3962 si
1167 3934 1256 3964 une
1290 3923 1419 3965 main
1442 3924 1564 3967 amie
1587 3936 1644 3968 ne

518 3986 644 4028 vient
678 3987 744 4030 les
763 3987 893 4030 aider
913 3992 957 4030 et
994 3988 1060 4030 les
1079 3991 1248 4041 guider
1280 3991 1400 4034 dans
1434 3995 1475 4035 le
1507 3995 1645 4037 choix

519 4055 655 4098 d’une
676 4067 941 4110 compagne
963 4058 1039 4110 qui
1062 4057 1158 4098 doit
1180 4062 1402 4112 partager
1426 4059 1524 4103 leur
1547 4062 1635 4112 vie,

519 4126 644 4168 leurs
660 4124 778 4179 joies
795 4127 840 4167 et
862 4124 986 4168 leurs
1006 4126 1179 4182 peines.

576 4194 696 4238 C’est
724 4195 763 4239 le
803 4195 886 4239 but
915 4209 1005 4254 que
1036 4196 1147 4243 s’est
1183 4199 1383 4256 proposé
1431 4200 1471 4244 le
1518 4201 1642 4245 Lien

518 4263 587 4308 du
625 4266 862 4326 Mariage
895 4283 903 4310 :
940 4271 1050 4314 Etre
1075 4269 1219 4319 l’ami,
1243 4270 1283 4315 le
1300 4271 1441 4327 guide
1471 4274 1516 4316 et
1535 4272 1639 4316 l’in¬

518 4339 730 4384 dicateur
768 4340 850 4383 des
891 4342 1060 4384 unions
1099 4342 1328 4386 honnêtes
1360 4347 1406 4387 et
1427 4344 1642 4388 honora¬

518 4410 631 4451 bles.
661 4412 806 4452 Notre
827 4411 909 4453 but
927 4415 996 4455 est
1030 4414 1424 4459 essentiellement
1448 4416 1642 4473 philan¬

516 4476 767 4536 thropique
792 4482 839 4523 et
858 4483 1254 4530 essentiellement
1275 4487 1439 4532 moral.

576 4551 642 4595 La
682 4551 955 4609 population
990 4554 1164 4598 décroît
1200 4570 1338 4612 parce
1359 4571 1448 4615 que
1471 4559 1511 4602 le
1534 4572 1640 4602 ma¬

519 4626 648 4681 riage
670 4628 739 4670 est
756 4624 939 4681 négligé
960 4638 968 4679 ;
990 4628 1034 4670 et
1056 4626 1095 4670 le
1119 4628 1329 4684 mariage
1347 4632 1416 4673 est
1432 4630 1639 4686 négligé,

518 4710 659 4751 parce
679 4711 771 4756 que
794 4696 1015 4744 l'homme
1034 4702 1245 4758 emporté
1279 4714 1363 4759 par
1384 4702 1425 4747 le
1447 4703 1643 4748 tourbil¬

518 4764 594 4806 lon
619 4767 700 4811 des
731 4771 938 4825 affaires,
966 4772 1040 4816 n’a
1058 4786 1143 4830 pas
1165 4774 1204 4819 le
1227 4777 1380 4832 temps
1400 4776 1456 4820 de
1475 4775 1642 4820 s’arrê¬

516 4836 586 4878 ter
606 4847 723 4890 pour
744 4843 983 4887 combiner
1004 4848 1050 4888 et
1078 4846 1302 4892 chercher
1332 4848 1435 4895 telle
1456 4863 1515 4895 ou
1538 4849 1642 4895 telle

519 4908 664 4954 union
686 4910 762 4964 qui
789 4916 999 4966 pourrait
1024 4915 1085 4957 lui
1110 4921 1348 4963 convenir.

574 4987 609 5031 Il
631 4986 707 5032 n’a
729 4999 814 5046 pas
835 4986 875 5031 le
898 4990 1051 5046 temps
1071 4994 1114 5034 et
1155 5007 1212 5038 ne
1234 4998 1343 5051 peut
1380 5010 1543 5055 passer
1562 5002 1643 5046 des

516 5062 635 5102 mois
655 5068 698 5105 et
722 5062 959 5119 peut-être
982 5060 1063 5104 des
1082 5067 1259 5109 années
1280 5070 1306 5110 à
1330 5068 1516 5114 décider
1538 5072 1643 5116 telle

518 5138 747 5182 personne
787 5136 812 5178 à
853 5136 1076 5192 partager
1108 5146 1160 5179 sa
1190 5138 1259 5180 vie
1283 5150 1295 5191 ;
1320 5138 1348 5180 il
1375 5152 1430 5183 ne
1451 5147 1642 5186 connaît

518 5208 603 5255 pas
622 5197 731 5241 bien
767 5203 811 5244 la
843 5208 1068 5252 situation
1102 5207 1159 5252 de
1196 5211 1316 5252 cette
1338 5222 1586 5266 personne,
1611 5211 1637 5256 il

516 5271 662 5318 hésite
696 5274 741 5315 et
776 5272 877 5318 finit
906 5291 990 5332 par
1019 5295 1244 5328 renoncer
1270 5298 1330 5329 au
1364 5287 1578 5344 mariage
1598 5292 1643 5333 et

516 5358 565 5388 se
586 5346 798 5402 résigner
819 5344 844 5387 à
870 5347 995 5391 vivre
1026 5352 1259 5400 d’amitiés
1282 5360 1579 5414 passagères.

575 5419 694 5463 Mais
714 5432 765 5464 ce
793 5417 871 5478 qui
908 5419 1060 5462 arrive
1083 5434 1203 5475 pour
1229 5428 1296 5472 les
1314 5427 1483 5485 jeunes
1502 5443 1637 5487 gens,

515 5490 667 5534 arrive
691 5492 796 5536 bien
819 5492 923 5552 plus
955 5503 1123 5536 encore
1143 5507 1260 5548 pour
1283 5500 1348 5543 les
1384 5514 1640 5560 personnes

515 5555 591 5610 qui
618 5567 761 5613 ayant
799 5566 871 5610 été
910 5567 1043 5610 unies
1079 5575 1170 5608 une
1199 5571 1428 5622 première
1466 5575 1554 5619 fois
1591 5586 1642 5619 se

518 5628 732 5673 trouvent
757 5639 855 5680 tout
878 5639 903 5683 à
926 5652 1044 5696 coup
1083 5638 1301 5683 désunies
1334 5651 1420 5694 par
1443 5644 1483 5686 le
1503 5646 1641 5691 décès

517 5696 572 5742 de
595 5698 718 5743 l’une
742 5703 915 5754 d’elles.

574 5771 723 5826 Après
751 5775 889 5818 s'être
922 5782 1191 5843 longtemps
1212 5783 1420 5830 abîmées
1443 5783 1563 5827 dans
1596 5787 1639 5830 la

515 5844 710 5891 douleur
736 5846 782 5890 et
814 5849 943 5891 avoir
978 5858 1096 5911 payé
1142 5872 1204 5903 un
1236 5858 1360 5915 juste
1403 5856 1545 5902 tribut
1587 5855 1639 5900 de

515 5916 690 5964 larmes
710 5922 737 5964 à
763 5918 944 5975 l’époux
978 5934 1037 5964 ou
1061 5927 1088 5967 à
1118 5927 1323 5985 l’épouse
1346 5931 1560 5987 décédée,
1585 5927 1640 5972 ils

516 5992 702 6035 sentent
738 5992 842 6051 plus
864 5992 1095 6037 vivement
1134 5996 1172 6040 le
1195 6003 1298 6046 vide
1320 6005 1398 6059 qui
1428 6004 1538 6048 s’est
1559 6003 1641 6047 fait

516 6058 686 6103 autour
722 6064 783 6108 du
822 6066 1082 6118 survivant,
1127 6066 1180 6108 ils
1212 6075 1292 6114 ont
1331 6075 1495 6119 besoin
1531 6076 1642 6120 d’un

1722 1949 1852 1983 cœur
1874 1940 1964 1983 ami
2003 1939 2078 1996 qui
2120 1939 2187 1984 les
2219 1940 2407 1983 console
2442 1952 2499 1983 ou
2535 1939 2600 1983 les
2635 1941 2840 1995 protège.

1722 2011 1783 2055 Ils
1804 2013 2013 2070 aspirent
2035 2014 2062 2056 à
2083 2016 2202 2058 cette
2231 2014 2300 2058 vie
2320 2011 2570 2070 tranquille
2587 2010 2782 2069 paisible
2802 2014 2847 2054 et

1723 2085 1974 2136 ntérieure,
2010 2086 2122 2127 faite
2153 2086 2428 2130 d’intimités
2450 2088 2494 2130 et
2514 2086 2570 2130 de
2594 2084 2842 2130 confiden¬

1722 2167 1799 2198 ces
1826 2167 1915 2210 que
1954 2155 1998 2199 la
2033 2159 2155 2199 mort
2192 2170 2219 2200 a
2258 2170 2470 2214 rompue.
2509 2160 2638 2201 Dans
2678 2170 2730 2202 ce
2766 2168 2846 2200 cas

1720 2224 1940 2271 l’homme
1981 2240 2007 2271 a
2055 2228 2218 2272 besoin
2258 2228 2396 2273 d’une
2436 2230 2558 2272 amie
2596 2228 2748 2286 pleine
2788 2230 2845 2271 de

1720 2298 1850 2343 soins
1877 2303 1922 2344 et
1949 2300 2006 2345 de
2035 2300 2372 2346 dévouements
2395 2312 2405 2355 ;
2425 2301 2468 2344 la
2487 2300 2624 2344 dame
2646 2299 2845 2344 cherche

1723 2384 1786 2414 un
1807 2374 2007 2427 soutien,
2035 2386 2095 2418 un
2123 2376 2386 2432 protecteur
2426 2376 2471 2418 et
2494 2386 2558 2418 un
2579 2372 2699 2416 aide.
2727 2371 2844 2415 Mais

1722 2443 1780 2484 où
1820 2446 2007 2487 trouver
2029 2444 2074 2487 la
2117 2458 2348 2501 personne
2383 2446 2460 2503 qui
2495 2445 2706 2488 réunisse
2740 2447 2846 2487 tous

1720 2511 1787 2554 les
1827 2513 2040 2559 désidéra
2049 2519 2095 2559 ta
2115 2516 2136 2559 ?
2158 2520 2222 2560 La
2243 2522 2364 2562 mort
2383 2519 2460 2575 qui
2484 2531 2510 2560 a
2532 2518 2570 2560 si
2606 2518 2846 2574 brusque¬

1720 2586 1847 2626 ment
1887 2586 2178 2645 interrompu
2219 2590 2259 2634 le
2294 2603 2431 2635 cours
2468 2591 2523 2634 de
2559 2592 2679 2634 cette
2715 2590 2844 2632 exis¬

1720 2656 1852 2699 tence
1872 2656 2034 2702 n’était
2057 2672 2142 2716 pas
2163 2662 2322 2706 entrée
2344 2662 2463 2706 dans
2482 2662 2547 2706 les
2580 2659 2754 2704 calculs
2788 2659 2844 2703 de

1720 2727 1764 2770 la
1787 2729 1856 2771 vie
1891 2743 2157 2777 commune.
2200 2736 2267 2779 Où
2304 2736 2492 2780 trouver
2531 2734 2572 2776 la
2612 2744 2844 2791 personne

1719 2799 1988 2846 réunissant
2008 2803 2075 2847 les
2097 2806 2361 2852 conditions
2384 2820 2499 2864 pour
2522 2819 2613 2851 une
2643 2804 2843 2850 seconde

1716 2871 1879 2916 union.

1776 2946 1838 2987 Le
1852 2943 2042 3000 journal
2072 2947 2113 2991 \e
2138 2948 2260 2992 Lien
2282 2950 2351 2994 du
2386 2952 2619 3010 Mariage
2659 2951 2772 2995 offre
2817 2951 2844 2994 à

1716 3015 1822 3058 tous
1844 3027 1935 3059 une
1970 3018 2197 3063 situation
2232 3022 2489 3067 semblable
2514 3025 2560 3066 et
2592 3022 2779 3078 lorsque
2800 3023 2843 3065 la

1716 3100 1947 3144 personne
1967 3091 2108 3147 qu'on
2147 3093 2299 3139 désire
2322 3109 2379 3140 ne
2415 3096 2482 3152 s’y
2501 3099 2664 3140 trouve
2686 3108 2788 3152 pas,
2814 3097 2841 3141 il

1715 3160 1791 3216 n'y
1808 3174 1835 3204 a
1851 3163 1958 3219 qu’à
1980 3163 2238 3210 s’adresser
2272 3168 2298 3211 à
2331 3167 2547 3213 l'Office
2582 3170 2843 3214 Mondonet

1715 3235 1792 3287 qui
1816 3246 1843 3275 a
1866 3246 1928 3277 un
1949 3237 2105 3291 grand
2128 3239 2324 3282 nombre
2343 3239 2398 3284 de
2427 3243 2746 3296 propositions
2763 3242 2843 3297 qui

1715 3316 1773 3347 ne
1792 3303 1998 3359 figurent
2020 3319 2106 3363 pas
2127 3308 2247 3351 dans
2268 3322 2346 3353 ces
2367 3311 2606 3355 colonnes.

1776 3378 1919 3424 Notre
1936 3376 2123 3436 journal
2160 3395 2186 3425 a
2210 3394 2327 3440 pour
2349 3382 2431 3427 but
2447 3382 2654 3427 d’ouvrir
2676 3383 2720 3427 la
2742 3383 2844 3427 voie

1716 3451 1972 3499 honorable
2007 3454 2062 3499 de
2098 3454 2142 3500 la
2179 3456 2351 3500 société
2388 3458 2414 3500 à
2458 3459 2584 3502 toute
2612 3470 2844 3514 personne

1716 3523 1792 3574 qui
1811 3535 1861 3564 se
1883 3527 2047 3566 trouve
2068 3527 2188 3567 dans
2207 3527 2398 3580 pareille
2418 3528 2662 3571 situation.

1800 3629 1940 3673 Rôle
1972 3628 2050 3672 du
2088 3646 2104 3667 «
2142 3630 2282 3674 Lien
2308 3631 2387 3675 du
2420 3632 2678 3688 Mariage
2715 3651 2734 3672 »

1774 3728 1907 3771 Nous
1927 3738 2187 3784 proposons
2223 3726 2289 3770 les
2327 3738 2588 3782 personnes
2607 3740 2721 3772 avec
2743 3727 2842 3770 leur

1715 3798 1940 3841 situation
1980 3799 2037 3843 de
2075 3800 2255 3844 fortune
2287 3802 2331 3843 et
2376 3799 2432 3843 de
2467 3799 2699 3852 moralité,
2724 3812 2842 3843 nous

1716 3868 1892 3914 faisons
1924 3870 1990 3915 les
2026 3871 2300 3927 demandes,
2331 3871 2606 3918 abouchons
2640 3872 2706 3916 les
2727 3884 2842 3930 per¬

1718 3956 1889 3988 sonnes
1928 3947 1972 3987 et
2011 3947 2215 3988 mettons
2244 3959 2302 3989 en
2325 3948 2548 4002 présence
2582 3945 2648 3991 les
2669 3946 2840 3991 futurs.

1715 4015 1846 4056 Nous
1866 4027 2071 4058 sommes
2092 4015 2159 4059 les
2194 4018 2570 4061 intermédiaires
2610 4019 2691 4063 des
2731 4032 2843 4075 pre¬

1716 4084 1883 4124 mières
1922 4088 2186 4136 entrevues,
2226 4084 2439 4140 toujours
2478 4088 2572 4128 très
2610 4092 2843 4141 gênantes

1715 4152 1760 4191 et
1798 4151 1890 4193 très
1911 4151 2131 4195 délicates
2155 4166 2271 4208 pour
2292 4155 2374 4196 des
2398 4166 2655 4210 personnes
2675 4159 2752 4212 qui
2788 4170 2838 4201 se

1717 4220 1871 4263 voient
1898 4234 2016 4278 pour
2038 4222 2083 4263 la
2121 4224 2352 4279 première
2390 4224 2491 4268 fois.
2523 4226 2656 4271 Nous
2688 4227 2839 4271 résol¬

1714 4304 1831 4336 vons
1876 4295 2043 4336 autant
2082 4306 2172 4351 que
2214 4294 2414 4352 possible
2474 4296 2540 4342 les
2591 4298 2842 4345 difficultés

1715 4367 1791 4423 qui
1816 4370 2019 4423 peuvent
2051 4380 2100 4412 se
2124 4368 2365 4426 présenter
2387 4372 2506 4416 dans
2543 4371 2587 4415 la
2616 4375 2840 4419 situation

1715 4436 1771 4479 de
1792 4438 1914 4483 l’une
1932 4439 2104 4483 d’elles.
2128 4442 2260 4485 Nous
2280 4454 2488 4487 sommes
2507 4443 2607 4487 leur
2630 4447 2844 4491 intermé¬

1715 4510 1859 4552 diaire
1890 4513 1934 4554 et
1974 4511 2071 4555 leur
2101 4515 2211 4555 ami.
2237 4514 2339 4566 Oui,
2367 4514 2465 4558 leur
2483 4516 2595 4570 ami,
2619 4530 2702 4562 car
2723 4532 2844 4566 nous

1715 4580 2019 4624 considérons
2040 4594 2222 4627 comme
2251 4584 2311 4628 tel
2350 4588 2482 4631 notre
2522 4588 2618 4634 rôle
2642 4603 2758 4648 pour
2779 4592 2844 4635 les

1715 4664 1973 4708 personnes
2003 4654 2080 4711 qui
2122 4668 2242 4700 nous
2278 4658 2508 4716 chargent
2547 4661 2607 4707 du
2646 4665 2750 4707 soin
2788 4665 2843 4708 de

1714 4726 1814 4771 leur
1836 4728 1996 4772 union.

1772 4800 1894 4844 Elles
1909 4803 2111 4859 peuvent
2123 4808 2334 4862 compter
2347 4819 2427 4851 sur
2440 4809 2572 4850 notre
2588 4805 2842 4850 discrétion

1715 4872 1923 4919 absolue.
1960 4875 2104 4920 Notre
2127 4876 2259 4922 office
2284 4880 2355 4923 est
2388 4891 2447 4921 un
2473 4877 2694 4922 tombeau
2725 4891 2843 4936 pour

1715 4944 1783 4990 les
1802 4950 1979 4992 secrets
1999 4950 2076 5004 qui
2099 4962 2220 4992 nous
2239 4953 2347 4992 sont
2367 4948 2557 4992 confiés.

1774 5021 1998 5074 Souvent,
2046 5023 2216 5072 même,
2258 5019 2300 5063 la
2334 5022 2563 5077 première
2599 5024 2843 5080 présenta¬

1716 5091 1811 5132 tion
1851 5103 1878 5133 a
1915 5091 2006 5134 lieu
2032 5102 2146 5134 sans
2175 5090 2442 5147 qu'aucune
2480 5094 2563 5138 des
2584 5094 2701 5138 deux
2739 5106 2842 5150 par¬

1715 5160 1802 5203 ties
1822 5162 2070 5206 connaisse
2094 5159 2134 5204 le
2157 5175 2268 5207 nom
2303 5165 2359 5211 de
2396 5167 2560 5208 l’autre
2580 5169 2624 5207 et
2647 5175 2765 5206 nous
2783 5174 2841 5205 ne

1715 5230 1780 5276 les
1800 5232 1979 5278 faisons
1997 5238 2242 5280 connaître
2267 5249 2356 5292 que
2383 5248 2463 5280 sur
2484 5235 2583 5278 leur
2603 5232 2831 5277 autorisa¬

1716 5307 1812 5350 tion
1835 5319 2072 5364 expresse.

1772 5380 1844 5422 Un
1862 5375 2048 5432 journal
2070 5389 2187 5432 pour
2203 5378 2441 5433 mariages
2460 5378 2579 5421 dans
2592 5388 2682 5420 une
2699 5376 2840 5432 petite

1715 5448 1819 5491 ville
1837 5450 1895 5491 où
1918 5451 2019 5491 tout
2039 5447 2078 5491 le
2106 5448 2276 5492 monde
2302 5461 2352 5491 se
2370 5450 2561 5494 connaît
2581 5449 2627 5491 et
2647 5450 2840 5490 connaît

1714 5518 1756 5560 la
1779 5519 2004 5562 situation
2025 5518 2082 5563 de
2103 5531 2188 5563 son
2227 5519 2394 5575 voisin,
2419 5518 2622 5566 n’aurait
2659 5530 2744 5574 pas
2783 5518 2839 5561 de

1714 5590 1871 5635 raison
1902 5591 2062 5646 d’être,
2086 5592 2207 5636 mais
2227 5591 2347 5634 dans
2384 5603 2475 5636 une
2514 5588 2695 5644 grande
2716 5588 2836 5640 ville,

1714 5675 1895 5707 comme
1931 5664 1972 5707 la
2011 5666 2157 5719 nôtre,
2198 5663 2256 5707 où
2294 5662 2476 5707 chacun
2518 5671 2660 5716 pense
2703 5663 2731 5703 à
2767 5671 2840 5702 ses

1712 5734 1902 5779 affaires
1922 5738 1967 5778 et
1996 5747 2090 5778 non
2112 5736 2139 5778 à
2155 5734 2292 5778 celles
2310 5734 2366 5779 de
2387 5746 2462 5778 ses
2482 5731 2659 5774 voisins
2683 5743 2694 5786 ;
2716 5734 2762 5775 et
2779 5731 2838 5772 où

1712 5806 1820 5847 bien
1842 5810 2040 5850 souvent
2062 5806 2127 5849 les
2151 5807 2394 5850 habitants
2414 5804 2468 5846 de
2489 5802 2532 5844 la
2556 5806 2708 5846 même
2726 5800 2838 5844 mai¬

1712 5886 1798 5916 son
1820 5888 1877 5919 ne
1910 5888 1959 5920 se
1996 5879 2299 5922 connaissent
2339 5888 2423 5934 pas
2440 5876 2571 5918 entre
2588 5885 2692 5927 eux,
2719 5872 2746 5915 il
2768 5873 2838 5915 est

1712 5944 1978 5991 nécessaire
2019 5950 2128 5992 d’un
2182 5951 2275 5994 ami
2319 5944 2528 6002 général,
2583 5944 2693 5987 d’un
2743 5942 2836 5985 ami

1712 6027 1934 6060 commun
1958 6020 2034 6075 qui
2056 6023 2294 6078 groupant
2336 6018 2455 6060 dans
2478 6028 2540 6060 un
2581 6018 2714 6060 vaste
2748 6026 2838 6058 en¬

1714 6087 1906 6143 semble,
1928 6087 1995 6132 les
2032 6091 2172 6135 offres
2210 6095 2254 6135 et
2292 6089 2359 6132 les
2398 6086 2675 6139 demandes,
2700 6098 2837 6130 com¬

2922 1940 3028 1983 bine
3051 1939 3111 1983 lui
3154 1944 3305 1983 même
3328 1940 3394 1984 les
3428 1943 3702 1998 situations,
3730 1945 3795 1988 les
3827 1951 3962 2002 âges,
3996 1950 4062 1992 les

2920 2014 3077 2066 goûts,
3118 2011 3184 2056 les
3219 2010 3411 2067 figures,
3468 2012 3536 2056 les
3587 2016 3800 2060 fortunes
3840 2020 3886 2062 et
3935 2021 4060 2065 fasse

2920 2083 2981 2126 lui
3020 2087 3174 2127 même
3198 2083 3264 2127 les
3286 2084 3606 2140 propositions
3640 2086 3706 2130 les
3746 2087 3852 2143 plus
3896 2095 4055 2135 sorta¬

2919 2154 3035 2198 bles.

2976 2226 3057 2270 Cet
3079 2224 3171 2268 ami
3194 2237 3434 2277 commun,
3459 2226 3574 2270 c’est
3596 2227 3760 2272 l’office
3783 2232 4055 2287 Mondonet,

2919 2297 2990 2350 47,
3014 2310 3098 2342 rue
3126 2298 3182 2342 de
3200 2296 3246 2340 la
3268 2299 3428 2351 Darse,
3451 2297 3564 2340 c’est
3597 2299 3636 2342 le
3653 2298 3844 2355 journal
3867 2303 3908 2347 le
3930 2302 4056 2346 Lien

2918 2368 2986 2411 dit
3015 2368 3251 2427 Mariage
3274 2369 3350 2425 qui
3378 2370 3446 2412 est
3467 2380 3554 2411 son
3575 2371 3836 2416 auxiliaire.

2975 2439 3187 2483 Pendant
3210 2439 3480 2496 longtemps
3504 2439 3532 2483 il
3571 2453 3598 2484 a
3638 2442 3783 2486 existé
3823 2457 3912 2488 une
3950 2446 4055 2500 pré¬

2920 2512 3107 2556 vention
3131 2512 3224 2555 très
3254 2512 3479 2568 marquée
3513 2515 3675 2556 contre
3703 2512 3771 2556 les
3809 2516 4052 2569 mariages

2919 2584 3010 2628 dits
3023 2584 3079 2627 de
3103 2582 3408 2641 proposition,
3434 2595 3494 2626 on
3519 2584 3696 2628 voulait
3718 2598 3767 2630 se
3792 2588 4053 2643 persuader

2919 2655 3027 2712 qu’il
3060 2668 3116 2700 ne
3148 2655 3340 2712 pouvait
3360 2655 3502 2699 sortir
3520 2655 3602 2698 des
3620 2668 3828 2711 agences
3856 2671 3947 2715 que
3970 2659 4054 2703 des

2919 2727 3155 2783 mariages
3175 2727 3456 2784 disparates.

2975 2802 3045 2844 En
3067 2799 3167 2844 face
3190 2799 3271 2843 des
3301 2799 3526 2843 résultats
3565 2802 3828 2847 contraires
3848 2803 4051 2851 obtenus

2920 2886 3003 2930 par
3058 2884 3134 2917 ces
3196 2872 3425 2927 bureaux,
3468 2884 3529 2915 on
3587 2875 3659 2916 est
3699 2874 3814 2917 sorti
3844 2875 4048 2932 complè¬

2919 2948 3091 2990 tement
3131 2944 3187 2988 de
3226 2946 3347 2988 cette
3396 2944 3691 3000 prévention.
3734 2945 3947 2992 L’estime
3988 2947 4051 2991 du

2919 3016 3074 3075 public
3091 3019 3163 3060 est
3183 3015 3483 3059 absolument
3495 3018 3688 3074 acquise
3708 3030 3807 3060 aux
3823 3031 4048 3074 agences,

2919 3102 3034 3147 pour
3055 3088 3099 3133 la
3120 3088 3278 3132 raison
3307 3087 3415 3132 bien
3449 3087 3634 3145 simple,
3659 3100 3750 3144 que
3771 3090 3838 3134 les
3860 3090 4051 3134 affaires

2918 3161 3107 3204 traitées
3129 3172 3214 3218 par
3247 3159 3372 3214 elles,
3399 3159 3439 3203 le
3478 3162 3586 3203 sont
3608 3160 3715 3216 plus
3754 3162 4051 3218 rapidement

2917 3237 2962 3278 et
3004 3234 3107 3290 plus
3144 3235 3400 3283 sûrement,
3425 3234 3470 3275 et
3509 3243 3568 3275 on
3612 3234 3723 3288 peut
3759 3232 3858 3278 dire
3895 3246 3986 3290 que
4011 3234 4050 3278 le

2919 3306 3023 3362 plus
3042 3306 3194 3359 grand
3235 3304 3429 3348 nombre
3471 3302 3552 3346 des
3590 3306 3847 3359 mariages,
3898 3310 4050 3350 même

2917 3376 3085 3427 riches,
3104 3379 3184 3420 ont
3207 3378 3278 3419 été
3295 3375 3399 3431 plus
3420 3387 3479 3419 ou
3498 3376 3652 3420 moins
3674 3376 3764 3419 mis
3784 3389 3867 3420 sur
3888 3376 3931 3420 la
3947 3378 4050 3421 voie

2920 3462 3003 3506 par
3024 3460 3110 3494 nos
3138 3459 3357 3504 agences.
3392 3448 3523 3492 Nous
3544 3459 3665 3491 nous
3683 3447 3970 3492 efforcerons
3991 3448 4047 3492 de

2917 3522 3108 3564 mériter
3127 3524 3247 3564 cette
3268 3523 3434 3563 estime
3453 3520 3516 3562 du
3540 3520 3697 3576 public
3717 3534 3778 3564 en
3792 3523 4050 3578 apportant

2916 3591 3035 3634 dans
3084 3591 3126 3633 la
3183 3590 3454 3634 conclusion
3496 3590 3578 3633 des
3626 3591 3816 3635 affaires
3858 3592 3902 3635 la
3943 3592 4050 3648 plus

2915 3661 3096 3716 grande
3132 3662 3424 3716 délicatesse,
3451 3662 3494 3704 la
3528 3660 3634 3718 plus
3655 3662 3839 3716 grande
3862 3663 4043 3720 probité

2915 3735 2960 3776 et
2980 3732 3024 3775 la
3047 3732 3298 3776 discrétion
3320 3733 3364 3776 la
3393 3734 3499 3790 plus
3520 3733 3731 3778 absolue.

2972 3806 3059 3848 Les
3111 3805 3263 3848 beaux
3311 3804 3536 3850 résultats
3595 3819 3686 3864 que
3739 3819 3859 3851 nous
3898 3819 4047 3851 avons

2915 3876 3114 3921 obtenus
3170 3888 3291 3920 nous
3323 3880 3567 3934 engagent
3603 3880 3631 3922 à
3666 3879 3888 3935 persister
3930 3878 4048 3920 dans

2916 3951 3036 3995 cette
3069 3950 3189 4003 voie,
3225 3950 3448 4007 espérant
3487 3962 3577 4007 que
3611 3951 3652 3994 le
3683 3950 3839 4007 public
3872 3950 4048 3994 voudra

2916 4023 3023 4066 bien
3044 4034 3164 4066 nous
3186 4022 3433 4067 continuer
3455 4035 3531 4067 ses
3551 4023 3742 4067 faveurs
3779 4024 3824 4066 et
3843 4034 3895 4066 sa
3927 4032 4045 4064 con¬

2916 4094 3084 4135 fiance.

2975 4166 3036 4208 Le
3070 4166 3195 4209 Lien
3238 4167 3305 4209 du
3340 4167 3577 4225 Mariage
3610 4171 3681 4212 est
3720 4168 3760 4212 le
3792 4167 3900 4212 trait
3944 4166 4048 4208 d’u¬

2914 4235 3026 4278 nion
3064 4234 3148 4279 des
3179 4235 3396 4290 familles,
3422 4251 3516 4282 non
3551 4239 3815 4283 seulement
3836 4239 3892 4282 de
3914 4239 4051 4280 notre

2914 4304 3035 4360 ville,
3063 4307 3183 4351 mais
3215 4319 3384 4352 encore
3424 4308 3507 4354 des
3531 4311 3814 4370 principales
3836 4307 3967 4353 villes
3988 4307 4044 4350 de

2914 4379 3094 4424 France
3130 4382 3172 4424 et
3208 4380 3264 4424 de
3306 4379 3562 4438 l’étranger
3599 4384 3658 4427 où
3694 4383 3824 4426 notre
3863 4378 3995 4423 office
4018 4391 4044 4419 a

2917 4451 2999 4495 des
3034 4452 3432 4510 correspondants
3464 4454 3675 4498 discrets.
3701 4454 3831 4496 Nous
3857 4450 4048 4507 présen¬

2916 4526 3023 4567 tons
3044 4523 3164 4568 donc
3186 4536 3278 4568 aux
3303 4527 3439 4582 pères
3467 4526 3523 4568 de
3542 4523 3716 4568 famille
3745 4520 3964 4566 soucieux
3988 4519 4045 4562 de

2917 4594 3111 4638 l’avenir
3132 4595 3188 4638 de
3214 4595 3338 4639 leurs
3359 4596 3547 4639 enfants
3571 4599 3674 4639 tous
3695 4594 3759 4636 les
3780 4592 4043 4644 avantages

2918 4664 3055 4720 qu’ils
3078 4677 3135 4707 ne
3156 4665 3400 4710 sauraient
3428 4670 3617 4709 trouver
3642 4663 3738 4706 s’ils
3776 4664 3884 4705 sont
3906 4662 4048 4704 livrés

2917 4736 2944 4779 à
2964 4740 3252 4780 eux-mêmes
3273 4739 3319 4780 et
3340 4738 3461 4781 dans
3484 4738 3524 4780 le
3544 4734 3692 4778 cercle
3714 4732 3771 4775 de
3790 4732 3916 4776 leurs
3935 4744 4045 4776 con¬

2916 4808 3192 4852 naissances
3212 4819 3223 4862 ;
3260 4822 3318 4851 en
3339 4810 3460 4860 effet,
3492 4803 3942 4860 indépendamment
3963 4803 4046 4846 des

2919 4882 3182 4927 références
3203 4882 3452 4934 certaines,
3481 4879 3535 4920 ils
3571 4878 3652 4920 ont
3674 4876 3714 4919 le
3735 4875 3870 4920 choix
3895 4874 4043 4932 parmi

2918 4955 2959 4998 le
2980 4955 3134 5009 grand
3155 4952 3350 4995 nombre
3391 4951 3446 4991 de
3467 4948 3788 5004 propositions
3809 4959 3899 5004 que
3927 4959 4045 4990 con¬

2916 5026 3127 5067 tiennent
3167 5023 3231 5066 les
3267 5019 3490 5063 colonnes
3519 5018 3575 5063 de
3611 5020 3744 5062 notre
3759 5016 3966 5074 journal,
3991 5017 4047 5062 ils

2916 5096 3119 5150 peuvent
3135 5093 3250 5135 faire
3272 5092 3470 5147 épouser
3492 5091 3519 5133 à
3539 5090 3664 5133 leurs
3682 5090 3871 5132 enfants
3890 5089 3934 5132 la
3954 5102 4051 5146 per¬

2914 5174 3063 5206 sonne
3082 5161 3217 5216 qu’ils
3232 5160 3439 5203 désirent
3452 5160 3542 5202 soit
3562 5171 3744 5203 comme
3765 5160 4044 5217 profession,

2914 5234 3116 5284 fortune,
3152 5230 3408 5283 caractère,
3447 5230 3651 5286 position
3692 5231 3864 5275 sociale
3905 5234 3951 5276 et
3991 5232 4047 5276 ils

2914 5319 2971 5348 ne
3006 5303 3326 5360 s’exposeront
3365 5315 3451 5359 pas
3488 5304 3515 5346 à
3555 5303 3655 5347 leur
3691 5302 3808 5347 faire
3844 5305 4047 5360 épouser

2914 5387 3004 5419 une
3040 5386 3270 5430 personne
3292 5374 3370 5428 qui
3410 5372 3508 5416 leur
3544 5386 3651 5418 sera
3692 5375 4043 5433 antipathique,

2910 5447 3002 5490 soit
3019 5457 3105 5502 par
3125 5458 3212 5488 son
3234 5447 3338 5499 âge,
3359 5444 3449 5487 soit
3484 5456 3603 5500 pour
3637 5448 3747 5490 tous
3776 5450 3939 5492 autres
3962 5448 4051 5492 dé¬

2914 5518 3036 5560 fauts
3057 5516 3134 5572 qui
3175 5516 3283 5557 sont,
3315 5518 3483 5558 autant
3523 5515 3579 5560 de
3618 5530 3787 5562 causes
3826 5519 3883 5563 de
3907 5520 4047 5565 désu¬

2912 5588 3022 5630 nion
3044 5586 3163 5629 dans
3184 5584 3224 5629 le
3248 5587 3462 5639 mariage
3483 5588 3528 5630 et
3562 5587 3778 5634 finissent
3804 5603 3890 5648 par
3912 5606 4050 5636 ame¬

2912 5670 2994 5702 ner
3015 5656 3056 5700 le
3078 5656 3264 5700 divorce
3286 5659 3329 5700 et
3356 5656 3399 5700 la
3420 5659 3716 5715 séparation.

2969 5731 3096 5772 Dans
3128 5727 3195 5772 les
3226 5728 3446 5775 colonnes
3476 5731 3538 5776 du
3571 5734 3695 5778 Lien
3726 5735 3795 5778 du
3817 5738 4048 5792 Mariage

2911 5812 2968 5843 ou
3007 5800 3032 5844 à
3084 5799 3299 5844 l’Office
3355 5803 3638 5858 Mondonet,
3680 5807 3755 5862 47,
3795 5820 3876 5851 rue
3912 5807 3967 5850 de
4000 5805 4044 5848 la

2911 5872 3075 5922 Darse,
3107 5884 3168 5915 on
3190 5874 3299 5928 peut
3322 5875 3512 5920 trouver
3540 5876 3810 5923 facilement
3831 5892 3892 5923 un
3915 5890 4043 5932 gen¬

2911 5944 3008 5997 dre,
3034 5955 3096 5987 un
3134 5946 3285 6002 époux
3306 5958 3365 5992 ou
3387 5962 3481 5992 une
3501 5951 3677 6007 épouse
3705 5954 3732 5995 à
3770 5963 3854 5995 son
3882 5950 3967 6005 gré
4000 5953 4045 5991 et

2911 6028 2969 6060 en
3007 6018 3104 6059 tout
3146 6018 3275 6076 point
3314 6022 3552 6066 conforme
3598 6036 3690 6068 aux
3723 6023 3872 6067 désirs
3907 6023 3961 6065 de
3999 6019 4042 6064 la

2912 6100 3146 6144 personne
3172 6091 3199 6134 à
3220 6094 3413 6138 marier.
