4728 7228
1996 732 2076 778 LE
2115 731 2266 779 LIEN
2302 733 2390 779 DU
2427 730 2723 779 MARIAGE

939 903 1367 959 AVIS

663 1071 714 1111 Le
755 1071 859 1110 Lien
898 1071 948 1111 du
984 1071 1170 1123 Mariage
1208 1083 1251 1110 se
1291 1070 1398 1108 vend
1435 1082 1488 1108 an
1534 1070 1622 1119 prix
1670 1067 1720 1108 de

592 1126 637 1165 10
659 1126 866 1165 centimes
897 1125 1002 1164 dans
1036 1130 1128 1163 tons
1158 1123 1218 1163 les
1254 1123 1455 1175 kiosques
1474 1124 1524 1162 de
1550 1123 1587 1160 la
1612 1122 1720 1163 Ville

587 1185 627 1218 et
647 1181 668 1219 à
693 1180 728 1218 la
753 1178 982 1230 Direction,
1006 1179 1043 1227 G,
1067 1179 1092 1216 B
1095 1178 1108 1198 d
1130 1178 1180 1217 de
1203 1179 1243 1216 la
1267 1176 1539 1227 Magdeleine.

640 1262 750 1302 Dans
790 1262 848 1300 les
889 1262 1115 1312 prochains
1152 1262 1368 1310 numéros,
1392 1271 1500 1300 nous
1527 1262 1716 1300 réserve¬

584 1328 682 1355 rons
706 1328 762 1355 un
784 1315 883 1355 tiers
903 1315 952 1355 de
978 1327 1079 1364 page
1110 1327 1218 1366 pour
1247 1315 1307 1354 les
1339 1314 1718 1354 annonces-récla¬

587 1382 690 1417 mes,
715 1370 822 1408 mais
844 1381 951 1408 nous
974 1370 1356 1419 n'accepterons,et
1386 1368 1711 1407 recommande¬

584 1434 681 1462 rons
700 1435 784 1474 que
804 1422 934 1463 celles
964 1423 1042 1474 qui
1071 1426 1321 1461 émaneront
1350 1422 1423 1460 des
1456 1420 1644 1461 maisons
1665 1422 1716 1461 de

584 1478 818 1515 confiance.

640 1591 775 1630 Notre
799 1590 930 1643 Office
948 1604 975 1632 a
987 1590 1091 1643 pris
1103 1603 1226 1643 pour
1245 1590 1392 1630 devise
1415 1603 1427 1627 :
1452 1591 1495 1629 la
1516 1588 1711 1629 Probité.

583 1644 675 1683 Nos
695 1644 851 1683 clients
872 1648 1066 1696 peuvent
1103 1648 1194 1684 être
1219 1643 1466 1696 persuadés
1506 1643 1714 1682 d’avance

583 1712 663 1751 que
683 1711 791 1738 nous
814 1711 863 1736 ne
883 1711 1069 1738 sommes
1083 1711 1167 1750 pas
1188 1699 1263 1737 des
1284 1698 1512 1736 brasseurs
1533 1696 1714 1750 d’affai¬

580 1764 664 1795 res,
687 1766 747 1791 au
769 1751 918 1803 risque
939 1752 992 1791 de
1012 1752 1133 1803 faire
1155 1751 1230 1791 des
1249 1751 1542 1790 malheureux
1561 1764 1576 1796 ;
1616 1754 1714 1789 tous

579 1818 656 1844 nos
699 1806 847 1858 efforts
891 1806 1097 1846 tendront
1147 1806 1353 1858 toujours
1396 1807 1422 1843 à
1470 1803 1590 1856 faire
1636 1804 1712 1843 des

579 1859 779 1897 heureux
783 1874 792 1908 ,
818 1862 952 1898 même
987 1872 1046 1898 au
1083 1859 1322 1898 détriment
1342 1859 1395 1896 de
1423 1871 1498 1896 nos
1522 1870 1712 1908 propres

579 1911 773 1951 intérêts.
823 1912 980 1951 Toutes
1018 1924 1094 1950 nos
1130 1911 1311 1964 affaires
1348 1915 1494 1950 seront
1532 1911 1711 1949 traitées

578 1979 680 2004 avec
703 1967 746 2004 la
759 1966 868 2018 plus
884 1966 1056 2015 grande
1071 1964 1327 2004 délicatesse
1342 1967 1380 2003 et
1399 1966 1436 2003 le
1444 1965 1550 2016 plus
1562 1963 1711 2015 grand

578 2019 1002 2059 désintéressement.

616 2240 761 2304 Avis
798 2242 831 2302 à
870 2258 969 2303 nos
1012 2241 1213 2304 clients
1250 2240 1309 2304 de
1354 2239 1669 2303 l’extérieur

630 2411 686 2451 La
724 2411 934 2451 Direclion
974 2412 1124 2451 envoie
1162 2411 1323 2459 franco,
1347 2423 1444 2451 sous
1475 2411 1706 2462 enveloppe

576 2466 788 2515 cachetée,
824 2477 920 2509 sans
958 2478 1099 2506 aucun
1140 2466 1259 2516 signe
1299 2464 1525 2515 extérieur,
1563 2470 1706 2504 contre

575 2520 624 2558 GO
646 2530 682 2560 c.
718 2532 769 2558 en
810 2519 1139 2571 limbivs-poste,
1178 2531 1233 2558 un
1277 2530 1546 2570 programme
1586 2518 1707 2556 indi¬

572 2579 706 2623 quant
731 2573 787 2612 les
807 2571 1129 2612 comliiions.de
1170 2571 1323 2611 l'Office
1345 2579 1384 2611 et
1407 2583 1462 2611 un
1484 2571 1704 2623 question¬

574 2626 690 2665 naire
710 2627 815 2666 écrit
844 2627 1002 2679 auquel
1042 2627 1219 2665 devront
1257 2626 1467 2677 répondre
1510 2627 1567 2664 les
1612 2636 1704 2676 per¬

572 2690 725 2718 sonnes
744 2680 819 2731 qui
842 2679 1091 2719 s’adressent
1112 2682 1134 2718 à
1159 2691 1264 2719 nous
1286 2686 1324 2718 et
1346 2680 1423 2730 qui
1448 2679 1626 2719 veulent
1659 2690 1702 2718 se

575 2733 747 2772 marier.

628 2787 703 2826 Les
725 2798 952 2838 personnes
970 2787 1048 2838 qui
1070 2799 1120 2826 ne
1139 2792 1235 2826 sont
1257 2798 1328 2836 pas
1357 2786 1586 2836 abonnées,
1609 2791 1704 2826 sont

572 2839 710 2890 priées
728 2840 779 2879 de
799 2839 967 2891 joindre
990 2854 1014 2879 a
1036 2840 1129 2879 leur
1152 2839 1272 2879 lettre
1295 2851 1353 2878 un
1396 2839 1702 2890 timbre-poste

573 2905 679 2944 pour
703 2895 739 2932 la
760 2898 952 2944 réponse,
975 2894 1058 2932 afin
1082 2892 1294 2935 d’obtenir
1331 2893 1391 2932 les
1431 2900 1572 2932 autres
1596 2905 1695 2931 ren¬

571 2947 858 2998 seignements
876 2948 1007 2998 qu’ils
1030 2956 1214 2998 peuvent
1235 2947 1412 2987 désirer.

630 3004 702 3039 Les
724 3011 950 3051 personnes
968 3001 1212 3050 étrangères
1247 3002 1271 3039 à
1311 2999 1351 3039 la
1391 2999 1488 3040 ville
1527 2999 1604 3052 qui
1647 3011 1699 3039 ne

574 3055 824 3092 voudraient
846 3066 918 3104 pas
939 3055 1043 3093 faire
1067 3066 1121 3092 un
1149 3064 1308 3104 voyage
1326 3055 1350 3092 à
1367 3054 1580 3093 Marseille
1597 3066 1702 3103 pour

570 3114 711 3146 entrer
748 3119 796 3146 en
837 3107 1038 3147 relations
1071 3118 1172 3146 avec
1216 3109 1252 3144 la
1285 3119 1496 3156 pevsonne
1536 3106 1700 3146 choisie

567 3160 672 3200 dans
696 3160 752 3200 les
772 3159 974 3201 colonnes
994 3160 1049 3199 du
1070 3159 1178 3200 Lien
1198 3160 1249 3199 du
1268 3160 1455 3212 Mariage
1460 3192 1470 3208 ,
1489 3160 1703 3199 voudront

572 3215 669 3253 bien
711 3226 818 3252 nous
855 3214 1044 3254 adresser
1080 3214 1171 3252 leur
1208 3214 1544 3264 photographie;
1594 3225 1702 3252 nous

567 3267 660 3307 leur
683 3267 959 3319 indiquerons
983 3280 1055 3318 par
1075 3266 1180 3307 écrit
1206 3268 1240 3306 le
1264 3278 1420 3318 moyen
1438 3266 1624 3306 d’entrer
1646 3278 1696 3306 en

573 3322 776 3360 relations
793 3334 893 3359 avec
918 3323 954 3359 la
979 3332 1184 3371 personne
1203 3322 1370 3360 choisie
1385 3332 1439 3359 ou
1463 3332 1563 3360 avec
1585 3327 1701 3360 toute

571 3384 691 3414 autre
715 3386 917 3423 personne
938 3375 988 3412 de
1012 3386 1087 3412 nos
1110 3375 1342 3412 nombreux
1363 3374 1566 3422 abonnés,
1599 3374 1702 3413 dont

570 3428 703 3478 grand
727 3428 902 3467 nombre
927 3439 978 3467 ne
997 3427 1187 3478 figurent,
1207 3439 1279 3479 pas
1299 3427 1404 3466 dans
1428 3426 1464 3467 le
1484 3427 1668 3478 journal.

635 3651 909 3722 AUX
983 3651 1635 3723 FAMILLES

622 3827 738 3867 Nous
760 3838 810 3866 ne
831 3827 1023 3866 donnons
1044 3838 1212 3867 aucune
1233 3830 1344 3866 suite
1364 3839 1446 3866 aux
1467 3828 1699 3867 demandes

566 3882 639 3919 des
663 3891 889 3932 personnes
907 3881 1140 3928 divorcées,
1163 3881 1198 3920 si
1224 3880 1258 3919 le
1279 3879 1502 3931 jugement
1526 3882 1593 3919 n’a
1626 3893 1696 3931 pas

566 3935 631 3974 été
654 3934 863 3984 prononcé
883 3935 1155 3974 absolument
1180 3946 1232 3973 en
1254 3934 1348 3972 leur
1366 3934 1532 3974 faveur.

620 4006 735 4046 Nous
775 4018 824 4044 ne
863 4017 970 4046 nous
1007 4018 1222 4056 occupons
1252 4019 1336 4058 que
1367 4007 1439 4047 des
1471 4018 1698 4058 personnes

569 4058 823 4099 Honorables
843 4064 880 4098 et
904 4059 932 4097 il
956 4067 1018 4098 est
1044 4059 1198 4099 inutile
1223 4060 1273 4098 de
1295 4072 1336 4099 se
1359 4062 1574 4110 présenter
1595 4059 1695 4100 chez

567 4126 674 4152 nous
692 4126 748 4152 ou
770 4112 821 4152 de
846 4124 954 4152 nous
974 4112 1079 4152 faire
1099 4112 1272 4164 appeler
1292 4115 1316 4152 à
1338 4114 1540 4154 domicile
1571 4114 1607 4154 si
1640 4127 1695 4154 ou

569 4179 619 4205 ne
642 4167 792 4207 réalise
816 4178 886 4216 pas
907 4172 1013 4206 celte
1035 4167 1268 4207 condition.

623 4236 698 4277 Les
736 4248 963 4287 personnes
995 4236 1071 4288 qui
1106 4236 1356 4277 s’adressent
1387 4239 1408 4278 à
1448 4231 1485 4278 là
1528 4239 1692 4279 maison

567 4296 660 4330 sont
679 4291 814 4341 priées
827 4291 878 4330 de
892 4289 1058 4340 joindre
1078 4302 1132 4328 un
1150 4291 1303 4331 timbre
1320 4304 1428 4342 pour
1444 4292 1482 4331 la
1499 4294 1672 4343 réponse
1686 4305 1694 4340 ;

570 4351 682 4383 toute
707 4343 824 4383 lettre
847 4355 930 4383 non
951 4343 1187 4385 affranchie
1208 4351 1268 4384 est
1291 4344 1471 4386 refusée.

620 4415 678 4456 On
719 4422 778 4454 est
817 4414 908 4464 prié
943 4415 993 4454 de
1024 4414 1192 4464 joindre
1224 4422 1372 4455 autant
1401 4430 1484 4468 que
1514 4417 1695 4468 possible

570 4481 658 4519 une,
672 4468 982 4519 photographie
1002 4475 1042 4507 et
1059 4468 1111 4507 de
1131 4469 1294 4508 donner
1310 4470 1522 4523 quelques
1543 4471 1698 4511 détails

567 4534 642 4562 sur
683 4523 719 4561 la
752 4519 955 4562 situation
990 4521 1039 4560 de
1076 4522 1244 4563 fortune
1276 4524 1326 4563 de
1364 4525 1400 4563 la
1439 4536 1644 4576 personne
1674 4527 1694 4563 à

570 4575 724 4616 marier
728 4580 736 4615 J

625 4652 730 4692 Pour
751 4664 860 4692 nous
877 4654 1012 4692 éviter
1031 4652 1105 4692 des
1134 4654 1401 4703 recherches,
1429 4655 1488 4696 les
1519 4670 1695 4708 person¬

568 4719 642 4747 nes
679 4708 752 4758 qui
789 4707 923 4746 feront
966 4719 1018 4746 un
1052 4707 1178 4748 choix
1198 4708 1303 4748 dans
1327 4710 1384 4747 les
1414 4711 1615 4750 colonnes
1635 4714 1691 4750 du

569 4762 675 4801 Lien
706 4760 756 4799 du
790 4759 975 4813 Mariage
980 4792 988 4804 ,
1016 4760 1128 4799 n'ont
1151 4762 1250 4812 qu’à
1283 4774 1388 4800 nous
1423 4764 1615 4815 rappeler
1655 4764 1692 4803 le

568 4815 747 4856 numéro
767 4814 840 4864 qui
868 4814 1040 4863 précède
1066 4815 1102 4852 la
1127 4816 1400 4865 proposition.

620 4879 731 4918 Tous
772 4879 829 4917 les
871 4879 1231 4928 renseignements
1271 4880 1432 4921 donnés
1474 4895 1545 4933 par
1591 4895 1696 4923 nous

566 4940 659 4972 sont
682 4934 873 4983 gratuits.

623 5010 674 5048 La
710 5010 1070 5060 correspondance
1108 5015 1168 5050 est
1207 5011 1396 5051 adressée
1430 5022 1528 5051 sous
1567 5024 1696 5052 enve¬

570 5076 689 5115 loppe
710 5063 938 5112 ordinaire,
962 5076 1058 5104 sans
1092 5075 1262 5104 aucune
1295 5064 1548 5116 inscription
1582 5068 1695 5107 exté¬

566 5119 705 5158 rieure
727 5123 846 5156 autre
866 5130 950 5168 que
974 5119 1169 5156 l’adresse
1191 5119 1241 5158 de
1264 5120 1300 5157 la
1327 5130 1547 5170 personne.

622 5188 693 5228 Les
726 5188 914 5230 abonnés
943 5188 1058 5228 seuls
1087 5194 1160 5227 ont
1190 5190 1300 5230 droit
1322 5191 1341 5227 à
1377 5202 1457 5231 une
1492 5191 1692 5232 insertion

564 5242 615 5280 de
645 5243 740 5292 cinq
778 5242 924 5291 lignes,
947 5242 1078 5294 qu’ils
1112 5242 1350 5292 rédigeront
1370 5247 1392 5282 à
1420 5245 1512 5284 leur
1543 5258 1696 5285 conve¬

566 5307 699 5335 nance

619 5367 694 5408 Les
718 5367 1043 5419 photographies
1063 5375 1100 5407 et
1124 5376 1267 5408 autres
1302 5370 1439 5419 pièces
1468 5372 1652 5412 confiées
1672 5373 1695 5411 à

564 5420 604 5459 la
628 5422 782 5460 Maison
805 5427 899 5460 sont
920 5420 1104 5461 rendues
1135 5432 1216 5460 aux
1253 5423 1478 5463 intéressés
1506 5426 1627 5474 après
1655 5425 1693 5463 la

559 5473 821 5515 célébration
843 5474 899 5514 du
926 5475 1127 5524 mariage.

616 5551 691 5592 Les
714 5563 939 5603 personnes
958 5552 1032 5604 qui
1055 5558 1148 5591 sont
1170 5554 1398 5594 satisfaites
1418 5554 1468 5594 de
1499 5567 1571 5594 nos
1600 5568 1691 5595 ser¬

563 5604 675 5646 vices
698 5605 904 5644 voudront
925 5606 1022 5647 bien
1040 5607 1374 5659 communiquer
1395 5616 1510 5648 notre
1526 5610 1694 5650 adresse

560 5659 584 5696 h
608 5658 720 5698 leurs
740 5659 863 5707 amis,
891 5664 1144 5710 promettant
1164 5659 1215 5700 de
1239 5660 1415 5712 remplir
1444 5663 1483 5702 le
1520 5663 1694 5703 mandat

560 5712 668 5762 qu’il
717 5723 825 5752 nous
871 5712 1128 5762 donneront,
1179 5727 1233 5754 au
1286 5715 1427 5754 mieux
1477 5716 1527 5755 de
1582 5716 1694 5756 leurs

563 5764 754 5807 intérêts.

615 5842 780 5881 Ouvert
819 5845 916 5882 tous
954 5842 1012 5882 les
1035 5843 1170 5895 jours
1200 5844 1254 5883 de
1287 5846 1316 5883 2
1342 5847 1367 5883 à
1390 5847 1416 5884 8
1439 5846 1596 5887 heures
1630 5848 1691 5886 du

556 5895 651 5934 soir
658 5910 665 5945 ,
688 5899 728 5935 et
751 5898 812 5935 les
831 5892 1091 5937 dimanches
1100 5896 1290 5951 jusqu’à
1312 5898 1428 5938 midi

596 6075 1032 6149 FORMALITÉS
1082 6083 1252 6150 POUR
1302 6086 1650 6153 MARIAGES

613 6259 690 6299 Les
739 6259 1025 6310 publications
1062 6261 1112 6300 de
1155 6262 1342 6311 mariage
1390 6262 1563 6304 doivent
1607 6267 1692 6306 être

556 6311 687 6352 faites
707 6315 728 6351 à
755 6316 792 6352 la
814 6314 957 6355 Mairie
976 6315 1084 6354 deux
1116 6314 1370 6355 dimanches
1391 6316 1439 6355 île
1462 6318 1571 6356 suite
1594 6323 1633 6358 et
1656 6319 1692 6357 le

554 6367 746 6416 mariage
788 6379 853 6406 ne-
880 6375 978 6417 peut
1018 6367 1138 6408 avoir
1174 6368 1256 6408 lieu
1300 6382 1386 6422 que
1424 6383 1526 6411 onze
1574 6371 1694 6423 jours

554 6419 697 6460 francs
715 6422 836 6472 après
860 6420 896 6459 la
922 6423 1127 6472 première
1151 6423 1412 6473 publication

1848 902 1888 942 Si
1916 902 1951 942 le
1972 903 2177 943 domicile
2200 903 2303 944 n’est
2328 916 2398 954 pas
2432 903 2563 944 établi
2602 915 2674 955 par
2714 903 2775 942 six
2816 903 2924 943 mois

1794 955 1843 996 de
1866 957 2098 1004 résidence,
2118 959 2177 998 les
2199 958 2487 1007 publications
2502 958 2680 996 devront
2694 958 2781 996 être
2800 956 2925 996 faites

1794 1011 1816 1048 à
1856 1010 1895 1048 la
1934 1010 2234 1062 municipalité
2272 1011 2330 1050 du
2371 1011 2540 1051 dernier
2572 1009 2775 1050 domicile
2800 1016 2839 1048 et
2870 1022 2921 1048 en

1794 1070 1912 1102 outre
1951 1075 2003 1103 au
2043 1064 2246 1104 domicile
2279 1064 2330 1103 de
2363 1076 2467 1104 ceux
2496 1076 2595 1104 sous
2631 1064 2667 1102 la
2700 1063 2923 1114 puissance

1792 1116 1989 1168 desquels
2008 1128 2050 1157 se
2090 1123 2286 1157 trouvent
2323 1116 2382 1158 les
2414 1118 2568 1168 parties
2596 1122 2919 1158 conlraclantes.

1844 1206 1988 1247 Pièces
2006 1208 2030 1245 à
2051 1207 2251 1258 produire
2271 1208 2295 1246 à
2313 1207 2354 1246 la
2374 1206 2520 1247 Mairie
2538 1220 2547 1247 :

1848 1295 1882 1334 1°
1912 1294 2047 1335 L’acte
2068 1295 2118 1335 de
2136 1294 2356 1336 naissance
2371 1295 2446 1335 des
2459 1294 2568 1335 deux
2587 1295 2727 1334 futurs
2742 1294 2922 1334 dûment

1794 1348 1988 1398 légalisés
2012 1363 2020 1396 ;

1842 1414 1880 1452 2°
1904 1414 1955 1454 Le
1976 1420 2294 1455 consentement
2318 1414 2476 1454 notarié
2495 1413 2570 1455 des
2587 1415 2703 1465 pères
2723 1418 2763 1454 et
2784 1414 2923 1454 mères

1788 1468 1864 1518 qui
1906 1480 1956 1507 ne
1997 1475 2180 1519 peuvent
2222 1468 2258 1508 le
2290 1470 2454 1508 donner
2490 1468 2780 1508 verbalement
2815 1470 2840 1506 à
2882 1467 2920 1506 la

1790 1520 1932 1560 Mairie
1954 1534 2006 1561 au
2030 1528 2222 1562 moment
2242 1523 2291 1562 de
2315 1523 2434 1562 Pacte
2456 1522 2510 1561 du
2536 1520 2724 1571 mariage
2747 1533 2756 1570 ;

1840 1587 1878 1626 3°
1908 1587 1948 1626 Si
1972 1586 2010 1627 le
2032 1590 2128 1637 père
2150 1591 2188 1626 et
2214 1591 2250 1627 la
2274 1590 2387 1627 mère
2408 1593 2502 1627 sont
2531 1587 2724 1635 décédés,
2748 1598 2800 1626 ou
2830 1586 2916 1624 l’un

1787 1639 1924 1686 d’eux,
1951 1639 1979 1679 il
2000 1642 2091 1680 faut
2115 1642 2279 1680 fournir
2300 1642 2392 1680 leur
2412 1647 2503 1679 acte
2519 1640 2570 1680 de
2591 1640 2715 1680 décès
2735 1639 2919 1679 dûment

1791 1694 1963 1743 légalisé
1987 1707 1996 1743 ;

1839 1754 1877 1791 4°
1908 1753 2016 1795 Dans
2035 1754 2073 1794 le
2093 1766 2163 1794 cas
2183 1754 2234 1794 de
2254 1756 2377 1795 décès
2398 1754 2470 1794 des
2502 1756 2597 1805 père
2627 1759 2667 1792 et
2697 1754 2826 1800 mère,
2849 1752 2915 1791 s’il

1786 1806 1914 1846 existe
1955 1819 2012 1847 un
2052 1808 2303 1858 grand-père
2336 1820 2387 1847 ou
2432 1819 2514 1847 une
2543 1807 2827 1856 grand'mère,
2859 1819 2914 1846 ou

1783 1859 1939 1900 arrière
1979 1862 2235 1912 grand-père
2268 1868 2308 1901 et
2338 1862 2492 1900 arrière
2514 1860 2795 1912 grand'mère,
2823 1859 2916 1899 leur

1783 1918 2104 1954 consentement
2124 1921 2184 1954 est
2206 1915 2455 1955 nécessaire.

1839 1966 1946 2005 Pour
1979 1980 2039 2007 un
2069 1967 2244 2008 mineur
2266 1982 2275 2008 :

1843 2038 1872 2076 1°
1912 2038 1942 2075 Il
1986 2039 2075 2078 faut
2116 2039 2155 2078 la
2191 2042 2389 2090 présence
2426 2052 2479 2079 ou
2519 2040 2555 2079 le
2590 2043 2915 2080 consentement

1786 2091 1945 2131 notarié
1971 2091 2028 2131 du
2050 2098 2194 2131 tuteur
2215 2106 2223 2142 ;

1835 2150 1872 2188 2°
1904 2150 1991 2191 Une
2026 2151 2307 2193 délibération
2350 2154 2403 2191 du
2450 2152 2614 2193 Conseil
2654 2152 2704 2191 de
2747 2151 2915 2192 famille

1786 2203 1974 2255 lorsqu’il
2006 2204 2126 2255 s’agit
2159 2206 2259 2245 d'un
2295 2206 2490 2260 orphelin
2512 2207 2563 2246 de
2587 2207 2683 2258 père
2706 2210 2744 2245 et
2766 2218 2852 2258 que
2878 2206 2912 2244 la

1783 2260 1897 2296 mère
1915 2270 1970 2296 on
1995 2259 2091 2298 Paie
2097 2258 2167 2299 nie
2187 2267 2281 2299 sont
2303 2260 2479 2300 tutrices
2503 2275 2512 2310 ;

1834 2311 1943 2350 Dans
1966 2323 2107 2352 aucun
2129 2324 2214 2361 cas,
2240 2325 2295 2352 un
2322 2314 2491 2352 mineur
2515 2325 2564 2352 ne
2588 2318 2688 2363 peut
2718 2317 2912 2352 contrac¬

1783 2371 1842 2403 ter
1863 2364 2051 2416 mariage
2072 2378 2168 2404 sans
2194 2366 2228 2406 le
2251 2372 2568 2407 consentement
2590 2368 2640 2406 de
2661 2377 2726 2406 ses
2747 2372 2915 2418 parents

1780 2431 1831 2456 ou
1859 2424 2036 2459 tuteurs.

1833 2471 1871 2510 5°
1904 2471 1978 2512 Les
2000 2472 2120 2512 veufs
2140 2472 2312 2513 doivent
2336 2474 2532 2524 produire
2556 2472 2676 2512 Pacte
2707 2472 2758 2511 de
2790 2472 2913 2512 décès

1783 2523 1956 2574 légalisé
1975 2527 2027 2565 de
2050 2526 2141 2566 leur
2160 2528 2351 2578 conjoint
2374 2527 2531 2567 décédé
2555 2539 2566 2576 ;

1832 2586 1870 2623 6°
1901 2585 1959 2623 Un
1999 2587 2203 2625 certificat
2242 2588 2292 2626 de
2334 2587 2355 2626 6
2396 2586 2506 2626 mois
2543 2587 2594 2624 de
2634 2586 2850 2626 résidence
2887 2586 2911 2624 à

1782 2638 2002 2688 Marseille,
2024 2639 2186 2679 délivré
2211 2651 2280 2690 par
2303 2640 2338 2679 le
2359 2640 2654 2681 commissaire
2680 2639 2731 2678 de
2759 2639 2908 2689 police,

1779 2703 1886 2742 pour
1907 2691 1966 2731 les
1986 2703 2215 2744 personnes
2234 2694 2310 2744 qui
2333 2695 2403 2745 n'y
2426 2700 2519 2732 sont
2542 2705 2612 2742 pas
2636 2694 2732 2731 nées
2755 2704 2763 2740 ;

1830 2752 1868 2790 7°
1888 2751 1947 2791 On
1967 2751 2055 2791 doit
2075 2751 2259 2803 justifier
2279 2753 2328 2792 de
2348 2766 2394 2792 sa
2415 2752 2643 2793 libération
2664 2752 2722 2790 du
2744 2751 2907 2791 service

1778 2804 1998 2852 militaire,
2019 2806 2100 2845 soit
2123 2819 2195 2856 par
2214 2818 2289 2847 son
2310 2807 2458 2855 congé,
2481 2808 2563 2846 soit
2586 2818 2658 2856 par
2690 2815 2747 2843 un
2780 2806 2907 2844 certi¬

1778 2859 1875 2896 ficat
1895 2859 1946 2897 de
1966 2858 2194 2900 libération
2220 2871 2230 2910 ;

1830 2918 1867 2956 8°
1896 2918 1955 2956 Eu
1976 2926 2096 2958 outre
2118 2919 2191 2959 des
2215 2922 2351 2970 pièces
2371 2920 2579 2960 énoncées
2600 2918 2827 2966 ci-dessus,
2851 2916 2912 2956 les

1777 2983 2006 3022 personnes
2026 2972 2243 3012 divorcées
2263 2972 2442 3012 devront
2466 2972 2660 3023 produire
2684 2983 2741 3011 un
2760 2971 2910 3012 extrait

1775 3027 1829 3063 du
1852 3024 2076 3076 jugement
2096 3025 2305 3078 ainsique
2324 3026 2443 3066 Pacte
2459 3026 2514 3065 du
2538 3026 2707 3066 divorce
2726 3025 2911 3065 dûment

1774 3079 2006 3128 enregistré
2026 3086 2066 3118 et
2090 3082 2282 3119 transcrit
2302 3082 2323 3117 à
2350 3079 2389 3118 la
2413 3078 2555 3118 Mairie
2579 3092 2588 3128 ;

1827 3138 1865 3176 9“
1898 3138 2078 3191 Lorsque
2120 3138 2179 3178 les
2219 3143 2386 3190 parents
2432 3138 2619 3178 refusent
2666 3136 2718 3175 de
2747 3136 2910 3175 donner

1775 3190 1868 3230 leur
1891 3196 2211 3232 consentement
2231 3203 2283 3232 au
2309 3193 2496 3240 mariage
2534 3191 2662 3230 d’une
2704 3200 2908 3239 personne

1777 3243 1982 3294 majeure,
2007 3247 2035 3283 it
2071 3252 2167 3295 peut
2208 3247 2295 3285 être
2335 3246 2450 3296 passé
2480 3252 2600 3284 onire
2622 3256 2674 3283 au
2699 3243 2904 3292 mariage,

1775 3298 1896 3347 après
1915 3296 2008 3338 leur
2024 3299 2143 3339 avoir
2164 3299 2242 3339 fait
2263 3300 2335 3339 des
2358 3306 2470 3339 actes
2491 3298 2542 3338 de
2564 3303 2724 3348 respect
2746 3296 2908 3336 variant

1774 3351 1824 3390 de
1847 3363 1903 3390 un
1926 3351 1950 3390 à
1972 3351 2071 3391 trois
2103 3360 2142 3390 et.
2178 3354 2298 3392 s’être
2324 3352 2542 3392 conformé
2575 3364 2657 3391 aux
2699 3351 2906 3402 prescrip¬

1777 3404 1886 3443 tions
1906 3403 1978 3443 des
1996 3411 2073 3444 art.
2104 3404 2172 3444 144
2195 3411 2235 3444 et
2262 3407 2330 3444 154
2352 3407 2407 3444 du
2431 3405 2534 3444 code
2554 3404 2655 3444 civil
2682 3417 2690 3451 ;

1832 3460 1890 3498 10°
1920 3458 2031 3499 Pour
2054 3459 2091 3498 la
2110 3460 2307 3510 question
2327 3459 2399 3499 des
2419 3458 2683 3500 cérémonies
2707 3456 2904 3507 religieu¬

1772 3523 1851 3560 ses,
1874 3511 2096 3552 s’adresser
2115 3511 2287 3552 suivant
2319 3512 2355 3552 le
2386 3512 2500 3551 culte
2522 3515 2544 3550 à
2570 3512 2607 3551 la
2631 3511 2827 3562 paroisse,
2848 3523 2903 3550 au

1772 3564 2018 3605 consistoire
2040 3571 2270 3616 protestant
2290 3579 2345 3606 ou
2367 3579 2420 3606 au
2444 3567 2559 3606 culte
2580 3563 2779 3605 Israélite.

1826 3643 1996 3683 L’Office
2015 3643 2251 3693 Mondonet,
2270 3644 2307 3691 6,
2327 3644 2354 3682 B
2356 3643 2370 3664 d
2382 3643 2432 3684 de
2448 3643 2486 3682 la
2505 3642 2778 3692 Magdeleiiïe,
2803 3647 2902 3692 peut

1771 3707 1814 3735 se
1847 3696 2023 3746 charger
2058 3698 2107 3736 de
2142 3703 2278 3736 loutes
2314 3698 2371 3736 les
2400 3696 2639 3736 formalités
2675 3695 2826 3734 civiles
2864 3702 2903 3734 et

1775 3748 2020 3798 religieuses
2040 3751 2074 3788 si
2100 3751 2156 3788 les
2176 3750 2328 3790 clients
2352 3750 2412 3788 lui
2434 3750 2619 3790 confient
2639 3762 2686 3788 ce
2707 3747 2814 3788 soin.

1828 3802 1991 3842 L’office
2016 3803 2235 3841 Mondonet
2268 3815 2317 3842 ne
2348 3802 2506 3854 perçoit
2544 3803 2618 3842 des
2659 3802 2903 3840 honoraires

1769 3855 1865 3907 qu’a
1871 3856 1966 3907 près
1988 3855 2026 3895 la
2047 3856 2307 3896 célébration
2330 3856 2385 3895 du
2410 3855 2600 3906 mariage

1878 4021 2426 4089 RENSEIGNEMENTS
2478 4015 2788 4089 GENERAUX

1769 4126 2116 4166 concernant
2152 4123 2230 4163 les
2262 4123 2497 4165 Veuves
2527 4123 2902 4178 pensionnées

1822 4278 1938 4318 Garni
1959 4279 2134 4318 nombre
2155 4278 2204 4316 de
2226 4276 2372 4319 damés
2391 4278 2599 4328 jouissant
2620 4279 2750 4319 d’une
2791 4293 2898 4332 pen¬

1768 4331 1859 4371 sion
1883 4332 1934 4371 de
1956 4332 2123 4372 retraite
2146 4343 2218 4382 par
2239 4332 2348 4371 suite
2370 4332 2426 4371 du
2448 4332 2572 4373 décès
2592 4334 2644 4372 de
2670 4332 2763 4373 leur
2791 4336 2898 4375 mari

1767 4390 1863 4424 sont
1899 4386 2154 4435 persuadées
2190 4384 2369 4436 qu’elles
2410 4385 2647 4436 perdraient
2679 4399 2750 4426 ces
2769 4387 2902 4428 droits

1770 4440 1792 4478 à
1814 4438 1852 4476 la
1874 4439 2041 4478 retraite
2071 4442 2104 4478 si
2140 4438 2243 4479 elles
2274 4440 2581 4479 contractaient
2615 4451 2698 4479 une
2718 4443 2899 4482 seconde

1771 4491 1919 4531 union.
1959 4491 2064 4531 C'est
2099 4503 2180 4531 une
2214 4492 2418 4543 profonde
2444 4503 2590 4532 erreur
2608 4492 2643 4531 si
2666 4504 2735 4533 ces
2755 4494 2902 4536 dames

1768 4552 1862 4584 sont
1899 4546 2179 4596 pensionnées
2215 4545 2266 4584 de
2304 4546 2424 4584 l'Etat
2448 4559 2456 4595 ;
2490 4558 2559 4586 car
2596 4552 2703 4586 celte
2723 4548 2897 4599 pension

1771 4599 1873 4640 n’est
1916 4611 1986 4649 pas
2027 4610 2108 4638 une
2149 4598 2314 4647 faveur,
2355 4600 2456 4639 c’est
2495 4612 2548 4639 un
2584 4600 2696 4639 droit
2720 4602 2902 4653 qu'elles

1771 4654 1961 4691 tiennent
1980 4664 2031 4692 en
2057 4658 2172 4692 vertu
2195 4651 2324 4692 d’une
2358 4652 2428 4694 loi.
2474 4653 2527 4693 La
2556 4654 2612 4694 loi
2632 4654 2691 4693 du
2714 4656 2901 4706 mariage

1768 4708 1883 4746 étant
1921 4706 2282 4750 essentiellement
2311 4706 2486 4755 morale,
2512 4719 2561 4746 ne
2603 4714 2701 4758 peut
2742 4710 2902 4749 édicter

1768 4760 1842 4799 des
1879 4759 2242 4811 empêchements,
2266 4759 2338 4800 des
2364 4759 2571 4799 obstacles
2603 4772 2654 4799 au
2694 4761 2899 4814 mariage,

1768 4825 1837 4852 ces
1857 4812 2206 4862 empêchements
2240 4811 2422 4851 seraient
2460 4811 2702 4854 considérés
2731 4827 2899 4855 comme

1772 4867 2009 4906 immoraux
2032 4872 2068 4904 et
2094 4878 2167 4916 par
2185 4868 2450 4916 conséquent
2471 4866 2703 4906 contraires
2722 4870 2744 4906 à
2763 4868 2799 4908 la
2825 4870 2895 4910 loi.

1772 4919 1846 4958 Les
1886 4931 2042 4958 veuves
2079 4919 2399 4968 pensionnaires
2427 4919 2479 4959 de
2510 4920 2630 4960 l'Etat
2648 4930 2703 4960 ne
2726 4923 2900 4973 perdent

1769 4973 1876 5010 donc
1914 4971 2007 5010 leur
2047 4972 2220 5020 pension
2335 4983 2410 5023 par
2451 4985 2506 5012 un
2547 4975 2716 5024 second,
2756 4980 2800 5016 ni
2843 4990 2899 5016 un

1772 5024 1986 5066 troisième
2008 5024 2210 5075 mariage.

1824 5079 1900 5118 Les
1920 5091 2076 5119 veuves
2098 5080 2376 5130 pensionnées
2399 5093 2471 5131 par
2495 5080 2557 5120 les
2586 5082 2902 5131 départements

1772 5139 1955 5183 peuvent
1992 5132 2132 5172 seules
2171 5134 2262 5172 voir
2298 5134 2540 5184 supprimer
2579 5140 2685 5174 cette
2727 5136 2899 5185 pension

1771 5199 1842 5238 par
1866 5198 1919 5224 mi
1942 5190 2095 5226 second
2134 5188 2326 5236 mariage
2361 5187 2468 5226 dans
2499 5187 2683 5227 certains
2712 5200 2784 5229 cas
2803 5196 2844 5228 et
2863 5190 2900 5230 si

1767 5247 1874 5280 celle
1909 5243 2080 5289 pension
2118 5255 2142 5278 a
2171 5240 2238 5280 été
2267 5240 2467 5280 accordée
2488 5241 2511 5280 à
2536 5242 2629 5282 titre
2650 5242 2699 5282 de
2730 5255 2902 5284 secours

1770 5294 2035 5343 temporaire.

1824 5346 2058 5395 D'ailleurs,
2086 5346 2122 5386 le
2143 5346 2238 5387 titre
2259 5346 2308 5387 de
2332 5347 2504 5398 pension
2531 5354 2644 5402 porto
2666 5359 2716 5390 en
2738 5362 2896 5402 marge,

1768 5412 1820 5439 en
1844 5407 1980 5440 toutes
2003 5402 2156 5448 lettres,
2184 5411 2253 5440 ces
2274 5403 2472 5440 réserves.

1769 5583 2141 5687 OFFRES
2225 5589 2337 5685 DE
2413 5585 2893 5691 MARIAGES

1942 5774 2360 5822 DEMOISELLES
2398 5778 2464 5822 ET
2498 5779 2728 5823 VEUVES

1820 5918 1911 5959 435.
1937 5943 1975 5949 —
2007 5919 2274 5970 Demoiselle,
2318 5922 2366 5962 26
2399 5934 2490 5971 ans,
2527 5923 2623 5964 bien
2647 5923 2805 5974 élevée,
2833 5926 2899 5964 fa¬

1767 5972 1888 6011 mille
1927 5976 2008 6014 très
2050 5975 2294 6022 honorable,
2334 5975 2405 6014 dot
2442 5977 2590 6024 65,090
2613 5976 2651 6015 fr
2674 6009 2683 6024 ,
2718 5979 2900 6027 grandes

1766 6027 2014 6078 espérances
2030 6029 2150 6078 après
2170 6039 2235 6068 ses
2256 6035 2436 6080 parents,
2460 6031 2700 6082 épouserait
2719 6032 2895 6082 notaire,

1767 6081 1916 6126 avoué,
1956 6082 2158 6132 employé
2196 6082 2251 6122 du
2294 6094 2631 6132 gouvernement
2670 6095 2771 6125 avec
2794 6087 2899 6126 bons

1766 6138 2124 6184 appointements.

1819 6210 1895 6250 435
1915 6210 1996 6252 bis.
2020 6234 2069 6239 —
2111 6212 2380 6262 Demoiselle,
2410 6215 2460 6254 20
2482 6227 2571 6260 ans,
2604 6216 2691 6255 fille
2716 6218 2894 6270 unique,

1766 6263 1863 6303 bien
1902 6263 2062 6313 élevée,
2099 6264 2215 6315 jolie,
2260 6267 2331 6306 «lot
2386 6268 2553 6312 100,000
2592 6270 2664 6316 fr.,
2716 6272 2896 6319 grandes

1766 6319 2025 6367 espérances,
2078 6319 2315 6368 épouserait
2366 6320 2578 6361 Monsieur
2624 6335 2674 6362 en
2728 6331 2896 6376 rapport

1764 6370 1899 6420 d’âge,
1920 6370 2191 6414 d’éducation
2214 6379 2253 6413 et
2282 6374 2332 6415 de
2356 6375 2524 6416 fortune
2547 6388 2599 6415 ou
2623 6377 2823 6430 employé
2846 6379 2896 6418 de

1768 6424 1902 6464 l’Etal.

3051 904 3142 946 436.
3167 929 3216 935 —
3241 905 3510 955 Demoiselle,
3526 907 3576 948 22
3592 920 3683 956 ans,
3708 908 3826 960 jolie,
3851 911 3950 952 bien
3973 911 4132 962 élevée,

2997 957 3068 996 dot
3090 960 3210 1003 5,000
3231 959 3283 999 fr.
3323 960 3375 999 de
3412 967 3563 1010 rentes,
3587 963 3828 1014 épouserait
3851 964 4062 1005 Monsieur
4079 979 4132 1007 en

2997 1022 3164 1063 rapport
3186 1014 3304 1065 d’âge
3330 1020 3368 1052 et
3390 1015 3440 1054 de
3464 1015 3650 1057 fortune.

3048 1101 3140 1142 442.
3171 1126 3214 1132 —
3246 1102 3400 1150 Veuve,
3442 1115 3538 1144 sans
3575 1106 3758 1151 enfants,
3800 1108 3850 1148 40
3888 1122 3979 1158 ans,
4020 1110 4132 1150 belle

2999 1166 3218 1205 personne,
3250 1156 3419 1196 fortune
3448 1159 3595 1207 50,000
3631 1160 3696 1208 fr.,
3739 1162 3980 1211 épouserait
4010 1164 4131 1204 Mon¬

2995 1208 3111 1248 sieur
3130 1222 3183 1248 en
3206 1216 3371 1260 rapport
3391 1211 3511 1261 d’âge
3531 1219 3572 1252 et
3594 1212 3769 1254 d’avoir.

3048 1298 3139 1339 443.
3163 1322 3214 1328 —
3254 1299 3520 1349 Demoiselle,
3555 1303 3603 1343 22
3638 1315 3729 1350 ans,
3759 1303 3868 1346 belle
3903 1319 4126 1359 personne,

2994 1350 3064 1391 dot
3084 1352 3258 1403 200,000
3282 1353 3349 1403 fr.,
3372 1355 3610 1404 épouserait
3632 1358 3794 1398 notaire
3816 1371 3868 1399 ou
3892 1363 4044 1400 avoué.

3048 1452 3138 1495 444.
3169 1479 3207 1483 —
3235 1456 3502 1504 Demoiselle,
3527 1458 3571 1497 21
3594 1472 3684 1508 ans,
3712 1460 3781 1499 dot
3828 1462 3968 1507 12,000
3990 1463 4040 1503 fr.
4076 1463 4127 1503 de

2995 1512 3144 1556 rentes,
3178 1510 3417 1560 épouserait
3440 1511 3650 1552 Monsieur
3672 1526 3722 1554 en
3746 1520 3917 1566 rapport
3945 1518 4063 1569 d’âge
4087 1524 4126 1557 et

2992 1559 3044 1600 de
3067 1560 3254 1603 fortune.

3044 1643 3136 1684 459.
3160 1670 3208 1676 —
3231 1647 3500 1696 Demoiselle,
3520 1648 3572 1689 2G
3594 1662 3684 1698 ans,
3703 1650 3823 1702 jolie,
3843 1652 3939 1692 bien
3962 1652 4123 1703 élevée,

2992 1696 3139 1744 20.000
3160 1699 3211 1740 fr.
3253 1701 3304 1740 de
3344 1702 3415 1740 dot
3444 1707 3484 1742 et
3516 1706 3778 1754 espérances,
3801 1707 4039 1757 épouserait
4066 1719 4123 1747 un

2990 1760 3281 1805 commerçant
3303 1756 3401 1794 bien
3422 1755 3570 1795 établi.

3043 1844 3134 1886 465.
3163 1870 3204 1875 —
3231 1847 3387 1898 Veuve,
3419 1853 3520 1899 âgée
3562 1851 3612 1891 de
3651 1852 3702 1891 38
3739 1864 3830 1900 ans,
3872 1855 3983 1895 belle
4028 1868 4122 1904 per¬

2990 1909 3135 1943 sonne,
3158 1899 3254 1939 bien
3296 1902 3455 1948 elevée,
3483 1903 3655 1946 fortune
3676 1907 3867 1956 présente
3895 1907 4044 1958 30,000
4068 1909 4118 1949 fr.

2990 1956 3030 1990 et
3050 1954 3311 2004 espérances,
3334 1955 3574 2006 épouserait
3608 1958 3819 1999 Monsieur
3858 1972 3908 1999 en
3950 1970 4120 2012 rapport

2989 2003 3122 2055 d’âge,
3146 2012 3276 2058 ayant
3295 2008 3427 2056 avoir,
3451 2012 3655 2062 employé
3675 2024 3728 2051 on
3752 2014 3923 2054 ren'ier.

3040 2100 3132 2142 468.
3167 2124 3218 2131 —
3258 2103 3527 2153 Demoiselle,
3550 2105 3599 2144 23
3622 2119 3711 2152 ans,
3748 2107 3844 2148 bien
3867 2110 4026 2158 élevée,
4068 2112 4119 2151 de

2990 2152 3128 2195 bonne
3143 2155 3324 2204 famille,
3338 2158 3508 2198 fortune
3527 2162 3790 2209 personnelle
3808 2163 3954 2211 22,000
3976 2163 4048 2210 fr.,
4068 2167 4118 2204 de

2988 2218 3054 2247 ses
3090 2216 3255 2259 parents
3299 2211 3467 2259 100,000
3507 2213 3576 2261 fr.,
3616 2216 3858 2264 épouserait
3906 2216 4119 2259 Monsieur

2991 2260 3087 2300 bien
3109 2262 3244 2311 élevé,
3285 2272 3416 2316 ayant
3440 2267 3577 2306 bonne
3601 2268 3781 2316 position
3819 2282 3872 2309 on
3896 2271 4114 2323 employé,

2987 2326 3038 2354 en
3063 2323 3235 2367 rapport
3255 2315 3391 2368 d’âge.

3040 2415 3130 2456 469.
3160 2440 3199 2446 —
3247 2416 3515 2468 Demoiselle,
3539 2420 3588 2460 28
3610 2430 3700 2472 ans,
3726 2423 3808 2463 très
3834 2424 3930 2463 bien
3955 2423 4115 2475 élevée,

2988 2467 3157 2509 fortune
3196 2470 3343 2516 90,000
3394 2472 3463 2519 fr.,
3507 2475 3751 2526 épouserait
3804 2488 4115 2532 commerçant,

2986 2528 3119 2573 ayant
3142 2523 3251 2562 belle
3271 2524 3476 2564 situation
3509 2539 3563 2566 on
3604 2530 3806 2580 employé
3827 2533 3878 2571 de
3903 2532 4039 2582 l’Etat,
4064 2547 4116 2575 en

2986 2583 3155 2628 rapport
3176 2578 3311 2627 d'âge.

3039 2664 3130 2705 475.
3162 2688 3201 2692 —
3244 2666 3511 2716 Demoiselle,
3544 2670 3591 2709 27
3632 2683 3722 2718 ans,
3760 2672 4002 2727 orpheline,
4044 2675 4115 2716 dot

2986 2718 3132 2768 70.000
3168 2719 3238 2767 fr.,
3282 2719 3378 2760 bien
3422 2722 3580 2768 élevée,
3622 2726 3862 2774 épouserait
3902 2726 4114 2770 Monsieur

2985 2778 3115 2824 ayant
3139 2772 3318 2823 position
3341 2780 3377 2813 et
3402 2787 3452 2814 en
3479 2784 3644 2828 rapport
3665 2778 3784 2828 d'âge
3806 2786 3844 2819 et
3866 2781 4043 2822 d’avoir.

3037 2859 3127 2899 495.
3150 2884 3195 2890 —
3219 2862 3487 2912 Demoiselle,
3518 2863 3559 2905 19
3598 2878 3687 2915 ans,
3720 2867 3819 2907 bien
3859 2870 4019 2919 élevée,
4043 2871 4114 2914 dot

2984 2914 3131 2963 80.000
3151 2915 3219 2962 fr.,
3242 2919 3490 2967 espérances
3510 2920 3560 2959 de
3579 2931 3644 2960 ses
3659 2929 3828 2971 parents
3848 2924 4023 2974 300,000
4040 2927 4111 2975 fr.,

2983 2968 3223 3019 épouserait
3256 2970 3455 3022 employé
3476 2971 3527 3011 de
3552 2973 3668 3012 l’Etat
3689 2981 3820 3027 ayant
3843 2977 3952 3018 belle
3974 2979 4110 3019 situa¬

2987 3021 3088 3070 tion,
3108 3034 3160 3060 ou
3203 3022 3412 3064 Monsieur
3432 3031 3562 3076 ayant
3591 3028 3758 3076 150,000
3779 3029 3848 3080 fr.,
3868 3043 3919 3070 en
3944 3039 4111 3083 rapport

2983 3073 3116 3123 d’âge.

3036 3163 3124 3203 496.
3143 3187 3192 3192 —
3214 3166 3482 3214 Demoiselle,
3520 3168 3571 3209 25
3610 3183 3699 3220 ans,
3740 3174 3982 3223 orpheline,
4014 3175 4111 3216 bien

2983 3215 3142 3264 élevée,
3186 3218 3256 3256 dot
3300 3220 3376 3259 200
3399 3222 3474 3260 000
3527 3223 3596 3270 fr.,
3646 3225 3884 3275 épouserait
3931 3230 4112 3276 notaire,

2982 3272 3132 3319 avoué,
3157 3278 3304 3311 avocat
3340 3274 3555 3324 distingué
3592 3290 3644 3315 ou
3688 3279 3903 3331 employé,
3932 3282 4032 3321 chef
4061 3283 4112 3323 de

2980 3324 3140 3364 service
3160 3326 3288 3366 d’une
3309 3327 3651 3371 administration
3673 3331 3725 3371 de
3750 3332 3885 3375 l'Etat.

3033 3413 3123 3454 497.
3155 3438 3190 3442 —
3231 3415 3499 3463 Demoiselle,
3528 3420 3628 3471 âgée
3648 3420 3698 3459 de
3719 3420 3767 3460 28
3788 3434 3880 3471 ans,
3904 3424 4046 3475 pieuse
4068 3434 4111 3467 et

2979 3467 3228 3518 charitable,
3260 3478 3391 3521 ayant
3436 3472 3648 3519 1,100,000
3672 3475 3720 3514 fr.
3743 3475 3794 3515 de
3815 3476 3903 3527 dol,
3927 3480 4111 3530 épouse¬

2982 3522 3060 3559 rait
3094 3522 3319 3571 Monsieur,
3340 3524 3522 3570 sérieux,
3545 3526 3611 3566 bel
3641 3527 3832 3576 homme,
3859 3531 4107 3581 honorable,

2981 3573 3076 3614 bien
3098 3574 3232 3626 élevé,
3255 3584 3384 3628 ayant
3422 3590 3476 3618 au
3505 3579 3646 3620 moins
3667 3582 3842 3630 300,000
3867 3584 3918 3625 fr.
3942 3586 3992 3626 de
4015 3586 4107 3626 for¬

2980 3632 3080 3667 tune

3030 3710 3119 3750 498.
3138 3732 3188 3739 —
3210 3711 3476 3761 Demoiselle,
3508 3714 3550 3752 21
3596 3728 3686 3764 ans,
3728 3718 3839 3758 belle
3882 3732 4106 3771 personne,

2978 3762 3074 3801 bien
3096 3763 3253 3812 élevée,
3276 3765 3344 3803 dot
3367 3767 3514 3814 80,000
3539 3768 3606 3816 fr.,
3630 3771 3869 3820 épouserait
3894 3775 4106 3815 Monsieur

2976 3826 3027 3854 en
3052 3822 3217 3866 rapport
3239 3817 3356 3867 d’âge
3378 3824 3418 3858 et
3438 3819 3615 3862 d’avoir.

3030 3898 3103 3938 499
3140 3922 3190 3928 —
3231 3898 3496 3948 Demoiselle,
3538 3902 3583 3943 21
3608 3915 3699 3954 ans,
3723 3905 3822 3946 bien
3843 3906 4007 3958 élevée,
4034 3909 4104 3949 dot

2983 3952 3148 4000 100.000
3189 3954 3237 3994 fr.
3268 3960 3308 3994 et
3346 3955 3526 4006 grandes
3560 3960 3823 4010 espérances,
3864 3963 4107 4014 épouserait

2978 4006 3187 4046 Monsieur
3207 4009 3389 4056 élégant,
3410 4022 3460 4047 en
3484 4019 3654 4060 rapport
3675 4014 3794 4062 d’âge
3815 4023 3855 4056 et
3874 4018 4048 4056 d’avoir.

3028 4096 3118 4136 507.
3159 4119 3207 4126 —
3251 4096 3520 4146 Demoiselle,
3567 4102 3670 4153 âgée
3708 4100 3759 4142 de
3799 4102 3848 4144 23
3899 4118 3991 4152 an-,
4032 4107 4104 4147 dot

2978 4150 3147 4199 150.000
3168 4151 3238 4199 fr.,
3278 4154 3526 4203 espérances
3563 4155 3891 4208 considérables,
3917 4160 4074 4210 épouse
4090 4184 4099 4191 •

2975 4204 3054 4242 rait
3093 4204 3404 4246 fonctionnaire
3443 4219 3496 4246 ou
3538 4207 3787 4260 dignitaire,
3840 4224 3891 4251 en
3934 4221 4104 4266 rapport

2975 4255 3110 4307 d’âge.

3028 4334 3104 4372 512
3139 4356 3180 4362 —
3206 4334 3472 4386 Demoiselle,
3506 4336 3556 4377 27
3579 4350 3669 4387 ans,
3708 4339 3779 4379 dot
3826 4343 3995 4390 100,000
4032 4344 4106 4391 fr.,

2975 4387 3213 4438 épouserait.
3235 4387 3449 4430 Monsieur
3467 4403 3518 4431 en
3542 4399 3709 4444 rapport
3746 4394 3797 4434 de
3838 4396 4008 4439 fortune
4047 4412 4103 4440 ou

2976 4440 3176 4492 employé
3197 4441 3247 4482 de
3270 4441 3406 4483 l'Etat.

3028 4531 3104 4572 514
3138 4555 3186 4560 —
3208 4531 3352 4582 Dame,
3388 4533 3527 4582 noble,
3554 4535 3647 4576 bien
3672 4540 3914 4587 conservée,
3939 4540 3987 4582 50
4008 4554 4103 4591 ans,

2977 4596 3127 4634 veuve,
3167 4596 3298 4638 ayant
3335 4588 3456 4635 2,000
3495 4588 3546 4628 fr.
3584 4589 3635 4628 de
3676 4598 3826 4636 rentes,
3860 4595 4106 4646 épouserait

2978 4639 3188 4679 Monsieur
3227 4639 3327 4680 bien
3366 4642 3499 4688 élevé,
3522 4648 3656 4695 ayant
3692 4644 3744 4684 de
3783 4646 3832 4687 50
3873 4650 3897 4686 à
3931 4651 3981 4687 70
4011 4662 4104 4699 ans,

2974 4696 3117 4732 même
3154 4704 3254 4732 avec
3294 4695 3522 4735 infirmités
3559 4703 3599 4736 et
3641 4699 3860 4747 possédant
3898 4702 3948 4739 de
3991 4702 4042 4741 40
4084 4707 4106 4743 à

2975 4746 3120 4794 60.000
3143 4746 3195 4786 fr.
3230 4747 3280 4785 de
3317 4747 3486 4787 fortune
3524 4761 3578 4788 ou
3623 4750 3752 4799 partie
3787 4763 3838 4790 en
3875 4754 4029 4804 capital
4064 4764 4103 4799 et

2978 4798 3107 4850 partie
3128 4811 3179 4839 en
3204 4800 3378 4851 pension
3402 4802 3451 4842 de
3475 4803 3658 4842 retraite.

3028 4884 3117 4924 517.
3154 4907 3203 4912 —
3245 4884 3499 4924 Demoiselle
3536 4892 3667 4937 ayant
3706 4888 3779 4930 des
3819 4892 3935 4932 titres
3976 4895 4103 4935 nobi-

2977 4936 3113 4987 lières,
3147 4939 3247 4988 âgée
3288 4939 3339 4977 de
3377 4939 3426 4978 20
3470 4950 3559 4986 ans,
3608 4943 3847 4996 orpheline,
3888 4948 4103 4994 1.000.000

2974 4990 3026 5029 de
3058 4991 3143 5035 dot,
3184 4991 3426 5039 épouserait
3476 4996 3682 5046 marquis,
3728 4998 3812 5038 duc
3864 5012 3918 5039 ou
3963 5007 4103 5040 comte

2975 5054 3024 5082 en
3051 5048 3218 5094 rapport
3239 5043 3374 5094 d’âge,
3398 5058 3496 5086 avec
3516 5048 3650 5088 avoir.

3028 5120 3118 5159 521.
3143 5143 3192 5148 —
3223 5120 3491 5172 Demoiselle,
3531 5126 3579 5164 27
3619 5138 3710 5175 ans,
3744 5128 3919 5179 200,000
3960 5130 4009 5168 fr.
4054 5131 4104 5172 de

2974 5172 3059 5223 dol,
3116 5172 3356 5225 épouserait
3398 5178 3609 5219 Monsieur
3663 5192 3714 5220 eu
3774 5188 3945 5234 rapport
3985 5182 4105 5238 d’âge

2974 5235 3014 5267 st
3035 5228 3210 5270 d’avoir.

3027 5312 3186 5352 531.—
3211 5311 3480 5362 Demoiselle,
3503 5314 3552 5356 23
3591 5328 3680 5364 ans,
3719 5316 3789 5358 dot
3824 5319 3999 5370 200,000
4035 5322 4104 5375 fr.,

2974 5367 3211 5416 épouserait
3252 5367 3562 5410 fonctionnaire
3603 5371 3750 5421 public
3788 5380 3920 5426 ayant
3959 5376 4105 5415 situa¬

2976 5419 3061 5459 tion
3085 5432 3134 5459 en
3161 5427 3344 5471 rapport.

3027 5504 3116 5544 533.
3146 5528 3179 5534 -
3208 5505 3475 5554 Demoiselle,
3512 5505 3559 5547 23
3599 5520 3690 5559 ans,
3714 5510 3784 5548 dot
3823 5510 3995 5559 300,000
4035 5514 4103 5560 fr.,

2972 5558 3211 5608 épouserait
3254 5559 3562 5600 fonctionnaire
3602 5575 3652 5603 eu
3694 5568 3864 5612 rapport
3903 5566 4024 5618 d’âge
4067 5574 4106 5607 et

2974 5611 3023 5651 de
3044 5611 3264 5652 situation.

3026 5695 3116 5735 534.
3145 5719 3188 5723 —
3219 5695 3380 5739 Veuve,
3414 5696 3464 5736 60
3503 5710 3594 5742 ans.
3627 5704 3756 5747 ayant
3802 5699 3917 5749 1,600
3958 5703 4007 5742 fr.
4053 5702 4104 5742 de

2974 5755 3124 5798 rentes,
3179 5749 3284 5788 beau
3328 5750 3542 5799 mobilier,
3576 5751 3815 5800 épouserait
3852 5756 4010 5795 rentier
4050 5768 4100 5796 en

2976 5808 3143 5853 rapport
3164 5802 3296 5852 d’âge.

3027 5880 3117 5919 545.
3144 5903 3189 5907 —
3234 5879 3390 5928 Veuve,
3432 5883 3480 5922 50
3520 5892 3610 5926 ans,
3640 5879 3814 5927 fortune
3851 5886 3998 5925 20.000
4030 5886 4100 5939 fr.,

2972 5934 3211 5984 épouserait
3246 5936 3412 5976 retraité
3432 5948 3484 5974 ou
3510 5939 3666 5978 rentier
3684 5951 3734 5978 en
3760 5939 3927 5990 rapport
3964 5939 4100 5991 d'âge.

3026 6010 3116 6050 548.
3139 6032 3179 6039 —
3203 6011 3470 6056 Demoiselle,
3494 6011 3543 6049 30
3563 6024 3652 6063 ans,
3675 6015 3846 6067 fortune
3872 6016 4012 6059 10.000
4031 6020 4102 6067 fr.,

2972 6065 3219 6115 espérances
3250 6066 3395 6107 60.000
3431 6066 3502 6113 fr.,
3536 6065 3775 6117 épouserait
3810 6080 4103 6126 commerçant

2972 6130 3025 6156 ou
3050 6116 3263 6170 employé.

3026 6188 3115 6228 548.
3140 6212 3188 6219 —
3228 6187 3496 6236 Demoiselle,
3532 6189 3576 6230 19
3608 6206 3698 6240 ans,
3740 6190 3812 6231 dot
3852 6195 3999 6236 20.000
4024 6197 4099 6243 fr.,

2971 6243 3219 6292 espérances
3246 6243 3395 6283 60.000
3414 6240 3482 6290 fr.,
3518 6243 3757 6297 épouserait
3789 6254 4098 6300 commerçant.

3024 6324 3114 6366 551.
3139 6350 3186 6356 --
3226 6323 3494 6376 Demoiselle,
3520 6329 3568 6369 27
3608 6339 3699 6376 ans,
3731 6331 3970 6379 orpheline,
4011 6331 4098 6372 for-

2974 6383 3072 6418 lune
3094 6380 3240 6420 80.000
3258 6379 3308 6418 fr.
3335 6378 3606 6430 immeubles,
3624 6384 3862 6431 épouserait
3887 6384 4099 6426 Monsieur

2970 6442 3020 6471 en
3044 6439 3212 6484 rapport
3231 6432 3350 6480 d’âge
3367 6438 3406 6470 et
3428 6432 3606 6476 d’avoir.
