4712 7064
2192 431 2271 478 LE
2310 430 2463 479 LIEN
2497 428 2586 476 DU
2623 424 2919 475 MARIAGE

832 622 902 663 481
922 622 1003 662 bis.
1026 644 1064 650 —
1094 619 1219 669 Veuf,
1262 618 1338 667 âgé
1376 614 1426 654 de
1466 612 1514 654 55
1552 622 1644 662 ans,
1667 609 1910 662 négociant,

778 675 1019 728 épouserait
1055 685 1190 714 veuve
1230 683 1282 711 en
1323 676 1491 721 rapport
1512 666 1646 716 d’âge,
1670 675 1771 705 avec
1794 661 1912 703 avoir

780 732 832 772 de
862 731 1000 781 15,000
1023 729 1078 770 fr.

831 814 922 855 483.
950 838 987 842 -
1010 810 1279 856 Célibataire,
1322 809 1398 859 âgé
1419 807 1470 846 de
1491 806 1540 846 40
1564 816 1655 852 ans,
1698 811 1912 844 commer¬

777 875 890 916 cant,
939 866 1183 918 épouserait
1238 860 1506 911 demoiselle,
1569 859 1619 899 30
1667 867 1759 904 ans,
1808 864 1912 895 avec

778 922 927 972 ‘20,000
950 920 1000 959 fr.

831 1004 922 1044 484.
945 1027 994 1031 —
1033 999 1300 1048 Célibataire,
1331 999 1407 1048 âgé
1428 996 1479 1035 de
1501 996 1550 1035 27
1574 1004 1665 1042 ans,
1690 990 1912 1042 bijoutier,

780 1059 951 1098 for-tune
974 1055 1120 1103 30,000
1139 1054 1207 1103 fr.,
1232 1051 1474 1103 épouserait
1495 1045 1747 1088 demoiselle
1784 1047 1917 1095 ayant

778 1111 898 1151 avoir
918 1110 968 1150 de
990 1108 1138 1158 25,000
1159 1107 1212 1147 fr.

831 1191 923 1231 488.
949 1214 978 1219 -
993 1188 1263 1236 Célibataire,
1286 1183 1572 1231 mécanicien,
1597 1180 1645 1220 34
1665 1191 1756 1230 ans,
1780 1188 1915 1228 gagne

778 1247 802 1286 8
822 1247 872 1285 fr.
900 1256 972 1296 par
992 1243 1104 1294 jour,
1147 1242 1268 1290 4,000
1292 1240 1342 1278 fr.
1375 1235 1679 1283 d'économies,
1718 1242 1915 1282 espéran¬

782 1311 851 1339 ces
871 1299 920 1338 de
941 1308 1006 1336 ses
1025 1302 1195 1348 parents
1214 1292 1362 1342 25,000
1384 1290 1454 1338 fr.,
1477 1287 1716 1339 épouserait
1747 1283 1917 1324 demoi¬

782 1351 886 1392 selle
903 1362 955 1392 en
976 1354 1148 1400 rapport
1167 1347 1302 1395 d’âge,
1323 1350 1456 1396 ayant
1481 1342 1624 1392 12,000
1646 1340 1699 1381 fr.

834 1434 924 1475 494.
943 1456 994 1462 —
1015 1430 1281 1478 Célibataire,
1319 1428 1368 1467 27
1391 1436 1480 1475 ans,
1506 1423 1707 1475 employé
1730 1418 1914 1461 d’admi¬

780 1487 1020 1536 nistration,
1044 1485 1153 1526 beau
1173 1494 1342 1534 garçon,
1366 1479 1550 1531 élégant,
1569 1477 1917 1528 appointements

780 1543 903 1591 2,500
924 1540 996 1587 fr.,
1016 1524 1523 1589 épouserait"demoiselle
1546 1535 1676 1583 ayant
1699 1527 1847 1575 60,000
1864 1524 1915 1565 fr.

835 1622 927 1664 504.
950 1646 990 1651 —
1015 1619 1283 1667 Célibataire,
1298 1618 1376 1668 âgé
1398 1615 1447 1655 de
1470 1615 1520 1655 30
1542 1624 1633 1663 ans,
1655 1619 1787 1664 ayant
1803 1607 1918 1662 posi¬

784 1678 873 1718 tion
899 1680 940 1717 et
960 1674 1126 1715 maison
1155 1669 1460 1712 commerciale
1498 1667 1643 1708 valant
1675 1665 1823 1713 60,000
1843 1664 1916 1702 fr..

784 1728 1025 1782 épouserait
1063 1723 1327 1774 demoiselle,
1351 1723 1402 1763 de
1442 1724 1564 1772 goûts
1599 1720 1823 1768 modestes,
1867 1715 1918 1756 de

783 1783 1029 1835 préférence
1050 1778 1290 1830 orpheline,
1315 1780 1446 1828 ayant
1467 1775 1614 1825 50,000
1634 1774 1683 1815 fr.

838 1866 929 1907 505.
948 1886 998 1892 —
1019 1862 1186 1903 Officier
1215 1859 1470 1902 ministériel
1499 1864 1630 1912 ayant
1672 1867 1755 1898 une
1791 1854 1919 1896 étude

786 1920 847 1959 lui
889 1922 1131 1967 rapportant
1164 1914 1491 1955 annuellement
1511 1914 1659 1962 40,000
1684 1912 1753 1958 fr.,
1778 1911 1918 1959 épou¬

784 1973 912 2014 serait
931 1968 1181 2011 demoiselle
1201 1975 1332 2019 ayant
1352 1967 1422 2008 dot
1443 1967 1492 2007 de
1515 1966 1690 2015 500,000
1712 1963 1766 2003 fr.

839 2055 930 2095 508.
948 2076 999 2083 —
1020 2051 1284 2102 Célibataire,
1304 2052 1354 2092 29
1375 2063 1466 2102 ans,
1502 2050 1747 2101 protestant,
1787 2047 1919 2095 ayant

787 2120 871 2149 une
892 2105 1118 2155 industrie,
1148 2104 1318 2146 fortune
1339 2117 1390 2145 en
1418 2102 1650 2155 propriétés
1671 2099 1819 2148 20,000
1844 2098 1916 2145 fr.,

783 2160 1025 2212 épouserait
1047 2158 1296 2200 demoiselle
1317 2159 1368 2199 de
1390 2159 1532 2198 même
1554 2154 1751 2204 religion,
1786 2156 1922 2204 ayant

788 2215 839 2255 de
863 2215 910 2256 10
931 2215 955 2254 à
979 2213 1124 2263 12,000
1146 2212 1200 2254 fr.

840 2295 931 2336 509.
948 2319 999 2324 —
1020 2294 1236 2344 Horloger,
1258 2294 1309 2334 28
1329 2304 1419 2343 ans,
1442 2291 1591 2342 établi,
1615 2292 1725 2331 beau
1745 2298 1917 2340 garçon,

787 2350 1028 2400 épouserait
1048 2347 1295 2389 demoiselle
1316 2352 1447 2400 ayant
1476 2346 1619 2395 10,000
1641 2346 1695 2384 fr.
1719 2342 1770 2382 de
1791 2342 1878 2382 dot.

839 2438 930 2479 515.
948 2462 998 2467 —
1018 2437 1286 2486 Célibataire,
1308 2438 1358 2476 35
1379 2447 1470 2484 ans,
1494 2438 1626 2487 ayant
1647 2444 1730 2474 une
1752 2431 1918 2471 maison

788 2491 987 2532 meublée
1036 2496 1075 2532 et
1108 2490 1348 2542 iiquoriste,
1392 2487 1631 2539 épouserait
1669 2483 1923 2527 demoiselle

790 2546 1012 2598 possédant
1034 2547 1084 2586 de
1106 2546 1127 2584 3
1152 2547 1175 2583 à
1196 2542 1319 2591 4,000
1342 2542 1394 2583 fr.

841 2635 932 2674 520.
992 2655 1041 2662 —
1097 2631 1364 2682 Célibataire,
1407 2631 1457 2670 22
1495 2641 1604 2678 ans,
1653 2627 1825 2668 fortune
1870 2636 1923 2666 en

789 2686 1020 2738 propriétés
1058 2684 1231 2734 200,000
1252 2684 1323 2734 fr.,
1364 2684 1500 2724 désire
1539 2683 1719 2733 épouser
1756 2679 1922 2721 demoi¬

788 2740 891 2779 selle
908 2744 1039 2791 ayant
1066 2738 1235 2788 100,000
1259 2738 1314 2779 fr.

843 2822 934 2863 525.
958 2844 1008 2850 —
1039 2819 1304 2870 Célibataire,
1342 2820 1388 2859 34
1407 2830 1496 2868 ans,
1532 2818 1722 2867 caissier,
1739 2816 1858 2866 3,000
1873 2815 1923 2866 f.,

788 2875 1172 2927 d’appointements
1194 2905 1203 2923 ,
1250 2872 1492 2924 épouserait
1532 2870 1783 2911 demoiselle
1823 2880 1923 2909 avec

791 2929 941 2979 50.000
963 2927 1018 2967 fr.

846 3011 935 3052 526.
989 3034 1036 3039 —
1086 3010 1359 3059 Célibataire,
1410 3019 1564 3062 garçon
1612 3008 1663 3048 de
1714 3006 1924 3056 magasin,

792 3064 840 3104 33
863 3075 954 3113 ans,
979 3064 1054 3103 150
1075 3062 1126 3103 fr.
1168 3074 1244 3114 par
1283 3062 1407 3111 mois,
1448 3062 1691 3112 épouserait
1730 3060 1924 3101 ouvrière

791 3129 891 3168 sage
911 3122 1043 3169 ayant
1058 3127 1132 3157 son
1155 3114 1373 3155 mobilier.

846 3195 936 3235 530.
994 3216 1044 3222 —
1098 3191 1330 3242 Ingénieur
1367 3190 1634 3231 mécanicien
1659 3222 1668 3239 ,
1720 3190 1768 3228 35
1816 3200 1923 3238 ans,

790 3254 921 3300 ayant
958 3246 1069 3286 belle
1107 3246 1311 3284 situation
1337 3276 1346 3292 ,
1404 3244 1620 3294 plusieurs
1667 3243 1835 3283 brevets
1874 3242 1924 3280 de

791 3305 962 3353 rapport
999 3305 1039 3339 et
1076 3298 1264 3337 d’avenir
1306 3296 1599 3337 considérable
1624 3327 1632 3344 ,
1683 3295 1928 3347 épouserait

792 3352 1040 3395 demoiselle
1058 3363 1159 3392 avec
1180 3350 1299 3391 avoir
1319 3350 1370 3390 de
1391 3350 1539 3399 50,000
1560 3348 1612 3388 fr.

846 3438 939 3479 535.
963 3460 1011 3466 —
1058 3435 1169 3476 Veuf
1193 3466 1200 3483 ,
1241 3434 1291 3474 52
1326 3445 1403 3474 ans
1428 3464 1436 3482 ,
1475 3432 1620 3483 12,000
1641 3432 1714 3480 fr.,
1749 3431 1928 3482 pension

795 3492 872 3532 600
906 3491 983 3539 fr.,
1034 3499 1169 3540 gagne
1212 3487 1235 3527 5
1280 3486 1332 3526 fr.
1386 3497 1458 3536 par
1504 3486 1602 3536 jour
1626 3515 1636 3532 ,
1688 3483 1928 3533 épouserait

796 3555 932 3584 veuve
952 3554 1051 3583 sans
1070 3540 1239 3582 enfants
1256 3550 1358 3579 avec
1378 3538 1508 3579 avoir.

848 3627 939 3668 536.
980 3648 1026 3655 —
1075 3623 1236 3664 Ancien
1268 3621 1495 3674 capitaine,
1528 3620 1577 3662 53
1616 3632 1708 3671 ans,
1752 3619 1930 3671 pension

796 3683 872 3722 550
894 3681 962 3730 fr.,
1003 3689 1136 3729 gagne
1174 3678 1250 3719 700
1271 3677 1343 3727 fr.,
1386 3674 1624 3727 épouserait
1660 3674 1791 3727 petite
1831 3685 1929 3716 ren¬

794 3735 897 3775 tière
920 3744 1019 3774 sans
1038 3732 1220 3772 enfants.

851 3819 940 3859 537.
974 3840 1024 3846 —
1072 3815 1322 3856 Célibataire
1359 3814 1522 3863 établi,
1568 3814 1618 3854 35
1655 3826 1732 3855 ans
1755 3846 1764 3862 ,
1816 3814 1926 3854 beau

796 3871 988 3923 magasin
1012 3903 1021 3921 ,
1056 3870 1227 3911 fortune
1260 3870 1408 3913 20.000
1442 3868 1511 3918 fr.,
1563 3867 1805 3919 épouserait
1852 3867 1929 3907 de¬

795 3924 990 3967 moiselle
1011 3936 1062 3964 en
1084 3927 1254 3975 rapport
1274 3923 1392 3974 d’âge
1415 3930 1454 3962 et
1475 3921 1652 3962 d’avoir.

850 4015 942 4055 538.
963 4036 1014 4043 —
1051 4011 1318 4062 Célibataire,
1358 4010 1408 4051 26
1430 4020 1520 4059 ans,
1563 4012 1855 4060 commerçant
1875 4018 1924 4046 en

795 4080 892 4115 gros
914 4099 923 4114 ,
979 4068 1219 4114 épouserait
1256 4062 1506 4106 demoiselle
1547 4062 1749 4103 instruite
1796 4064 1931 4109 ayant

803 4120 943 4172 12.000
966 4120 1018 4162 fr.

848 4204 938 4244 543.
962 4227 1011 4232 —
1039 4202 1306 4252 Célibataire,
1347 4202 1423 4253 âgé
1463 4200 1515 4242 de
1551 4200 1599 4242 33
1622 4211 1713 4250 ans,
1755 4199 1927 4242 fortune

796 4258 942 4306 70.000
971 4258 1042 4306 fr.,
1074 4268 1210 4307 gagne
1254 4257 1396 4305 10,000
1426 4255 1479 4296 fr.
1523 4266 1599 4307 par
1636 4267 1707 4303 an,
1746 4255 1928 4306 épouse¬

798 4310 875 4350 rait
896 4309 1143 4350 demoiselle
1164 4314 1296 4361 ayant
1316 4308 1464 4359 80,000
1491 4308 1540 4351 fr.

851 4397 999 4438 549.—
1019 4395 1286 4443 Célibataire,
1310 4395 1360 4435 26
1381 4407 1471 4446 ans,
1495 4396 1666 4435 fortune
1686 4395 1835 4435 25.000
1856 4396 1927 4442 fr.,

797 4452 1044 4502 espérances
1076 4449 1231 4490 60.000
1254 4448 1324 4498 fr.,
1363 4452 1666 4500 commerçant,
1690 4447 1931 4496 épouserait

796 4502 1046 4543 demoiselle
1075 4506 1390 4554 commerçante
1411 4507 1543 4552 ayant
1575 4501 1719 4540 15.000
1740 4500 1790 4540 fr.

851 4591 942 4632 552.
968 4615 1015 4620 —
1046 4591 1206 4631 Ancien
1227 4591 1454 4642 capitaine,
1478 4588 1599 4631 4.200
1622 4588 1672 4630 fr.
1698 4588 1748 4630 de
1771 4595 1926 4642 rentes,

798 4645 847 4684 56
884 4656 975 4691 ans,
1016 4643 1254 4695 épouserait
1295 4656 1427 4684 veuve
1467 4655 1564 4684 sans
1602 4644 1783 4694 enfants,
1824 4656 1927 4685 avec

798 4698 915 4738 avoir
935 4703 974 4735 et
995 4696 1094 4736 bien
1116 4696 1275 4738 élevée.

852 4779 943 4820 553.
969 4802 1018 4808 —
1058 4779 1179 4827 Veuf,
1204 4779 1254 4819 65
1274 4790 1364 4827 ans,
1387 4779 1650 4826 agriculteur
1670 4780 1720 4820 de
1746 4781 1929 4830 premier

796 4836 933 4882 ordre,
956 4832 1127 4871 fortune
1149 4831 1298 4871 60.000
1319 4831 1388 4880 fr.,
1412 4831 1653 4879 épouserait
1674 4843 1807 4871 veuve
1827 4835 1928 4883 âgée

797 4891 849 4931 de
872 4887 969 4940 plus
989 4886 1040 4926 de
1062 4884 1111 4924 50
1131 4895 1223 4934 ans,
1245 4889 1376 4934 ayant
1395 4882 1516 4922 2.000
1543 4882 1595 4922 fr,
1626 4883 1678 4922 de
1699 4888 1852 4932 rentes,
1874 4897 1928 4924 ou

799 4954 934 4984 veuve
972 4942 1104 4992 ayant
1139 4936 1190 4976 de
1222 4936 1403 4988 grandes
1432 4934 1676 4986 propriétés,
1701 4936 1843 4975 même
1878 4946 1931 4974 en

798 4998 990 5050 Afrique.

850 5074 999 5115 558.—
1019 5068 1285 5116 Célibataire,
1307 5067 1356 5106 32
1378 5070 1610 5117 ans,ayant
1635 5063 1864 5114 profession
1883 5063 1932 5102 li¬

796 5128 938 5170 bérale
962 5128 1042 5167 très
1061 5123 1284 5172 lucrative,
1308 5120 1480 5161 fortune
1503 5118 1650 5159 50.000
1666 5117 1736 5168 fr.,
1759 5118 1934 5168 épouse¬

798 5183 878 5223 rait
894 5179 1143 5223 demoiselle
1166 5182 1297 5232 ayant
1319 5176 1390 5218 dot
1414 5174 1584 5216 100.000
1606 5172 1658 5213 fr.

851 5264 942 5306 562.
969 5288 1015 5294 —
1054 5262 1320 5312 Célibataire,
1344 5260 1394 5300 40
1415 5271 1504 5309 ans,
1530 5262 1660 5309 ayant
1696 5255 1932 5307 profession

798 5318 975 5360 libérale
996 5320 1078 5359 très
1096 5314 1323 5363 lucrative,
1341 5313 1583 5365 épouserait
1603 5308 1855 5350 demoiselle
1878 5319 1930 5348 en

796 5376 967 5426 rapport
986 5372 1120 5424 d’âge,
1144 5375 1275 5423 ayant
1299 5368 1472 5410 100.000
1493 5366 1546 5407 fr.

850 5456 939 5496 568.
964 5478 1015 5484 —
1035 5455 1199 5503 Prince,
1222 5452 1312 5495 seul
1336 5450 1595 5492 descendant
1614 5447 1742 5488 d’une
1764 5444 1932 5487 famille

795 5514 928 5560 ayant
955 5508 1196 5559 longtemps
1233 5508 1361 5556 régné
1399 5518 1476 5545 sur
1515 5515 1599 5544 une
1638 5503 1711 5543 des
1751 5499 1932 5551 grandes

796 5562 1043 5612 puissances
1075 5560 1124 5600 de
1156 5560 1362 5611 l’Europe,
1400 5559 1503 5600 allié
1535 5570 1619 5599 aux
1652 5555 1831 5608 grandes
1866 5554 1932 5594 fa¬

796 5615 941 5654 milles
987 5615 1215 5663 princières
1272 5614 1518 5665 d’Espagne,
1562 5611 1851 5662 d’Angleterre
1892 5612 1933 5647 et

795 5667 1028 5716 d'ailleurs,
1052 5667 1130 5716 âgé
1149 5667 1200 5706 de
1222 5667 1269 5705 30
1290 5679 1382 5718 ans,
1404 5665 1645 5718 épouserait
1679 5663 1802 5704 riche
1832 5662 1931 5714 plé¬

796 5720 998 5762 béienne.

849 5791 939 5832 580.
967 5812 1014 5819 —
1046 5788 1239 5829 Boucher
1275 5789 1423 5837 établi,
1465 5792 1514 5831 39
1558 5802 1650 5838 ans,
1690 5786 1932 5840 épouserait

794 5842 1045 5888 demoiselle
1063 5854 1118 5884 ou
1139 5854 1277 5883 veuve
1298 5843 1523 5894 possédant
1542 5843 1664 5894 8,000
1684 5843 1737 5884 fr.

848 5924 939 5964 581.
966 5946 1015 5952 —
1044 5920 1252 5967 Boucher,
1294 5920 1534 5960 richement
1562 5920 1707 5969 établi,
1750 5922 1800 5960 27
1838 5930 1927 5967 ans,

793 5976 862 6018 fils
884 5976 1063 6028 unique,
1088 5977 1257 6026 parents
1287 5972 1440 6022 riches,
1483 5974 1726 6024 épouserait
1755 5971 1927 6015 demoi¬

795 6031 898 6074 selle
919 6030 1018 6070 bien
1040 6027 1200 6076 élevée,
1227 6026 1448 6077 possédant
1471 6026 1612 6076 10,000
1632 6028 1682 6068 fr.

2043 607 2174 651 Nous
2218 604 2435 648 donnons
2486 600 2751 644 ci-dessous
2796 595 3020 640 l'adresse
3063 594 3120 636 de

1984 668 2096 710 MM.
2139 666 2206 710 les
2242 663 2450 708 notaires
2482 660 2539 704 de
2574 659 2619 703 la
2649 658 2754 704 ville
2782 656 2838 701 de
2868 651 3118 707 Marseille,

1986 726 2064 782 qui
2096 736 2268 782 pourra
2299 727 2396 768 être
2427 720 2539 766 utile
2571 731 2687 776 pour
2714 718 2780 763 les
2816 717 3030 761 contrats
3062 712 3119 755 de

1987 786 2202 840 mariage
2223 798 2232 827 :

2042 884 2138 924 MM.
2175 884 2380 930 Sabatier,
2403 892 2479 920 rue
2499 879 2684 926 Paradis,
2714 878 2773 915 17.

2177 936 2398 988 Raynaud,
2420 946 2496 974 rue
2519 932 2702 976 Paradis,
2726 928 2790 968 24.

2174 991 2351 1039 Gaudet,
2376 999 2451 1027 rue
2475 986 2656 1031 Paradis,
2680 983 2746 1022 46.

2176 1043 2374 1094 Gasquet,
2395 1052 2471 1080 rue
2487 1036 2675 1087 Paradis,
2698 1036 2764 1075 57.

2174 1094 2374 1143 Ferrand,
2399 1104 2474 1134 rue
2496 1091 2679 1136 Paradis,
2704 1088 2768 1127 59.

2175 1149 2328 1198 Brezel,
2352 1159 2427 1187 rue
2451 1143 2634 1192 Paradis,
2659 1143 2723 1183 68.

2176 1203 2226 1242 de
2251 1203 2387 1252 Lageî,
2411 1211 2487 1239 rue
2509 1192 2834 1238 Saint-Ferréol,
2857 1194 2896 1231 7.

2176 1254 2448 1306 Delanglade,
2471 1262 2550 1291 rue
2566 1244 2894 1294 Saint-Ferréol,
2919 1244 2986 1284 29.

2175 1309 2318 1359 Benet,
2342 1319 2418 1347 rue
2439 1300 2762 1348 Saint-Ferréol,
2786 1299 2850 1339 30.

2176 1359 2422 1413 Provençal,
2444 1369 2520 1398 rue
2540 1350 2868 1400 Saint-Ferréol,
2894 1351 2963 1391 50.

2175 1403 2398 1463 Bouteille,
2422 1423 2496 1451 rue
2518 1404 2839 1456 Saint-Ferréol,
2868 1404 2934 1444 52.

2175 1466 2414 1518 Estrangin,
2436 1476 2512 1504 rue
2534 1458 2859 1506 Saint-Ferréol,
2883 1456 2950 1498 54.

2177 1522 2380 1570 Jourdan,
2401 1531 2476 1559 rue
2497 1512 2820 1559 Saint-Ferréol,
2843 1510 2909 1551 59.

2178 1575 2334 1627 Sayou,
2356 1584 2434 1612 rue
2454 1566 2780 1614 Saint-Ferréol,
2807 1564 2870 1604 78.

2177 1627 2339 1676 Perrin,
2361 1636 2437 1664 rue
2459 1619 2723 1671 Montgrand,
2748 1619 2816 1658 38.

2181 1676 2517 1724 Taxil-Fortoul,
2541 1686 2616 1712 rue
2639 1670 2902 1720 Montgrand,
2925 1668 2990 1708 48.

2179 1733 2323 1780 Alliés,
2348 1724 2706 1776 rueMonlgrand,
2728 1724 2792 1764 62.

2179 1787 2314 1834 Azaïs,
2339 1795 2414 1823 rue
2435 1783 2486 1822 de
2508 1779 2548 1820 la
2567 1780 2709 1827 Darse,
2733 1778 2769 1818 5.

2179 1840 2375 1890 Laugier,
2399 1848 2476 1876 rue
2495 1835 2547 1876 de
2567 1834 2610 1874 la
2629 1834 2769 1882 Darse,
2791 1828 2858 1872 29.

2182 1891 2406 1946 Raynaud,
2430 1903 2504 1930 rue
2524 1887 2726 1934 Noailles,
2750 1888 2788 1927 7.

2182 1946 2402 1994 Dessuard,
2426 1955 2503 1984 rue
2522 1940 2723 1986 Noailles,
2754 1940 2811 1979 18.

2185 2000 2375 2050 Langier,
2399 2009 2474 2038 rue
2493 1991 2766 2040 Cannebière,
2791 1992 2829 2032 5.

2180 2051 2410 2100 Decormis,
2435 2062 2508 2090 rue
2530 2047 2732 2098 Grignan,
2758 2045 2822 2085 56.

2182 2106 2305 2155 Latil,
2330 2116 2404 2145 rue
2425 2103 2582 2151 Sainte,
2608 2102 2643 2143 1.

2181 2159 2375 2207 Giraudi,
2398 2168 2523 2199 cours
2538 2153 2828 2203 Saint-Louis,
2851 2151 2890 2195 3.

2180 2214 2322 2264 Blanc,
2343 2224 2419 2254 rue
2439 2212 2490 2252 de
2512 2211 2688 2258 l’Arbre,
2711 2210 2751 2249 9.

2183 2267 2403 2315 Roubaud,
2427 2278 2503 2306 rue
2524 2266 2575 2304 de
2597 2263 2637 2302 la
2659 2260 2946 2313 République,
2972 2258 3035 2298 15.

2179 2323 2328 2372 Gavot,
2353 2332 2428 2360 rue
2449 2320 2504 2359 du
2528 2319 2718 2366 Bausset,
2740 2315 2779 2355 4.

2103 2521 2255 2594 LE
2323 2508 3025 2592 PRINTEMPS

2159 2716 2235 2755 Les
2256 2714 2391 2755 beaux
2412 2712 2528 2764 jours
2550 2723 2591 2752 se
2614 2706 2859 2753 succèdent,

2155 2770 2210 2809 Le
2231 2767 2387 2808 monde
2410 2778 2459 2806 en
2482 2771 2543 2806 est
2564 2762 2725 2804 témoin
2745 2774 2755 2811 ;

2159 2823 2188 2861 A
2209 2822 2377 2872 l’espoir
2396 2819 2458 2860 les
2478 2828 2616 2859 coeurs
2638 2815 2788 2856 cèdent
2815 2827 2823 2854 :

2159 2876 2211 2915 Lo
2235 2876 2471 2926 printemps
2491 2872 2596 2912 n’est
2618 2880 2690 2920 pas
2712 2868 2816 2908 loin.

2158 2931 2219 2968 Au
2243 2928 2349 2977 bois,
2371 2927 2410 2966 le
2431 2924 2564 2966 merle
2586 2924 2740 2964 chante

2160 2982 2210 3021 Sa
2231 2979 2406 3020 roulade
2429 2978 2660 3019 touchante
2686 2989 2694 3016 :

2159 3035 2279 3075 Voici
2302 3032 2438 3078 venir,
2460 3031 2571 3071 voici
2594 3030 2712 3070 venir

2160 3088 2236 3128 Les
2255 3087 2399 3136 fleurs,
2421 3084 2606 3124 l’amour
2627 3088 2667 3123 et
2687 3082 2726 3122 le
2747 3079 2910 3132 plaisir.

2159 3170 2262 3220 Déjà
2284 3170 2343 3210 les
2363 3168 2620 3218 primevères

2159 3222 2391 3262 Emaillent
2410 3220 2472 3260 les
2491 3228 2659 3269 gazons,

2161 3276 2236 3315 Les
2255 3286 2452 3314 mamans
2470 3292 2520 3301 —
2542 3272 2683 3312 moins
2702 3270 2884 3318 sévères,

2160 3328 2270 3369 Vont
2290 3328 2438 3368 ouvrir
2459 3327 2520 3367 les
2540 3326 2728 3366 maisons
2748 3336 2758 3374 ;

2160 3382 2251 3419 Aux
2271 3382 2435 3431 Pâques
2455 3379 2531 3428 qui
2551 3390 2594 3416 se
2615 3378 2763 3424 fêtent,

2162 3434 2239 3471 Les
2259 3432 2411 3480 jeunes
2430 3430 2743 3478 gens-répètent
2766 3439 2776 3466 :

2164 3483 2283 3524 Voici
2304 3482 2438 3530 venir,
2463 3479 2575 3520 voici
2596 3478 2718 3519 venir

2163 3537 2239 3578 Les
2258 3536 2402 3584 Heurs,
2430 3535 2610 3574 l’amour
2628 3536 2669 3574 et
2692 3531 2728 3572 le
2752 3529 2916 3583 plaisir.

2163 3620 2219 3662 De
2241 3619 2343 3670 loin,
2364 3631 2437 3660 sur
2459 3619 2620 3660 l’herbe
2643 3616 2804 3668 tendre,

2162 3676 2216 3716 Le
2239 3674 2418 3726 paisible
2438 3673 2611 3723 grillon,

2161 3731 2223 3770 Au
2246 3727 2366 3769 soleil
2391 3728 2467 3767 fait
2487 3727 2690 3768 entendre

2162 3784 2242 3825 Son
2264 3782 2380 3834 léger
2400 3779 2596 3822 carillon.

2162 3838 2347 3878 Roulant
2366 3847 2439 3876 son
2463 3833 2571 3873 onde
2595 3841 2715 3880 pure,

2161 3892 2215 3931 Le
2238 3891 2342 3930 frais
2359 3887 2552 3926 ruisseau
2576 3894 2802 3923 murmure
2826 3896 2834 3924 :

2164 3943 2283 3984 Voici
2303 3940 2438 3987 venir,
2459 3936 2570 3978 voici
2594 3935 2712 3976 venir

2163 3998 2239 4036 Les
2258 3996 2402 4042 fleurs,
2426 3991 2607 4032 l’amour
2628 3994 2668 4029 et
2688 3989 2726 4028 le
2746 3986 2907 4039 plaisir.

2162 4082 2226 4122 Au
2247 4080 2426 4132 bosquet
2443 4075 2648 4120 solitaire,

2162 4136 2314 4178 Gourez
2335 4135 2486 4187 jeunes
2506 4134 2687 4180 amants,

2163 4196 2193 4232 A
2216 4191 2394 4231 l’ombre
2415 4187 2472 4228 du
2492 4186 2679 4238 mystère

2162 4246 2341 4295 Répéter
2362 4254 2435 4280 vos
2454 4244 2676 4280 serments.

2162 4299 2267 4339 Sous
2288 4296 2348 4334 les
2367 4294 2523 4342 arbres,
2546 4291 2587 4330 la
2608 4291 2720 4331 brise

2163 4351 2277 4389 Vous
2296 4347 2444 4387 souffle
2464 4355 2566 4384 avec
2584 4343 2744 4394 reprise
2767 4355 2775 4380 :

2163 4399 2282 4442 Voici
2302 4399 2438 4444 venir,
2462 4395 2572 4435 voici
2593 4394 2715 4434 venir

2163 4455 2240 4496 Les
2259 4454 2400 4503 fleurs,
2423 4450 2608 4490 l’amour
2628 4452 2667 4488 et
2691 4446 2728 4486 le
2748 4443 2911 4498 plaisir.

2882 4521 2929 4562 N.
2954 4520 3000 4561 V.

2053 4701 2244 4755 L’Office
2274 4698 2512 4739 Mondonet
2531 4699 2592 4735 est
2620 4699 2775 4735 ouvert
2795 4696 2893 4732 tous
2919 4692 2982 4731 les
3000 4691 3138 4743 jours

2003 4771 2056 4811 de
2074 4771 2103 4810 2
2123 4768 2282 4808 heures
2302 4767 2327 4804 à
2351 4764 2376 4803 8
2399 4760 2554 4802 heures
2574 4760 2636 4799 du
2666 4760 2758 4799 soir
2784 4762 2823 4798 et
2862 4758 2923 4796 les
2959 4755 3139 4795 diman¬

2002 4834 2099 4872 ches
2119 4836 2158 4872 et
2178 4831 2287 4884 fêtes
2308 4830 2361 4869 de
2385 4828 2408 4868 9
2431 4824 2587 4867 heures
2606 4827 2631 4863 à
2654 4822 2785 4863 midi.

2064 4987 2477 5060 THÉÂTRES
2532 4993 2624 5057 ET
2682 4986 3080 5054 CONCERTS

2058 5184 2574 5227 Palats-de-Cristal.
2605 5182 2651 5220 —
2691 5182 2804 5220 Tous
2843 5180 2903 5220 les
2940 5180 3075 5231 jours,
3115 5179 3140 5219 à

2004 5254 2028 5292 2
2054 5253 2220 5300 heures,
2243 5247 2484 5300 répétition.
2508 5244 2540 5284 A
2562 5244 2584 5283 8
2608 5244 2760 5283 heures
2780 5244 2838 5282 du
2860 5243 2959 5292 soir,
2983 5243 3135 5292 Juana,

2005 5318 2047 5358 la
2070 5316 2186 5358 reine
2208 5316 2258 5355 de
2279 5315 2320 5355 la
2339 5314 2528 5355 chanson
2552 5307 2760 5363 française
2779 5320 2788 5358 ;
2822 5307 2996 5357 Dourof,
3020 5306 3139 5346 Kan-

2004 5383 2183 5436 jarowa,
2224 5379 2644 5425 Hobret-Lehmann,
2686 5374 2869 5423 Genève,
2914 5371 2952 5412 la
2991 5375 3140 5423 troupe

2004 5446 2211 5490 Chiarini.
2256 5444 2415 5496 Depuis
2460 5443 2650 5495 quelque
2691 5446 2840 5492 temps,
2883 5451 2930 5480 ce
2969 5442 3140 5479 concert

2003 5514 2167 5558 semble
2188 5514 2469 5554 entièrement
2488 5508 2660 5556 rénové,
2687 5511 2776 5546 tant
2798 5518 2905 5557 pour
2929 5504 3137 5546 l’orches¬

2007 5589 2066 5623 tre
2087 5592 2170 5633 que
2202 5591 2306 5630 pour
2328 5576 2387 5618 les
2408 5575 2567 5615 décors.
2610 5572 2686 5613 Les
2724 5571 2891 5611 artistes
2918 5576 3011 5611 sont
3034 5571 3138 5611 d’un

2004 5646 2092 5689 réel
2113 5644 2279 5695 mérite,
2303 5655 2350 5684 ce
2370 5640 2447 5694 qui
2467 5639 2627 5690 justifie
2667 5636 2728 5676 les
2767 5638 2919 5676 bravos
2948 5635 3136 5676 enthou¬

2004 5714 2152 5756 siastes
2191 5723 2275 5764 que
2306 5721 2358 5750 ne
2396 5707 2490 5747 leur
2521 5708 2700 5756 ménage
2736 5715 2811 5755 pas
2843 5700 2882 5742 le
2924 5700 3072 5754 public
3115 5702 3139 5740 à

2004 5780 2171 5831 chaque
2195 5772 2542 5828 représentation,

2058 5844 2267 5886 "Roberto
2283 5844 2320 5883 le
2337 5835 2690 5890 Saltimbanque”
2717 5834 3138 5888 pantomime-ballet

2003 5926 2054 5955 en
2078 5913 2099 5951 7
2122 5908 2335 5959 tableaux,
2359 5904 2562 5948 continue
2584 5904 2607 5943 à
2628 5903 2732 5944 faire
2752 5901 2856 5943 salle
2891 5902 3059 5944 comble
3080 5915 3133 5944 au

2002 5976 2190 6019 Palazzo.

2056 6039 2430 6090 Prochainement,
2452 6035 2586 6078 début
2610 6032 2683 6074 des
2706 6032 2843 6074 Dante
2863 6035 2919 6075 ou
2940 6035 3139 6076 Hommes

2004 6110 2051 6151 de
2076 6108 2179 6159 Feu,
2203 6104 2280 6159 qui
2302 6104 2436 6146 feront
2458 6102 2602 6146 courir
2624 6104 2712 6141 tout
2734 6100 2954 6143 Marseille.

3247 598 3601 705 faisons
3671 596 4273 684 Recommandées

3215 829 3428 962 LE
3535 825 4316 962 CHINOIS

3344 991 3654 1043 CHAPEAUX
3687 991 3758 1040 EN
3792 992 3935 1042 TOUS
3967 991 4180 1042 GENRES

3223 1073 3499 1116 COIFFURES
3538 1072 3670 1114 POUR
3712 1069 3989 1111 MESSIEURS
4033 1072 4098 1112 ET
4139 1068 4304 1110 DAMES

3505 1155 3778 1192 FRAICHEURS,
3809 1152 3887 1182 RON
3917 1152 4026 1181 GOUT

3288 1215 3436 1255 Haute
3459 1215 3720 1255 Nouveauté
3742 1215 3795 1254 de
3814 1214 3975 1266 forme,
3999 1211 4220 1264 Elégance
4227 1244 4236 1263 ,

3627 1279 3904 1332 Originalité

3492 1350 3712 1391 Spécialité
3734 1351 3784 1383 de
3808 1350 3849 1383 la
3871 1350 4032 1383 Maison

3198 1406 3382 1452 Coiffures
3403 1408 3528 1455 riches
3550 1409 3772 1455 d’intérieur
3791 1412 3831 1455 et
3851 1411 3898 1455 de
3918 1410 4063 1456 Bureau
4078 1419 4231 1467 \(Dernières
4243 1420 4331 1467 iwm)

3607 1482 3706 1519 Prix
3735 1482 3932 1522 Modérés

3275 1543 3395 1591 26,
3439 1543 3601 1584 Rue
3650 1547 4120 1597 Cannebière,
4156 1546 4259 1587 26

3201 1705 3445 1821 ARMES
3493 1704 3577 1820 DE
3629 1706 3893 1819 CRASSE
3937 1705 4029 1821 ET
4085 1708 4173 1821 DE
4209 1711 4337 1827 TIR

3316 1862 3619 1926 §éparations,
3660 1851 3707 1924 J
3708 1866 3910 1926 changes,
3938 1863 4210 1927 Nettoyages

3206 1960 3748 2027 BERNARD
3799 1966 3912 2015 rue
3939 1962 4222 2028 Paradis,
4259 1963 4335 2016 32

3407 2138 3526 2195 A.
3566 2137 4138 2195 Vendre

3204 2241 3445 2346 UNE
3532 2242 3873 2348 JOLIE
3960 2239 4333 2348 VILLA

3371 2376 3384 2420 .
3459 2375 3524 2416 Au
3559 2378 4074 2420 VALLON-DE-L'OMOL

3202 2462 3264 2502 Au
3286 2462 3668 2503 rez-de-chaussée
3697 2476 3707 2503 :
3738 2465 3919 2514 cuisine,
3962 2463 4098 2514 salon,
4141 2466 4246 2504 salle
4285 2466 4338 2507 de

3255 2517 3392 2566 bains,
3424 2516 3551 2568 petite
3584 2516 3788 2556 chambre
3808 2517 3859 2558 de
3879 2519 4092 2568 débarras,
4116 2515 4228 2557 belle
4251 2523 4334 2558 ter¬

3256 2582 3367 2611 rasse
3390 2578 3430 2611 et
3450 2570 3598 2612 lavoir.

3202 2635 3266 2675 Au
3289 2636 3475 2685 premier
3496 2650 3504 2675 :
3528 2636 3630 2676 trois
3650 2635 3831 2686 grandes
3849 2634 4077 2676 chambres
4102 2642 4142 2678 et
4163 2636 4334 2678 cabinet

3256 2688 3280 2727 à
3319 2688 3426 2736 côté,
3456 2688 3698 2739 poulailler,
3743 2688 3948 2742 lapinière
3983 2694 4023 2728 et
4064 2688 4250 2739 latrines,
4284 2702 4336 2730 en

3258 2740 3348 2780 face
3387 2741 3487 2780 trois
3526 2742 3661 2781 beaux
3702 2744 3824 2792 petits
3859 2742 4023 2795 jardins
4071 2742 4338 2791 complantés

3258 2793 3444 2833 d’arbres
3462 2794 3652 2834 fruitiers
3671 2800 3712 2834 et
3733 2795 3907 2846 treilles,
3930 2797 4063 2848 prises
4082 2796 4336 2844 d’arrosage.

3436 2883 3618 2923 Prix
3655 2884 3664 2924 :
3711 2883 3982 2931 14,000
4015 2888 4101 2928 fr».

3423 3040 3503 3084 A
3578 3037 4099 3084 VENDRE

3212 3127 3765 3200 PETITE
3864 3127 4121 3202 VIL.
4148 3126 4335 3199 LA

3525 3228 3587 3270 Au
3620 3227 4020 3270 Vallon-de-l’Oriol

3438 3303 3638 3344 Prix
3671 3316 3682 3343 :
3716 3303 3979 3352 7,000
4018 3303 4115 3339 fr».

3402 3445 3489 3516 A
3548 3444 4133 3518 VENDRE

3207 3548 3515 3609 Une
3571 3562 3649 3605 c
3657 3563 3984 3615 amp
3991 3559 4343 3612 îigne

3456 3651 3504 3714 A
3558 3648 4096 3713 SAINT-MARCEL

3310 3743 3607 3788 Ancienne
3656 3745 3907 3801 fabrique
3958 3746 4026 3788 de
4079 3744 4240 3787 tuiles

3516 3833 3620 3871 JOLI
3654 3831 3806 3872 POINT
3835 3832 3899 3870 DE
3932 3832 4030 3871 VUE

3210 3910 3412 3950 Très
3459 3909 3618 3947 Don
3666 3919 3875 3958 pour»
3927 3907 4000 3945 la
4055 3906 4344 3945 chasse

3306 3991 3712 4039 CONTENANCE
3747 4002 3755 4030 :
3791 3990 3960 4036 2-500
3992 3980 4239 4035 MÈTRES

3208 4076 3312 4132 Près
3336 4076 3375 4131 le
3398 4076 3584 4131 château
3607 4075 3660 4131 de
3684 4074 3740 4136 M,
3769 4074 3808 4129 le
3837 4072 4026 4144 marquis
4066 4071 4116 4127 de
4150 4070 4343 4124 Coriolis

3525 4254 3580 4316 A
3630 4251 4019 4316 VENDRE

3210 4363 3432 4412 Jolie
3456 4362 3690 4408 Villa,
3719 4362 3768 4407 à
3796 4359 3878 4406 la
3909 4357 4339 4406 Corniche

3263 4464 3416 4505 Portail
3440 4468 3479 4504 et
3500 4463 3624 4514 grille
3655 4474 3706 4502 en
3740 4462 3804 4502 fer
3833 4460 3964 4515 forgé,
3999 4462 4190 4504 donnant
4223 4463 4344 4505 accès

3210 4531 3264 4560 au
3286 4519 3427 4571 jardin
3448 4516 3591 4570 planté
3607 4516 3656 4556 de
3674 4527 3767 4567 gros
3782 4517 3923 4558 arbres
3944 4518 4134 4558 formant
4154 4529 4336 4567 avenue,

3211 4586 3263 4615 au
3287 4571 3440 4615 milieu
3461 4571 3520 4623 jet
3540 4571 3663 4612 d’eau
3682 4586 3690 4622 ;
3715 4571 3739 4610 à
3758 4570 3907 4620 droite,
3932 4582 3992 4611 un
4011 4571 4120 4610 beau
4163 4568 4342 4618 pigeon¬

3211 4630 3306 4670 nier
3326 4633 3366 4669 et
3386 4626 3592 4680 lapinière
3611 4640 3620 4676 ;
3644 4626 3750 4666 dans
3773 4636 3855 4665 une
3884 4636 3988 4666 cour
4008 4620 4340 4674 indépendante,

3211 4683 3342 4732 grand
3383 4679 3611 4731 poulailler
3651 4686 3691 4717 et
3727 4679 3930 4728 greniers.
3966 4675 4210 4714 Habitation
4245 4686 4254 4712 :
4287 4683 4342 4710 au

3211 4734 3584 4774 rez-de-chaussée
3623 4742 3708 4768 une
3747 4729 3904 4778 grande
3944 4726 4126 4774 cuisine,
4151 4736 4233 4764 une
4262 4723 4343 4766 dé¬

3213 4798 3354 4838 pense,
3379 4796 3463 4823 une
3484 4787 3660 4830 cavette,
3680 4792 3766 4820 une
3788 4780 3916 4831 petite
3935 4779 4054 4830 pièce
4074 4790 4182 4831 pour
4198 4779 4334 4832 bains,

3214 4852 3273 4879 un
3291 4836 3502 4878 vestibule
3523 4835 3778 4875 conduisant
3810 4844 3864 4872 au
3899 4832 4014 4873 salon
4052 4846 4152 4875 avec
4174 4835 4341 4876 chemi-

3213 4891 3371 4931 minée.
3411 4889 3475 4930 Au
3515 4888 3711 4940 premier,
3734 4887 3847 4928 deux
3875 4888 4055 4939 grandes
4085 4888 4224 4940 pièces
4246 4899 4340 4939 per¬

3212 4946 3307 4984 cées
3327 4943 3376 4983 de
3399 4943 3498 4996 cinq
3519 4943 3714 4992 fenêtres,
3744 4955 3828 4983 une
3863 4943 4067 4983 chambre
4100 4943 4152 4982 de
4187 4943 4343 4987 bonne,

3215 4998 3252 5038 le
3278 5002 3368 5038 tout
3401 5010 3451 5039 en
3485 4998 3638 5048 parfait
3675 5000 3773 5039 état.
3816 4996 4005 5046 Terrain,
4047 4995 4226 5035 environ
4267 4990 4345 5031 220

3214 5054 3383 5101 mètres,
3424 5051 3579 5100 grande
3628 5050 3871 5099 vérandha,
3920 5051 4079 5090 citerne
4124 5051 4164 5084 et
4211 5044 4344 5095 prises

3212 5106 3446 5155 d’arrosage
3463 5103 3519 5144 du
3543 5102 3680 5144 canal.
3702 5127 3752 5134 —
3772 5104 3867 5144 Prix
3891 5104 3899 5142 :
3928 5096 4106 5149 15,000
4130 5096 4182 5138 fr.

3406 5297 3523 5350 A
3584 5291 4157 5352 Vendre

3618 5404 3684 5445 AU
3719 5406 3936 5450 R0UBI0N

3217 5508 3464 5597 UNE
3539 5506 3904 5601 JOLIE
3975 5499 4340 5595 VILLA

3262 5642 3490 5692 Composée
3511 5643 3561 5683 de
3585 5642 3684 5683 trois
3707 5640 3850 5690 pièces
3870 5646 3922 5674 au
3962 5635 4344 5678 rez-de-chaussée

3212 5712 3252 5748 et
3287 5707 3387 5750 trois
3424 5710 3564 5762 pièces
3590 5719 3643 5747 au
3675 5699 3872 5752 premier,
3908 5699 4011 5739 d’un
4052 5700 4159 5745 beau
4203 5702 4343 5755 jardin

3211 5786 3311 5816 avec
3332 5775 3492 5816 bassin.

3407 5859 3604 5904 Prix
3645 5856 3654 5897 :
3706 5854 4026 5901 15.000
4068 5861 4154 5900 fr».

3855 5996 3902 6028 Le
3922 5993 4059 6036 gérant
4079 5999 4091 6021 :
4114 5987 4260 6021 Bonal.

3210 6091 3322 6134 Impr.
3340 6090 3498 6133 spéciale
3524 6090 3571 6126 du
3590 6092 3683 6127 Lien
3712 6095 3766 6127 du
3782 6090 3968 6127 Mariage,
3984 6086 4032 6124 11,
4048 6094 4114 6118 rue
4127 6085 4170 6119 de
4187 6086 4222 6121 la
4238 6087 4340 6121 Paix.
