4717 7064
563 483 616 536 "N
619 500 624 511 1
654 486 732 535 14.
759 512 816 519 —
847 484 1114 532 Troisième
1152 485 1334 534 Année.

981 1365 1633 1460 DÉLICATESSE,
1695 1368 2403 1460 HONORABILITÉ,
2461 1369 2857 1442 PROBITÉ
2911 1385 2967 1441 &
3023 1370 3571 1446 DISCRÉTION

1861 1623 2157 1675 OFFICE
2213 1624 2687 1676 MONDONET

1511 1710 1576 1758 6,
1610 1710 2035 1752 Boulevard
2071 1714 2163 1752 de
2206 1714 2272 1754 la
2316 1713 2776 1767 Magdeleine
2819 1712 2910 1763 (au
2951 1712 2975 1751 1
2984 1720 3017 1740 er
3021 1712 3035 1763 )

2081 1796 2462 1842 MARSEILLE

1454 1872 1604 1908 Ouvert
1626 1874 1716 1907 tous
1734 1866 1788 1907 les
1799 1870 1919 1920 jours
1935 1872 1981 1910 de
1996 1872 2023 1911 2
2038 1870 2076 1911 h.
2095 1871 2121 1911 à
2136 1872 2160 1909 S
2175 1866 2212 1911 h.
2232 1874 2283 1911 du
2299 1874 2399 1921 soir,
2419 1878 2456 1912 et
2476 1871 2511 1913 le
2528 1871 2744 1913 dimanche
2764 1872 2810 1912 de
2831 1872 2854 1911 9
2878 1867 2915 1911 h.
2940 1869 2966 1910 à
2986 1870 3090 1910 midi

3274 1628 3378 1676 ÎO
3411 1626 3655 1678 Cent.
3687 1626 3730 1676 le
3758 1624 3980 1678 Numéro

3241 1747 3423 1788 Mariages
3435 1747 3555 1780 riches
3568 1757 3660 1790 pour
3675 1752 3798 1782 toutes
3815 1750 3868 1782 les
3887 1751 4052 1783 fortunes

3200 1792 3236 1820 et
3266 1792 3389 1822 toutes
3419 1790 3471 1822 les
3504 1791 3699 1831 positions.
3732 1791 3782 1822 La
3820 1792 3967 1824 maison
4006 1801 4051 1823 ne

3199 1830 3368 1871 s’occupe
3386 1840 3456 1872 que
3476 1832 3542 1863 des
3558 1832 3696 1864 unions
3716 1832 3899 1874 possibles
3916 1837 3952 1865 et
3971 1842 3988 1864 s
4003 1842 4049 1865 an

3200 1872 3320 1907 tâche.

570 1624 674 1673 ÎO
704 1619 950 1672 Cent,
980 1619 1023 1671 le
1050 1618 1271 1672 Numéro

539 1731 657 1764 Envoi
676 1732 793 1774 gratis
812 1733 899 1767 hors
919 1734 952 1766 la
972 1733 1067 1765 Ville
1088 1736 1124 1764 et
1144 1732 1167 1764 à
1187 1730 1346 1763 l’Etran¬

496 1783 559 1814 ger
598 1775 754 1808 à-toute
791 1784 975 1818 personne
1014 1775 1076 1815 qui
1120 1780 1167 1806 en
1210 1771 1276 1803 fait
1308 1771 1344 1803 la

495 1816 679 1850 demande
699 1826 764 1858 par
784 1818 891 1850 lettre
914 1815 1127 1854 affranchie,
1155 1817 1191 1847 et
1216 1814 1343 1846 franco

494 1867 583 1891 sous
603 1859 806 1902 enveloppe
826 1859 998 1892 cachetée
1018 1859 1146 1889 contre
1168 1856 1224 1888 30
1246 1859 1340 1887 cent,

495 1910 539 1932 en
562 1902 728 1935 timbres.

499 2053 576 2165 La
595 2044 840 2165 Mission
867 2044 904 2164 fl
903 2068 944 2164 n
979 2088 1007 2140 <
1043 2048 1180 2160 Lien
1211 2043 1284 2159 du
1323 2043 1572 2183 Mariage
1595 2087 1623 2143 »

570 2266 754 2308 Notre
780 2262 888 2306 but
916 2262 1011 2303 est
1040 2256 1551 2303 essentiellement

494 2342 699 2390 moral,
734 2338 992 2380 honnête
1019 2338 1078 2380 et
1104 2334 1626 2391 philanthropique

558 2464 682 2504 Dans
708 2462 842 2503 notre
862 2459 926 2502 fin
952 2456 1008 2500 de
1046 2455 1186 2500 siècle
1226 2457 1286 2499 où
1310 2459 1411 2500 tout
1432 2455 1626 2500 marche

494 2534 520 2576 à
559 2532 600 2576 la
626 2544 818 2592 vapeur,
842 2532 887 2574 et
922 2531 980 2573 où
1018 2528 1061 2572 la
1094 2529 1266 2573 société
1290 2530 1354 2572 vit
1392 2528 1512 2571 dans
1534 2542 1625 2572 une

494 2607 683 2651 activité
703 2605 960 2648 dévorante
984 2615 995 2658 ;
1026 2603 1089 2647 les
1108 2600 1277 2658 jeunes
1298 2612 1417 2655 gens
1439 2600 1622 2645 sérieux

492 2679 571 2735 qui
592 2675 848 2720 cherchent
871 2676 895 2719 à
918 2688 968 2719 se
983 2675 1112 2718 créer
1136 2684 1225 2717 une
1250 2671 1452 2729 position
1475 2684 1624 2716 avan¬

492 2755 688 2806 tageuse
711 2748 855 2807 parle
879 2747 1063 2799 travail,
1086 2747 1248 2791 vivant
1271 2746 1392 2790 dans
1421 2744 1486 2788 les
1510 2747 1623 2803 pré¬

491 2822 799 2879 occupations
819 2820 1094 2862 constantes
1128 2816 1239 2864 d’un
1271 2816 1434 2860 labeur
1456 2818 1623 2862 ardent

492 2907 610 2951 pour
630 2892 808 2935 arriver
828 2891 855 2934 à
874 2892 995 2935 cette
1014 2890 1096 2943 fin,
1134 2889 1379 2945 négligent
1412 2888 1479 2934 les
1500 2891 1622 2934 rela¬

488 2966 614 3008 tions
651 2962 850 3007 sociales
887 2963 963 3019 qui
1006 2962 1280 3020 pourraient
1317 2960 1383 3006 les
1423 2974 1620 3019 pousser

493 3048 596 3080 vers
619 3035 660 3079 le
701 3036 932 3090 mariage.
970 3036 1197 3091 Lorsque,
1222 3033 1364 3082 enfin,
1387 3034 1569 3076 arrivés
1592 3034 1620 3076 à

489 3111 640 3153 trente
668 3121 725 3153 ou
755 3110 988 3165 quarante
1011 3119 1115 3159 ans,
1139 3105 1195 3149 ils
1224 3107 1306 3148 ont
1328 3103 1494 3162 acquis
1528 3116 1620 3147 une

490 3182 692 3236 position
734 3180 812 3235 qui
836 3179 935 3222 leur
968 3179 1148 3234 permet
1176 3176 1232 3219 de
1271 3176 1476 3232 respirer
1496 3178 1542 3219 et
1563 3175 1620 3219 de

488 3251 716 3306 regarder
755 3250 782 3292 à
822 3248 922 3291 leur
971 3251 1140 3292 entour
1188 3260 1306 3306 pour
1362 3247 1620 3303 compléter

488 3322 586 3367 leur
626 3319 830 3366 carrière
858 3331 943 3376 par
983 3332 1044 3362 un
1088 3319 1319 3370 mariage,
1346 3318 1400 3361 ils
1430 3320 1619 3360 sentent

487 3396 527 3440 le
555 3394 660 3440 vide
679 3396 850 3439 autour
870 3391 1009 3435 d’eux
1038 3392 1083 3435 et
1100 3392 1207 3434 sont
1232 3402 1350 3447 pour
1378 3390 1498 3432 ainsi
1519 3388 1619 3432 dire

486 3467 777 3511 désorientés
799 3479 855 3510 ne
878 3468 1102 3510 trouvant
1119 3476 1351 3524 personne
1370 3463 1426 3508 de
1447 3476 1619 3508 conve¬

487 3536 624 3582 nable
656 3538 777 3580 dans
800 3538 839 3580 le
872 3536 1021 3580 cercle
1043 3538 1127 3579 des
1161 3536 1387 3579 relations
1410 3538 1469 3579 où
1494 3536 1549 3578 ils
1570 3549 1620 3579 se

485 3612 592 3655 sont
612 3622 718 3654 mus
736 3606 1041 3667 jusqu’alors.

543 3698 752 3742 Souvent
791 3694 1099 3748 découragés,
1155 3692 1210 3737 ils
1267 3691 1482 3735 finissent
1532 3703 1619 3747 par

486 3779 712 3810 renoncer
734 3777 795 3808 au
835 3764 1047 3818 mariage
1068 3764 1106 3807 si
1138 3775 1227 3807 une
1262 3762 1391 3806 main
1415 3762 1538 3804 amie
1560 3774 1618 3804 ne

486 3839 612 3882 vient
647 3837 712 3881 les
732 3835 863 3880 aider
883 3839 927 3879 et
964 3835 1031 3879 les
1051 3835 1220 3891 guider
1252 3834 1374 3877 dans
1408 3834 1448 3878 le
1482 3834 1618 3876 choix

486 3908 625 3955 d’une
646 3920 912 3967 compagne
934 3907 1012 3966 qui
1034 3908 1131 3952 doit
1153 3908 1377 3965 partager
1400 3903 1499 3950 leur
1524 3904 1611 3958 vie,

487 3982 615 4028 leurs
630 3982 750 4041 joies
767 3986 812 4027 et
833 3983 959 4027 leurs
977 3982 1154 4039 peines.

547 4068 668 4112 C’est
695 4068 736 4112 le
775 4068 859 4110 but
888 4079 978 4122 que
1010 4066 1122 4108 s’est
1159 4064 1358 4121 proposé
1407 4063 1447 4107 le
1494 4064 1619 4107 Lien

488 4139 558 4182 du
596 4139 835 4194 Mariage
867 4151 876 4178 :
912 4138 1023 4179 Etre
1048 4135 1194 4184 l’ami,
1218 4134 1258 4178 le
1275 4134 1418 4190 guide
1447 4138 1492 4178 et
1512 4135 1616 4176 l’in¬

486 4211 699 4255 dicateur
738 4207 820 4252 des
860 4207 1031 4252 unions
1071 4207 1302 4251 honnêtes
1334 4208 1379 4250 et
1402 4204 1617 4250 honora¬

485 4282 598 4326 bles.
628 4283 774 4324 Notre
795 4281 879 4324 but
896 4283 967 4324 est
999 4278 1399 4324 essentiellement
1422 4278 1618 4335 philan¬

482 4354 735 4411 thropique
762 4355 807 4398 et
827 4352 1224 4397 essentiellement
1248 4350 1413 4395 moral.

545 4440 608 4482 La
648 4436 924 4494 population
959 4435 1137 4479 décroît
1171 4447 1312 4491 parce
1332 4447 1423 4492 que
1444 4434 1485 4478 le
1508 4448 1616 4479 ma¬

483 4511 615 4564 riage
635 4512 706 4552 est
724 4507 908 4560 négligé
928 4519 938 4558 ;
959 4511 1004 4550 et
1027 4507 1066 4550 le
1088 4508 1300 4561 mariage
1319 4508 1390 4550 est
1407 4506 1614 4562 négligé,

484 4592 623 4638 parce
646 4592 736 4636 que
762 4577 982 4620 l’homme
1003 4578 1215 4632 emporté
1251 4590 1335 4632 par
1356 4576 1396 4619 le
1420 4579 1616 4620 tourbil¬

483 4652 559 4696 lon
583 4651 666 4695 des
696 4648 904 4699 affaires,
932 4648 1007 4691 n’a
1027 4659 1112 4703 pas
1134 4647 1174 4690 le
1196 4649 1351 4702 temps
1371 4647 1427 4688 de
1446 4646 1615 4688 s’arrê¬

482 4727 552 4770 ter
572 4736 690 4782 pour
711 4720 952 4767 combiner
974 4722 1019 4764 et
1047 4716 1271 4765 chercher
1303 4715 1406 4761 telle
1427 4728 1484 4760 ou
1510 4716 1615 4760 telle

484 4796 630 4839 union
652 4796 729 4852 qui
758 4795 967 4852 pourrait
994 4792 1054 4838 lui
1079 4791 1319 4837 convenir.

541 4882 576 4926 Il
599 4882 675 4925 n'a
699 4895 784 4938 pas
804 4882 846 4926 le
869 4887 1023 4940 temps
1043 4887 1087 4927 et
1127 4896 1185 4928 ne
1206 4883 1317 4940 peut
1354 4892 1517 4939 passer
1534 4880 1616 4923 des

486 4955 604 4998 mois
624 4959 667 4996 et
691 4955 931 5009 peut-être
954 4954 1036 4997 des
1054 4956 1232 4999 années
1255 4956 1279 4998 à
1304 4954 1490 4998 décider
1514 4952 1617 4996 telle

486 5036 716 5084 personne
756 5024 780 5066 à
824 5026 1048 5079 partager
1080 5039 1131 5070 sa
1164 5028 1234 5071 vie
1257 5038 1267 5080 ;
1294 5026 1320 5070 il
1350 5039 1404 5070 ne
1424 5028 1616 5070 connaît

486 5110 570 5154 pas
591 5098 698 5140 bien
736 5095 779 5138 la
814 5095 1039 5136 situation
1075 5096 1131 5139 de
1170 5099 1290 5142 cette
1312 5110 1562 5154 personne,
1588 5094 1612 5140 il

483 5168 631 5211 hésite
666 5171 710 5211 et
747 5166 847 5210 finit
876 5178 962 5222 par
991 5178 1218 5212 renoncer
1243 5183 1302 5214 au
1339 5172 1552 5227 mariage
1572 5173 1618 5215 et

482 5251 531 5282 se
554 5238 767 5290 résigner
789 5238 815 5278 à
839 5238 967 5279 vivre
998 5236 1232 5282 d’amitiés
1254 5243 1555 5298 passagères.

543 5320 662 5366 Mais
682 5332 733 5363 ce
762 5320 838 5374 qui
878 5319 1032 5366 arrive
1055 5335 1176 5379 pour
1203 5323 1270 5367 les
1287 5323 1456 5379 jeunes
1478 5340 1612 5382 gens,

483 5395 638 5442 arrive
661 5391 765 5436 bien
792 5388 896 5446 plus
928 5403 1096 5436 encore
1117 5407 1235 5449 pour
1259 5395 1323 5439 les
1360 5411 1618 5454 personnes

485 5470 562 5524 qui
590 5468 734 5522 ayant
771 5460 843 5506 été
882 5460 1016 5503 unies
1053 5475 1143 5506 une
1174 5468 1404 5520 première
1442 5471 1530 5512 fois
1568 5483 1618 5514 se

486 5540 703 5582 trouvent
728 5536 827 5580 tout
848 5532 875 5576 à
898 5543 1017 5586 coup
1056 5531 1278 5578 désunies
1310 5551 1396 5592 par
1420 5539 1459 5583 le
1479 5540 1618 5584 décès

484 5611 543 5654 de
567 5611 691 5652 l’une
714 5607 887 5651 d'elles.

544 5692 695 5747 Après
723 5692 862 5734 s'être
895 5687 1164 5742 longtemps
1186 5684 1396 5731 abîmées
1418 5691 1539 5736 dans
1574 5695 1617 5738 la

485 5764 682 5811 douleur
707 5763 753 5804 et
786 5762 916 5803 avoir
951 5757 1070 5819 payé
1114 5768 1177 5799 un
1207 5752 1334 5811 juste
1378 5762 1522 5804 tribut
1563 5766 1617 5808 de

486 5839 659 5883 larmes
679 5834 707 5877 à
735 5830 916 5886 l’époux
952 5843 1010 5874 ou
1034 5830 1061 5871 à
1091 5826 1297 5883 l’épouse
1319 5826 1536 5886 décédée,
1562 5834 1618 5877 ils

484 5910 670 5956 sentent
708 5903 812 5964 plus
835 5902 1067 5944 vivement
1105 5898 1144 5941 le
1167 5896 1270 5939 vide
1292 5898 1370 5951 qui
1402 5898 1511 5942 s’est
1534 5902 1618 5944 fait

484 5986 658 6027 autour
694 5979 754 6023 du
794 5971 1055 6021 survivant,
1100 5969 1154 6011 ils
1186 5970 1264 6010 ont
1304 5966 1467 6010 besoin
1506 5970 1616 6012 d’un

487 6067 618 6099 cœur
639 6053 731 6096 ami
771 6046 846 6107 qui
888 6043 954 6087 les
986 6039 1174 6084 console
1208 6048 1267 6080 ou
1303 6035 1368 6079 les
1403 6040 1612 6094 protège.

485 6127 547 6171 Ils
568 6124 779 6180 aspirent
802 6122 827 6166 à
850 6118 967 6164 cette
995 6112 1066 6155 vie
1087 6106 1337 6164 tranquille
1354 6108 1552 6162 paisible
1572 6114 1618 6154 et

483 6196 736 6248 ntérieure,
774 6194 885 6236 faite
917 6182 1194 6234 d’intimités
1216 6179 1262 6221 et
1280 6176 1336 6220 de
1362 6179 1616 6223 confiden¬

1701 2055 1779 2088 ces
1807 2058 1896 2102 que
1935 2044 1979 2089 la
2015 2048 2139 2090 mort
2175 2059 2203 2090 a
2242 2058 2455 2103 rompue.
2493 2048 2623 2089 Dans
2663 2056 2715 2087 ce
2752 2056 2835 2088 cas

1701 2118 1923 2162 l’homme
1962 2132 1989 2162 a
2037 2119 2201 2163 besoin
2240 2119 2380 2163 d’une
2422 2119 2544 2163 amie
2582 2115 2736 2175 pleine
2775 2116 2833 2159 de

1701 2190 1830 2231 soins
1858 2192 1902 2232 et
1930 2190 1987 2233 de
2016 2190 2356 2234 dévouements
2379 2200 2388 2243 ;
2411 2190 2452 2233 la
2472 2189 2611 2233 dame
2632 2186 2833 2232 cherche

1702 2271 1764 2302 un
1787 2262 1988 2314 soutien,
2015 2275 2076 2304 un
2104 2264 2370 2320 protecteur
2408 2264 2454 2304 et
2478 2274 2542 2303 un
2564 2259 2686 2303 aide.
2714 2259 2833 2303 Mais

1700 2332 1759 2374 où
1800 2334 1988 2376 trouver
2010 2332 2054 2376 la
2098 2346 2330 2390 personne
2364 2332 2443 2389 qui
2478 2331 2690 2374 réunisse
2725 2334 2832 2372 tous

1700 2402 1766 2448 les
1806 2404 2075 2450 désidérata
2095 2406 2118 2450 ?
2139 2407 2203 2449 La
2223 2408 2346 2448 mort
2364 2404 2443 2463 qui
2467 2416 2494 2448 a
2515 2404 2554 2447 si
2588 2403 2831 2459 brusque¬

1700 2480 1827 2520 ment
1867 2479 2159 2535 interrompu
2202 2478 2242 2522 le
2275 2490 2415 2522 cours
2450 2476 2507 2520 de
2543 2478 2664 2521 cette
2700 2475 2831 2519 exis¬

1700 2550 1832 2592 tence
1851 2548 2014 2592 n’était
2037 2563 2123 2607 pas
2143 2550 2303 2593 entrée
2326 2550 2446 2593 dans
2464 2548 2531 2592 les
2563 2547 2740 2592 calculs
2774 2547 2831 2591 de

1699 2621 1743 2666 la
1766 2622 1836 2666 vie
1870 2635 2138 2668 commune.
2180 2623 2249 2670 Où
2286 2624 2475 2667 trouver
2513 2621 2557 2665 la
2596 2634 2831 2678 personne

1699 2694 1968 2740 réunissant
1990 2695 2056 2740 les
2078 2694 2343 2740 conditions
2366 2708 2483 2752 pour
2504 2706 2596 2739 une
2628 2692 2830 2738 seconde

1699 2767 1862 2811 union.

1759 2855 1819 2896 Le
1834 2852 2026 2911 journal
2055 2854 2095 2898 le
2118 2851 2243 2897 Lien
2264 2851 2334 2895 à
2368 2851 2603 2909 Mariage
2643 2850 2758 2894 offre
2802 2850 2828 2892 à

1698 2927 1802 2968 tous
1826 2938 1915 2968 une
1951 2926 2178 2969 situation
2214 2923 2471 2967 semblable
2497 2926 2543 2967 et
2578 2923 2763 2978 lorsque
2785 2923 2826 2964 la

1695 3011 1927 3054 personne
1947 2998 2087 3055 qu’on
2127 2998 2280 3041 désire
2303 3010 2360 3040 ne
2395 2996 2463 3052 s’y
2484 3000 2647 3039 trouve
2670 3008 2773 3051 pas,
2799 2998 2824 3040 il

1695 3069 1771 3124 n’y
1787 3082 1813 3112 a
1830 3070 1936 3126 qu'à
1960 3070 2218 3114 s’adresser
2251 3070 2278 3112 à
2312 3068 2530 3112 l’Office
2566 3070 2827 3111 Mondonet

1695 3143 1772 3198 qui
1795 3155 1822 3185 a
1845 3155 1907 3184 un
1929 3143 2086 3198 grand
2108 3142 2304 3186 nombre
2323 3140 2379 3184 de
2409 3139 2728 3196 propositions
2747 3139 2823 3194 qui

1695 3226 1752 3258 ne
1771 3214 1978 3270 figurent
2000 3227 2086 3271 pas
2107 3213 2227 3256 dans
2248 3224 2326 3256 ces
2347 3211 2586 3256 colonnes.

1754 3299 1896 3340 Notre
1914 3296 2103 3352 journal
2140 3310 2166 3340 a
2190 3310 2307 3353 pour
2328 3296 2412 3340 but
2427 3295 2635 3339 d’ouvrir
2656 3294 2700 3337 la
2723 3292 2826 3338 voie

1692 3367 1949 3412 honorable
1983 3369 2039 3413 de
2075 3370 2119 3412 la
2156 3368 2330 3412 société
2367 3368 2393 3411 à
2438 3370 2564 3411 toute
2594 3378 2827 3422 personne

1693 3442 1770 3497 qui
1790 3454 1839 3486 se
1859 3443 2026 3486 trouve
2047 3440 2167 3485 dans
2187 3439 2378 3498 pareille
2398 3440 2643 3483 situation.

1776 3587 1918 3628 Rôle
1950 3587 2028 3628 du
2067 3603 2083 3623 «
2121 3586 2263 3628 Lien
2290 3587 2369 3628 du
2402 3584 2660 3639 Mariage
2699 3600 2716 3622 »

1750 3718 1883 3761 Nous
1904 3727 2166 3772 proposons
2203 3714 2270 3758 les
2310 3727 2568 3771 personnes
2588 3727 2702 3758 avec
2724 3714 2824 3758 leur

1692 3790 1918 3834 situation
1958 3788 2015 3833 de
2052 3788 2234 3832 fortune
2266 3790 2310 3830 et
2355 3786 2412 3830 de
2448 3784 2680 3838 moralité,
2704 3798 2824 3830 nous

1694 3861 1868 3904 faisons
1902 3862 1967 3905 les
2003 3859 2279 3913 demandes,
2310 3858 2586 3903 abouchons
2621 3858 2686 3900 les
2710 3870 2822 3912 per¬

1692 3948 1866 3980 sonnes
1903 3938 1949 3979 et
1987 3938 2194 3980 mettons
2223 3947 2279 3978 en
2304 3932 2527 3991 présence
2560 3930 2627 3975 les
2648 3930 2819 3974 futurs.

1692 4010 1823 4053 Nous
1843 4020 2050 4052 sommes
2072 4008 2138 4051 les
2174 4004 2550 4050 intermédiaires
2590 4002 2672 4047 des
2712 4015 2823 4060 pre¬

1695 4082 1862 4125 mières
1900 4084 2166 4131 entrevues,
2207 4076 2422 4134 toujours
2459 4078 2554 4121 très
2591 4078 2825 4131 gênantes

1692 4155 1738 4194 et
1776 4154 1870 4195 très
1890 4152 2112 4195 délicates
2135 4162 2252 4207 pour
2275 4150 2356 4192 des
2379 4159 2639 4204 personnes
2658 4147 2735 4203 qui
2772 4159 2823 4190 se

1694 4223 1848 4266 voient
1876 4235 1995 4279 pour
2016 4223 2060 4265 la
2103 4222 2332 4279 première
2371 4219 2471 4263 fois.
2506 4219 2638 4262 Nous
2670 4216 2819 4260 résol¬

1692 4307 1808 4338 vons
1854 4296 2023 4338 autant
2062 4303 2151 4350 que
2194 4290 2395 4348 possible
2454 4290 2520 4334 les
2572 4287 2823 4332 difficultés

1692 4370 1767 4426 qui
1794 4370 1996 4426 peuvent
2030 4379 2079 4411 se
2103 4366 2344 4423 présenter
2366 4366 2486 4408 dans
2522 4363 2566 4407 la
2595 4362 2819 4406 situation

1690 4438 1748 4482 de
1767 4439 1892 4483 l’une
1909 4438 2084 4482 d’elles.
2107 4438 2240 4481 Nous
2258 4448 2468 4479 sommes
2486 4435 2587 4479 leur
2609 4434 2824 4477 intermé¬

1691 4510 1838 4554 diaire
1867 4514 1912 4554 et
1951 4510 2051 4554 leur
2080 4510 2191 4552 ami.
2216 4510 2319 4560 Oui,
2346 4507 2444 4551 leur
2463 4507 2574 4559 ami,
2599 4518 2681 4549 car
2703 4518 2824 4550 nous

1690 4580 1998 4623 considérons
2019 4591 2202 4623 comme
2230 4579 2291 4622 tel
2330 4582 2460 4621 notre
2502 4579 2596 4620 rôle
2622 4588 2738 4634 pour
2758 4576 2824 4619 les

1691 4663 1948 4706 personnes
1979 4651 2056 4706 qui
2099 4660 2219 4693 nous
2255 4650 2487 4702 chargent
2524 4648 2583 4691 du
2623 4649 2727 4691 soin
2767 4648 2822 4691 de

1690 4722 1788 4766 leur
1811 4722 1971 4764 union.

1747 4806 1867 4850 Elles
1883 4807 2085 4862 peuvent
2098 4807 2310 4860 compter
2322 4818 2403 4848 sur
2418 4808 2550 4848 notre
2566 4802 2819 4847 discrétion

1688 4878 1898 4922 absolue.
1934 4876 2079 4920 Notre
2101 4875 2235 4919 office
2259 4879 2330 4920 est
2363 4888 2424 4919 un
2451 4875 2672 4919 tombeau
2702 4886 2822 4930 pour

1691 4951 1756 4995 les
1776 4951 1952 4994 secrets
1974 4947 2050 5003 qui
2076 4958 2195 4989 nous
2216 4951 2323 4990 sont
2345 4946 2535 4990 confiés.

1749 5036 1972 5086 Souvent,
2022 5033 2192 5082 même,
2236 5030 2276 5072 la
2310 5030 2539 5086 première
2576 5029 2822 5086 présenta¬

1691 5110 1787 5153 tion
1827 5120 1854 5151 a
1891 5106 1982 5150 lieu
2008 5115 2120 5147 sans
2151 5099 2418 5155 qu’aucune
2456 5100 2538 5143 des
2560 5100 2679 5143 deux
2716 5112 2820 5155 par¬

1691 5183 1778 5224 ties
1798 5176 2046 5223 connaisse
2068 5172 2110 5216 le
2132 5183 2242 5215 nom
2276 5171 2334 5214 de
2371 5171 2536 5215 l’autre
2557 5174 2602 5214 et
2624 5182 2743 5212 nous
2762 5182 2819 5212 ne

1691 5254 1756 5296 les
1777 5251 1955 5295 faisons
1973 5246 2218 5292 connaître
2242 5255 2332 5300 que
2359 5255 2440 5286 sur
2460 5240 2560 5284 leur
2580 5240 2809 5283 autorisa¬

1694 5327 1787 5371 tion
1810 5335 2048 5382 expresse.

1750 5415 1823 5458 Un
1840 5407 2027 5467 journal
2048 5415 2164 5463 pour
2180 5399 2419 5455 mariages
2436 5398 2556 5442 dans
2571 5406 2661 5439 une
2678 5394 2820 5451 petite

1692 5484 1796 5529 ville
1815 5484 1874 5527 où
1897 5483 1998 5526 tout
2018 5479 2056 5523 le
2086 5474 2255 5521 monde
2280 5486 2331 5516 se
2348 5471 2540 5516 connaît
2560 5469 2605 5512 et
2628 5468 2820 5510 connaît

1691 5555 1735 5599 la
1758 5555 1984 5599 situation
2004 5551 2060 5595 de
2083 5561 2168 5595 son
2207 5544 2374 5598 voisin,
2399 5540 2602 5587 n’aurait
2640 5550 2726 5595 pas
2764 5538 2820 5580 de

1692 5627 1850 5670 raison
1880 5626 2042 5679 d’être,
2066 5622 2187 5667 mais
2208 5619 2328 5662 dans
2364 5628 2456 5660 une
2495 5610 2678 5670 grande
2698 5608 2819 5663 ville,

1691 5710 1874 5742 comme
1909 5698 1952 5742 la
1992 5699 2138 5751 nôtre,
2178 5692 2238 5737 où
2275 5688 2459 5735 chacun
2501 5696 2643 5744 pense
2686 5686 2713 5726 à
2748 5694 2822 5726 ses

1690 5770 1882 5812 affaires
1902 5771 1947 5811 et
1978 5780 2071 5811 non
2095 5768 2121 5811 à
2138 5764 2275 5810 celles
2293 5763 2348 5807 de
2370 5774 2446 5806 ses
2466 5759 2643 5803 voisins
2667 5768 2677 5811 ;
2699 5758 2744 5800 et
2763 5755 2822 5798 où

1691 5839 1799 5883 bien
1821 5843 2021 5884 souvent
2042 5839 2108 5883 les
2133 5838 2377 5882 habitants
2397 5832 2453 5878 de
2473 5831 2518 5875 la
2542 5833 2694 5875 même
2711 5827 2823 5871 mai¬

1690 5920 1775 5952 son
1800 5923 1856 5954 ne
1891 5924 1940 5955 se
1978 5911 2283 5955 connaissent
2323 5919 2407 5964 pas
2425 5907 2556 5950 entre
2572 5915 2676 5955 eux,
2704 5899 2731 5944 il
2754 5900 2824 5944 est

1691 5979 1959 6026 nécessaire
2000 5983 2110 6027 d’un
2164 5982 2256 6025 ami
2303 5976 2515 6036 général,
2568 5974 2679 6018 d’un
2731 5970 2822 6015 ami

1690 6056 1914 6092 commun
1938 6052 2016 6107 qui
2039 6058 2280 6111 groupant
2323 6052 2442 6095 dans
2464 6063 2527 6094 un
2567 6047 2700 6092 vaste
2735 6055 2824 6087 en¬

1690 6116 1886 6167 semble,
1910 6119 1976 6163 les
2014 6124 2158 6168 offres
2195 6126 2239 6168 et
2279 6124 2347 6168 les
2387 6120 2663 6170 demandes,
2690 6127 2824 6159 com¬

1692 6185 1799 6231 bine
1820 6187 1882 6230 lui
1923 6195 2078 6235 même
2099 6194 2166 6237 les
2201 6195 2474 6250 situations,
2500 6194 2566 6239 les
2598 6194 2730 6246 âges,
2760 6186 2827 6231 les

2908 2044 3067 2097 goûts,
3107 2039 3174 2084 les
3208 2039 3401 2095 figures,
3460 2039 3526 2083 les
3578 2038 3790 2082 fortunes
3830 2041 3874 2082 et
3923 2040 4049 2083 fasse

2908 2114 2971 2156 lui
3007 2117 3163 2156 même
3186 2111 3254 2155 les
3275 2111 3594 2167 propositions
3627 2108 3693 2153 les
3733 2108 3840 2164 plus
3883 2113 4042 2154 socia¬

2908 2183 3023 2228 bles.

2964 2267 3046 2311 Cet
3067 2266 3159 2307 ami
3184 2278 3424 2316 commun,
3450 2264 3563 2308 c’est
3587 2263 3750 2307 l’office
3772 2266 4043 2318 Mondonet,

2906 2340 2950 2391 6,
2975 2340 3008 2382 B
3010 2336 3024 2359 d
3060 2338 3116 2382 de
3138 2336 3180 2380 la
3204 2335 3514 2391 Magdeleine,
3551 2335 3664 2379 c’est
3698 2336 3736 2379 le
3772 2335 3960 2392 journal
4004 2335 4044 2379 le

2908 2408 3031 2451 Lien
3055 2408 3122 2451 du
3154 2407 3391 2464 Mariage
3413 2407 3490 2463 qui
3518 2408 3588 2449 est
3610 2418 3695 2450 son
3720 2408 3982 2451 auxiliaire.

2962 2491 3176 2535 Pendant
3199 2492 3471 2547 longtemps
3494 2489 3522 2533 il
3562 2502 3587 2534 a
3627 2491 3774 2534 existé
3812 2503 3902 2535 une
3939 2490 4044 2547 pré¬

2906 2565 3095 2610 vention
3119 2564 3215 2607 très
3245 2564 3470 2620 marquée
3503 2564 3667 2606 contre
3694 2562 3762 2606 les
3800 2563 4043 2615 mariages

2906 2638 2998 2681 dits
3012 2638 3068 2682 de
3093 2635 3399 2694 proposition,
3424 2648 3484 2678 on
3512 2634 3687 2678 voulait
3709 2647 3759 2678 se
3784 2633 4043 2691 persuader

2906 2708 3015 2766 qu’il
3048 2722 3106 2752 ne
3138 2708 3331 2766 pouvait
3352 2707 3491 2751 sortir
3511 2705 3593 2750 des
3611 2718 3819 2760 agences
3847 2719 3938 2762 que
3960 2704 4043 2748 des

2906 2782 3143 2835 mariages
3162 2780 3443 2838 disparates.

2962 2866 3032 2908 En
3055 2864 3156 2907 face
3179 2863 3260 2907 des
3291 2862 3514 2906 résultats
3554 2860 3816 2904 contraires
3837 2860 4040 2904 obtenus

2907 2948 2990 2992 par
3043 2947 3121 2979 ces
3183 2935 3412 2988 bureaux,
3455 2945 3515 2976 on
3574 2934 3644 2975 est
3683 2932 3799 2974 sorti
3827 2930 4037 2987 complè¬

2904 3011 3079 3051 tement
3117 3007 3174 3050 de
3213 3010 3334 3050 cette
3384 3004 3676 3060 prévention.
3720 3003 3933 3046 L’estime
3974 3002 4035 3044 du

2904 3078 3059 3135 public
3078 3080 3148 3121 est
3171 3076 3468 3120 absolument
3483 3075 3674 3131 acquise
3694 3086 3791 3116 aux
3808 3084 4035 3129 agences,

2904 3162 3020 3206 pour
3043 3148 3084 3192 la
3108 3150 3264 3192 raison
3296 3148 3402 3191 bien
3436 3144 3620 3203 simple,
3646 3158 3736 3200 que
3758 3146 3824 3188 les
3846 3144 4038 3188 affaires

2900 3220 3092 3264 traitées
3114 3231 3199 3276 par
3232 3219 3358 3272 elles,
3385 3218 3424 3261 le
3463 3218 3571 3260 sont
3592 3216 3699 3272 plus
3736 3215 4036 3272 rapidement

2900 3295 2943 3335 et
2986 3292 3090 3348 plus
3127 3292 3386 3340 sûrement,
3410 3291 3454 3332 et
3494 3299 3554 3331 on
3596 3290 3707 3343 peut
3744 3287 3843 3331 dire
3879 3299 3971 3343 que
3995 3286 4035 3330 le

2902 3363 3006 3419 plus
3024 3363 3176 3419 grand
3218 3360 3414 3404 nombre
3456 3359 3538 3403 des
3574 3359 3831 3414 mariages,
3883 3363 4035 3403 même

2900 3435 3069 3486 riches,
3087 3436 3167 3477 ont
3190 3434 3262 3476 été
3279 3432 3383 3488 plus
3404 3443 3462 3475 ou
3483 3430 3636 3474 moins
3659 3431 3747 3474 mis
3768 3443 3850 3474 sur
3872 3430 3915 3474 la
3932 3430 4034 3475 voie

2903 3520 2987 3564 par
3008 3518 3093 3551 nos
3119 3516 3340 3562 agences.
3374 3504 3507 3548 Nous
3529 3514 3650 3546 nous
3667 3500 3956 3546 efforcerons
3977 3501 4035 3546 de

2900 3580 3091 3622 mériter
3111 3580 3231 3621 cette
3251 3578 3416 3620 estime
3436 3576 3498 3618 du
3523 3574 3679 3630 public
3700 3587 3759 3616 en
3775 3576 4035 3630 apportant

2899 3649 3019 3692 dans
3068 3648 3111 3690 la
3167 3647 3438 3690 conclusion
3480 3646 3562 3688 des
3610 3643 3800 3688 affaires
3840 3644 3886 3687 la
3928 3644 4035 3700 plus

2896 3719 3079 3774 grande
3115 3717 3407 3770 délicatesse,
3434 3716 3475 3759 la
3510 3714 3615 3771 plus
3636 3715 3819 3768 grande
3842 3715 4027 3771 probité

2898 3794 2942 3834 et
2963 3790 3007 3834 la
3028 3790 3281 3832 discrétion
3303 3788 3346 3831 la
3376 3787 3482 3843 plus
3503 3784 3715 3830 absolue.

2959 3876 3042 3917 Les
3093 3872 3243 3915 beaux
3294 3870 3516 3914 résultats
3574 3880 3663 3924 que
3718 3880 3837 3911 nous
3875 3880 4026 3912 avons

2896 3946 3095 3990 obtenus
3152 3955 3271 3986 nous
3305 3943 3546 3997 engagent
3583 3941 3611 3983 à
3645 3939 3867 3995 persister
3909 3939 4030 3982 dans

2897 4019 3016 4063 cette
3051 4015 3169 4068 voie,
3205 4015 3427 4071 espérant
3464 4024 3555 4070 que
3589 4012 3628 4054 le
3661 4010 3815 4067 public
3849 4009 4025 4053 voudra

2899 4091 3003 4134 bien
3026 4099 3146 4132 nous
3166 4087 3414 4131 continuer
3435 4096 3511 4128 ses
3531 4082 3720 4127 faveurs
3756 4084 3802 4124 et
3823 4092 3874 4124 sa
3907 4092 4021 4123 con¬

2898 4161 3065 4203 fiance.

2955 4247 3018 4290 Le
3051 4243 3175 4288 Lien
3218 4242 3286 4286 du
3319 4240 3555 4298 Mariage
3587 4240 3658 4282 est
3696 4238 3738 4280 le
3768 4237 3879 4280 trait
3923 4237 4026 4280 d’u¬

2898 4316 3007 4360 nion
3047 4314 3129 4359 des
3162 4312 3376 4365 familles,
3400 4323 3494 4355 non
3530 4309 3791 4354 seulement
3812 4308 3869 4352 de
3892 4311 4029 4351 notre

2896 4387 3017 4441 ville,
3043 4386 3163 4431 mais
3195 4396 3363 4430 encore
3402 4383 3484 4427 des
3508 4379 3790 4440 principales
3812 4379 3946 4423 villes
3968 4378 4026 4421 de

2898 4461 3075 4504 France
3110 4460 3155 4502 et
3189 4456 3246 4501 de
3287 4455 3542 4511 l’étranger
3578 4454 3638 4498 où
3673 4454 3806 4496 notre
3844 4450 3977 4495 office
4002 4462 4029 4491 a

2896 4531 2980 4575 des
3014 4527 3412 4586 correspondants
3443 4527 3653 4570 discrets.
3680 4524 3811 4567 Nous
3837 4523 4031 4579 présen¬

2898 4604 3004 4646 tons
3024 4602 3144 4644 donc
3167 4612 3258 4643 aux
3284 4600 3420 4656 pères
3447 4598 3502 4641 de
3521 4595 3695 4639 famille
3723 4604 3946 4638 soucieux
3968 4590 4026 4635 de

2896 4674 3091 4716 l’avenir
3112 4671 3168 4714 de
3194 4672 3318 4714 leurs
3338 4670 3527 4712 enfants
3547 4671 3652 4710 tous
3674 4667 3738 4710 les
3759 4667 4027 4718 avantages

2896 4743 3034 4799 qu’ils
3055 4754 3114 4784 ne
3134 4740 3379 4784 sauraient
3407 4743 3596 4783 trouver
3621 4736 3718 4780 s’ils
3756 4739 3864 4779 sont
3886 4734 4030 4779 livrés

2895 4815 2922 4856 à
2943 4816 3230 4858 eux-mêmes
3251 4815 3297 4855 et
3319 4812 3440 4855 dans
3464 4811 3503 4854 le
3523 4808 3672 4853 cercle
3694 4807 3751 4851 de
3770 4807 3895 4851 leurs
3915 4818 4030 4851 con¬

2895 4886 3172 4929 naissances
3192 4894 3203 4938 ;
3239 4896 3297 4927 en
3319 4883 3442 4936 effet,
3472 4880 3928 4938 indépendamment
3950 4878 4032 4921 des

2897 4959 3162 5002 références
3183 4956 3434 5009 certaines,
3464 4955 3519 4996 ils
3554 4955 3635 4995 ont
3658 4953 3696 4995 le
3718 4951 3854 4994 choix
3880 4947 4031 5007 parmi

2895 5040 2939 5083 je
2960 5028 3114 5084 grand
3138 5027 3332 5070 nombre
3373 5026 3428 5068 de
3452 5023 3771 5080 propositions
3794 5034 3883 5079 que
3910 5032 4028 5064 con¬

2895 5100 3108 5143 tiennent
3146 5097 3211 5139 les
3247 5095 3471 5139 colonnes
3500 5094 3556 5137 de
3592 5096 3726 5136 notre
3740 5091 3947 5147 journal,
3976 5090 4032 5134 ils

2895 5170 3098 5227 peuvent
3114 5167 3230 5210 faire
3251 5167 3450 5222 épouser
3472 5166 3499 5208 à
3519 5164 3643 5207 leurs
3660 5163 3850 5206 enfants
3868 5161 3912 5205 la
3932 5173 4031 5219 per¬

2892 5252 3042 5283 sonne
3060 5235 3198 5294 qu’ils
3214 5236 3419 5279 désirent
3432 5235 3522 5279 soit
3541 5247 3724 5278 comme
3744 5232 4023 5291 profession,

2894 5311 3096 5358 fortune,
3132 5307 3390 5359 caractère,
3430 5305 3634 5363 position
3674 5302 3846 5348 sociale
3887 5306 3931 5347 et
3974 5302 4030 5346 ils

2894 5395 2952 5426 ne
2987 5380 3310 5436 s’exposeront
3349 5390 3436 5434 pas
3473 5379 3498 5420 à
3539 5376 3639 5419 leur
3675 5375 3791 5419 faire
3827 5376 4031 5431 épouser

2895 5466 2986 5496 une
3022 5462 3252 5509 personne
3275 5448 3351 5504 qui
3393 5448 3491 5491 leur
3527 5459 3634 5490 sera
3674 5445 4026 5502 antipathique,

2894 5524 2984 5567 soit
3002 5534 3087 5579 par
3108 5533 3194 5563 son
3217 5523 3322 5574 âge,
3343 5519 3432 5561 soit
3467 5529 3587 5574 pour
3620 5519 3728 5560 tous
3758 5519 3920 5559 autres
3944 5515 4031 5559 dé¬

2896 5595 3019 5639 fauts
3040 5592 3118 5650 qui
3158 5592 3264 5634 sont
3300 5591 3467 5632 autant
3507 5587 3563 5631 de
3600 5599 3768 5631 causes
3808 5586 3866 5631 de
3890 5586 4030 5631 désu¬

2894 5666 3006 5710 nion
3027 5664 3148 5707 dans
3168 5660 3208 5706 le
3232 5660 3445 5714 mariage
3467 5662 3512 5704 et
3546 5658 3759 5702 finissent
3784 5670 3870 5715 par
3892 5670 4026 5702 ame¬

2895 5751 2978 5783 ner
2999 5737 3040 5781 le
3062 5735 3248 5779 divorce
3270 5735 3314 5776 et
3339 5731 3383 5775 la
3405 5732 3701 5789 séparation.

2955 5824 3083 5867 Dans
3114 5818 3182 5862 les
3211 5816 3432 5862 colonnes
3462 5815 3524 5859 du
3555 5815 3679 5858 Lien
3709 5814 3779 5858 du
3803 5813 4032 5869 Mariage

2896 5909 2955 5940 ou
2979 5896 3004 5939 à
3027 5892 3240 5938 l’Office
3260 5886 3539 5939 Mondonet,
3562 5886 3606 5939 6,
3630 5888 3663 5928 B
3666 5884 3680 5906 d
3699 5886 3755 5928 de
3772 5884 3814 5927 la
3839 5883 4032 5938 Magde¬

2896 5968 3033 6018 leine,
3064 5975 3123 6007 on
3147 5963 3255 6019 peut
3278 5963 3467 6004 trouver
3495 5956 3762 6001 facilement
3804 5967 3866 5998 un
3904 5966 4030 6008 gen¬

2898 6040 2995 6092 dre,
3020 6050 3082 6082 un
3120 6036 3270 6091 époux
3291 6046 3350 6078 ou
3372 6044 3466 6076 une
3487 6032 3659 6088 épouse
3688 6030 3715 6072 à
3752 6040 3836 6071 son
3863 6026 3951 6082 gré
3988 6028 4032 6067 et

2897 6125 2955 6157 en
2994 6111 3091 6154 tout
3132 6107 3260 6166 point
3299 6104 3538 6148 conforme
3582 6114 3674 6146 aux
3707 6100 3858 6144 désirs
3892 6099 3947 6142 de
3984 6095 4032 6140 la

2898 6192 3132 6242 personne
3151 6180 3178 6223 à
3198 6178 3398 6222 marier.
