4720 7228
955 1534 1608 1627 DÉLICATESSE,
1668 1540 2375 1632 HONORABILITÉ,
2431 1543 2828 1616 PROBITÉ
2883 1560 2940 1616 &
2994 1548 3544 1624 DISCRÉTION

546 1792 651 1840 ÎO
681 1793 748 1841 CJ
756 1810 802 1842 e
808 1790 926 1842 rit.
956 1790 1000 1839 le
1027 1788 1248 1840 Numéro

1836 1794 2131 1847 OFFICE
2187 1798 2658 1850 MONDONET

3247 1808 3351 1856 ÎO
3383 1807 3627 1860 Cent,
3656 1807 3702 1859 le
3728 1808 3951 1863 Numéro

514 1899 632 1934 Envoi
652 1902 768 1942 gratis
786 1902 874 1934 hors
892 1902 928 1934 la
947 1900 1042 1934 Ville
1063 1904 1099 1934 et
1119 1902 1140 1932 à
1162 1900 1320 1933 l’Etran¬

472 1950 535 1979 ger
574 1943 596 1975 à
624 1946 728 1975 toute
766 1951 950 1983 personne
988 1944 1051 1984 qui
1096 1952 1142 1975 en
1186 1943 1252 1975 fait
1286 1943 1320 1975 la

471 1983 654 2016 demande
674 1993 739 2032 par
759 1984 866 2016 lettre
890 1981 1102 2025 affranchie,
1131 1988 1167 2017 et
1192 1986 1319 2018 franco

467 2034 559 2056 sous
578 2026 781 2068 enveloppe
801 2027 973 2059 cachetée
992 2031 1121 2060 contre
1143 2027 1199 2059 30
1219 2030 1315 2058 cent,

470 2075 513 2098 en
536 2067 702 2100 timbres.

1486 1882 1551 1928 6,
1586 1882 2009 1924 Bou.leva.rci
2046 1887 2138 1926 de
2181 1887 2246 1927 la
2290 1888 2460 1942 IVla.gr
2467 1890 2583 1929 ciel
2589 1891 2652 1929 ei
2659 1902 2748 1930 ne
2791 1888 2882 1939 (au
2922 1890 2947 1929 1
2954 1898 2988 1919 er
2992 1891 3008 1941 )

2055 1969 2435 2015 MARSEILLE

1428 2042 1578 2080 Ouvert
1599 2044 1690 2079 tous
1707 2038 1761 2079 les
1773 2042 1892 2092 jours
1908 2043 1954 2083 de
1970 2046 1995 2084 2
2010 2042 2035 2084 h
2042 2043 2050 2085 .
2068 2044 2094 2085 à
2110 2047 2133 2087 8
2148 2043 2184 2086 h,
2206 2047 2258 2087 du
2272 2048 2371 2098 soir,
2391 2054 2430 2090 et
2448 2047 2482 2088 le
2499 2047 2716 2089 dimanche
2736 2048 2782 2088 de
2803 2049 2824 2090 9
2849 2046 2886 2088 h.
2913 2047 2938 2088 à
2960 2050 3062 2090 midi

3213 1927 3392 1968 Mariages
3406 1930 3527 1963 riches
3539 1940 3633 1972 pour
3647 1935 3770 1965 toutes
3787 1934 3840 1966 les
3859 1935 4027 1968 fortunes

3172 1972 3208 2002 et
3237 1972 3360 2003 toutes
3390 1971 3444 2004 les
3476 1974 3671 2012 positions.
3704 1974 3755 2007 La
3792 1976 3938 2010 maison
3978 1987 4024 2011 ne

3170 2011 3342 2052 s’occupe
3358 2022 3428 2054 que
3450 2014 3515 2046 des
3531 2016 3671 2048 unions
3691 2018 3874 2058 possibles
3891 2023 3929 2051 et
3945 2027 3964 2051 s
3974 2028 4021 2052 an

3171 2054 3290 2091 tâche.

471 2214 547 2326 La
567 2211 811 2328 Mission
843 2212 875 2329 fl
879 2237 915 2329 a
955 2257 979 2309 «
1015 2214 1151 2330 Lien
1187 2215 1259 2331 du
1295 2215 1543 2353 Mariage
1571 2257 1595 2309 »

543 2429 728 2472 Notre
755 2428 862 2471 but
891 2431 986 2471 est
1015 2431 1526 2476 essentiellement

464 2506 672 2556 moral,
709 2504 967 2551 honnête
994 2509 1052 2551 et
1078 2507 1600 2563 philanthropique

525 2626 655 2667 Dans
682 2628 816 2666 notre
835 2626 900 2666 fin
926 2626 983 2666 de
1019 2624 1160 2667 siècle
1200 2627 1261 2670 où
1283 2629 1385 2671 tout
1405 2628 1598 2671 marche

466 2694 492 2736 à
531 2692 572 2736 ia
596 2706 790 2751 vapeur,
815 2697 860 2738 et
896 2695 955 2739 où
992 2694 1034 2739 la
1067 2696 1239 2740 société
1263 2698 1327 2740 vit
1366 2698 1486 2743 dans
1507 2712 1599 2744 une

466 2766 657 2810 activité
678 2767 935 2811 dévorante
958 2780 968 2822 ;
999 2769 1063 2814 les
1083 2767 1252 2826 jeunes
1271 2782 1392 2826 gens
1411 2772 1596 2816 sérieux

466 2837 543 2892 qui
567 2835 822 2880 cherchent
843 2839 870 2883 à
891 2852 940 2883 se
956 2841 1087 2884 créer
1111 2854 1199 2885 une
1224 2842 1424 2898 position
1448 2855 1598 2887 avan¬

466 2911 664 2963 tageuse
684 2911 830 2966 parle
852 2913 1037 2966 travail,
1061 2914 1223 2958 vivant
1246 2915 1367 2959 dans
1395 2915 1460 2959 les
1482 2919 1595 2972 pré¬

466 2982 775 3038 occupations
795 2986 1068 3028 constantes
1103 2983 1215 3028 d’un
1245 2984 1407 3031 labeur
1430 2988 1596 3032 ardent

467 3065 586 3107 pour
606 3054 783 3098 arriver
803 3056 831 3098 à
850 3059 971 3099 cette
989 3055 1070 3108 fin,
1107 3058 1355 3112 négligent
1386 3059 1453 3103 les
1474 3062 1595 3104 rela¬

463 3123 588 3168 tions
626 3125 823 3170 sociales
860 3128 936 3184 qui
979 3129 1254 3183 pourraient
1290 3130 1356 3175 les
1398 3144 1594 3188 pousser

463 3208 569 3240 vers
591 3196 632 3240 le
674 3199 905 3253 mariage.
942 3202 1168 3256 Lorsque,
1194 3202 1336 3253 enfin,
1361 3204 1541 3247 arrivés
1565 3206 1592 3246 à

459 3270 612 3313 trente
639 3282 696 3312 ou
724 3274 959 3326 quarante
983 3283 1086 3324 ans,
1111 3271 1166 3316 ils
1195 3276 1276 3316 ont
1299 3275 1464 3331 acquis
1500 3287 1592 3319 une

460 3339 665 3395 position
705 3343 784 3398 qui
807 3342 907 3387 leur
939 3346 1120 3399 permet
1148 3342 1204 3387 de
1243 3347 1447 3401 respirer
1467 3348 1513 3389 et
1535 3346 1592 3389 de

460 3412 687 3467 regarder
727 3415 754 3457 à
794 3413 894 3458 leur
943 3416 1113 3458 entour
1160 3428 1278 3472 pour
1334 3417 1591 3475 compléter

460 3480 559 3524 leur
599 3484 801 3527 carrière
829 3496 916 3540 par
955 3498 1016 3528 un
1059 3488 1291 3542 mariage,
1318 3488 1372 3531 ils
1402 3492 1591 3532 sentent

458 3552 499 3598 le
526 3554 631 3598 vide
651 3559 822 3599 autour
842 3555 979 3599 d’eux
1008 3559 1054 3600 et
1072 3561 1179 3602 sont
1203 3571 1321 3615 pour
1350 3560 1469 3604 ainsi
1491 3562 1590 3604 dire

437 3667 443 3676 ,
457 3627 748 3669 désorientés
770 3636 827 3668 ne
848 3631 1072 3670 trouvant
1091 3639 1322 3684 personne
1342 3631 1397 3672 de
1419 3643 1590 3674 conve¬

455 3695 595 3739 nable
627 3698 748 3740 dans
770 3698 810 3740 le
843 3698 991 3741 cercle
1015 3699 1096 3742 des
1131 3699 1358 3744 relations
1379 3702 1439 3744 où
1463 3702 1518 3746 ils
1539 3715 1590 3746 se

455 3769 563 3811 sont
583 3780 688 3811 mus
715 3768 1012 3826 jusqu’alors.

512 3855 722 3899 Souvent
760 3854 1068 3910 découragés,
1123 3856 1179 3900 ils
1235 3858 1451 3902 finissent
1502 3872 1588 3915 par

455 3935 682 3968 renoncer
704 3935 764 3967 au
806 3926 1016 3978 mariage
1038 3927 1076 3968 si
1107 3938 1196 3970 une
1231 3928 1360 3971 main
1384 3931 1507 3974 amie
1528 3943 1588 3974 ne

455 3994 580 4038 vient
614 3995 680 4039 les
700 3996 831 4040 aider
852 4000 896 4040 et
934 3996 1000 4040 les
1020 3998 1189 4052 guider
1222 3999 1342 4043 dans
1378 4002 1417 4044 le
1451 4003 1587 4046 choix

454 4064 592 4111 d'une
614 4079 880 4124 compagne
903 4067 979 4123 qui
1002 4068 1099 4111 doit
1119 4072 1344 4124 partager
1368 4070 1579 4132 leur^vie,

454 4136 580 4183 leurs
596 4138 715 4195 joies
734 4142 778 4183 et
800 4140 926 4183 leurs
944 4139 1120 4195 peines.

514 4219 635 4265 C’est
661 4220 702 4264 le
743 4222 825 4264 but
855 4233 945 4278 que
976 4221 1088 4267 s’est
1124 4227 1325 4282 proposé
1372 4227 1414 4272 le
1460 4228 1585 4272 Lien

454 4290 524 4334 du
562 4291 800 4351 Mariage
832 4307 842 4334 :
878 4296 987 4338 Etre
1016 4295 1159 4343 l’ami,
1183 4296 1224 4339 le
1240 4299 1383 4351 guide
1413 4301 1458 4342 et
1476 4299 1582 4343 l’in¬

454 4360 667 4406 dicateur
706 4363 788 4407 des
829 4365 999 4407 unions
1037 4366 1268 4411 honnêtes
1300 4372 1346 4412 et
1368 4370 1583 4414 honora¬

452 4434 566 4478 bles.
596 4435 740 4478 Notre
762 4435 846 4478 but
863 4439 933 4479 est
966 4439 1364 4483 essentiellement
1387 4440 1582 4497 philan¬

450 4506 702 4564 thropique
728 4510 774 4551 et
795 4507 1190 4555 essentiellement
1213 4512 1378 4555 moral.

508 4590 572 4630 La
614 4588 889 4644 population
923 4590 1100 4634 décroît
1135 4604 1275 4648 parce
1296 4606 1386 4652 que
1407 4595 1448 4639 le
1471 4610 1578 4642 ma¬

447 4660 579 4716 riage
600 4663 671 4706 est
688 4660 872 4716 négligé
892 4673 901 4715 ;
923 4664 968 4706 et
990 4662 1030 4705 le
1052 4664 1264 4720 mariage
1283 4669 1352 4710 est
1368 4668 1576 4724 négligé,

446 4743 586 4787 parce
608 4744 698 4788 que
724 4732 944 4776 l’homme
964 4736 1176 4791 emporté
1211 4750 1296 4792 par
1318 4738 1359 4783 le
1380 4742 1578 4786 tourbil¬

444 4802 522 4851 lon
546 4802 627 4847 des
658 4802 866 4856 affaires,
894 4804 970 4848 n’a
988 4818 1074 4862 pas
1095 4806 1135 4850 le
1158 4807 1312 4863 temps
1332 4811 1388 4853 de
1407 4811 1576 4856 s’arrê¬

443 4877 512 4919 ter
532 4888 650 4931 pour
672 4875 911 4920 combiner
932 4878 979 4920 et
1006 4878 1231 4923 chercher
1262 4880 1366 4926 telle
1387 4894 1446 4926 ou
1471 4884 1574 4930 telle

444 4947 591 4991 union
612 4948 690 5003 qui
716 4950 927 5005 pourrait
952 4947 1012 4991 lui
1038 4952 1278 4995 convenir.

499 5035 535 5079 Il
558 5035 634 5079 n'a
656 5049 742 5093 pas
762 5038 803 5080 le
826 5040 979 5095 temps
1000 5041 1043 5083 et
1083 5051 1142 5082 ne
1163 5044 1274 5097 peut
1310 5056 1474 5100 passer
1491 5046 1572 5090 des

440 5108 560 5151 mois
580 5114 623 5151 et
646 5111 887 5165 peut-être
910 5110 992 5154 des
1008 5112 1188 5156 années
1210 5115 1236 5156 à
1259 5114 1446 5159 décider
1467 5118 1572 5160 telle

439 5190 671 5236 personne
711 5181 737 5224 à
778 5183 1002 5238 partager
1034 5194 1086 5226 sa
1115 5183 1187 5228 vie
1211 5195 1220 5239 ;
1246 5184 1275 5227 il
1302 5198 1357 5230 ne
1378 5192 1570 5233 connaît

438 5263 523 5304 pas
544 5251 652 5295 bien
688 5250 732 5295 la
767 5254 992 5296 situation
1027 5255 1084 5298 de
1123 5259 1242 5300 cette
1264 5270 1515 5314 personne,
1539 5262 1564 5303 il

434 5320 583 5367 hésite
618 5324 664 5367 et
698 5322 800 5367 finit
827 5336 913 5380 par
943 5336 1169 5371 renoncer
1194 5341 1253 5372 au
1289 5331 1503 5388 mariage
1523 5336 1568 5378 et

434 5404 483 5435 se
503 5394 718 5448 résigner
740 5396 767 5438 à
790 5396 918 5439 vivre
948 5396 1183 5443 d’amitiés
1205 5403 1504 5456 passagères.

491 5476 611 5520 Mais
631 5490 683 5522 ce
712 5479 791 5536 qui
828 5480 982 5523 arrive
1006 5493 1125 5538 pour
1151 5482 1219 5528 les
1236 5482 1404 5539 jeunes
1426 5499 1560 5544 gens,

431 5547 584 5592 arrive
606 5548 714 5593 bien
738 5551 843 5608 plus
875 5564 1043 5598 encore
1064 5567 1183 5610 pour,
1203 5555 1270 5599 les
1305 5570 1564 5614 personnes

430 5622 508 5676 qui
535 5624 680 5678 ayant
717 5623 791 5666 été
828 5624 963 5667 unies
998 5638 1090 5670 une
1119 5628 1350 5683 première
1387 5631 1475 5675 fois
1512 5644 1562 5675 se

428 5694 648 5738 trouvent
671 5696 772 5739 tout
794 5695 820 5736 à
843 5707 963 5752 coup
1002 5696 1223 5743 désunies
1255 5712 1340 5756 par
1364 5700 1404 5744 le
1424 5702 1562 5747 décès

428 5763 486 5806 de
507 5764 633 5807 l’une
655 5765 830 5810 d'elles.

484 5846 636 5900 Après
666 5847 804 5892 s’être
836 5848 1107 5908 longtemps
1130 5852 1339 5899 abîmées
1362 5855 1482 5901 dans
1516 5858 1559 5902 la

424 5919 622 5963 douleur
648 5923 695 5964 et
727 5923 858 5966 avoir
891 5924 1012 5979 payé
1055 5936 1119 5967 un
1151 5922 1275 5981 juste
1319 5930 1463 5973 tribut
1505 5931 1558 5974 de

423 5988 599 6036 larmes
620 5994 647 6036 à
674 5991 856 6051 l’époux
892 6007 951 6039 ou
976 5995 1002 6038 à
1032 5995 1239 6054 l’épouse
1262 5998 1478 6058 décédée,
1503 6002 1559 6046 ils

421 6064 609 6106 sentent
645 6063 751 6120 plus
772 6066 1008 6110 vivement
1044 6068 1085 6111 le
1106 6069 1211 6114 vide
1232 6071 1312 6127 qui
1342 6071 1453 6116 s’est
1473 6074 1558 6116 fait

422 6136 594 6179 autour
630 6135 691 6179 du
731 6137 994 6190 survivant,
1039 6139 1093 6183 ils
1126 6143 1206 6184 ont
1244 6142 1408 6187 besoin
1446 6143 1556 6188 d’un

420 6219 553 6250 cœur
574 6208 667 6251 ami
705 6208 782 6266 qui
823 6207 892 6252 les
923 6210 1113 6255 console
1147 6224 1207 6256 ou
1240 6212 1308 6258 les
1342 6216 1550 6272 protège.

416 6276 479 6320 Ils
500 6279 712 6335 aspirent
734 6280 760 6324 à
783 6283 902 6325 cette
931 6280 1002 6326 vie
1022 6284 1275 6341 tranquille
1292 6287 1490 6343 paisible
1511 6290 1555 6332 et

417 6348 678 6405 ntérieure,
714 6352 828 6398 faite
857 6352 1137 6399 d’intimités
1156 6359 1203 6400 et
1221 6356 1279 6402 de
1302 6358 1551 6404 confiden¬

1676 2228 1754 2260 ces
1782 2231 1871 2276 que
1910 2218 1954 2263 la
1990 2224 2114 2264 mort
2151 2235 2178 2264 a
2216 2235 2430 2280 rompue.
2468 2224 2598 2267 Dans
2639 2235 2691 2267 ce
2727 2236 2810 2267 cas

1676 2290 1896 2335 l’homme
1937 2306 1963 2335 a
2012 2294 2175 2337 besoin
2215 2295 2355 2339 d’une
2395 2296 2519 2339 amie
2556 2295 2710 2351 pleine
2751 2295 2807 2338 de

1675 2362 1804 2407 soins
1832 2366 1876 2407 et
1905 2363 1961 2408 de
1991 2364 2330 2410 dévouements
2352 2376 2362 2420 ;
2384 2367 2426 2410 la
2446 2366 2584 2410 dame
2607 2366 2807 2411 cherche

1676 2446 1740 2476 un
1762 2434 2052 2491 soutien,"un
2078 2440 2344 2495 protecteur
2384 2441 2428 2482 et
2452 2451 2515 2482 un
2539 2439 2660 2482 aide.
2688 2439 2807 2483 Mais

1674 2506 1734 2547 où
1774 2509 1963 2551 trouver
1984 2507 2028 2550 la
2072 2522 2304 2566 personne
2339 2510 2416 2567 qui
2451 2510 2663 2554 réunisse
2699 2513 2806 2554 tous

1673 2575 1740 2620 les
1779 2578 2050 2623 desiderata
2070 2581 2092 2623 ?
2113 2583 2178 2624 La
2198 2586 2320 2624 mort
2339 2583 2416 2639 qui
2442 2595 2468 2624 a
2490 2583 2528 2625 si
2563 2583 2806 2639 brusque¬

1674 2652 1802 2691 ment
1840 2651 2132 2708 interrompu
2175 2652 2215 2696 le
2249 2666 2388 2697 cours
2424 2654 2479 2697 de
2516 2657 2636 2698 cette
2674 2655 2804 2698 exis¬

1672 2722 1807 2764 tence
1824 2720 1988 2766 n’était
2010 2736 2097 2779 pas
2118 2726 2276 2768 entrée
2300 2726 2419 2768 dans
2436 2724 2504 2768 les
2536 2724 2713 2769 calculs
2747 2724 2803 2768 de

1672 2792 1716 2836 la
1740 2794 1810 2837 vie
1844 2807 2111 2841 commune.
2154 2798 2222 2842 Où
2259 2800 2448 2842 trouver
2486 2796 2530 2841 la
2568 2810 2802 2854 personne

1673 2866 1942 2911 réunissant
1963 2867 2029 2912 les
2051 2868 2315 2914 conditions
2339 2883 2455 2928 pour
2477 2883 2570 2915 une
2600 2871 2802 2916 seconde

1672 2938 1835 2983 union.

1735 3025 1792 3067 Le
1808 3023 1998 3080 journal
2027 3024 2038 3069 1
2044 3038 2068 3070 e
2091 3026 2215 3070 Lien
2237 3027 2306 3070 du
2340 3026 2576 3087 Mariage
2615 3027 2730 3072 offre
2774 3028 2800 3071 à

1669 3097 1774 3139 tous
1799 3108 1888 3139 une
1924 3098 2150 3141 situation
2187 3098 2443 3143 semblable
2470 3102 2514 3143 et
2548 3099 2734 3156 lorsque
2757 3102 2798 3143 la

1669 3182 1900 3224 personne
1920 3170 2062 3227 qu’on
2102 3171 2252 3216 désire
2276 3186 2332 3216 ne
2368 3172 2436 3217 s’v
2456 3176 2619 3216 trouve
2643 3186 2744 3231 pas,
2771 3175 2798 3219 il

1666 3239 1743 3295 n’y
1759 3252 1786 3284 a
1803 3241 1907 3298 qu’à
1931 3243 2189 3290 s’adresser
2224 3245 2250 3287 à
2282 3243 2500 3289 l’Office
2535 3247 2798 3288 Mondonet

1668 3314 1746 3368 qui
1770 3327 1796 3356 a
1820 3327 1882 3356 un
1904 3315 2060 3370 grand
2086 3315 2280 3359 nombre
2300 3315 2356 3359 de
2387 3318 2709 3374 propositions
2732 3330 2794 3374 qu

1666 3396 1723 3427 ne
1743 3383 1951 3440 figurent
1971 3399 2058 3443 pas
2079 3387 2198 3431 dans
2220 3400 2297 3432 ces
2319 3388 2558 3432 colonnes.

1725 3469 1868 3512 Notre
1885 3467 2075 3524 journal
2111 3484 2137 3514 a
2162 3484 2278 3527 pour
2300 3472 2383 3515 but
2399 3472 2606 3516 d’ouvrir
2628 3472 2672 3516 la
2694 3472 2796 3518 voie

1663 3539 1920 3585 honorable
1955 3542 2011 3586 de
2047 3542 2091 3586 la
2128 3544 2302 3587 société
2339 3545 2366 3588 à
2408 3547 2535 3590 toute
2564 3558 2798 3602 personne

1664 3611 1742 3660 qui
1759 3622 1810 3652 se
1831 3615 1996 3654 trouve
2018 3611 2138 3654 dans
2158 3612 2349 3667 pareille
2368 3615 2614 3656 situation.

1747 3754 1888 3796 Rôle
1919 3755 1998 3798 du
2036 3771 2053 3792 «
2090 3754 2232 3799 Lien
2259 3758 2338 3800 du
2371 3757 2629 3814 Mariage
2667 3775 2685 3798 »

1719 3886 1851 3928 Nous
1874 3898 2136 3942 proposons
2171 3887 2239 3931 les
2279 3902 2538 3944 personnes
2558 3904 2672 3936 avec
2694 3892 2794 3936 leur

1660 3956 1887 4000 situation
1926 3958 1984 4001 de
2019 3958 2203 4002 fortune
2234 3963 2280 4003 et
2324 3959 2382 4004 de
2415 3962 2649 4016 moralité,
2673 3978 2794 4010 nous

1661 4028 1836 4072 faisons
1870 4028 1935 4072 les
1971 4030 2247 4083 demandes,
2279 4032 2554 4078 abouchons
2588 4035 2655 4079 les
2678 4050 2791 4094 per¬

1659 4114 1834 4146 sonnes
1871 4104 1917 4145 et
1955 4106 2161 4147 mettons
2189 4115 2248 4147 en
2270 4106 2496 4160 présence
2528 4107 2596 4151 les
2616 4107 2787 4152 futurs.

1658 4174 1790 4216 Nous
1810 4186 2016 4216 sommes
2038 4174 2104 4217 les
2140 4174 2516 4220 intermédiaires
2556 4178 2638 4222 des
2678 4194 2790 4236 pre¬

1659 4244 1828 4287 mières
1865 4248 2131 4298 entrevues,
2170 4244 2387 4302 toujours
2423 4250 2519 4292 très
2555 4254 2791 4304 gênantes

1658 4318 1703 4358 et
1742 4318 1834 4360 très
1855 4316 2076 4360 délicates
2100 4328 2216 4372 pour
2239 4318 2322 4360 des
2344 4331 2603 4376 personnes
2623 4324 2702 4379 qui
2738 4335 2788 4367 se

1658 4387 1815 4430 voient
1841 4399 1960 4443 pour
1981 4387 2026 4430 la
2066 4388 2297 4444 première
2335 4390 2437 4434 fois.
2471 4392 2603 4436 Nous
2636 4395 2786 4439 résol¬

1655 4470 1774 4502 vons
1819 4460 1987 4501 autant
2026 4471 2115 4515 que
2158 4459 2359 4515 possible
2418 4460 2484 4506 les
2536 4464 2787 4510 difficultés

1655 4532 1731 4586 qui
1756 4535 1961 4587 peuvent
1994 4544 2043 4575 se
2065 4532 2308 4588 présenter
2330 4535 2450 4578 dans
2486 4535 2530 4579 la
2558 4538 2782 4583 situation

1653 4599 1710 4642 de
1730 4599 1854 4644 l’une
1871 4599 2045 4644 d’elles.
2070 4603 2201 4644 Nous
2220 4615 2430 4647 sommes
2448 4604 2547 4648 leur
2570 4607 2786 4654 intermé¬

1652 4671 1799 4715 diaire
1828 4675 1874 4716 et
1914 4674 2011 4717 leur
2042 4674 2151 4716 ami.
2177 4675 2280 4728 Oui,
2306 4675 2404 4720 leur
2423 4678 2535 4731 ami,
2560 4691 2642 4722 car
2663 4694 2784 4728 nous

1651 4744 1958 4788 considérons
1978 4756 2162 4790 comme
2191 4747 2251 4790 tel
2288 4750 2420 4792 notre
2460 4751 2556 4794 rôle
2580 4763 2697 4807 pour
2718 4752 2783 4797 les

1651 4827 1910 4871 personnes
1940 4818 2018 4872 qui
2059 4830 2179 4860 nous
2215 4819 2446 4875 chargent
2483 4821 2543 4865 du
2583 4824 2687 4867 soin
2726 4826 2781 4870 de

1648 4888 1747 4934 leur
1770 4890 1930 4932 union.

1704 4974 1827 5018 Elles
1840 4976 2044 5031 peuvent
2056 4978 2268 5032 compter
2279 4990 2360 5020 sur
2374 4980 2507 5022 notre
2523 4979 2779 5026 discrétion

1646 5045 1855 5090 absolue.
1892 5047 2036 5091 Notre
2059 5047 2191 5092 office
2215 5051 2286 5092 est
2319 5062 2379 5092 un
2406 5052 2628 5096 tombeau
2658 5067 2778 5111 pour

1646 5116 1712 5160 les
1731 5119 1908 5160 secrets
1930 5119 2007 5174 qui
2032 5131 2151 5162 nous
2171 5124 2279 5163 sont
2300 5122 2491 5165 confiés.

1702 5202 1926 5255 Souvent,
1974 5205 2145 5255 même,
2187 5202 2231 5247 la
2263 5206 2492 5260 première
2530 5208 2775 5264 présenta¬

1643 5272 1739 5315 tion
1779 5285 1806 5315 a
1843 5272 1934 5316 lieu
1960 5286 2074 5318 sans
2104 5274 2371 5330 qu’aucune
2409 5276 2492 5321 des
2512 5278 2632 5323 deux
2668 5294 2774 5338 par¬

1640 5344 1728 5388 ties
1748 5345 1998 5390 connaisse
2019 5343 2062 5388 le
2086 5358 2195 5390 nom
2230 5347 2286 5391 de
2323 5347 2490 5394 l’autre
2510 5354 2555 5395 et
2575 5364 2696 5396 nous
2714 5366 2772 5398 ne

1639 5414 1707 5458 les
1726 5414 1904 5459 faisons
1924 5420 2169 5462 connaître
2194 5430 2283 5475 que
2311 5432 2392 5464 sur
2412 5420 2512 5464 leur
2533 5424 2764 5467 autorisa¬

1638 5488 1735 5531 tion
1758 5499 1996 5543 expresse.

1694 5572 1768 5616 Un
1784 5569 1974 5628 journal
1994 5584 2112 5630 pour
2127 5575 2367 5630 mariages
2386 5576 2506 5621 dans
2520 5590 2611 5622 une
2628 5579 2771 5634 petite

1638 5643 1740 5687 ville
1760 5645 1818 5687 où
1842 5646 1942 5687 tout
1963 5644 2002 5688 le
2030 5646 2200 5689 monde
2227 5659 2276 5689 se
2296 5650 2487 5691 connaît
2508 5652 2553 5692 et
2575 5654 2768 5694 connaît

1635 5714 1679 5756 la
1702 5714 1927 5758 situation
1948 5715 2004 5758 de
2026 5727 2112 5759 son
2151 5716 2318 5771 voisin,
2344 5718 2548 5763 n’aurait
2588 5732 2673 5776 pas
2712 5722 2768 5766 de

1634 5786 1791 5829 raison
1823 5786 1983 5840 d'être,
2008 5788 2130 5847 mais*
2152 5788 2271 5831 dans
2308 5802 2400 5832 une
2440 5791 2622 5844 grande
2643 5792 2764 5844 ville,

1634 5868 1816 5900 comme
1851 5857 1894 5899 la
1934 5860 2080 5915 nôtre,
2122 5859 2179 5902 où
2218 5859 2403 5904 chacun
2444 5874 2587 5919 pense
2631 5865 2658 5907 à
2694 5875 2767 5907 ses

1631 5927 1823 5972 affaires
1843 5931 1889 5971 et
1918 5942 2011 5972 non
2035 5931 2062 5973 à
2078 5930 2216 5975 celles
2235 5932 2290 5976 de
2312 5945 2388 5977 ses
2408 5934 2586 5979 voisins
2610 5946 2619 5988 ;
2643 5935 2687 5980 et
2706 5937 2766 5979 où

1632 5999 1739 6043 bien
1762 6003 1960 6044 souvent
1983 6000 2048 6046 les
2072 6002 2317 6047 habitants
2339 6003 2394 6049 de
2415 6004 2460 6049 la
2483 6010 2635 6051 même
2652 6007 2766 6052 mai¬

1630 6083 1715 6115 son
1739 6083 1796 6115 ne
1830 6084 1879 6115 se
1915 6075 2223 6119 connaissent
2259 6087 2346 6132 pas
2363 6080 2496 6122 entre
2513 6091 2616 6134 eux,
2643 6078 2672 6122 il
2695 6082 2767 6123 est

1631 6143 1897 6187 nécessaire
1939 6143 2048 6187 d’un
2102 6146 2194 6188 ami
2241 6147 2452 6203 général,
2508 6149 2619 6192 d’un
2671 6150 2763 6194 ami

1630 6226 1854 6259 commun
1876 6216 1954 6271 qui
1975 6221 2217 6275 groupant
2259 6218 2379 6264 dans
2401 6232 2465 6264 un
2504 6223 2639 6266 vaste
2674 6234 2765 6266 en¬

1628 6286 1823 6342 semble,
1847 6286 1915 6331 les
1951 6288 2092 6335 offres
2131 6291 2175 6334 et
2215 6290 2282 6335 les
2323 6290 2600 6346 demandes,
2627 6306 2764 6339 com¬

1662 6362 1739 6404 ine
1759 6359 1823 6403 lui
1861 6364 2015 6406 même
2035 6359 2104 6407 les
2137 6362 2409 6419 situations,
2435 6364 2503 6410 les
2534 6368 2667 6420 âges,
2696 6364 2766 6411 les

2883 2226 3040 2278 goûts,
3082 2221 3148 2267 les
3181 2222 3375 2278 figures,
3432 2223 3499 2267 les
3550 2223 3764 2270 fortunes
3803 2228 3848 2270 et
3896 2227 4023 2273 fasse

2884 2294 2946 2338 lui
2983 2298 3137 2339 même
3160 2294 3227 2338 les
3248 2295 3568 2351 propositions
3603 2295 3668 2341 les
3707 2296 3815 2354 plus
3859 2302 4021 2343 sorta-

2882 2364 2999 2410 bles.

2939 2449 3020 2494 Cet
3043 2448 3135 2492 ami
3158 2460 3399 2500 commun,
3424 2448 3538 2494 c'est
3560 2448 3724 2495 l’office
3744 2453 4019 2510 Mondonet,

2880 2520 2923 2572 6,
2949 2522 2982 2563 B
2984 2519 2998 2540 d
3035 2521 3091 2563 de
3111 2520 3155 2563 la
3175 2519 3488 2575 Magdeleine,
3526 2520 3639 2566 c’est
3672 2522 3711 2567 le
3746 2521 3936 2579 journal
3978 2524 4019 2571 le

2881 2590 3007 2634 Lien
3028 2590 3096 2634 du
3126 2589 3364 2648 Mariage
3385 2592 3463 2647 qui
3492 2594 3563 2635 est
3583 2604 3670 2636 son
3693 2595 3956 2640 auxiliaire.

2936 2674 3150 2717 Pendant
3172 2674 3443 2730 longtemps
3467 2674 3494 2715 il
3534 2687 3560 2717 a
3600 2676 3747 2720 existé
3784 2691 3876 2723 une
3912 2679 4018 2736 pré¬

2879 2746 3068 2789 vention
3091 2747 3186 2789 très
3216 2746 3442 2802 marquée
3476 2748 3639 2790 contre
3667 2747 3735 2792 les
3774 2751 4018 2804 mariages

2878 2816 2970 2860 dits
2983 2816 3039 2860 de
3064 2815 3371 2873 proposition,
3396 2829 3456 2860 on
3482 2818 3659 2861 voulait
3680 2832 3731 2863 se
3756 2823 4018 2876 persuader

2878 2888 2989 2946 qu’il
3020 2902 3079 2933 ne
3110 2891 3304 2946 pouvait
3324 2890 3464 2932 sortir
3483 2888 3564 2933 des
3583 2903 3791 2946 agences
3819 2905 3911 2949 que
3935 2894 4019 2939 des

2877 2962 3115 3015 mariages
3136 2960 3416 3018 disparates.

2935 3046 3005 3088 En
3028 3046 3130 3088 face
3152 3044 3233 3088 des
3263 3044 3487 3088 résultats
3527 3046 3790 3092 contraires
3811 3049 4015 3094 obtenus

2879 3128 2962 3171 par
3016 3128 3094 3160 ces
3156 3118 3384 3171 bureaux,
3427 3129 3487 3160 on
3546 3120 3618 3160 est
3656 3120 3774 3163 sorti
3804 3122 4015 3178 complè¬

2876 3190 3052 3232 tement
3091 3187 3147 3232 de
3187 3190 3307 3232 cette
3355 3189 3650 3243 prévention.
3693 3191 3908 3236 L’estime
3951 3194 4014 3237 du

2877 3259 3032 3315 public
3051 3262 3120 3303 est
3143 3259 3441 3304 absolument
3455 3261 3647 3317 acquise
3668 3274 3766 3305 aux
3783 3276 4011 3319 agences,

2876 3342 2992 3386 pour
3015 3331 3058 3374 la
3080 3332 3237 3375 raison
3268 3332 3375 3375 bien
3409 3331 3594 3391 simple,
3619 3346 3710 3390 que
3732 3335 3799 3378 les
3821 3335 4014 3380 affaires

2874 3401 3064 3446 traitées
3087 3415 3172 3459 par
3206 3402 3331 3459 elles,
3358 3402 3398 3447 le
3438 3405 3546 3447 sont
3567 3404 3674 3460 plus
3711 3406 4011 3463 rapidement

2872 3475 2915 3515 et
2959 3473 3062 3528 plus
3100 3476 3359 3528 sûrement,
3384 3477 3428 3519 et
3468 3487 3528 3518 on
3571 3478 3682 3531 peut
3719 3476 3819 3520 dire
3855 3490 3946 3534 que
3971 3478 4011 3523 le

2872 3542 2977 3599 plus
2996 3546 3150 3599 grand
3189 3544 3387 3590 nombre
3428 3544 3511 3588 des
3546 3547 3804 3603 mariages,
3856 3554 4010 3595 même

2872 3613 3040 3664 riches,
3059 3618 3139 3657 ont
3162 3615 3235 3658 été
3252 3616 3355 3671 plus
3376 3627 3436 3659 ou
3455 3616 3610 3660 moins
3632 3618 3721 3662 mis
3742 3631 3824 3662 sur
3845 3618 3888 3663 la
3906 3621 4010 3665 voie

2872 3696 2955 3739 par
2977 3696 3062 3728 nos
3088 3696 3310 3740 agences.
3344 3686 3476 3729 Nous
3498 3698 3619 3730 nous
3638 3687 3927 3734 efforcerons
3950 3691 4007 3736 de

2870 3756 3060 3800 mériter
3080 3759 3200 3801 cette
3220 3759 3386 3801 estime
3406 3756 3468 3801 du
3493 3758 3650 3814 public
3671 3771 3731 3803 en
3747 3764 4007 3818 apportant

2868 3826 2988 3871 dans
3035 3827 3080 3871 la
3135 3827 3408 3874 conclusion
3450 3830 3532 3872 des
3580 3830 3771 3876 affaires
3812 3831 3856 3876 la
3899 3833 4006 3890 plus

2867 3899 3048 3954 grande
3084 3899 3378 3954 délicatesse,
3404 3900 3447 3943 la
3482 3900 3587 3956 plus
3608 3903 3792 3956 grande
3816 3906 3999 3960 probité

2866 3972 2912 4014 et
2930 3970 2976 4015 la
2998 3971 3252 4015 discrétion
3273 3972 3317 4015 la
3346 3972 3452 4028 plus
3473 3972 3686 4018 absolue.

2924 4055 3011 4098 Les
3063 4055 3214 4099 beaux
3263 4055 3487 4100 résultats
3544 4068 3635 4114 que
3688 4070 3810 4103 nous
3848 4071 4000 4106 avons

2864 4124 3064 4168 obtenus
3120 4139 3242 4170 nous
3274 4130 3516 4183 engagent
3552 4127 3580 4171 à
3615 4131 3839 4183 persister
3880 4131 4003 4175 dans

2863 4198 2983 4239 cette
3016 4196 3136 4250 voie,
3171 4198 3395 4253 espérant
3432 4210 3522 4254 que
3556 4199 3598 4242 le
3629 4199 3786 4255 public
3819 4202 3999 4247 voudra

2860 4267 2969 4310 bien
2991 4279 3112 4311 nous
3131 4267 3380 4311 continuer
3402 4280 3479 4311 ses
3499 4269 3691 4314 faveurs
3727 4275 3774 4315 et
3792 4283 3846 4315 sa
3877 4284 3995 4316 con¬

2861 4336 3030 4381 fiance.

2920 4424 2983 4468 Le
3015 4423 3140 4468 Lien
3182 4423 3251 4467 du
3284 4426 3523 4484 Mariage
3555 4430 3627 4471 est
3666 4427 3706 4472 le
3739 4428 3849 4472 trait
3894 4431 3997 4475 d’u¬

2860 4495 2971 4538 nion
3010 4494 3092 4539 des
3127 4495 3343 4550 familles,
3367 4510 3462 4541 non
3499 4498 3761 4544 seulement
3784 4500 3840 4544 de
3863 4504 3998 4547 notre

2858 4566 2978 4619 ville,
3006 4567 3127 4608 mais
3159 4579 3330 4611 encore
3367 4568 3451 4612 des
3474 4570 3760 4627 principales
3782 4571 3916 4618 villes
3938 4574 3995 4617 de

2858 4636 3037 4680 France
3071 4639 3114 4680 et
3151 4638 3207 4681 de
3250 4636 3506 4695 l’étranger
3543 4642 3603 4684 où
3639 4645 3772 4686 notre
3812 4643 3947 4688 office
3970 4658 3998 4687 a

2856 4707 2940 4751 des
2972 4708 3373 4765 correspondants
3403 4710 3616 4756 discrets.
3644 4714 3776 4756 Nous
3803 4716 3998 4770 présen¬

2856 4781 2963 4823 tons
2983 4779 3103 4823 donc
3126 4792 3216 4824 aux
3243 4782 3379 4838 pères
3408 4782 3463 4826 de
3483 4783 3659 4827 famille
3690 4786 3915 4830 soucieux
3938 4786 3994 4831 de

2854 4850 3051 4896 l’avenir
3070 4851 3127 4896 de
3151 4852 3277 4896 leurs
3295 4854 3486 4898 enfants
3506 4857 3615 4899 tous
3635 4855 3700 4899 les
3722 4859 3991 4914 avantages

2854 4922 2991 4979 qu’ils
3011 4935 3070 4966 ne
3091 4924 3338 4968 sauraient
3364 4927 3555 4970 trouver
3581 4926 3679 4970 s’ils
3718 4931 3827 4972 sont
3850 4929 3992 4974 livrés

2851 4995 2880 5038 à
2900 4998 3189 5039 eux-mêmes
3209 4998 3256 5040 et
3277 4996 3399 5040 dans
3421 4996 3462 5040 le
3482 4996 3633 5042 cercle
3654 4998 3712 5043 de
3731 4999 3857 5044 leurs
3878 5014 3988 5046 con¬

2851 5067 3128 5111 naissances
3149 5078 3159 5120 ;
3196 5080 3255 5111 en
3276 5068 3399 5120 effet,
3431 5068 3887 5125 indépendamment
3908 5074 3991 5118 des

2850 5139 3115 5183 références
3137 5141 3388 5196 certaines,
3420 5140 3474 5184 ils
3510 5143 3592 5183 ont
3615 5142 3656 5184 le
3677 5143 3814 5187 choix
3838 5146 3993 5202 parmi

2847 5206 2892 5255 le
2914 5211 3068 5266 grand
3092 5212 3287 5257 nombre
3329 5212 3384 5256 de
3408 5214 3731 5270 propositions
3755 5229 3843 5272 que
3872 5231 3991 5261 con¬

2848 5271 3062 5326 tiennent
3100 5282 3167 5327 les
3203 5284 3427 5328 colonnes
3456 5284 3512 5327 de
3548 5287 3684 5330 notre
3698 5284 3907 5343 journal,
3932 5288 3988 5332 ils

2847 5358 3052 5411 peuvent
3068 5355 3184 5400 faire
3206 5356 3406 5412 épouser
3428 5358 3454 5400 à
3473 5355 3600 5400 leurs
3618 5358 3810 5403 enfants
3827 5359 3872 5404 la
3891 5374 3990 5417 per¬

2845 5439 2995 5470 sonne
3015 5426 3152 5483 qu’ils
3168 5427 3479 5471 désirentsoit
3499 5439 3683 5473 comme
3702 5431 3986 5488 profession,

2844 5491 3050 5550 fortune,
3086 5498 3343 5550 caractère,
3383 5498 3587 5554 position
3630 5500 3802 5544 sociale
3842 5504 3887 5547 et
3928 5503 3987 5547 ils

2844 5580 2902 5611 ne
2936 5568 3260 5624 s’exposeront
3299 5580 3387 5626 pas
3424 5571 3451 5612 à
3491 5570 3592 5616 leur
3627 5569 3745 5617 faire
3783 5574 3988 5630 épouser

2844 5651 2934 5682 une
2970 5651 3203 5695 personne
3226 5640 3303 5696 qui
3343 5639 3443 5684 leur
3479 5654 3587 5686 sera
3628 5643 3983 5702 antipathique,

2842 5710 2932 5752 soit
2951 5722 3037 5767 par
3058 5722 3145 5753 son
3167 5712 3272 5767 âge,
3294 5712 3384 5754 soit
3420 5725 3540 5769 pour
3575 5716 3682 5758 tous
3714 5717 3876 5759 autres
3899 5716 3987 5760 dé¬

2843 5782 2970 5823 fauts
2990 5782 3068 5836 qui
3108 5783 3216 5824 sont
3251 5784 3421 5827 autant
3460 5784 3516 5828 de
3554 5797 3725 5830 causes
3764 5786 3821 5830 de
3845 5787 3984 5831 désu¬

2842 5851 2955 5895 nion
2976 5851 3096 5895 dans
3119 5851 3159 5896 le
3182 5854 3398 5910 mariage
3419 5856 3464 5899 et
3499 5855 3714 5900 finissent
3740 5871 3825 5915 par
3847 5871 3980 5904 ame¬

2841 5936 2924 5968 ner
2946 5923 2987 5968 le
3009 5924 3197 5968 divorce
3220 5928 3266 5969 et
3291 5926 3335 5970 la
3356 5927 3652 5984 séparation.

2899 6010 3027 6052 Dans
3060 6007 3127 6052 les
3159 6008 3380 6055 colonnes
3410 6010 3472 6055 du
3507 6011 3628 6055 Lien
3662 6011 3730 6056 du
3754 6014 3988 6074 Mariage

2839 6092 2898 6123 ou
2922 6080 2948 6124 à
2970 6079 3187 6124 l’Office
3208 6082 3488 6135 Mondonet,
3512 6082 3555 6136 6,
3580 6084 3615 6127 B
3617 6082 3631 6103 d
3650 6083 3706 6128 de
3723 6084 3767 6127 la
3790 6087 3984 6142 Magde¬

2840 6150 2976 6204 leine,
3008 6163 3068 6195 on
3091 6154 3202 6209 peut
3224 6154 3415 6198 trouver
3443 6151 3712 6199 facilement
3755 6168 3818 6199 un
3855 6169 3983 6212 gen¬

2839 6223 2938 6278 dre,
2963 6238 3026 6269 un
3064 6224 3215 6283 époux
3238 6237 3295 6271 ou
3318 6238 3411 6271 une
3434 6227 3610 6283 épouse
3638 6228 3665 6271 à
3703 6240 3787 6272 son
3815 6231 3903 6284 gré
3939 6235 3986 6275 et

2839 6308 2898 6342 en
2936 6299 3034 6340 tout
3074 6298 3206 6355 point
3244 6298 3484 6343 conforme
3529 6310 3622 6344 aux
3655 6299 3807 6346 désirs
3842 6302 3898 6348 de
3936 6302 3984 6348 la

2840 6380 3080 6426 personne
3099 6370 3127 6413 à
3147 6370 3340 6415 marier.
