4726 7064
835 1303 1489 1396 DÉLICATESSE,
1549 1303 2259 1395 HONORABILITÉ,
2315 1303 2713 1378 PROBITÉ
2767 1320 2823 1378 &
2877 1308 3429 1383 DISCRÉTION

426 1568 530 1616 ÎO
560 1567 806 1615 Gent.
836 1560 880 1612 le
905 1559 1128 1612 Numéro

1718 1559 2013 1611 OFFICE
2070 1559 2543 1611 MONDONET

3133 1566 3237 1613 ÎO
3272 1566 3517 1616 Gent.
3548 1566 3592 1616 le
3619 1566 3843 1619 Numéro

395 1676 514 1708 Envoi
533 1675 650 1716 gratis
667 1675 755 1707 hors
773 1672 810 1707 la
828 1673 926 1708 Ville
946 1678 982 1707 et
1003 1675 1024 1707 à
1044 1674 1203 1707 l’Etran¬

352 1727 416 1755 ger
455 1719 475 1750 à
506 1720 608 1750 toute
647 1726 832 1759 personne
871 1719 934 1759 qui
979 1727 1024 1750 en
1069 1716 1135 1748 fait
1168 1716 1203 1747 la

351 1759 535 1792 demande
555 1768 620 1802 par
640 1759 748 1792 lettre
771 1759 987 1800 affranchie,
1014 1762 1050 1791 et
1075 1758 1202 1792 franco

351 1808 440 1831 sous
460 1791 663 1843 enveloppe
684 1801 856 1835 cachetée
876 1804 1004 1835 contre
1028 1802 1083 1833 30
1106 1803 1200 1832 cent,

353 1848 396 1872 en
423 1843 586 1875 timbres.

1366 1650 1496 1701 47,
1546 1652 1706 1691 Rue
1749 1650 1842 1690 do
1884 1650 1950 1690 la
1995 1651 2224 1691 Darse
2267 1650 2356 1700 (au
2395 1648 2419 1687 1
2428 1655 2461 1675 er
2496 1658 2597 1687 sur
2633 1648 2893 1699 entresol)

1940 1734 2320 1778 MARSEILLE

1315 1815 1467 1854 Ouvert
1486 1816 1578 1855 tous
1595 1811 1650 1852 les
1661 1814 1780 1863 jours
1796 1812 1843 1852 de
1856 1814 1883 1852 2
1898 1808 1938 1851 h.
1956 1810 1982 1851 à
1998 1812 2022 1851 S
2036 1808 2073 1852 h.
2094 1811 2155 1852 dit
2160 1812 2260 1860 soir,
2280 1816 2318 1851 et
2338 1808 2372 1850 le
2388 1807 2604 1850 dimanche
2624 1809 2670 1848 de
2692 1810 2713 1849 9
2737 1806 2773 1848 h.
2801 1807 2824 1847 à
2849 1808 2949 1847 midi

3101 1686 3281 1726 Mariages
3295 1688 3415 1721 riches
3428 1699 3521 1730 pour
3536 1692 3659 1723 toutes
3676 1691 3729 1723 les
3748 1692 3915 1725 fortunes

3060 1730 3096 1759 et
3125 1730 3249 1760 toutes
3281 1730 3333 1762 les
3367 1731 3561 1772 positions.
3596 1732 3645 1764 La
3683 1734 3829 1766 maison
3868 1743 3913 1767 ne

3059 1767 3227 1810 s’occupe
3245 1779 3315 1811 que
3335 1771 3401 1804 des
3417 1774 3553 1806 unions
3573 1775 3756 1812 possibles
3772 1778 3808 1807 et
3824 1784 3913 1809 sans

3012 1806 3016 1883 j
3061 1811 3178 1842 tâche.

404 1983 440 2022 A
478 1990 600 2022 cause
638 1979 691 2019 du
730 1979 872 2030 grand
914 1980 1264 2034 développement
1310 1982 1360 2024 de
1408 1994 1488 2027 nos

351 2040 534 2088 affaires,
563 2039 690 2081 notre
714 2039 827 2083 Office
847 2051 946 2084 sera
967 2041 1202 2094 transféré,
1224 2044 1250 2086 à
1263 2044 1415 2096 partir
1432 2045 1486 2088 du

350 2096 403 2139 29
426 2099 664 2152 septembre
683 2101 908 2154 prochain,
936 2102 1168 2144 boulevard
1190 2103 1238 2143 de
1258 2103 1302 2143 la
1323 2103 1486 2155 Magde¬

351 2157 462 2201 leine
470 2171 478 2210 ,
502 2171 528 2200 22
532 2159 543 2202 °
567 2159 603 2211 6,
628 2171 680 2202 au
705 2159 743 2200 l*
747 2168 756 2181 r
761 2191 769 2202 .

354 2319 430 2431 La
454 2315 698 2431 lissirn
726 2315 862 2431 to»
902 2316 1038 2428 Liai
1070 2312 1142 2428 i
1182 2312 1482 2452 Mariage»

432 2510 615 2552 Notre
643 2510 749 2551 but
778 2508 872 2549 est
902 2507 1411 2551 essentiellement

355 2571 560 2619 moral,
596 2566 854 2610 honnête
881 2570 940 2611 et
964 2563 1486 2622 philanthropique

414 2671 542 2708 Dans
570 2668 703 2710 notre
723 2667 786 2710 fin
814 2667 870 2711 de
907 2667 1046 2710 siècle
1087 2666 1146 2708 où
1170 2667 1271 2708 tout
1292 2664 1485 2709 marche

352 2738 378 2779 à
416 2736 458 2780 la
483 2750 675 2796 vapeur,
702 2742 746 2781 et
782 2739 839 2779 où
875 2736 919 2779 la
952 2736 1126 2780 société
1148 2736 1214 2780 vit
1252 2738 1372 2782 dans
1394 2751 1486 2783 une

350 2811 539 2854 activité
562 2810 816 2851 dévorante
842 2818 851 2862 ;
882 2807 946 2851 les
967 2806 1136 2864 jeunes
1156 2822 1276 2866 gens
1298 2810 1484 2854 sérieux

348 2882 426 2936 qui
450 2878 704 2923 cherchent
726 2878 751 2921 à
774 2890 823 2922 se
840 2880 970 2924 créer
994 2894 1083 2924 une
1107 2882 1310 2938 position
1332 2894 1483 2926 avan¬

346 2954 543 3004 tageuse
566 2962 651 3006 par
670 2950 710 2995 le
733 2954 919 3006 travail,
943 2955 1107 2996 vivant
1130 2955 1250 2998 dans
1279 2954 1344 2997 les
1368 2956 1482 3009 pré¬

348 3022 656 3078 occupations
678 3026 951 3068 constantes
987 3024 1098 3068 d'un
1128 3024 1292 3068 labeur
1315 3025 1483 3068 ardent

349 3106 468 3150 pour
488 3095 666 3139 arriver
688 3096 714 3138 à
734 3098 854 3140 cette
874 3095 955 3147 fin,
992 3096 1239 3151 négligent
1272 3095 1339 3139 les
1360 3097 1483 3140 rela¬

348 3164 472 3204 tions
511 3164 708 3206 sociales
747 3167 824 3219 qui
864 3167 1140 3220 pourraient
1176 3167 1243 3211 les
1284 3180 1483 3226 pousser

350 3244 454 3277 vers
477 3231 518 3276 le
558 3234 790 3289 mariage.
828 3236 1055 3292 Lorsque,
1082 3238 1223 3291 enfin,
1248 3239 1429 3283 arrivés
1454 3241 1479 3283 à

347 3308 499 3351 trente
526 3319 583 3351 ou
614 3309 847 3364 quarante
870 3320 972 3360 ans,
998 3307 1054 3351 ils
1082 3311 1164 3351 ont
1187 3310 1354 3364 acquis
1388 3322 1482 3353 une

347 3380 550 3431 position
592 3380 670 3435 qui
694 3380 792 3424 leur
827 3382 1007 3439 permet
1036 3380 1092 3426 de
1130 3382 1336 3439 respirer
1358 3383 1402 3426 et
1424 3381 1480 3427 de

346 3450 574 3500 regarder
614 3452 640 3490 à
680 3451 780 3491 leur
831 3456 1000 3496 entour
1048 3467 1166 3510 pour
1223 3455 1482 3512 compléter

346 3516 444 3560 leur
484 3518 688 3562 carrière
716 3531 802 3574 par
842 3531 903 3563 un
947 3523 1179 3576 mariage,
1206 3524 1260 3566 ils
1291 3527 1480 3567 sentent

344 3588 384 3635 le
412 3588 518 3635 vide
536 3594 708 3635 autour
728 3591 867 3636 d’eux
895 3594 942 3638 et
959 3594 1068 3638 sont
1090 3606 1211 3652 pour
1239 3595 1359 3639 ainsi
1380 3595 1480 3640 dire

345 3663 636 3708 désorientés
658 3678 715 3708 ne
737 3669 961 3711 trouvant
979 3682 1212 3724 personne
1232 3670 1288 3714 de
1310 3683 1482 3716 conve¬

344 3731 484 3774 nable
516 3734 636 3776 dans
658 3734 698 3776 le
732 3735 880 3779 cercle
904 3737 986 3779 des
1020 3738 1248 3782 relations
1270 3743 1330 3783 où
1354 3742 1410 3783 ils
1431 3755 1481 3786 se

345 3806 454 3847 sont
471 3816 579 3848 mus
598 3803 901 3863 jusqu’alors.

403 3878 612 3923 Souvent
650 3879 959 3939 découragés,
1014 3883 1070 3928 ils
1127 3884 1343 3930 finissent
1394 3900 1479 3945 par

345 3962 572 3995 renoncer
594 3966 655 3996 au
696 3955 907 4007 mariage
929 3957 966 3999 si
998 3969 1088 3999 une
1123 3958 1251 3999 main
1275 3959 1399 4002 amie
1422 3972 1479 4003 ne

344 4021 470 4064 vient
504 4023 571 4066 les
591 4024 721 4066 aider
742 4028 786 4066 et
826 4023 890 4065 les
910 4026 1079 4076 guider
1111 4027 1232 4067 dans
1268 4028 1307 4069 le
1343 4029 1479 4071 choix

344 4090 482 4135 d'une
503 4103 770 4147 compagne
791 4093 868 4146 qui
892 4094 988 4134 doit
1011 4096 1234 4147 partager
1258 4094 1358 4136 leur
1380 4097 1470 4147 vie,

343 4160 470 4204 leurs
486 4162 604 4216 joies
622 4163 667 4203 et
688 4161 814 4203 leurs
834 4163 1008 4218 peines.

400 4231 523 4274 C’est
549 4231 589 4274 le
630 4231 713 4275 but
743 4245 833 4290 que
866 4233 976 4278 s’est
1014 4236 1214 4292 proposé
1263 4236 1303 4280 le
1351 4237 1476 4281 Lien

343 4300 411 4344 du
451 4302 688 4363 Mariage
722 4319 731 4346 :
768 4307 878 4350 Etre
904 4306 1047 4356 l’ami,
1072 4307 1114 4351 le
1131 4307 1272 4363 guide
1304 4311 1348 4352 et
1368 4308 1473 4352 l’in¬

342 4375 555 4419 dicateur
595 4376 676 4420 des
719 4378 888 4422 unions
927 4380 1158 4423 honnêtes
1191 4382 1236 4423 et
1259 4379 1475 4424 honora¬

342 4444 455 4487 bles.
486 4447 631 4488 Notre
651 4447 735 4488 but
754 4451 823 4490 est
856 4451 1255 4495 essentiellement
1279 4452 1475 4509 philan¬

341 4514 592 4571 thropique
619 4518 664 4559 et
685 4519 1082 4564 essentiellement
1106 4523 1271 4567 moral.

403 4588 465 4631 La
504 4587 782 4644 population
816 4588 994 4632 décroît
1028 4603 1168 4647 parce
1190 4606 1279 4648 que
1302 4594 1342 4636 le
1366 4607 1474 4638 ma¬

340 4660 471 4716 riage
492 4664 563 4706 est
582 4660 764 4715 négligé
786 4672 794 4713 ;
816 4664 860 4704 et
884 4660 923 4704 le
946 4663 1158 4718 mariage
1176 4666 1246 4707 est
1262 4664 1470 4719 négligé,

340 4742 480 4782 parce
503 4746 594 4788 que
619 4733 839 4778 l’homme
860 4736 1072 4792 emporté
1107 4748 1192 4794 par
1214 4735 1254 4780 le
1276 4737 1474 4782 tourbil¬

340 4798 415 4840 lon
442 4799 523 4842 des
554 4804 762 4855 affaires,
790 4807 864 4851 n’a
886 4821 970 4864 pas
992 4808 1031 4852 le
1055 4811 1208 4866 temps
1228 4810 1284 4854 de
1304 4810 1474 4855 s’arrê¬

339 4872 408 4915 ter
428 4882 546 4928 pour
568 4874 808 4917 combiner
830 4882 875 4920 et
903 4880 1128 4926 chercher
1159 4882 1263 4926 telle
1286 4895 1343 4927 ou
1368 4883 1473 4928 telle

340 4946 486 4988 union
508 4943 587 5002 qui
611 4947 823 5000 pourrait
850 4948 910 4990 lui
935 4954 1176 4995 convenir.

395 5023 431 5066 Il
453 5022 531 5067 n’a
552 5035 639 5080 pas
658 5021 700 5067 le
723 5023 876 5079 temps
896 5027 940 5067 et
981 5039 1040 5069 ne
1060 5031 1172 5083 peut
1208 5042 1372 5086 passer
1390 5031 1472 5075 des

338 5094 456 5134 mois
477 5102 520 5135 et
542 5098 784 5150 peut-être
807 5094 888 5139 des
907 5098 1085 5140 années
1107 5100 1134 5142 à
1156 5100 1344 5144 décider
1366 5102 1471 5146 telle

338 5175 570 5220 personne
610 5168 635 5208 à
676 5172 901 5227 partager
933 5180 986 5212 sa
1015 5168 1086 5212 vie
1111 5180 1119 5222 ;
1145 5170 1174 5212 il
1202 5183 1257 5214 ne
1278 5177 1471 5216 connaît

336 5248 423 5292 pas
443 5235 551 5280 bien
588 5234 631 5278 la
666 5239 892 5286 situation
928 5243 983 5287 de
1023 5243 1142 5286 cette
1163 5254 1415 5299 personne,
1440 5240 1464 5287 il

334 5308 483 5355 hésite
518 5311 563 5355 et
598 5307 699 5351 finit
727 5322 812 5364 par
844 5326 1070 5361 renoncer
1095 5331 1154 5360 au
1190 5318 1404 5374 mariage
1424 5322 1471 5363 et

334 5388 383 5419 se
404 5381 619 5436 résigner
640 5383 667 5425 à
691 5380 818 5423 vivre
848 5383 1083 5431 d’amitiés
1106 5390 1406 5444 passagères.

392 5448 512 5494 Mais
532 5467 584 5498 ce
614 5456 691 5512 qui
730 5452 883 5499 arrive
907 5466 1027 5510 pour
1054 5456 1120 5500 les
1139 5459 1308 5514 jeunes
1330 5473 1463 5516 gens,

334 5516 487 5560 arrive
511 5520 616 5567 bien
643 5528 746 5584 plus
778 5539 946 5572 encore
967 5539 1084 5584 pour
1107 5528 1172 5572 les
1210 5545 1468 5586 personnes

334 5588 411 5641 qui
437 5595 583 5643 ayant
620 5598 691 5642 été
731 5602 866 5646 unies
901 5612 993 5646 une
1022 5600 1254 5656 première
1291 5604 1380 5648 fois
1417 5618 1467 5650 se

334 5659 550 5703 trouvent
575 5666 674 5707 tout
696 5671 722 5711 à
745 5685 865 5730 coup
904 5674 1124 5719 désunies
1158 5684 1243 5728 par
1266 5672 1306 5715 le
1327 5674 1466 5720 décès

332 5728 388 5775 de
412 5730 535 5776 l’une
559 5732 734 5779 d’elles.

388 5804 538 5859 Après
568 5818 590 5850 s
608 5808 706 5850 être
740 5807 1011 5876 longtemps
1032 5820 1244 5864 abîmées
1266 5818 1387 5861 dans
1421 5817 1464 5860 la

328 5877 524 5923 douleur
551 5883 598 5925 et
631 5880 760 5924 avoir
795 5888 915 5939 payé
960 5904 1023 5934 un
1056 5891 1182 5948 juste
1226 5893 1368 5936 tribut
1411 5889 1464 5934 de

327 5947 503 5996 larmes
524 5955 551 5996 à
580 5954 762 6011 l’époux
797 5966 854 5997 ou
880 5956 907 5999 à
938 5958 1144 6015 l’épouse
1168 5966 1384 6020 décédée,
1411 5963 1466 6008 ils

328 6023 515 6064 sentent
551 6026 656 6080 plus
680 6028 914 6071 vivement
951 6027 991 6072 le
1014 6032 1118 6075 vide
1140 6038 1219 6091 qui
1250 6038 1360 6082 s’est
1382 6037 1466 6081 fait

328 6095 500 6136 autour
536 6094 599 6138 du
638 6101 902 6154 survivant,
946 6100 1000 6144 ils
1032 6107 1112 6145 ont
1152 6106 1317 6151 besoin
1354 6109 1465 6153 d’un

1562 1999 1695 2030 cœur
1715 1987 1808 2030 ami
1847 1986 1923 2043 qui
1966 1986 2033 2030 les
2064 1986 2254 2031 console
2287 1998 2348 2030 ou
2381 1983 2448 2028 les
2480 1982 2690 2038 protège.

1561 2057 1623 2100 Ils
1644 2059 1855 2114 aspirent
1877 2060 1905 2102 à
1926 2062 2047 2102 cette
2075 2060 2146 2103 vie
2165 2056 2417 2115 tranquille
2434 2053 2631 2112 paisible
2650 2056 2695 2097 et

1563 2128 1816 2178 ntérieure,
1859 2130 1973 2171 faite
2004 2130 2283 2174 d’intimités
2303 2134 2348 2175 et
2367 2131 2423 2175 de
2447 2127 2693 2174 confiden¬

1562 2208 1639 2238 ces
1667 2208 1756 2251 que
1795 2198 1840 2239 la
1876 2201 2000 2240 mort
2038 2211 2066 2242 a
2104 2214 2319 2258 rompue.
2358 2206 2488 2246 Dans
2528 2214 2579 2244 ce
2616 2211 2697 2243 cas

1560 2264 1782 2310 l’homme
1822 2279 1848 2310 a
1898 2268 2062 2312 besoin
2103 2272 2242 2316 d’une
2284 2275 2407 2318 amie
2445 2272 2597 2330 pleine
2640 2271 2696 2315 de

1560 2336 1690 2380 soins
1718 2340 1762 2382 et
1791 2338 1846 2382 de
1876 2338 2218 2385 dévouements
2240 2354 2251 2396 ;
2273 2344 2315 2387 la
2335 2346 2475 2388 dame
2496 2342 2697 2387 cherche

1562 2420 1626 2451 un
1647 2410 1848 2463 soutien,
1876 2422 1938 2451 un
1964 2414 2232 2466 protecteur
2272 2418 2318 2458 et
2341 2430 2405 2459 un
2429 2416 2549 2459 aide.
2578 2414 2697 2459 Mais

1560 2480 1620 2520 où
1660 2482 1849 2522 trouver
1871 2479 1915 2522 la
1959 2492 2193 2535 personne
2228 2484 2305 2539 qui
2341 2487 2556 2531 réunisse
2591 2490 2697 2531 tous

1561 2547 1627 2591 les
1667 2548 1936 2594 désidérata
1956 2551 1979 2594 ?
2000 2554 2064 2595 La
2085 2558 2208 2597 mort
2228 2556 2306 2610 qui
2331 2568 2358 2599 a
2379 2558 2418 2600 si
2453 2559 2697 2614 brusque¬

1559 2624 1688 2664 ment
1728 2623 2019 2678 interrompu
2062 2624 2103 2668 le
2137 2638 2276 2668 cours
2312 2627 2369 2670 de
2406 2631 2528 2671 cette
2564 2631 2696 2672 exis¬

1560 2695 1694 2736 tence
1711 2692 1875 2738 n’était
1898 2707 1984 2751 pas
2005 2697 2166 2739 entrée
2188 2696 2308 2740 dans
2327 2696 2394 2742 les
2426 2698 2604 2742 calculs
2639 2700 2696 2744 de

1560 2766 1604 2808 la
1627 2767 1698 2810 vie
1731 2779 1999 2810 commune.
2042 2768 2111 2812 Où
2148 2771 2338 2812 trouver
2375 2770 2419 2811 la
2459 2783 2695 2826 personne

1560 2838 1831 2882 réunissant
1851 2838 1918 2882 les
1939 2838 2204 2884 conditions
2230 2852 2344 2896 pour
2367 2854 2460 2884 une
2491 2842 2693 2887 seconde

1558 2909 1722 2953 union.

1618 2983 1679 3024 Le
1695 2980 1885 3038 journal
1915 2982 1956 3026 \e
1980 2982 2103 3026 Lien
2126 2983 2195 3026 du
2229 2984 2465 3043 Mariage
2505 2985 2620 3028 offre
2665 2986 2693 3029 à

1556 3055 1662 3095 tous
1685 3064 1775 3096 une
1812 3054 2040 3097 situation
2076 3054 2334 3099 semblable
2360 3058 2405 3098 et
2439 3055 2627 3111 lorsque
2650 3058 2692 3099 la

1556 3138 1790 3183 personne
1810 3126 1952 3183 qu'on
1992 3127 2144 3172 désire
2165 3140 2224 3172 ne
2260 3128 2328 3184 s’y
2347 3131 2511 3172 trouve
2533 3141 2637 3186 pas,
2664 3131 2689 3175 il

1554 3198 1633 3252 n’y
1648 3211 1676 3241 a
1691 3198 1800 3255 qu’à
1822 3199 2081 3243 s’adresser
2115 3203 2142 3244 à
2174 3200 2393 3246 i/Office
2427 3204 2692 3246 Mondonet

1555 3271 1633 3324 qui
1656 3283 1683 3312 a
1707 3283 1769 3312 un
1791 3271 1947 3326 grand
1972 3273 2167 3316 nombre
2186 3273 2242 3316 de
2272 3275 2593 3330 propositions
2611 3276 2689 3330 qui

1554 3352 1613 3383 ne
1632 3339 1840 3396 figurent
1862 3354 1948 3399 pas
1970 3342 2090 3387 dans
2112 3356 2190 3388 ces
2211 3344 2452 3388 colonnes.

1615 3415 1760 3459 Notre
1778 3412 1966 3472 journal
2003 3428 2030 3460 a
2054 3430 2172 3475 pour
2194 3418 2277 3462 but
2294 3418 2501 3463 d’ouvrir
2524 3418 2568 3462 la
2591 3418 2693 3462 voie

1554 3487 1814 3532 honorable
1847 3490 1903 3533 de
1940 3490 1984 3532 la
2022 3492 2196 3536 société
2234 3494 2259 3536 à
2303 3495 2431 3536 toute
2460 3504 2695 3548 personne

1555 3556 1631 3608 qui
1651 3568 1700 3598 se
1722 3559 1888 3600 trouve
1910 3560 2031 3602 dans
2051 3563 2243 3615 pareille
2263 3564 2509 3606 situation.

1639 3664 1781 3708 Rôle
1812 3663 1891 3707 du
1930 3680 1947 3702 «
1984 3663 2126 3708 Lien
2153 3666 2232 3708 du
2266 3667 2524 3722 Mariage
2563 3684 2581 3706 »

1612 3763 1746 3804 Nous
1767 3774 2031 3818 proposons
2067 3761 2133 3806 les
2172 3773 2433 3818 personnes
2453 3774 2568 3806 avec
2591 3763 2690 3806 leur

1553 3831 1779 3875 situation
1820 3832 1877 3875 de
1916 3834 2099 3879 fortune
2130 3836 2175 3879 et
2220 3834 2277 3878 de
2312 3832 2544 3886 moralité,
2569 3846 2689 3879 nous

1554 3903 1731 3948 faisons
1763 3904 1830 3950 les
1867 3904 2143 3962 demandes,
2175 3907 2451 3952 abouchons
2487 3906 2552 3950 les
2575 3919 2689 3963 per¬

1554 3991 1727 4022 sonnes
1767 3982 1811 4022 et
1850 3981 2058 4022 mettons
2087 3992 2144 4024 en
2168 3983 2393 4038 présence
2427 3980 2493 4025 les
2516 3979 2687 4025 futurs.

1552 4048 1683 4091 Nous
1704 4062 1912 4094 sommes
1934 4051 2000 4094 les
2036 4051 2415 4095 intermédiaires
2453 4052 2536 4096 des
2576 4066 2688 4108 pre¬

1552 4116 1722 4159 mières
1759 4122 2026 4170 entrevues,
2067 4120 2284 4174 toujours
2322 4122 2416 4162 très
2453 4125 2689 4174 gênantes

1551 4187 1596 4226 et
1635 4186 1727 4228 très
1748 4186 1971 4230 délicates
1996 4200 2112 4243 pour
2135 4190 2218 4232 des
2240 4202 2500 4246 personnes
2519 4191 2597 4246 qui
2635 4203 2685 4235 se

1551 4256 1708 4299 voient
1736 4268 1855 4312 pour
1877 4257 1921 4299 la
1962 4260 2194 4314 première
2232 4260 2334 4303 fois.
2368 4262 2500 4305 Nous
2533 4262 2684 4306 résol¬

1550 4340 1668 4372 vons
1715 4331 1883 4372 autant
1922 4341 2012 4386 que
2055 4330 2257 4387 possible
2316 4331 2384 4378 les
2436 4332 2688 4380 difficultés

1550 4403 1627 4458 qui
1651 4406 1858 4458 peuvent
1890 4416 1940 4447 se
1963 4404 2207 4460 présenter
2227 4407 2350 4451 dans
2384 4407 2429 4450 la
2459 4408 2685 4453 situation

1549 4472 1606 4515 de
1627 4474 1750 4518 l'une
1768 4474 1943 4518 d’elles.
1967 4476 2099 4520 Nous
2119 4490 2330 4520 sommes
2348 4478 2448 4522 leur
2471 4480 2688 4525 intermé¬

1548 4544 1695 4586 diaire
1726 4547 1771 4587 et
1811 4546 1909 4588 leur
1939 4548 2050 4587 ami.
2076 4548 2179 4599 Oui,
2206 4548 2305 4591 leur
2323 4550 2435 4600 ami,
2461 4562 2543 4592 car
2565 4563 2688 4598 nous

1547 4614 1855 4656 considérons
1878 4627 2060 4659 comme
2090 4618 2151 4659 tel
2189 4622 2322 4662 notre
2363 4620 2459 4663 rôle
2481 4634 2600 4679 pour
2621 4623 2688 4668 les

1548 4696 1807 4740 personnes
1838 4687 1916 4742 qui
1958 4699 2079 4731 nous
2115 4689 2348 4747 chargent
2387 4692 2447 4737 du
2487 4696 2591 4739 soin
2631 4697 2685 4739 de

1547 4756 1647 4802 leur
1670 4759 1831 4803 union.

1604 4831 1727 4875 Elles
1743 4835 1946 4888 peuvent
1959 4838 2171 4892 compter
2184 4851 2267 4883 sur
2280 4843 2413 4884 notre
2429 4838 2683 4881 discrétion

1547 4903 1756 4948 absolue.
1794 4906 1939 4950 Notre
1963 4906 2096 4953 office
2122 4914 2192 4955 est
2228 4924 2287 4956 un
2314 4910 2533 4954 tombeau
2565 4919 2685 4964 pour

1548 4976 1614 5020 les
1634 4979 1811 5022 secrets
1833 4979 1910 5035 qui
1935 4992 2056 5023 nous
2076 4987 2184 5026 sont
2207 4982 2396 5027 confiés.

1603 5051 1830 5102 Souvent,
1879 5055 2051 5103 même,
2094 5053 2138 5096 la
2171 5055 2400 5110 première
2437 5054 2683 5110 présenta¬

1544 5119 1642 5160 tion
1682 5132 1708 5162 a
1747 5120 1838 5163 lieu
1865 5132 1979 5163 sans
2010 5123 2279 5176 qu’aucune
2318 5126 2399 5170 des
2421 5126 2540 5168 deux
2578 5135 2681 5179 par¬

1543 5190 1631 5232 ties
1651 5191 1903 5234 connaisse
1926 5190 1967 5233 le
1990 5205 2102 5237 nom
2136 5196 2194 5239 de
2232 5198 2396 5240 l’autre
2417 5200 2462 5236 et
2485 5206 2603 5236 nous
2623 5203 2680 5235 ne

1543 5259 1610 5304 les
1630 5260 1810 5306 faisons
1828 5267 2075 5310 connaître
2102 5279 2192 5324 que
2219 5280 2300 5313 sur
2320 5267 2419 5311 leur
2440 5263 2668 5307 autorisa¬

1544 5335 1640 5378 tion
1664 5348 1903 5391 expresse.

1600 5408 1674 5449 Un
1691 5403 1879 5460 journal
1900 5418 2019 5460 pour
2035 5408 2275 5462 mariages
2295 5410 2415 5452 dans
2429 5418 2517 5450 une
2535 5405 2677 5459 petite

1543 5475 1647 5519 ville
1666 5478 1723 5519 où
1748 5479 1848 5519 tout
1870 5475 1907 5519 le
1936 5478 2108 5523 monde
2135 5492 2186 5523 se
2204 5482 2396 5523 connaît
2417 5480 2461 5522 et
2484 5478 2676 5519 connaît

1542 5547 1584 5590 la
1607 5547 1834 5590 situation
1855 5547 1912 5590 de
1934 5560 2019 5591 son
2060 5551 2228 5603 voisin,
2254 5550 2457 5595 n’aurait
2495 5558 2580 5602 pas
2620 5546 2676 5590 de

1540 5619 1700 5662 raison
1729 5618 1891 5674 d’être,
1915 5621 2038 5663 mais
2059 5623 2181 5665 dans
2217 5635 2310 5665 une
2348 5616 2529 5676 grande
2550 5615 2672 5669 ville,

1539 5703 1723 5734 comme
1757 5691 1801 5734 la
1839 5695 1987 5747 nôtre,
2027 5694 2087 5736 où
2126 5694 2310 5738 chacun
2351 5700 2492 5748 pense
2535 5689 2563 5728 à
2599 5699 2674 5731 ses

1538 5762 1730 5806 affaires
1750 5767 1795 5806 et
1826 5775 1921 5806 non
1943 5766 1969 5807 à
1986 5763 2124 5808 celles
2143 5766 2199 5809 de
2221 5778 2297 5808 ses
2316 5760 2492 5806 voisins
2515 5768 2525 5811 ;
2548 5759 2594 5800 et
2612 5760 2672 5803 où

1537 5832 1646 5875 bien
1668 5836 1868 5878 souvent
1891 5835 1956 5880 les
1982 5835 2226 5880 habitants
2246 5835 2302 5878 de
2322 5834 2365 5876 la
2389 5832 2540 5872 même
2557 5830 2673 5872 mai¬

1536 5915 1623 5946 son
1646 5916 1703 5947 ne
1738 5918 1787 5948 se
1824 5908 2131 5964 connaissent
2171 5919 2255 5964 pas
2274 5906 2403 5948 entre
2420 5913 2524 5953 eux,
2551 5899 2579 5943 il
2601 5904 2672 5944 est

1539 5975 1806 6018 nécessaire
1848 5976 1958 6022 d’un
2012 5980 2104 6023 ami
2151 5972 2360 6034 général,
2415 5972 2527 6014 d’un
2577 5971 2669 6015 ami

1539 6058 1763 6092 commun
1786 6048 1862 6103 qui
1886 6055 2127 6107 groupant
2170 6048 2287 6091 dans
2310 6055 2372 6086 un
2412 6044 2547 6086 vaste
2581 6054 2672 6085 en¬

1538 6119 1737 6172 semble,
1760 6118 1827 6163 les
1865 6121 2007 6166 offres
2044 6124 2088 6164 et
2127 6120 2194 6162 les
2234 6114 2509 6165 demandes,
2533 6125 2671 6156 com¬

2771 1982 2878 2024 bine
2900 1980 2962 2023 lui
3002 1983 3156 2023 même
3176 1978 3245 2022 les
3279 1979 3553 2032 situations,
3580 1979 3648 2023 les
3678 1984 3812 2036 âges,
3844 1983 3912 2027 les

2768 2055 2927 2107 goûts,
2968 2051 3036 2096 les
3068 2051 3263 2107 figures,
3320 2051 3387 2095 les
3437 2051 3652 2095 fortunes
3691 2055 3736 2096 et
3785 2054 3911 2099 fasse

2771 2124 2832 2167 lui
2869 2127 3024 2166 même
3048 2123 3115 2167 les
3137 2123 3457 2179 propositions
3491 2122 3556 2166 les
3597 2123 3704 2179 plus
3748 2128 3907 2169 sorta¬

2769 2195 2885 2240 bles.

2828 2268 2909 2312 Cet
2932 2266 3023 2310 ami
3047 2275 3287 2315 commun,
3312 2264 3427 2308 c’est
3449 2264 3613 2310 l’office
3633 2267 3908 2321 Mondonet,

2771 2339 2843 2392 47,
2867 2351 2949 2383 rue
2979 2339 3035 2382 de
3055 2336 3099 2380 la
3120 2338 3281 2391 Darse,
3305 2335 3417 2379 c’est
3451 2335 3489 2378 le
3507 2335 3696 2391 journal
3721 2338 3761 2382 le
3786 2337 3909 2381 Lien

2771 2410 2839 2454 du
2868 2408 3105 2467 Mariage
3127 2408 3204 2464 qui
3232 2410 3301 2451 est
3321 2419 3407 2451 son
3429 2406 3691 2451 auxiliaire.

2829 2482 3041 2526 Pendant
3064 2480 3336 2536 longtemps
3359 2479 3387 2522 il
3427 2491 3453 2521 a
3493 2479 3637 2522 existé
3677 2491 3767 2523 une
3804 2482 3909 2536 pré¬

2772 2555 2961 2599 vention
2985 2554 3080 2597 très
3109 2552 3333 2607 marquée
3368 2554 3531 2594 contre
3560 2550 3627 2594 les
3667 2550 3909 2604 mariages

2772 2628 2864 2671 dits
2878 2627 2934 2671 de
2957 2624 3264 2683 proposition,
3289 2635 3349 2667 on
3375 2622 3551 2665 voulait
3574 2635 3624 2666 se
3649 2623 3909 2679 persuader

2772 2698 2883 2755 qu’il
2915 2711 2972 2743 ne
3005 2698 3197 2755 pouvait
3218 2696 3357 2739 sortir
3377 2694 3457 2738 des
3476 2706 3685 2748 agences
3713 2707 3804 2751 que
3827 2695 3911 2740 des

2771 2771 3011 2824 mariages
3032 2770 3312 2826 disparates.

2828 2843 2899 2884 En
2923 2843 3025 2886 face
3047 2842 3129 2886 des
3159 2840 3383 2885 résultats
3423 2839 3685 2883 contraires
3705 2839 3909 2883 obtenus

2772 2924 2857 2967 par
2912 2926 2989 2958 ces
3053 2914 3284 2969 bureaux,
3327 2926 3387 2957 on
3445 2912 3515 2956 est
3555 2911 3671 2954 sorti
3701 2911 3900 2967 complè¬

2770 2986 2947 3027 tement
2985 2984 3043 3027 de
3083 2988 3204 3030 cette
3254 2984 3547 3042 prévention.
3589 2982 3803 3027 L’estime
3845 2982 3907 3027 du

2771 3054 2928 3108 public
2946 3058 3017 3098 est
3040 3055 3340 3101 absolument
3354 3056 3545 3113 acquise
3567 3067 3663 3098 aux
3680 3066 3907 3110 agences,

2771 3136 2888 3180 pour
2909 3125 2952 3168 la
2976 3127 3133 3170 raison
3165 3128 3272 3172 bien
3308 3128 3493 3186 simple,
3519 3139 3608 3184 que
3629 3127 3696 3170 les
3717 3126 3909 3169 affaires

2767 3196 2961 3240 traitées
2982 3210 3069 3254 par
3103 3198 3228 3253 elles,
3256 3198 3297 3243 le
3336 3202 3445 3243 sont
3466 3200 3574 3256 plus
3610 3196 3909 3254 rapidement

2767 3270 2812 3311 et
2853 3268 2958 3324 plus
2997 3272 3257 3320 sûrement,
3283 3273 3327 3315 et
3367 3283 3427 3315 on
3470 3272 3580 3327 peut
3616 3270 3715 3314 dire
3752 3281 3842 3326 que
3866 3267 3907 3312 le

2768 3339 2873 3395 plus
2892 3342 3047 3395 grand
3088 3342 3285 3386 nombre
3328 3343 3409 3385 des
3447 3343 3704 3396 mariages,
3755 3344 3907 3384 même

2767 3411 2937 3464 riches,
2957 3414 3037 3455 ont
3060 3413 3132 3455 été
3149 3412 3253 3467 plus
3275 3425 3334 3456 ou
3355 3412 3508 3456 moins
3531 3414 3620 3455 mis
3641 3425 3723 3455 sur
3744 3411 3787 3455 la
3804 3411 3907 3455 voie

2771 3496 2853 3539 par
2875 3496 2961 3528 nos
2989 3495 3212 3540 agences.
3247 3484 3379 3528 Nous
3400 3496 3521 3527 nous
3539 3482 3828 3527 efforcerons
3849 3482 3905 3527 de

2768 3558 2959 3599 mériter
2980 3559 3100 3599 cette
3121 3558 3288 3599 estime
3308 3556 3369 3598 du
3396 3555 3552 3610 public
3573 3568 3631 3597 en
3649 3557 3907 3610 apportant

2767 3626 2886 3667 dans
2936 3626 2979 3666 la
3035 3624 3309 3667 conclusion
3349 3624 3432 3666 des
3480 3623 3672 3667 affaires
3712 3624 3757 3666 la
3800 3624 3907 3680 plus

2764 3695 2947 3749 grande
2983 3694 3277 3748 délicatesse,
3304 3695 3347 3736 la
3381 3694 3488 3749 plus
3508 3694 3692 3747 grande
3717 3695 3900 3751 probité

2764 3768 2809 3808 et
2829 3764 2875 3808 la
2896 3765 3150 3808 discrétion
3172 3765 3216 3807 la
3245 3766 3351 3820 plus
3372 3764 3584 3808 absolue.

2822 3839 2909 3880 Les
2960 3836 3113 3879 beaux
3162 3836 3387 3879 résultats
3446 3848 3536 3892 que
3590 3847 3711 3879 nous
3749 3848 3901 3881 avons

2763 3908 2963 3953 obtenus
3020 3919 3141 3951 nous
3173 3910 3417 3963 engagent
3455 3908 3481 3951 à
3516 3907 3739 3964 persister
3781 3907 3903 3951 dans

2764 3983 2884 4026 cette
2919 3982 3039 4034 voie,
3075 3980 3297 4037 espérant
3337 3992 3427 4037 que
3461 3980 3502 4023 le
3533 3978 3689 4036 public
3723 3978 3903 4022 voudra

2764 4055 2872 4098 bien
2895 4066 3015 4096 nous
3035 4052 3283 4096 continuer
3305 4064 3381 4096 ses
3401 4052 3593 4095 faveurs
3629 4054 3675 4095 et
3695 4063 3747 4094 sa
3779 4062 3897 4094 con¬

2764 4124 2933 4167 fiance.

2821 4197 2884 4239 Le
2916 4196 3043 4239 Lien
3085 4195 3153 4238 du
3188 4196 3425 4254 Mariage
3459 4199 3529 4240 est
3569 4196 3609 4239 le
3641 4196 3752 4240 trait
3797 4195 3900 4239 d’u¬

2761 4267 2872 4308 nion
2912 4266 2995 4309 des
3028 4264 3244 4318 familles,
3269 4279 3364 4309 non
3400 4267 3664 4311 seulement
3685 4268 3742 4311 de
3765 4270 3898 4310 notre

2761 4336 2882 4392 ville,
2909 4336 3030 4380 mais
3063 4349 3232 4382 encore
3272 4336 3354 4382 des
3379 4338 3664 4396 principales
3687 4338 3817 4382 villes
3840 4336 3896 4381 de

2760 4412 2941 4454 France
2975 4411 3020 4454 et
3054 4410 3112 4454 de
3152 4409 3409 4466 l’étranger
3446 4412 3506 4454 où
3540 4412 3674 4454 notre
3713 4408 3846 4453 office
3868 4420 3896 4451 a

2761 4482 2844 4527 des
2879 4482 3278 4538 correspondants
3310 4482 3521 4526 discrets.
3548 4483 3680 4524 Nous
3705 4480 3897 4536 présen¬

2762 4556 2868 4596 tons
2889 4554 3009 4596 donc
3032 4564 3123 4595 aux
3150 4554 3285 4607 pères
3313 4552 3368 4594 de
3388 4550 3563 4592 famille
3592 4550 3815 4594 soucieux
3839 4548 3895 4592 de

2761 4624 2956 4668 l’avenir
2978 4623 3033 4664 de
3058 4622 3183 4663 leurs
3204 4621 3392 4663 enfants
3413 4623 3520 4663 tous
3543 4620 3607 4662 les
3628 4622 3895 4672 avantages

2761 4693 2897 4750 qu’ils
2920 4703 2977 4734 ne
2999 4691 3245 4734 sauraient
3272 4693 3463 4734 trouver
3488 4690 3584 4732 s’ils
3624 4693 3732 4732 sont
3755 4690 3897 4735 livrés

2760 4766 2785 4807 à
2808 4764 3095 4807 eux-mêmes
3116 4763 3162 4804 et
3184 4760 3305 4806 dans
3328 4761 3369 4806 le
3391 4760 3539 4805 cercle
3561 4760 3617 4803 de
3637 4760 3764 4806 leurs
3785 4774 3896 4806 con¬

2759 4835 3036 4878 naissances
3057 4843 3067 4887 ;
3103 4846 3161 4876 en
3184 4833 3305 4887 effet,
3338 4831 3792 4888 indépendamment
3813 4834 3896 4878 des

2759 4908 3024 4952 références
3046 4907 3297 4961 certaines,
3327 4907 3381 4949 ils
3416 4907 3497 4948 ont
3520 4904 3560 4948 le
3581 4904 3718 4948 choix
3744 4906 3892 4962 parmi

2759 4981 2800 5024 le
2822 4980 2976 5035 grand
3000 4979 3194 5020 nombre
3235 4977 3291 5020 de
3315 4976 3635 5032 propositions
3657 4989 3746 5032 que
3775 4988 3892 5019 con¬

2756 5051 2968 5094 tiennent
3008 5048 3073 5091 les
3109 5046 3333 5090 colonnes
3363 5047 3419 5090 de
3455 5050 3590 5091 notre
3605 5046 3812 5102 journal,
3839 5046 3895 5091 ils

2755 5122 2959 5178 peuvent
2976 5119 3092 5160 faire
3113 5119 3312 5172 épouser
3336 5119 3362 5160 à
3380 5118 3507 5160 leurs
3524 5118 3715 5160 enfants
3733 5118 3776 5159 la
3796 5130 3894 5172 per¬

2752 5203 2901 5234 sonne
2921 5188 3057 5244 qu’ils
3074 5187 3281 5230 désirent
3295 5188 3384 5231 soit
3404 5200 3587 5231 comme
3608 5187 3888 5244 profession,

2752 5262 2956 5311 fortune,
2992 5258 3251 5310 caractère,
3291 5258 3493 5315 position
3536 5258 3708 5303 sociale
3748 5261 3793 5303 et
3836 5259 3891 5304 ils

2752 5346 2809 5376 ne
2844 5332 3167 5387 s’exposeront
3205 5342 3293 5386 pas
3331 5332 3356 5372 à
3399 5331 3499 5374 leur
3533 5330 3651 5374 faire
3687 5332 3891 5386 épouser

2752 5415 2841 5446 une
2879 5413 3109 5458 personne
3133 5401 3211 5456 qui
3250 5399 3349 5443 leur
3386 5412 3492 5443 sera
3533 5400 3884 5458 antipathique,

2749 5474 2839 5518 soit
2857 5485 2944 5530 par
2965 5484 3052 5515 son
3074 5475 3179 5526 âge,
3201 5471 3289 5512 soit
3327 5483 3445 5527 pour
3480 5474 3587 5515 tous
3617 5475 3779 5516 autres
3803 5474 3889 5516 dé¬

2751 5545 2875 5587 fauts
2896 5544 2973 5599 qui
3015 5543 3121 5586 sont
3156 5543 3324 5583 autant
3365 5542 3420 5584 de
3457 5554 3628 5586 causes
3667 5543 3723 5586 de
3747 5543 3887 5587 désu¬

2748 5616 2860 5658 nion
2883 5614 3002 5656 dans
3024 5612 3064 5655 le
3087 5611 3301 5665 mariage
3323 5614 3368 5655 et
3403 5611 3617 5656 finissent
3643 5627 3729 5670 par
3750 5627 3888 5658 ame¬

2747 5698 2831 5729 ner
2852 5685 2892 5727 le
2913 5683 3101 5727 divorce
3124 5685 3168 5726 et
3195 5682 3237 5725 la
3259 5684 3555 5739 séparation.

2807 5759 2933 5798 Dans
2967 5754 3032 5798 les
3063 5754 3283 5798 colonnes
3313 5754 3375 5799 du
3409 5756 3531 5799 Lien
3563 5756 3632 5799 du
3657 5758 3885 5813 Mariage

2747 5839 2804 5873 ou
2843 5827 2868 5868 à
2920 5826 3136 5870 l’Office
3193 5826 3475 5880 Mondonet,
3516 5828 3591 5882 47,
3630 5840 3712 5872 rue
3748 5825 3804 5870 de
3836 5825 3879 5868 la

2745 5899 2912 5950 Darse,
2943 5908 3003 5939 on
3025 5898 3135 5951 peut
3159 5899 3349 5942 trouver
3377 5899 3647 5943 facilement
3667 5911 3728 5942 un
3751 5908 3877 5951 gen¬

2745 5970 2844 6021 dre,
2869 5982 2932 6011 un
2969 5970 3121 6023 époux
3141 5980 3200 6011 ou
3224 5982 3317 6015 une
3340 5972 3513 6027 épouse
3541 5974 3568 6014 à
3607 5983 3688 6013 son
3719 5967 3804 6022 gré
3837 5971 3881 6010 et

2744 6053 2803 6084 en
2843 6043 2940 6083 tout
2980 6040 3111 6096 point
3149 6042 3389 6087 conforme
3433 6056 3525 6087 aux
3559 6039 3707 6084 désirs
3743 6039 3796 6082 de
3835 6037 3876 6081 la

2746 6123 2984 6168 personne
3011 6112 3039 6155 à
3058 6112 3251 6157 marier.
