4720 7064
2014 425 2094 475 LE
2132 426 2284 476 LIEN
2319 427 2404 476 DU
2444 427 2740 475 MARIAGE

644 608 738 648 538.
760 630 811 635 —
850 603 1119 655 Célibataire,
1159 604 1210 644 26
1234 615 1324 654 ans,
1366 607 1659 655 commerçant
1679 598 1736 640 eh

592 674 690 712 gros
712 692 722 710 ,
780 660 1019 711 épouserait
1059 658 1307 699 demoiselle
1350 656 1550 698 instruite
1599 660 1732 707 ayant

596 715 742 765 12.000
766 714 819 754 fr.

648 796 795 836 549.—
818 796 1082 844 Célibataire,
1107 798 1156 838 26
1178 808 1267 846 ans,
1292 796 1462 836 fortune
1484 794 1633 834 25.000
1656 792 1727 839 fr.,

594 852 842 902 espérances
875 851 1030 891 60.000
1055 851 1123 902 fr.,
1163 855 1467 902 commerçant,
1491 847 1731 896 épouserait

596 903 846 944 demoiselle
876 910 1190 958 commerçante
1212 910 1343 956 ayant
1378 902 1520 942 15.000
1542 900 1591 938 fr.

644 988 735 1028 552.
768 1011 808 1018 —
839 988 999 1028 Ancien
1020 987 1248 1039 capitaine,
1274 986 1395 1026 4.200
1419 984 1470 1023 fr.
1496 984 1547 1023 de
1571 990 1724 1031 rentes,

590 1042 639 1082 56
678 1054 767 1090 ans,
808 1042 1047 1094 épouserait
1091 1052 1222 1082 veuve
1264 1050 1362 1079 sans
1400 1038 1580 1086 enfants,
1623 1048 1724 1076 avec

595 1096 711 1136 avoir
732 1103 771 1136 et
792 1096 891 1136 bien
914 1096 1072 1138 élevée.

643 1179 734 1220 553.
759 1202 807 1208 —
848 1179 970 1227 Veuf,
995 1180 1043 1219 65
1064 1191 1155 1226 ans,
1178 1174 1440 1226 agriculteur
1460 1174 1512 1214 de
1537 1174 1722 1226 premier

590 1234 723 1282 ordre,
746 1234 916 1274 fortune
939 1232 1087 1272 60.000
1112 1232 1180 1280 fr.,
1204 1228 1444 1280 épouserait
1466 1240 1598 1268 veuve
1618 1228 1720 1279 âgée

588 1287 638 1327 de
662 1287 756 1338 plus
778 1287 828 1327 de
850 1287 899 1327 50
920 1298 1010 1335 ans,
1034 1291 1164 1335 ayant
1186 1283 1306 1323 2.000
1334 1282 1384 1322 fr.
1416 1282 1467 1322 de
1491 1286 1642 1331 rentes,
1664 1295 1719 1322 ou

590 1352 722 1382 veuve
760 1346 892 1392 ayant
928 1339 979 1379 de
1011 1338 1194 1390 grandes
1224 1335 1468 1387 propriétés,
1492 1336 1634 1376 môme
1668 1347 1722 1375 en

588 1394 782 1447 Afrique.

640 1478 790 1518 558.—
808 1474 1075 1523 Célibataire,
1096 1472 1146 1512 32
1167 1478 1399 1523 ans,ayant
1424 1471 1654 1522 profession
1674 1471 1723 1510 li¬

586 1531 728 1571 bérale
752 1532 832 1571 très
852 1528 1075 1576 lucrative,
1100 1527 1271 1566 fortune
1294 1526 1439 1567 50.000
1456 1526 1526 1575 fr.,
1548 1527 1723 1576 épouse¬

588 1584 667 1624 rait
686 1582 936 1624 demoiselle
958 1586 1088 1634 ayant
1111 1580 1182 1620 dot
1207 1580 1375 1620 100.000
1398 1580 1450 1619 fr.

642 1663 731 1703 568.
756 1684 807 1692 —
828 1662 992 1707 Prince,
1015 1659 1106 1699 seul
1130 1659 1386 1699 descendant
1404 1658 1531 1698 d'une
1555 1657 1719 1698 famille

586 1722 718 1768 ayant
746 1716 988 1766 longtemps
1026 1714 1152 1763 régné
1191 1724 1266 1752 sur
1307 1724 1390 1752 une
1427 1714 1500 1752 des
1539 1711 1719 1763 grandes

584 1770 832 1822 puissances
864 1767 915 1807 de
946 1767 1152 1818 l’Europe,
1190 1767 1292 1807 allié
1323 1779 1407 1807 aux
1440 1767 1618 1818 grandes
1654 1766 1719 1806 fa¬

584 1823 730 1863 milles
775 1822 1006 1871 princières
1063 1820 1308 1872 d’Espagne,
1351 1820 1639 1871 d’Angleterre
1680 1824 1720 1859 et

586 1876 819 1926 d’ailleurs,
843 1876 919 1927 âgé
939 1875 990 1915 de
1011 1875 1059 1914 30
1082 1887 1174 1926 ans,
1196 1875 1434 1926 épouserait
1471 1874 1591 1915 riche
1623 1872 1720 1924 plé¬

590 1931 788 1972 béienne.

639 2016 730 2056 580.
756 2036 804 2044 —
834 2012 1027 2055 Boucher
1066 2012 1212 2063 établi,
1255 2014 1303 2054 39
1346 2026 1436 2063 ans,
1478 2010 1719 2064 épouserait

584 2067 835 2110 demoiselle
852 2080 906 2108 ou
928 2080 1064 2108 veuve
1087 2068 1311 2119 possédant
1331 2068 1452 2116 8,000
1475 2067 1526 2106 fr.

638 2159 730 2199 581.
756 2180 804 2188 —
835 2158 1042 2207 Boucher,
1083 2156 1323 2198 richement
1351 2155 1496 2204 établi,
1539 2156 1587 2196 27
1626 2167 1715 2204 ans,

584 2212 652 2252 fils
674 2211 852 2264 unique,
878 2216 1044 2263 parents
1074 2211 1227 2258 riches,
1268 2211 1510 2262 épouserait
1542 2210 1712 2250 demoi¬

584 2264 688 2307 selle
710 2264 810 2306 bien
831 2264 990 2315 élevée,
1016 2264 1236 2316 possédant
1259 2263 1400 2315 10,000
1422 2264 1470 2304 fr.

639 2350 730 2390 587.
762 2372 812 2379 —
852 2348 976 2394 Veuf,
1019 2350 1067 2388 37
1112 2360 1202 2399 ans,
1244 2348 1415 2388 fortune
1458 2348 1602 2394 18,000
1642 2346 1680 2386 fr
1704 2378 1712 2396 ,

584 2408 716 2456 ayant
736 2415 974 2444 commerce
992 2404 1203 2455 prospère,
1228 2408 1396 2454 rapport
1436 2402 1486 2440 de
1518 2400 1638 2442 6.000
1659 2399 1712 2440 fr.

584 2470 662 2508 par
680 2470 751 2506 an,
774 2458 1012 2508 épouserait
1032 2470 1164 2496 veuve
1188 2456 1286 2496 bien
1303 2456 1462 2506 élevée,
1479 2467 1579 2495 avec
1599 2455 1716 2494 avoir

583 2515 635 2552 de
655 2511 803 2562 20,000
824 2511 979 2556 francs.
1086 2540 1090 2556 :
1111 2553 1147 2564 -j

636 2595 727 2636 586.
752 2618 803 2624 —
831 2594 998 2635 Officier
1026 2594 1076 2634 de
1106 2594 1294 2644 l’armée,
1334 2594 1410 2643 âgé
1447 2592 1499 2632 de
1539 2592 1587 2631 30
1622 2602 1714 2638 ans,

582 2648 822 2700 épouserait
842 2647 1091 2690 demoiselle
1122 2660 1174 2688 en
1207 2651 1375 2699 rapport
1410 2646 1544 2696 d’âge,
1580 2650 1714 2696 ayant

587 2703 760 2754 150.000
782 2702 939 2744 francs.

636 2786 727 2828 594.
751 2810 802 2816 —
822 2784 1088 2834 Célibataire,
1111 2786 1162 2824 28
1183 2796 1274 2836 ans,
1296 2783 1468 2824 fortune
1488 2783 1635 2834 20,000
1658 2778 1708 2822 fr.

582 2847 714 2894 ayant
731 2851 971 2882 commerce
994 2839 1096 2879 d’un
1118 2844 1284 2890 rapport
1307 2838 1466 2878 annuel
1502 2836 1552 2876 de
1594 2836 1716 2886 4,000

580 2896 651 2946 fr.,
674 2895 772 2947 plus
806 2906 890 2935 une
928 2899 1050 2934 autre
1090 2894 1258 2932 maison
1296 2903 1350 2931 en
1387 2890 1619 2942 Amérique
1652 2888 1715 2927 lui

579 2954 826 3002 rapportant
852 2948 966 2999 1,500
991 2947 1059 2998 fr.,
1082 2944 1324 2999 épouserait
1342 2943 1592 2986 demoiselle
1615 2954 1714 2983 avec

583 3003 654 3043 dot
675 3004 726 3044 de
751 3003 899 3051 20,000
922 3002 1079 3042 francs.

634 3092 723 3134 596.
748 3116 798 3123 —
818 3091 1086 3140 Célibataire,
1110 3090 1159 3132 54
1180 3100 1271 3139 ans,
1296 3088 1467 3130 fortune
1490 3087 1638 3138 60,000
1659 3086 1711 3126 fr.

578 3147 820 3199 épouserait
867 3144 1119 3187 demoiselle
1167 3156 1223 3184 ou
1272 3155 1438 3194 veuve,
1491 3140 1714 3192 possédant

580 3200 728 3251 30.000
750 3200 906 3243 francs.

636 3291 727 3332 599.
750 3314 800 3322 —-
822 3290 988 3331 Officier
1007 3302 1060 3328 en
1090 3287 1278 3335 activité,
1318 3287 1367 3327 36
1407 3296 1498 3335 ans,
1542 3286 1714 3324 fortune

582 3344 848 3396 personnelle
888 3341 1034 3386 30,000
1074 3342 1146 3394 fr.,
1187 3339 1428 3395 épouserait
1463 3338 1714 3380 demoiselle

580 3404 712 3450 ayant
730 3400 800 3438 dot
819 3399 870 3438 de
891 3398 1039 3447 80,000
1063 3398 1112 3435 fr.

635 3488 726 3528 601.
752 3508 800 3516 —
827 3486 1094 3534 Célibataire,
1116 3486 1166 3524 38
1186 3496 1275 3532 ans,
1312 3490 1444 3535 ayant
1483 3480 1716 3532 profession

580 3542 682 3580 d’.un
708 3546 879 3592 rapport
900 3538 1060 3579 annuel
1099 3539 1150 3578 de
1191 3538 1311 3587 5,000
1351 3536 1423 3586 fr.,
1459 3535 1630 3574 fortune
1664 3534 1715 3572 de

580 3594 726 3644 35.000
748 3595 818 3646 fr.,
840 3592 1080 3646 épouserait
1099 3591 1351 3632 demoiselle
1371 3602 1474 3631 avec
1490 3588 1636 3640 40,000
1660 3587 1711 3627 fr.

634 3684 723 3724 606.
758 3708 810 3714 —
855 3684 1122 3731 Célibataire,
1164 3683 1214 3722 25
1263 3694 1352 3731 ans,
1395 3682 1614 3732 disposant
1662 3680 1712 3720 de

579 3738 727 3788 25.000
748 3738 818 3787 fr.,
842 3744 880 3778 et
902 3739 1151 3790 espérances
1172 3736 1319 3786 30,000
1335 3736 1407 3786 fr.,
1428 3735 1564 3775 désire
1580 3735 1711 3786 épou¬

580 3803 647 3832 ser
666 3792 914 3832 demoiselle
935 3798 1066 3844 ayant
1098 3791 1207 3831 belle
1247 3791 1452 3830 situation
1491 3800 1711 3830 commer¬

583 3846 691 3886 ciale
720 3858 728 3891 ;
770 3846 802 3884 il
838 3846 1094 3898 apporterait
1128 3844 1190 3884 les
1227 3844 1375 3894 25,000
1414 3843 1466 3883 fr,
1514 3844 1619 3883 dans
1671 3842 1710 3882 la

583 3899 748 3940 maison
770 3900 822 3940 de
843 3911 1099 3940 commerce.

634 3983 724 4024 608.
743 4007 792 4012 —
814 3982 1079 4030 Célibataire,
1098 3980 1148 4019 25
1163 3991 1254 4028 ans,
1271 3979 1474 4030 employé
1495 3979 1547 4016 de
1570 3976 1708 4023 l’Etat,

582 4036 821 4087 épouserait
862 4034 1108 4075 demoiselle
1150 4044 1204 4072 ou
1256 4043 1394 4072 veuve
1442 4043 1492 4071 en
1547 4035 1714 4080 rapport

584 4090 718 4140 d'âge,
739 4095 870 4142 ayant
896 4088 1039 4130 15.000
1062 4087 1115 4127 fr.

636 4180 727 4222 611.
759 4203 800 4208 —
822 4179 1086 4230 Célibataire,
1128 4178 1176 4219 30
1216 4188 1307 4228 ans,
1348 4187 1504 4231 garçon
1539 4175 1563 4215 d
1586 4174 1714 4226 hôtel,

583 4240 714 4284 ayant
734 4234 852 4272 avoir
872 4234 991 4274 6.000
1016 4232 1083 4279 fr.,
1107 4231 1350 4282 épouserait
1387 4229 1636 4271 demoiselle
1660 4243 1712 4274 ou

583 4298 722 4327 veuve
743 4287 966 4338 possédant
986 4286 1106 4327 4.000
1127 4286 1196 4336 fr.,
1221 4298 1330 4338 pour
1350 4291 1519 4326 monter
1540 4283 1715 4336 pension

586 4340 850 4390 bourgeoise.

639 4439 731 4480 612.
755 4462 804 4467 —
844 4438 967 4487 Veuf,
991 4438 1182 4487 docteur,
1206 4438 1427 4488 possédant
1452 4435 1623 4477 100.000
1646 4436 1716 4484 fr.,

586 4495 662 4542 âgé
683 4492 734 4532 de
755 4494 804 4532 55
826 4503 915 4542 ans,
939 4490 1180 4543 épouserait
1203 4503 1335 4530 veuve
1358 4491 1407 4530 de
1427 4490 1475 4530 30
1495 4492 1518 4528 à
1550 4490 1599 4528 50
1624 4500 1716 4539 ans,

587 4547 686 4587 bien
707 4546 863 4598 élevée,
888 4551 1019 4599 ayant
1039 4544 1227 4599 quelque
1248 4543 1383 4584 avoir.

640 4632 730 4672 618.
779 4655 822 4667 <—
872 4631 1003 4680 Veuf,
1055 4643 1151 4672 sans
1198 4631 1359 4680 enfant,
1411 4631 1714 4682 représentant,

584 4691 768 4735 gagnant
790 4687 910 4727 8.000
944 4686 1017 4732 fr.,
1034 4698 1108 4738 par
1127 4696 1196 4735 an,
1220 4684 1355 4726 désire
1378 4686 1558 4738 épouser
1580 4696 1715 4726 veuve

586 4751 638 4778 ou
662 4739 910 4780 demoiselle
931 4752 982 4780 en
1004 4746 1172 4792 rapport
1195 4739 1312 4790 d'âge
1335 4752 1387 4780 ou
1420 4740 1643 4784 au-dessus
1664 4739 1715 4779 de

584 4791 635 4832 40
656 4804 747 4844 ans,
771 4795 992 4846 possédant
1014 4795 1160 4836 20.000
1182 4794 1238 4834 fr.

639 4890 730 4930 622.
752 4912 803 4919 —
823 4888 1090 4939 Célibataire,
1114 4890 1163 4930 26
1186 4900 1276 4938 ans,
1300 4888 1471 4928 fortune
1494 4890 1639 4930 40.000
1662 4891 1714 4931 fr.

584 4941 860 4992 immeubles,
884 4943 1124 4994 épouserait
1146 4942 1396 4983 demoiselle
1419 4950 1551 4995 ayant
1572 4943 1715 4984 bonne

584 4998 790 5039 situation
811 4996 1112 5039 commerciale
1132 5010 1186 5039 ou
1210 4998 1379 5039 fortune
1400 4998 1450 5039 de
1472 4999 1620 5039 80.000
1660 4996 1712 5040 fr.

640 5087 730 5127 622.
754 5110 804 5116 —
835 5087 1100 5138 Célibataire,
1136 5088 1186 5128 26
1219 5100 1310 5136 ans,
1343 5090 1634 5140 représentant
1664 5088 1716 5130 de

584 5152 840 5192 commerce,
880 5142 1050 5183 fortune
1090 5142 1236 5183 40.000
1278 5142 1328 5184 fr.
1372 5155 1423 5183 en
1463 5143 1714 5195 propriétés,

587 5202 770 5246 gagnant
808 5196 927 5236 4.000
959 5196 1028 5246 fr.,
1068 5196 1206 5236 désire
1247 5198 1427 5248 épouser
1464 5198 1715 5238 demoiselle

587 5247 800 5299 disposant
822 5248 871 5288 de
895 5250 1062 5290 100.000
1084 5250 1135 5291 fr.

640 5338 731 5378 625.
756 5362 803 5367 —
843 5338 951 5378 Veuf
990 5350 1087 5379 sans
1123 5339 1307 5388 enfants,
1347 5340 1423 5390 âgé
1456 5339 1507 5379 de
1540 5342 1590 5380 50
1624 5352 1714 5387 ans,

587 5402 720 5442 gagne
758 5391 901 5432 10.000
924 5392 974 5432 fr.
1011 5404 1083 5444 par
1115 5404 1168 5432 an
1202 5404 1368 5434 comme
1411 5395 1715 5444 représentant,

588 5444 684 5494 plus
706 5444 875 5484 fortune
899 5446 1176 5496 personnelle,
1204 5447 1339 5487 désire
1360 5448 1542 5498 épouser
1562 5459 1712 5496 veuve,

588 5499 732 5538 même
756 5498 850 5548 plus
870 5499 984 5548 âgée,
1011 5500 1232 5551 possédant
1254 5500 1428 5542 200.000
1451 5500 1502 5542 fr.

642 5594 732 5634 627.
756 5615 800 5623 —
843 5594 1106 5644 Célibataire,
1144 5596 1340 5643 horloger
1367 5596 1512 5647 établi,
1543 5598 1592 5636 30
1623 5607 1714 5646 ans,

587 5648 758 5687 fortune
803 5646 944 5687 15.000
986 5648 1062 5695 fr.,
1099 5650 1338 5699 épouserait
1378 5648 1627 5691 demoiselle
1664 5660 1715 5690 en

587 5704 758 5755 rapport
779 5699 898 5750 d’âge
918 5712 1018 5741 avec
1039 5700 1207 5743 fortune
1230 5703 1516 5755 équivalente.

643 5791 734 5832 628.
748 5812 798 5819 —
816 5788 1083 5836 Célibataire,
1107 5791 1155 5830 25
1174 5803 1263 5842 ans,
1288 5793 1455 5832 fortune
1484 5792 1626 5832 10.000
1648 5792 1715 5843 fr.,

587 5843 871 5894 mécanicien,
895 5854 1031 5892 gagne
1052 5843 1172 5884 2.500
1196 5844 1246 5884 fr.
1272 5859 1344 5896 par
1372 5859 1442 5894 an,
1475 5846 1715 5898 épouserait

588 5898 838 5938 demoiselle
878 5910 928 5938 en
971 5904 1135 5947 rapport
1174 5898 1292 5948 d'âge
1330 5906 1460 5952 ayant
1503 5913 1559 5940 un
1599 5912 1716 5940 com¬

590 5964 730 5992 merce
751 5964 804 5992 ou
827 5951 960 5991 avoir.

642 6035 732 6076 630.
750 6058 800 6064 —
822 6032 1090 6084 Célibataire,
1108 6034 1159 6075 28
1174 6047 1263 6084 ans,
1282 6046 1378 6086 sage
1396 6042 1435 6076 et
1456 6031 1715 6088 travailleur,

587 6094 888 6139 restaurateur,
911 6088 1151 6139 épouserait
1172 6088 1422 6131 demoiselle
1462 6096 1647 6142 pouvant
1680 6091 1718 6131 le

587 6143 804 6194 seconder,
827 6146 959 6194 ayant
979 6140 1030 6182 de
1052 6140 1096 6182 10
1119 6143 1139 6182 à
1168 6143 1308 6184 12.000
1330 6143 1380 6185 fr.

1859 602 1950 642 632.
1976 624 2023 630 —
2048 602 2172 652 Veuf,
2196 602 2248 642 38
2268 611 2356 651 ans,
2379 607 2507 654 ayant
2526 600 2656 651 grand
2680 604 2935 650 restaurant,

1806 655 2046 707 épouserait
2070 668 2200 696 veuve
2223 667 2275 696 ou
2295 654 2543 695 demoiselle
2559 667 2611 695 en
2628 659 2795 706 rapport
2818 654 2938 703 d’âge

1807 715 1992 760 pouvant
2016 710 2051 750 le
2074 710 2275 751 seconder
2295 716 2334 750 et
2354 715 2486 762 ayant
2506 710 2694 762 quelque
2714 708 2844 748 avoir.

1858 800 1947 839 636.
1974 823 2014 830 —
2039 799 2306 850 Célibataire,
2330 799 2484 847 28ans,
2503 798 2671 839 fortune
2692 799 2860 839 100.000
2883 799 2932 838 fr.

1804 854 1986 904 espèces,
2003 855 2243 904 épouserait
2258 851 2508 892 demoiselle
2526 859 2656 902 ayant
2674 852 2782 892 belle
2798 852 2935 891 situa¬

1804 907 1890 946 tion
1912 906 2227 948 commerciale.

1859 1083 1988 1126 Nous
2034 1082 2251 1126 dormons
2302 1080 2567 1126 ci-dessous
2612 1078 2836 1122 l’adresse
2876 1079 2932 1123 de

1799 1143 1910 1186 MM.
1952 1142 2020 1186 les
2056 1142 2263 1184 notaires
2296 1142 2352 1184 de
2390 1139 2433 1183 la
2464 1138 2568 1183 ville
2596 1138 2651 1180 de
2684 1138 2928 1192 Marseille,

1799 1202 1877 1258 qui
1909 1214 2083 1256 pourra
2111 1204 2208 1246 être
2242 1200 2351 1246 utile
2384 1212 2499 1256 pour
2528 1198 2594 1243 les
2627 1198 2840 1240 contrats
2874 1196 2928 1239 de

1798 1262 2012 1315 mariage
2034 1275 2043 1303 :

1852 1362 1947 1400 MM.
1984 1362 2188 1412 Sabatier,
2211 1374 2287 1402 rue
2308 1360 2492 1411 Paradis,
2524 1360 2582 1399 17.

1984 1434 2204 1486 Raynaud,
2227 1446 2303 1474 rue
2326 1432 2510 1482 Paradis,
2532 1431 2598 1472 24.

1982 1507 2159 1559 Gaudet,
2183 1520 2258 1548 rue
2280 1506 2464 1556 Paradis,
2487 1506 2554 1548 46.

1982 1579 2180 1632 Gasquet,
2200 1592 2278 1620 rue
2295 1579 2480 1628 Paradis,
2504 1580 2568 1622 57.

1980 1652 2180 1703 Ferrand,
2204 1666 2279 1694 rue
2302 1652 2486 1702 Paradis,
2510 1654 2574 1694 59.

1980 1724 2135 1774 Brezet,
2159 1736 2232 1763 rue
2256 1723 2440 1774 Paradis,
2464 1724 2528 1764 68.

1982 1798 2031 1838 de
2056 1798 2193 1848 Laget,
2215 1808 2291 1836 rue
2314 1795 2635 1846 Saint-Eerréol,
2660 1798 2698 1838 7.

1983 1870 2254 1922 Delanglade,
2275 1883 2352 1911 rue
2370 1868 2698 1920 Saint-Ferréol,
2720 1871 2788 1911 29.

1982 1944 2124 1995 Benet,
2148 1956 2223 1984 rue
2244 1943 2566 1992 Saint-Ferréol,
2591 1943 2655 1983 30.

1979 2015 2224 2068 Provençal,
2247 2028 2322 2055 rue
2343 2012 2671 2062 Saint-Ferréol,
2696 2014 2764 2055 50.

1978 2083 2200 2132 Bouteille,
2224 2094 2299 2122 rue
2319 2079 2642 2130 Saint-Ferréol,
2670 2080 2735 2119 52.

1980 2154 2215 2206 Eslrangin,
2239 2166 2314 2194 rue
2335 2151 2660 2202 Saint-Ferréol,
2684 2151 2750 2194 54,

1979 2227 2180 2279 Jourdan,
2202 2239 2275 2267 rue
2298 2223 2620 2274 Saint-Ferréol,
2644 2223 2708 2266 59.

1976 2300 2132 2354 Sayou,
2156 2312 2232 2340 rue
2252 2295 2580 2346 Saint-Ferréol,
2606 2295 2668 2335 78.

1978 2372 2136 2422 Perrin,
2160 2384 2235 2412 rue
2258 2368 2520 2422 Montgrand,
2546 2368 2614 2410 38.

1975 2443 2311 2494 Taxil-Forloul,
2335 2440 2695 2494 rue'Montgrand,
2719 2438 2784 2480 48.

1976 2516 2119 2566 Alliés,
2146 2528 2220 2557 rue
2240 2515 2500 2568 Monlgrand,
2524 2515 2587 2556 62.

1975 2596 2108 2646 Azaïs,
2135 2608 2208 2636 rue
2231 2596 2280 2636 de
2304 2595 2343 2635 la
2363 2596 2503 2645 Darse,
2527 2595 2563 2635 5.

1976 2671 2171 2722 Laugier,
2194 2683 2270 2711 rue
2291 2671 2342 2711 de
2364 2670 2404 2710 la
2424 2670 2564 2718 Darse,
2587 2668 2652 2710 29.

1978 2744 2200 2795 Raynaud,
2226 2755 2299 2783 rue
2319 2742 2520 2788 Noailles,
2546 2743 2584 2782 7.

1976 2815 2196 2866 Dessuard,
2222 2827 2296 2856 rue
2316 2815 2518 2863 Noailles,
2548 2814 2606 2855 18.

1979 2887 2170 2938 Laugier,
2194 2900 2267 2927 rue
2287 2887 2560 2935 Cannebière,
2586 2887 2624 2926 5.

1978 2960 2104 2999 Décor
2111 2959 2204 3009 mis,
2230 2972 2303 3000 rue
2324 2960 2526 3012 Grîgnan,
2551 2960 2615 3000 56.

1978 3031 2099 3083 Latil,
2124 3046 2198 3072 rue
2219 3032 2376 3083 Sainte,
2403 3035 2438 3075 1.

1978 3104 2170 3155 Giraudi,
2194 3118 2318 3146 cours
2335 3106 2623 3155 Saint-Louis,
2648 3106 2684 3148 3.

1976 3176 2118 3227 Blanc,
2139 3191 2214 3218 rue
2235 3179 2286 3219 de
2310 3178 2483 3230 l’Arbre,
2507 3179 2546 3219 9.

1979 3250 2198 3300 Roubaud,
2224 3263 2299 3291 rue
2320 3251 2371 3291 de
2392 3250 2432 3291 la
2454 3251 2742 3304 République,
2768 3252 2830 3292 15.

1975 3320 2123 3374 Gavot,
2147 3335 2222 3363 rue
2243 3322 2299 3363 du
2324 3324 2511 3375 Bansset,
2535 3323 2572 3366 4.

1841 3515 2031 3570 L’Office
2062 3516 2300 3556 Mondonet
2318 3520 2380 3556 est
2407 3523 2562 3559 ouvert
2582 3520 2679 3559 tous
2706 3519 2767 3559 les
2786 3519 2924 3572 jours

1790 3582 1843 3623 de
1860 3584 1890 3623 2
1910 3582 2067 3623 heures
2087 3586 2112 3623 à
2136 3584 2162 3623 8
2183 3582 2339 3624 heures
2359 3586 2420 3626 du
2450 3587 2542 3627 soir
2568 3590 2608 3627 et
2646 3587 2706 3627 les
2742 3587 2923 3627 diman¬

1787 3650 1886 3691 ches
1906 3654 1946 3691 et
1963 3651 2074 3704 fêtes
2094 3651 2147 3692 de
2171 3654 2195 3692 9
2216 3651 2372 3694 heures
2391 3658 2416 3694 à
2439 3654 2571 3695 midi.

1847 3823 2257 3897 THÉÂTRES
2317 3835 2409 3893 ET
2467 3833 2863 3897 CONCERTS

1843 4014 2306 4050 Grand-Théâtre.
2334 4034 2376 4042 —
2416 4011 2450 4050 Il
2491 4011 2607 4051 vient
2640 4011 2691 4051 de
2714 4022 2756 4051 se
2778 4023 2922 4062 passer

1794 4088 1850 4116 un
1868 4076 2154 4128 changement
2172 4078 2276 4119 dans
2299 4076 2338 4119 la
2359 4076 2579 4118 direction.
2604 4075 2720 4119 Nous
2743 4088 2794 4118 ne
2816 4090 2922 4130 pou¬

1792 4156 1892 4186 vons
1914 4158 2064 4187 encore
2086 4144 2175 4186 dire
2198 4144 2300 4187 dans
2320 4144 2420 4199 quel
2440 4158 2536 4186 sens
2551 4158 2603 4186 ce
2624 4144 2918 4196 changement

1790 4225 1812 4251 a
1831 4224 1882 4252 eu
1904 4212 2007 4252 lieu.
2032 4214 2082 4252 M.
2103 4214 2394 4264 Campocasso,
2418 4214 2492 4266 qui
2535 4226 2578 4254 se
2618 4214 2760 4262 retire,
2787 4214 2920 4252 tenait

1794 4291 1876 4319 une
1898 4278 2016 4330 place
2038 4278 2139 4318 bien
2163 4278 2468 4328 considérable,
2492 4284 2532 4319 et
2551 4291 2606 4319 au
2626 4279 2787 4319 silence
2810 4279 2859 4319 de
2883 4278 2922 4318 la

1795 4355 1944 4397 presse,
1967 4355 2020 4382 on
2042 4350 2135 4383 sent
2170 4355 2254 4394 que
2292 4343 2495 4393 l’opinion
2536 4344 2643 4383 n’est
2675 4356 2746 4394 pas
2771 4355 2920 4383 encore

1792 4408 1890 4447 bien
1914 4406 2068 4447 établie
2091 4418 2163 4446 sur
2183 4418 2247 4447 ses
2270 4407 2456 4447 mérites.
2499 4406 2707 4456 Espérons
2744 4418 2827 4458 que
2870 4407 2920 4446 M.

1794 4472 1972 4522 Dufour,
1995 4472 2072 4523 qui
2095 4471 2158 4512 lui
2176 4472 2372 4522 succède,
2396 4484 2487 4512 sera
2508 4475 2531 4511 à
2556 4471 2594 4512 la
2619 4472 2803 4512 hauteur
2822 4483 2926 4522 pour

1794 4536 1966 4579 réaliser
1988 4544 2082 4580 tous
2103 4538 2163 4579 les
2183 4539 2418 4580 desiderata
2439 4538 2494 4579 du
2519 4536 2680 4590 public.
2708 4550 2716 4578 -
2764 4550 2810 4578 m

1846 4604 1904 4646 On
1920 4616 1947 4644 a
1966 4606 2108 4647 donné
2127 4614 2196 4647 Ces
2214 4606 2396 4658 jours-ci
2419 4607 2580 4647 Manon
2595 4611 2635 4647 et
2654 4604 2923 4655 ['Africaine,

1792 4659 1924 4711 grand
1946 4660 2087 4710 opéra,
2110 4670 2210 4699 avec
2232 4660 2282 4700 M.
2310 4662 2486 4700 Muratet
2506 4666 2546 4700 et
2572 4659 2867 4712 Mlle.Tanésy,

1846 4770 2128 4812 Gymnase.
2151 4786 2200 4791 —
2232 4762 2414 4802 Voulant
2434 4763 2536 4802 finir
2560 4762 2723 4803 l’année
2748 4774 2819 4814 par
2840 4774 2923 4802 une

1792 4830 2124 4882 représentation
2172 4824 2516 4880 extraordinaire,
2560 4827 2599 4870 la
2639 4828 2850 4870 direction
2900 4834 2924 4870 à

1792 4896 1947 4947 donné,
1974 4898 2124 4938 moitié
2147 4896 2235 4947 prix
2255 4898 2279 4935 à
2303 4900 2438 4936 toutes
2460 4895 2519 4936 les
2540 4895 2692 4946 places,
2720 4895 2758 4935 le
2779 4895 2923 4935 Cour¬

1794 4963 1888 5000 rier
1911 4962 1958 5002 de
1980 4963 2096 5015 Lyon
2118 4963 2158 5003 et
2182 4962 2363 5003 Durand
2378 4966 2417 5002 et
2439 4960 2628 5002 Durand.

1844 5028 2202 5068 Prochainement
2224 5043 2232 5070 :
2260 5028 2296 5068 la
2319 5028 2431 5068 Fille
2451 5028 2499 5068 de
2523 5026 2724 5067 Fauchon
2744 5026 2780 5066 la
2815 5026 2924 5067 Viel¬

1792 5094 1924 5136 leuse.

1847 5188 2107 5226 Variétés.
2130 5187 2180 5226 —
2219 5186 2478 5227 L’immense
2520 5187 2668 5228 succès
2707 5187 2756 5227 de
2780 5186 2819 5227 la
2839 5188 2922 5228 très

1790 5259 2012 5295 amusante
2031 5254 2158 5295 revue
2180 5252 2372 5307 Digiié.U
2388 5264 2464 5307 que
2484 5252 2643 5304 vengué
2648 5284 2659 5303 ,
2675 5252 2878 5294 continue
2900 5255 2923 5294 à

1791 5319 1896 5359 faire
1920 5319 1956 5359 le
1980 5320 2219 5360 maximum
2242 5322 2315 5362 des
2336 5324 2528 5368 recettes,
2551 5318 2742 5371 quoique
2764 5318 2848 5358 l’on
2870 5331 2919 5358 en

1791 5387 1870 5426 soit
1892 5387 1915 5426 à
1938 5386 1975 5426 la
1998 5387 2082 5427 22°"
2106 5387 2435 5440 représentation
2458 5400 2466 5439 ;
2502 5386 2564 5428 les
2599 5387 2698 5427 faits
2719 5384 2868 5427 locaux
2894 5399 2922 5439 y

1791 5458 1883 5491 sont
1907 5455 2166 5503 représentés
2200 5455 2328 5495 d’une
2366 5455 2488 5508 façon
2519 5454 2554 5494 si
2575 5454 2754 5507 joyeuse
2776 5466 2859 5506 que
2883 5452 2922 5492 le

1792 5516 1938 5568 public
1960 5518 2043 5559 fête
2067 5524 2159 5560 tous
2179 5518 2239 5559 les
2262 5519 2368 5560 soirs
2387 5531 2486 5560 avec
2510 5520 2835 5561 enthousiasme
2859 5519 2922 5560 les

1794 5582 1991 5623 vaillants
2010 5585 2267 5636 interprètes.
2299 5587 2371 5627 Les
2388 5587 2536 5628 décors
2551 5594 2644 5627 sont
2662 5592 2920 5636 somptueux

1791 5654 1832 5688 et
1855 5648 1912 5688 les
1932 5656 2146 5692 costumes
2166 5651 2362 5692 brillants
2383 5659 2423 5694 et
2446 5652 2715 5692 habilement
2735 5650 2852 5692 faits.

1847 5715 1922 5754 Les
1951 5715 2102 5758 ballets
2122 5723 2215 5758 sont
2236 5718 2492 5768 splendides.

1846 5820 2364 5862 Palale-de-Crfstal.
2398 5843 2451 5850 —
2490 5819 2602 5859 Tous
2642 5818 2700 5858 les
2739 5818 2844 5859 soirs
2883 5818 2920 5859 le

1791 5871 1916 5920 géant
1948 5871 2116 5915 chinois
2150 5875 2308 5926 Chang,
2347 5875 2552 5914 l’homme
2590 5872 2626 5912 le
2662 5872 2758 5924 plus
2786 5872 2920 5926 grand

1791 5938 1848 5978 du
1871 5938 2026 5978 monde
2043 5951 2052 5987 ;
2074 5939 2267 5982 Suzanna
2306 5939 2519 5988 Schaeffer,
2560 5938 2600 5978 la
2631 5938 2799 5982 célèbre
2819 5939 2920 5992 jon¬

1791 6003 1935 6054 gleuse
1975 6004 2172 6056 antipode
2191 6018 2200 6056 ;
2242 6007 2384 6047 Samat
2420 6008 2460 6046 et
2499 6003 2670 6055 Occelli,
2715 6007 2832 6047 ténor
2880 6012 2918 6047 et

1791 6071 1971 6126 baryton
2007 6071 2058 6112 de
2094 6074 2220 6123 grand
2264 6075 2418 6127 opéra;
2456 6071 2518 6112 les
2554 6071 2700 6123 Dante,
2739 6072 2920 6114 Marthe-

1791 6138 1971 6180 Marlhv.
1995 6139 2263 6182 Pantomime
2283 6138 2686 6182 Bernardi-Thalès.

3065 607 3419 695 Maisons
3479 611 4093 719 Recommandées

3030 866 3242 998 LE
3350 866 4126 1006 CHINOIS

3156 1032 3465 1083 CHAPEAUX
3502 1032 3571 1081 EN
3606 1035 3746 1083 TOUS
3780 1039 3994 1088 GENRES

3034 1112 3310 1155 COIFFURES
3349 1115 3479 1155 POUR
3523 1114 3799 1154 MESSIEURS
3842 1119 3906 1158 ET
3947 1119 4112 1160 DAMES

3314 1197 3586 1238 FRAICHEURS,
3619 1198 3696 1226 UON
3727 1196 3834 1224 GOUT

3096 1255 3246 1295 Haute
3267 1256 3528 1296 Nouveauté
3550 1259 3603 1296 de
3620 1259 3783 1311 forme,
3807 1256 4043 1312 Elégance,

3434 1322 3710 1375 Originalité

3300 1395 3519 1435 Spécialité
3540 1398 3591 1430 de
3616 1398 3656 1431 la
3679 1400 3838 1434 Maison

3004 1450 3190 1498 Coiffures
3211 1452 3336 1499 riches
3358 1454 3580 1503 d’intérieur
3599 1460 3639 1503 et
3660 1459 3706 1504 de
3726 1459 3870 1507 Bureau
3900 1459 4139 1523 (Derniè^MÆj

3392 1564 3398 1568 .
3414 1528 3512 1567 Prix
3542 1530 3736 1572 Modérés

3079 1592 3200 1642 26,
3243 1592 3406 1634 Fine
3454 1594 3923 1650 GaxineJoièr*e,
3960 1604 4062 1646 26

2998 1754 3242 1870 ARMES
3290 1758 3374 1870 DE
3430 1758 3690 1874 CHÂSSE
3738 1758 3826 1874 ET
3882 1758 3970 1874 DE
4006 1762 4130 1874 TIR

3116 1912 3419 1975 Réparations,
3460 1903 3711 1979 (Échanges,
3739 1919 4010 1982 Nettoyages

2966 2029 2970 2066 i
3008 2010 3547 2076 BERNARD
3599 2031 3711 2066 rue
3739 2019 4020 2083 Paradis,
4059 2020 4134 2074 32

3051 2199 3395 2299 Entreprise
3441 2201 3509 2279 de
3551 2201 4081 2305 Déménagements

3186 2316 3298 2355 Pour
3327 2328 3376 2356 la
3406 2318 3568 2359 France
3599 2332 3650 2359 et
3679 2322 3943 2363 l’Etranger

3135 2400 3376 2446 PRIX
3451 2395 3991 2456 MODÉRÉS

3066 2486 3208 2512 Cadres

3120 2542 3155 2571 et

3046 2598 3236 2624 WAGONS

3036 2643 3236 2684 capitonnés

3007 2711 3091 2743 pour
3115 2703 3264 2736 Moub'les

3059 2770 3220 2810 précieux

3538 2491 3604 2515 des

3315 2527 3599 2609 Déménageuses
3637 2527 3819 2599 Favorites

3369 2613 3549 2741 ANRÈS
3589 2633 3631 2741 &
3671 2631 3705 2741 C
3709 2631 3739 2669 ie

3336 2767 3423 2799 Maison
3450 2768 3624 2810 complètement
3650 2780 3678 2802 en
3703 2770 3787 2803 dehors

3451 2816 3479 2847 de
3499 2819 3548 2848 tout
3566 2818 3680 2859 Monopole

3867 2563 4107 2588 ASSURANCES

3926 2611 4043 2642 contre

3897 2662 4076 2698 l’Incendie

3975 2719 4004 2743 et

3102 2892 3208 2939 Bourse
3227 2891 3427 2940 ImrnobiliÈre.
3439 2919 3495 2924 —
3514 2895 3598 2942 Vente
3619 2898 3646 2942 et
3664 2896 3788 2944 location
3808 2899 4010 2950 d’immeuMes

2996 2975 3228 3018 MARSEILLE—
3244 2975 3330 3019 Rue
3346 2975 3558 3028 Pavillon,
3575 2978 3612 3030 4,
3628 2990 3680 3022 au
3694 2979 3943 3032 Magasin—
3958 2986 4131 3027 MARSEILLE

3192 3166 3415 3207 Vient
3471 3170 3563 3208 de
3620 3171 3938 3223 paraître

3332 3256 3558 3308 (EDITION
3584 3260 3647 3300 DE
3671 3262 3792 3314 1891)

3044 3526 3103 3566 DE
3122 3526 3182 3567 LA
3203 3527 3402 3582 FRANCE,
3422 3528 3480 3570 DE
3503 3531 3562 3571 LÀ
3580 3531 3739 3584 CORSE,
3759 3532 3818 3572 DE
3832 3527 4080 3575 L’ALGÉRIE

3184 3595 3243 3634 DE
3263 3596 3322 3636 LA
3344 3596 3535 3636 TUNISIE
3552 3598 3582 3636 &
3603 3599 3688 3636 DES
3711 3598 3939 3638 COLONIES

3000 3663 3068 3702 Un
3090 3663 3180 3702 fort
3211 3663 3370 3703 volume
3400 3666 3450 3703 de
3475 3664 3564 3702 800
3588 3676 3732 3718 pages,
3766 3666 4015 3718 imprimées
4050 3680 4128 3707 sur

3228 3716 3258 3755 2
3280 3719 3495 3768 colonnes,
3522 3718 3683 3760 reliure
3704 3719 3892 3775 anglaise

3103 3799 3504 3836 Prix..
3734 3806 3796 3838 95
3827 3804 4014 3840 franc*

3046 3886 3114 3924 Cet
3136 3898 3336 3934 ouvrage,
3362 3886 3504 3935 rédigé
3523 3898 3595 3926 sur
3618 3900 3674 3927 un
3704 3888 3800 3938 plan
3840 3890 4124 3932 entièrement

2998 3948 3207 3984 nouveau,
3247 3936 3435 3976 contient
3468 3943 3562 3978 tous
3603 3939 3662 3979 les
3696 3940 3950 3980 documents
3988 3943 4126 3991 régle¬

2996 3995 3186 4028 mentant
3211 3990 3246 4030 le
3267 3991 3426 4032 service
3448 3991 3520 4032 des
3555 3996 3703 4043 postes,
3739 3994 3811 4035 des
3843 3994 4120 4046 télégraphes,

2998 4043 3070 4083 des
3090 4043 3335 4095 téléphones
3356 4052 3395 4087 et
3418 4046 3488 4087 des
3508 4047 3706 4090 chemins
3727 4048 3778 4090 de
3795 4048 3870 4091 fer.

3050 4098 3083 4138 Il
3104 4098 3280 4152 indique
3311 4100 3371 4142 les
3392 4114 3516 4143 noms
3547 4103 3598 4143 de
3622 4108 3759 4144 toutes
3782 4104 3842 4144 les
3864 4116 4123 4155 communes,

2995 4154 3103 4194 ainsi
3124 4167 3207 4207 que
3230 4167 3334 4196 ceux
3355 4156 3428 4196 des
3448 4156 3638 4198 bureaux
3667 4158 3718 4198 de
3743 4164 3855 4210 poste
3878 4164 3918 4199 et
3944 4159 3995 4200 de
4019 4159 4126 4200 télé¬

2994 4208 3154 4259 graphe
3174 4210 3250 4260 qui
3275 4210 3332 4248 les
3348 4211 3607 4259 desservent,
3644 4211 3704 4251 les
3723 4212 3935 4252 distances
3968 4212 4126 4263 légales

2995 4267 3035 4299 et
3070 4263 3106 4300 le
3136 4260 3287 4300 chiffre
3323 4262 3374 4302 de
3412 4262 3451 4302 la
3490 4263 3755 4314 population.
3796 4266 3855 4303 On
3878 4278 3906 4315 y
3940 4279 3963 4304 a
3984 4267 4126 4318 ajouté

2999 4319 3131 4354 toutes
3156 4314 3219 4352 les
3239 4327 3366 4364 gares
3395 4323 3590 4355 ouvertes
3622 4327 3674 4354 au
3707 4316 3866 4355 service
3899 4316 3972 4358 des
4004 4320 4124 4359 colis

2996 4378 3216 4418 postaux,
3258 4380 3356 4407 avec
3392 4367 3584 4408 mention
3624 4367 3790 4419 lorsque
3830 4379 3900 4407 ces
3938 4368 4127 4408 derniers

2996 4424 3090 4459 sont
3108 4419 3312 4460 livrables
3330 4432 3379 4460 en
3402 4432 3500 4471 gare
3522 4432 3574 4459 ou
3595 4420 3614 4458 à
3636 4419 3856 4462 domicile.

3050 4472 3108 4511 Ou
3131 4485 3159 4524 y
3183 4480 3376 4512 trouvera
3396 4474 3511 4512 aussi
3547 4479 3639 4515 tous
3671 4474 3731 4515 les
3762 4475 4128 4527 renseignements

2999 4526 3252 4566 nécessaires
3266 4536 3340 4566 sur
3358 4526 3391 4568 le
3408 4528 3594 4570 service
3608 4530 3694 4571 des
3710 4539 4126 4583 recouvrements,

2998 4583 3078 4622 soit
3107 4592 3158 4620 en
3180 4579 3348 4631 France,
3371 4582 3452 4622 soit
3474 4580 3579 4624 dans
3602 4583 3659 4624 les
3682 4596 3786 4638 pays
3806 4586 4022 4636 étrangers

3050 4634 3119 4678 Cet
3140 4647 3322 4686 ouvrage
3343 4644 3400 4675 est
3429 4635 3747 4688 indispensable
3780 4652 3834 4679 au
3870 4651 4124 4690 commerce,

2998 4691 3020 4730 à
3044 4688 3280 4730 l’industrie
3302 4695 3340 4730 et
3362 4701 3443 4730 aux
3464 4690 3847 4734 administrations.

3186 4779 3387 4822 PRIME
3418 4782 3459 4822 A
3492 4780 3611 4822 NOS
3642 4774 3939 4824 ABONNÉS

3051 4855 3128 4898 Par
3160 4856 3271 4899 suite
3303 4858 3404 4899 d’un
3440 4866 3736 4910 arrangement
3768 4874 3868 4904 avec
3912 4862 4122 4916 l'éditeur,

2999 4924 3106 4952 nous
3126 4923 3310 4953 sommes
3330 4915 3352 4952 à
3379 4915 3516 4955 même
3551 4915 3600 4956 de
3623 4915 3791 4956 fournir
3811 4924 3875 4959 cet
3896 4930 4082 4968 ouvrage
4103 4922 4127 4958 à

3000 4978 3074 5006 nos
3119 4966 3306 5010 abonnés
3352 4980 3402 5008 en
3444 4968 3501 5010 les
3537 4968 3694 5012 faisant
3730 4972 3959 5014 bénéficier
3998 4974 4126 5012 d’une

2999 5020 3151 5062 remise
3172 5022 3506 5074 exceptionnelle
3527 5024 3576 5067 de
3599 5027 3660 5067 20
3683 5039 3727 5078 p,
3756 5028 3864 5068 100.

3050 5074 3164 5116 Nous
3183 5075 3383 5126 adresser,
3406 5078 3511 5118 dans
3530 5090 3576 5119 ce
3598 5091 3682 5130 cas,
3720 5092 3775 5120 un
3812 5079 4124 5128 mandat-poste

2996 5127 3047 5171 de
3068 5130 3130 5171 20
3154 5130 3211 5172 fr.
3236 5143 3288 5171 au
3312 5143 3412 5171 nom
3435 5132 3484 5174 de
3507 5134 3675 5175 Bonal.

3193 5299 3277 5369 A
3339 5299 3921 5373 VENDRE

2997 5397 3305 5457 Une
3361 5411 4129 5473 campagne

3245 5505 3293 5567 A
3347 5503 3881 5571 SAINT-MARCEL

3099 5598 3394 5642 Ancienne
3444 5602 3694 5654 fabrique
3744 5598 3811 5636 de
3864 5595 4024 5640 tuiles

3300 5689 3406 5730 JOLI
3440 5686 3590 5728 POINT
3620 5682 3684 5722 DE
3716 5682 3813 5722 VUE

2996 5767 3190 5808 Très
3238 5770 3394 5807 k>on
3444 5774 3650 5815 jponr»
3703 5760 3775 5807 la
3828 5766 4120 5811 chasse

3090 5844 3498 5899 CONTENANCE
3532 5844 3540 5890 :
3578 5844 3606 5890 2
3616 5874 3623 5902 ;
3635 5844 3744 5898 500
3776 5844 4023 5899 MÈTRES

2996 5935 3100 5988 Près
3124 5935 3162 5984 le
3184 5931 3371 5982 château
3396 5924 3446 5979 de
3472 5924 3526 5980 NI.
3556 5927 3594 5983 le
3624 5934 3811 6003 marquis
3851 5934 3902 5986 de
3935 5930 4127 5985 Coriolis

3635 6070 3682 6102 Le
3704 6068 3840 6110 gérant
3860 6075 3872 6098 :
3896 6064 4040 6103 Bonal.

2966 6162 2970 6174 '
2995 6155 3106 6196 Impr.
3124 6154 3283 6196 spéciale
3307 6159 3356 6194 du
3371 6160 3463 6194 Lien
3494 6163 3547 6195 du
3566 6160 3750 6199 Mariage,
3766 6158 3883 6199 11,rue
3899 6162 3944 6196 de
3960 6162 3995 6198 la
4019 6163 4123 6197 Paix.
