4720 7064
584 430 642 474 N*
666 428 715 474 3.
743 452 802 459 —
839 427 1096 471 Deuxième
1139 424 1326 470 Année.

1943 419 2296 467 Edition
2338 419 2817 467 Mensuelle

3283 394 3371 448 <T\
3453 394 3498 448 J

3534 420 3664 466 Mois
3684 432 3743 466 de
3766 419 3911 468 Mars
3934 418 4070 466 1891,

520 680 888 1208 L8
1064 680 1816 1208 LUS
1976 680 2392 1208 II

1003 1295 1657 1387 DÉLICATESSE,
1719 1291 2429 1381 HONORABILITÉ,
2485 1291 2881 1363 PROBITÉ
2937 1305 2993 1361 &
3047 1291 3597 1363 DISCRÉTION

583 1570 686 1620 15
718 1567 963 1618 Cent,
995 1566 1038 1618 le
1064 1566 1286 1618 Numéro

1879 1564 2176 1616 OFFICE
2232 1563 2707 1615 MONDONET

1524 1654 1656 1703 47,
1708 1656 1871 1694 Rue
1914 1655 2006 1694 de
2049 1654 2115 1692 la.
2159 1655 2390 1692 Darse
2431 1652 2522 1702 (au
2560 1651 2586 1690 1
2592 1658 2627 1678 er
2663 1660 2763 1690 sur
2799 1651 3059 1700 entresol)

2102 1734 2482 1778 MARSEILLE

1474 1815 1623 1850 Ouvert
1647 1815 1736 1848 tous
1754 1808 1808 1848 les
1820 1811 1939 1859 jours
1956 1811 2002 1848 de
2016 1812 2044 1848 2
2058 1807 2098 1848 h.
2116 1810 2142 1848 à
2158 1811 2182 1848 8
2196 1807 2222 1848 h
2226 1811 2234 1848 .
2254 1811 2307 1848 du
2320 1811 2420 1859 soir,
2442 1815 2479 1850 et
2499 1808 2532 1850 le
2550 1808 2767 1850 dimanche
2787 1810 2834 1850 de
2855 1811 2878 1848 9
2902 1806 2923 1848 h
2931 1807 2938 1847 .
2964 1807 2991 1847 à
3010 1807 3114 1847 midi

3298 1564 3402 1612 15
3435 1560 3680 1614 Cent,
3711 1560 3754 1611 le
3782 1560 4004 1612 Numéro

551 1678 670 1710 Envoi
688 1678 804 1716 gratis
824 1678 912 1711 hors
930 1679 966 1710 la
987 1678 1082 1710 Ville
1103 1681 1139 1710 et
1159 1679 1180 1708 à
1202 1676 1360 1707 l’Etran¬

508 1727 571 1756 ger
610 1719 631 1748 à
662 1720 764 1752 toute
804 1728 987 1760 personne
1026 1720 1090 1760 qui
1135 1727 1179 1750 en
1226 1716 1291 1748 fait
1324 1715 1359 1746 la

507 1760 690 1792 demande
710 1771 776 1810 par
796 1762 903 1792 lettre
927 1760 1139 1798 affranchie,
1168 1762 1204 1788 et
1232 1758 1359 1788 franco

507 1808 595 1834 sons
615 1803 818 1843 enveloppe
839 1800 1011 1834 cachetée
1031 1798 1159 1832 contre
1182 1798 1236 1830 30
1259 1800 1356 1830 cent,

508 1851 551 1874 en
575 1844 740 1876 timbres.

3264 1684 3444 1724 Mariages
3459 1684 3578 1716 riches
3592 1694 3683 1726 pour
3699 1687 3822 1718 toutes
3840 1684 3892 1716 les
3911 1685 4076 1718 fortunes

3224 1730 3260 1758 et
3290 1730 3414 1758 toutes
3446 1726 3499 1758 les
3531 1727 3726 1767 positions.
3759 1726 3808 1758 La
3846 1727 3992 1759 maison
4031 1736 4075 1758 ne

3223 1767 3391 1808 s’occupe
3408 1776 3478 1808 que
3499 1768 3564 1800 des
3580 1768 3716 1800 unions
3738 1768 3918 1808 possibles
3935 1772 3972 1799 et
3987 1778 4076 1799 sans

3223 1810 3342 1840 tâche.

506 1998 582 2106 La
602 1994 850 2110 MissiDn
878 1994 914 2110 i
914 2014 954 2110 n
990 2034 1018 2090 «
1054 1990 1194 2106 Liea
1222 1990 1298 2106 fln
1334 1990 1586 2126 Mariage
1610 2030 1638 2086 »

583 2203 767 2246 Notre
794 2203 902 2244 but
931 2203 1027 2243 est
1056 2198 1568 2243 essentiellement

508 2274 712 2322 moral,
750 2272 1007 2313 honnête
1035 2272 1094 2312 et
1120 2266 1643 2323 philanthropique

571 2423 699 2464 Dans
726 2424 859 2466 notre
879 2422 944 2464 fin
971 2420 1027 2464 de
1064 2420 1203 2464 siècle
1244 2422 1304 2463 où
1328 2422 1428 2463 tout
1451 2418 1643 2462 marche

512 2492 539 2535 à
576 2491 619 2536 la
643 2506 835 2551 vapeur,
860 2496 906 2536 et
940 2495 1000 2536 où
1036 2492 1080 2536 la
1112 2492 1284 2536 société
1307 2494 1372 2535 vit
1411 2491 1531 2534 dans
1552 2503 1644 2534 une

511 2566 700 2608 activité
722 2564 978 2608 dévorante
1002 2576 1011 2620 ;
1042 2566 1107 2608 les
1127 2563 1295 2622 jeunes
1316 2575 1435 2618 gens
1456 2563 1643 2606 sérieux

510 2636 587 2691 qui
610 2635 866 2679 cherchent
887 2638 914 2680 à
934 2650 984 2680 se
1000 2638 1131 2680 créer
1154 2648 1242 2679 une
1268 2635 1470 2692 position
1492 2646 1643 2678 avan¬

506 2710 703 2762 tageuse
727 2708 870 2764 parle
894 2710 1079 2759 travail,
1103 2710 1264 2752 vivant
1288 2710 1410 2751 dans
1439 2707 1504 2751 les
1530 2708 1642 2763 pré¬

507 2780 815 2835 occupations
836 2782 1110 2823 constantes
1146 2779 1256 2822 d’un
1288 2779 1451 2823 labeur
1475 2779 1643 2822 ardent

507 2863 626 2906 pour
647 2848 823 2891 arriver
846 2850 871 2892 à
891 2852 1012 2894 cette
1030 2848 1114 2903 fin,
1151 2850 1398 2906 négligent
1431 2850 1496 2894 les
1518 2851 1640 2894 rela¬

504 2920 628 2962 tions
667 2919 866 2964 sociales
903 2923 979 2978 qui
1023 2923 1298 2978 pourraient
1335 2922 1400 2964 les
1443 2934 1640 2978 pousser

507 3002 611 3032 vers
636 2990 675 3034 le
718 2994 950 3047 mariage.
988 2995 1214 3048 Lorsque,
1240 2992 1382 3042 enfin,
1407 2994 1588 3035 arrivés
1612 2994 1639 3035 à

503 3063 655 3106 trente
683 3076 740 3106 ou
771 3067 1004 3119 quarante
1027 3076 1130 3116 ans,
1156 3063 1211 3106 ils
1240 3066 1322 3106 ont
1346 3064 1511 3119 acquis
1548 3075 1640 3106 une

504 3134 708 3184 position
750 3134 828 3187 qui
851 3134 951 3175 leur
986 3136 1166 3188 permet
1194 3134 1251 3176 de
1290 3135 1495 3190 respirer
1516 3136 1562 3178 et
1584 3134 1640 3176 de

504 3202 732 3255 regarder
774 3203 799 3244 à
841 3202 940 3244 leur
991 3206 1160 3246 entour
1208 3218 1327 3261 pour
1383 3206 1642 3260 compléter

507 3271 606 3316 leur
648 3272 850 3318 carrière
879 3286 964 3330 par
1004 3286 1066 3316 un
1110 3275 1340 3328 mariage,
1366 3275 1422 3316 ils
1452 3278 1640 3317 sentent

506 3345 546 3390 le
575 3344 679 3390 vide
698 3350 870 3390 autour
890 3346 1028 3390 d'eux
1058 3347 1102 3388 et
1120 3347 1227 3390 sont
1251 3358 1370 3403 pour
1400 3346 1519 3388 ainsi
1542 3346 1640 3390 dire

506 3418 796 3462 désorientés
819 3432 875 3462 ne
898 3423 1122 3463 trouvant
1140 3432 1372 3476 personne
1391 3420 1447 3463 de
1470 3432 1642 3464 conve¬

503 3484 642 3528 nable
675 3487 795 3530 dans
818 3488 858 3531 le
891 3490 1039 3531 cercle
1062 3491 1144 3532 des
1178 3491 1404 3534 relations
1428 3492 1488 3534 où
1511 3491 1567 3532 ils
1588 3504 1640 3534 se

506 3562 614 3603 sont
633 3572 738 3603 mus
758 3558 1061 3618 jusqu’alors.

563 3640 772 3683 Souvent
811 3640 1119 3694 découragés,
1175 3639 1231 3684 ils
1288 3639 1503 3684 finissent
1555 3651 1640 3696 par

504 3719 731 3749 renoncer
754 3720 814 3750 au
855 3710 1066 3760 mariage
1088 3712 1126 3751 si
1158 3723 1247 3752 une
1283 3712 1411 3752 main
1435 3712 1559 3754 amie
1582 3723 1640 3754 ne

506 3778 632 3819 vient
666 3776 732 3820 les
752 3778 882 3822 aider
904 3782 947 3823 et
986 3779 1051 3823 les
1072 3779 1240 3835 guider
1274 3780 1395 3824 dans
1430 3782 1470 3824 le
1504 3782 1640 3824 choix

506 3846 644 3894 d’une
666 3862 931 3908 compagne
954 3851 1032 3910 qui
1054 3854 1151 3896 doit
1172 3855 1397 3910 partager
1422 3852 1520 3898 leur
1544 3854 1632 3906 vie,

504 3919 631 3967 leurs
648 3922 767 3980 joies
784 3928 830 3970 et
854 3926 979 3970 leurs
999 3926 1175 3983 peines.

564 4002 684 4046 C’est
712 4002 752 4046 le
792 4004 875 4046 but
906 4015 996 4058 que
1028 4003 1140 4046 s’est
1177 4004 1378 4059 proposé
1427 4004 1467 4047 le
1515 4004 1640 4047 Lien

504 4071 574 4114 du
611 4072 850 4128 Mariage
887 4087 896 4114 :
934 4075 1043 4116 Etre
1068 4072 1214 4120 l’ami,
1238 4072 1279 4115 le
1296 4072 1438 4126 guide
1468 4075 1514 4115 et
1532 4072 1638 4115 l’in¬

504 4143 718 4186 dicateur
756 4142 838 4184 des
880 4143 1051 4184 unions
1090 4143 1322 4186 honnêtes
1355 4146 1400 4184 et
1423 4142 1639 4186 honora¬

503 4211 618 4254 bles.
648 4214 794 4256 Notre
815 4214 899 4258 but
919 4216 988 4258 est
1022 4214 1420 4259 essentiellement
1446 4214 1639 4271 philan¬

504 4282 756 4342 thropique
784 4288 830 4330 et
850 4286 1247 4330 essentiellement
1270 4286 1435 4330 moral.

564 4364 629 4406 La
670 4363 946 4419 population
982 4364 1159 4408 décroît
1194 4378 1332 4422 parce
1355 4378 1444 4422 que
1467 4364 1506 4408 le
1531 4379 1639 4408 ma¬

504 4434 636 4486 riage
658 4438 727 4475 est
746 4435 930 4487 négligé
951 4447 960 4487 ;
980 4439 1026 4478 et
1048 4435 1087 4479 le
1111 4438 1323 4492 mariage
1342 4439 1412 4480 est
1428 4438 1636 4492 négligé,

506 4512 646 4556 parce
668 4514 758 4558 que
784 4503 1006 4548 l'homme
1026 4510 1238 4563 emporté
1275 4520 1359 4563 par
1380 4508 1420 4551 le
1444 4510 1640 4552 tourbil¬

504 4571 582 4615 lon
607 4572 690 4618 des
719 4572 927 4626 affaires,
955 4575 1031 4618 n’a
1050 4590 1135 4631 pas
1156 4576 1198 4619 le
1220 4580 1374 4632 temps
1395 4579 1450 4620 de
1470 4579 1638 4622 s’arrê¬

504 4647 572 4688 ter
594 4658 712 4702 pour
734 4646 974 4688 combiner
995 4650 1040 4688 et
1068 4647 1294 4690 chercher
1326 4647 1428 4691 telle
1451 4660 1510 4691 ou
1532 4648 1638 4691 telle

504 4718 652 4760 union
675 4718 753 4774 qui
779 4719 991 4776 pourrait
1016 4718 1076 4762 lui
1102 4720 1342 4763 convenir.

560 4792 594 4831 Il
618 4792 694 4834 n’a
716 4807 803 4847 pas
824 4796 864 4839 le
887 4798 1042 4852 temps
1063 4799 1106 4840 et
1147 4810 1204 4840 ne
1227 4799 1338 4854 peut
1376 4810 1538 4854 passer
1556 4798 1638 4842 des

502 4860 622 4904 mois
643 4866 686 4904 et
710 4867 951 4918 peut-être
974 4868 1056 4911 des
1074 4870 1252 4912 années
1274 4871 1300 4912 à
1324 4870 1511 4914 décider
1534 4870 1638 4914 telle

505 4946 735 4991 personne
776 4935 802 4976 à
843 4939 1070 4990 partager
1100 4951 1152 4980 sa
1184 4940 1254 4982 vie
1278 4951 1287 4992 ;
1314 4940 1342 4982 il
1370 4955 1424 4984 ne
1446 4947 1639 4987 connaît

504 5019 591 5062 pas
610 5007 720 5051 bien
756 5004 800 5050 la
834 5006 1059 5048 situation
1095 5007 1151 5051 de
1190 5012 1310 5054 cette
1333 5023 1583 5066 personne,
1608 5014 1634 5056 il

502 5076 650 5122 hésite
684 5083 730 5123 et
765 5079 867 5123 finit
896 5092 980 5136 par
1011 5091 1236 5124 renoncer
1263 5096 1322 5126 au
1359 5086 1572 5139 mariage
1592 5090 1639 5128 et

502 5155 551 5186 se
572 5147 786 5200 résigner
807 5152 834 5195 à
859 5152 984 5196 vivre
1016 5150 1250 5195 d’amitiés
1274 5155 1574 5208 passagères.

560 5222 679 5266 Mais
700 5236 751 5267 ce
780 5230 859 5282 qui
898 5231 1051 5274 arrive
1075 5242 1194 5287 pour
1220 5228 1288 5274 les
1308 5227 1476 5286 jeunes
1499 5243 1632 5287 gens,

503 5296 658 5340 arrive
680 5295 787 5339 bien
812 5298 918 5352 plus
948 5314 1118 5347 encore
1138 5316 1255 5359 pour
1278 5302 1343 5347 les
1382 5316 1638 5360 personnes

502 5371 580 5424 qui
606 5372 750 5426 ayant
788 5367 859 5411 été
899 5371 1034 5412 unies
1072 5387 1163 5418 une
1194 5375 1423 5431 première
1462 5376 1550 5419 fois
1587 5390 1638 5419 se

502 5443 720 5486 trouvent
746 5443 846 5487 tout
867 5442 894 5484 à
916 5451 1035 5496 coup
1074 5443 1295 5491 désunies
1328 5460 1414 5504 par
1439 5446 1478 5490 le
1499 5447 1638 5491 décès

504 5508 560 5551 de
584 5512 708 5558 l’une
732 5515 906 5559 d’elles.

563 5587 712 5640 Après
742 5596 880 5636 s'être
914 5592 1183 5648 longtemps
1204 5591 1415 5638 abîmées
1438 5596 1559 5640 dans
1595 5597 1638 5639 la

503 5655 699 5700 douleur
726 5666 771 5704 et
806 5667 935 5708 avoir
970 5667 1088 5722 payé
1134 5676 1196 5707 un
1228 5660 1352 5719 juste
1396 5667 1542 5710 tribut
1584 5668 1638 5711 de

503 5726 676 5771 larmes
698 5731 724 5772 à
754 5731 935 5788 l’époux
971 5750 1030 5780 ou
1055 5739 1080 5780 à
1112 5736 1316 5794 l’épouse
1340 5734 1556 5791 décédée,
1582 5739 1638 5782 ils

502 5803 688 5844 sentent
724 5800 830 5856 plus
853 5807 1087 5852 vivement
1124 5808 1164 5853 le
1188 5810 1290 5852 vide
1312 5807 1391 5866 qui
1423 5806 1531 5850 s’est
1553 5807 1638 5850 fait

503 5878 674 5919 autour
711 5872 772 5916 du
812 5876 1075 5931 survivant,
1120 5880 1174 5924 ils
1207 5886 1286 5924 ont
1326 5878 1488 5926 besoin
1526 5876 1638 5920 d’un

504 5959 635 5990 cœur
656 5947 748 5991 ami
787 5946 864 6004 qui
904 5944 972 5988 les
1004 5951 1194 5995 console
1230 5966 1290 5996 ou
1326 5952 1392 5996 les
1426 5951 1632 6008 protège.

503 6015 564 6056 Ils
586 6019 796 6074 aspirent
819 6021 846 6063 à
868 6019 987 6063 cette
1015 6018 1086 6060 vie
1107 6023 1360 6079 tranquille
1378 6024 1575 6080 paisible
1595 6026 1640 6067 et

503 6086 760 6142 ntérieure,
800 6092 912 6136 faite
943 6091 1220 6135 d’intimités
1244 6098 1290 6136 et
1311 6096 1367 6139 de
1391 6096 1639 6142 confiden¬

1718 1992 1796 2024 ces
1823 1994 1914 2038 que
1952 1980 1998 2024 la
2032 1984 2155 2025 mort
2194 1995 2220 2026 a
2259 1994 2474 2038 rompue.
2512 1983 2642 2023 Dans
2683 1992 2735 2023 ce
2774 1992 2856 2023 cas

1719 2054 1939 2098 l’homme
1980 2067 2007 2096 a
2055 2055 2219 2098 besoin
2259 2054 2399 2098 d’une
2442 2054 2564 2096 amie
2603 2052 2756 2108 pleine
2798 2052 2855 2094 de

1718 2126 1847 2167 soins
1875 2128 1919 2168 et
1948 2126 2003 2168 de
2035 2126 2374 2167 dévouements
2398 2135 2407 2176 ;
2430 2124 2472 2167 la
2492 2123 2631 2166 dame
2654 2122 2854 2166 cherche

1719 2207 1782 2236 un
1803 2195 2006 2247 soutien,
2034 2207 2095 2236 un
2122 2198 2387 2251 protecteur
2427 2198 2471 2238 et
2496 2207 2560 2236 un
2583 2194 2704 2236 aide.
2735 2194 2854 2236 Mais

1718 2267 1776 2310 où
1818 2268 2006 2310 trouver
2027 2264 2072 2308 la
2116 2278 2349 2322 personne
2384 2264 2462 2320 qui
2496 2264 2710 2306 réunisse
2746 2266 2852 2306 tous

1718 2338 1784 2383 les
1824 2338 2039 2383 désidéra
2047 2342 2092 2382 ta
2112 2338 2135 2382 ?
2156 2340 2220 2382 La
2242 2340 2363 2381 mort
2384 2336 2462 2394 qui
2486 2348 2511 2379 a
2534 2335 2572 2379 si
2608 2335 2852 2390 brusque¬

1718 2414 1846 2454 ment
1886 2411 2179 2466 interrompu
2220 2408 2262 2452 le
2295 2422 2434 2452 cours
2470 2408 2526 2451 de
2564 2410 2686 2451 cette
2722 2406 2852 2450 exis¬

1718 2486 1852 2527 tence
1871 2482 2034 2526 n’était
2056 2494 2142 2538 pas
2163 2481 2323 2524 entrée
2346 2480 2464 2524 dans
2483 2479 2550 2523 les
2583 2478 2759 2522 calculs
2794 2478 2852 2520 de

1718 2555 1762 2599 la
1784 2556 1855 2599 vie
1890 2566 2156 2598 commune.
2199 2554 2268 2598 Où
2307 2555 2494 2596 trouver
2534 2551 2578 2594 la
2618 2562 2852 2607 personne

1719 2628 1987 2672 réunissant
2008 2627 2075 2671 les
2096 2626 2362 2670 conditions
2386 2636 2502 2682 pour
2523 2636 2616 2667 une
2648 2622 2851 2667 seconde

1719 2700 1884 2746 union.

1780 2776 1840 2818 Le
1856 2772 2046 2830 journal
2076 2772 2087 2815 1
2092 2784 2116 2815 q
2139 2770 2263 2814 Lien
2286 2768 2354 2812 du
2391 2768 2626 2826 Mariage
2666 2767 2779 2810 offre
2824 2767 2851 2810 à

1720 2850 1824 2890 tous
1848 2858 1938 2888 une
1974 2843 2202 2887 situation
2238 2839 2494 2884 semblable
2520 2842 2566 2883 et
2599 2838 2786 2895 lorsque
2808 2839 2851 2882 la

1716 2931 1947 2976 personne
1968 2915 2110 2974 qu’on
2150 2915 2302 2958 désire
2324 2927 2382 2958 ne
2419 2914 2487 2970 s’y
2506 2916 2671 2956 trouve
2694 2924 2796 2969 pas,
2823 2914 2848 2956 il

1714 2991 1790 3046 n’y
1808 3003 1834 3034 a
1851 2990 1955 3046 qu’à
1980 2988 2239 3031 s’adresser
2275 2988 2300 3030 à
2334 2986 2552 3030 l'Office
2588 2988 2851 3028 Mondonet

1715 3063 1792 3118 qui
1816 3075 1843 3104 a
1867 3074 1928 3104 un
1951 3059 2107 3116 grand
2130 3059 2326 3102 nombre
2346 3058 2400 3102 de
2434 3058 2752 3114 propositions
2771 3058 2848 3112 qui

1715 3147 1772 3176 ne
1792 3132 1999 3188 figurent
2022 3143 2108 3188 pas
2130 3130 2250 3174 dans
2272 3143 2350 3174 ces
2371 3128 2612 3172 colonnes.

1776 3212 1919 3252 Notre
1936 3208 2126 3264 journal
2163 3222 2188 3251 a
2214 3220 2330 3264 pour
2354 3207 2435 3250 but
2454 3206 2662 3250 d’ouvrir
2683 3206 2727 3248 la
2750 3204 2852 3248 voie

1714 3279 1971 3323 honorable
2006 3280 2062 3323 de
2098 3279 2142 3322 la
2179 3280 2354 3322 société
2391 3280 2418 3320 à
2462 3282 2588 3321 toute
2618 3290 2852 3332 personne

1715 3351 1792 3406 qui
1811 3363 1862 3394 se
1882 3351 2048 3394 trouve
2070 3350 2191 3392 dans
2211 3348 2402 3407 pareille
2422 3348 2668 3391 situation.

1799 3519 1940 3559 Rôle
1972 3518 2051 3559 du
2091 3533 2108 3555 «
2146 3516 2287 3559 Lien
2314 3516 2394 3559 du
2426 3514 2683 3571 Mariage
2722 3531 2740 3554 »

1770 3658 1904 3702 Nous
1925 3666 2187 3714 proposons
2223 3654 2291 3696 les
2330 3667 2592 3710 personnes
2611 3668 2727 3699 avec
2751 3655 2851 3699 leur

1714 3730 1940 3774 situation
1980 3728 2038 3772 de
2075 3728 2256 3771 fortune
2288 3728 2334 3768 et
2379 3726 2435 3767 de
2472 3724 2705 3778 moralité,
2730 3738 2850 3770 nous

1715 3802 1891 3844 faisons
1924 3802 1990 3844 les
2027 3799 2302 3852 demandes,
2332 3796 2610 3840 abouchons
2644 3798 2711 3839 les
2735 3810 2848 3852 per¬

1714 3887 1887 3919 sonnes
1927 3876 1971 3918 et
2010 3876 2216 3918 mettons
2246 3886 2304 3916 en
2327 3872 2551 3928 présence
2584 3868 2651 3914 les
2672 3868 2844 3912 futurs.

1712 3948 1846 3991 Nous
1866 3958 2072 3991 sommes
2094 3946 2160 3988 les
2196 3943 2574 3988 intermédiaires
2614 3942 2696 3986 des
2736 3954 2850 3999 pre¬

1716 4020 1883 4062 mières
1922 4020 2188 4067 entrevues,
2227 4014 2443 4071 toujours
2483 4016 2576 4058 très
2616 4018 2851 4068 gênantes

1714 4092 1759 4131 et
1798 4090 1890 4131 très
1911 4088 2134 4131 délicates
2158 4099 2275 4142 pour
2296 4087 2379 4130 des
2403 4098 2663 4140 personnes
2683 4087 2762 4140 qui
2799 4099 2850 4128 se

1715 4159 1870 4199 voient
1899 4170 2018 4212 pour
2039 4158 2083 4199 la
2127 4158 2355 4211 première
2395 4155 2495 4196 fois.
2530 4155 2662 4196 Nous
2696 4155 2846 4198 résol¬

1712 4240 1830 4272 vons
1876 4230 2044 4270 autant
2083 4238 2174 4282 que
2218 4224 2416 4282 possible
2476 4224 2544 4268 les
2596 4224 2848 4268 difficultés

1714 4303 1790 4360 qui
1815 4302 2019 4359 peuvent
2052 4311 2102 4343 se
2126 4299 2368 4355 présenter
2390 4298 2511 4342 dans
2547 4298 2591 4340 la
2620 4298 2844 4342 situation

1712 4374 1740 4416 d
1759 4390 1768 4403 -
1790 4374 1914 4416 l’une
1931 4371 2106 4415 d’elles.
2131 4371 2262 4415 Nous
2283 4383 2492 4414 sommes
2512 4371 2611 4414 leur
2634 4371 2848 4414 intermé¬

1712 4446 1859 4488 diaire
1890 4447 1935 4488 et
1974 4444 2074 4488 leur
2104 4444 2215 4487 ami.
2240 4444 2343 4496 Oui,
2370 4443 2468 4487 leur
2487 4443 2599 4495 ami,
2624 4455 2707 4486 car
2728 4455 2851 4487 nous

1712 4516 2020 4560 considérons
2042 4528 2226 4559 comme
2254 4515 2314 4558 tel
2354 4519 2486 4558 notre
2527 4515 2622 4558 rôle
2647 4527 2764 4571 pour
2784 4514 2850 4558 les

1714 4599 1972 4643 personnes
2004 4587 2082 4642 qui
2123 4598 2244 4628 nous
2280 4586 2512 4639 chargent
2551 4586 2610 4628 du
2651 4587 2755 4628 soin
2794 4587 2850 4630 de

1711 4659 1811 4702 leur
1835 4659 1998 4700 union.

1769 4730 1891 4774 Elles
1907 4730 2110 4786 peuvent
2123 4731 2335 4784 compter
2348 4743 2430 4774 sur
2443 4734 2576 4774 notre
2594 4730 2846 4774 discrétion

1711 4802 1922 4846 absolue.
1960 4802 2104 4844 Notre
2127 4800 2260 4844 office
2286 4806 2356 4846 est
2391 4815 2451 4844 un
2476 4802 2698 4843 tombeau
2730 4811 2848 4855 pour

1712 4874 1778 4918 les
1799 4874 1975 4916 secrets
1998 4872 2075 4928 qui
2100 4884 2220 4916 nous
2240 4878 2348 4918 sont
2370 4871 2560 4916 confiés.

1771 4954 1996 5003 Souvent,
2044 4955 2216 5003 même,
2260 4951 2302 4994 la
2335 4950 2564 5006 première
2602 4951 2848 5007 présenta¬

1712 5026 1810 5067 tion
1850 5036 1876 5067 a
1915 5023 2006 5066 lieu
2034 5035 2147 5066 sans
2178 5022 2443 5076 qu’aucune
2482 5020 2564 5064 des
2586 5022 2706 5066 deux
2744 5035 2848 5079 par¬

1711 5096 1799 5138 ties
1819 5095 2070 5136 connaisse
2092 5091 2134 5134 le
2156 5104 2267 5134 nom
2302 5092 2359 5135 de
2396 5092 2563 5136 l’autre
2584 5099 2628 5136 et
2651 5107 2771 5136 nous
2790 5107 2848 5136 ne

1711 5164 1778 5207 les
1798 5164 1978 5207 faisons
1996 5166 2243 5207 connaître
2268 5176 2358 5220 que
2386 5178 2466 5208 sur
2487 5164 2587 5207 leur
2607 5164 2838 5206 autorisa¬

1711 5236 1808 5280 tion
1832 5247 2071 5292 expresse.

1769 5316 1843 5359 Un
1862 5311 2048 5368 journal
2070 5324 2187 5368 pour
2203 5314 2442 5366 mariages
2459 5311 2580 5352 dans
2595 5323 2686 5354 une
2704 5312 2847 5367 petite

1712 5384 1818 5428 ville
1838 5386 1896 5427 où
1920 5387 2020 5426 tout
2042 5383 2080 5424 le
2108 5383 2278 5423 monde
2304 5394 2354 5423 se
2372 5384 2564 5424 connaît
2586 5384 2631 5424 et
2654 5387 2847 5427 connaît

1711 5456 1755 5499 la
1778 5454 2003 5498 situation
2024 5451 2082 5495 de
2103 5463 2187 5495 son
2227 5452 2395 5506 voisin,
2422 5452 2626 5496 n’aurait
2664 5467 2752 5510 pas
2791 5456 2847 5499 de

1711 5527 1870 5570 raison
1900 5523 2062 5577 d’être,
2086 5523 2207 5567 mais
2228 5524 2348 5566 dans
2386 5536 2478 5567 une
2518 5524 2702 5579 grande
2723 5526 2844 5580 ville,

1711 5607 1894 5642 comme
1928 5596 1972 5639 la
2011 5599 2158 5651 nôtre,
2198 5595 2258 5638 où
2295 5594 2480 5640 chacun
2521 5610 2666 5652 pense
2708 5600 2738 5642 à
2774 5611 2848 5642 ses

1712 5668 1903 5712 affaires
1923 5671 1968 5711 et
1998 5668 2091 5710 non
2115 5668 2140 5710 à
2158 5666 2295 5710 celles
2312 5666 2368 5711 de
2391 5680 2467 5711 ses
2487 5668 2666 5712 voisins
2690 5682 2699 5724 ;
2724 5672 2768 5714 et
2788 5672 2847 5714 où

1711 5741 1819 5784 bien
1840 5742 2040 5783 souvent
2063 5738 2127 5782 les
2151 5738 2395 5782 habitants
2416 5739 2471 5783 de
2493 5739 2538 5783 la
2562 5744 2715 5786 même
2732 5743 2847 5786 mai¬

1711 5823 1796 5854 son
1819 5823 1876 5852 ne
1911 5823 1960 5854 se
1996 5811 2300 5854 connaissent
2340 5823 2426 5866 pas
2443 5815 2576 5855 entre
2594 5824 2698 5866 eux,
2725 5814 2754 5856 il
2776 5816 2847 5858 est

1711 5882 1979 5924 nécessaire
2019 5882 2128 5924 d’un
2182 5882 2274 5923 ami
2320 5882 2532 5936 général,
2588 5883 2700 5927 d’un
2752 5883 2846 5928 ami

1710 5962 1934 5992 commun
1958 5954 2034 6008 qui
2058 5958 2296 6010 groupant
2339 5954 2460 5996 dans
2482 5967 2546 5998 un
2584 5959 2720 5999 vaste
2756 5967 2847 5999 en¬

1712 6020 1906 6072 semble,
1930 6022 1996 6066 les
2034 6024 2175 6068 offres
2212 6027 2255 6068 et
2295 6023 2362 6067 les
2403 6023 2682 6078 demandes,
2710 6039 2848 6070 com¬

1712 6095 1820 6139 bine
1840 6092 1903 6136 lui
1943 6098 2095 6138 même
2118 6095 2184 6138 les
2218 6095 2490 6151 situations,
2516 6098 2583 6142 les
2615 6102 2748 6152 âges,
2783 6098 2850 6140 les

2931 1983 3090 2035 goûts,
3130 1978 3198 2022 les
3232 1978 3426 2032 figures,
3484 1976 3550 2019 les
3602 1976 3815 2018 fortunes
3855 1978 3899 2019 et
3951 1976 4076 2019 fasse

2932 2052 2994 2094 lui
3034 2055 3188 2095 même
3212 2050 3279 2094 les
3302 2048 3620 2106 propositions
3655 2046 3720 2091 les
3760 2046 3866 2103 plus
3910 2051 4070 2090 sorta-

2930 2122 3046 2164 bles.

2987 2191 3068 2234 Cet
3090 2191 3184 2232 ami
3207 2203 3448 2240 commun,
3474 2190 3587 2233 c’est
3611 2188 3774 2232 l’office
3796 2190 4068 2242 Mondonet,

2928 2262 3002 2314 47,
3027 2274 3110 2304 rue
3139 2261 3194 2304 de
3215 2260 3259 2303 la
3280 2263 3444 2312 Darse,
3467 2260 3580 2304 c’est
3614 2259 3652 2304 te
3670 2258 3859 2315 journal
3883 2259 3923 2303 le
3946 2259 4072 2302 Lien

2927 2332 2995 2375 du
3027 2331 3264 2390 Mariage
3286 2331 3363 2387 qui
3391 2332 3462 2372 est
3482 2343 3568 2374 son
3591 2332 3852 2375 auxiliaire.

2983 2414 3196 2458 Pendant
3219 2414 3491 2468 longtemps
3514 2411 3543 2454 il
3582 2423 3608 2454 a
3648 2412 3795 2455 existé
3834 2426 3924 2456 une
3962 2414 4068 2468 pré¬

2926 2487 3116 2530 vention
3140 2486 3234 2527 très
3264 2484 3491 2539 marquée
3526 2486 3687 2527 contre
3716 2483 3783 2527 les
3823 2484 4067 2536 mariages

2927 2559 3019 2602 dits
3034 2558 3090 2600 de
3114 2554 3420 2612 proposition,
3446 2567 3506 2596 on
3532 2554 3710 2598 voulait
3731 2567 3782 2598 se
3806 2555 4066 2611 persuader

2927 2630 3036 2686 qu'il
3070 2642 3127 2672 ne
3160 2627 3352 2683 pouvait
3372 2626 3514 2668 sortir
3534 2626 3615 2668 des
3634 2638 3842 2680 agences
3871 2639 3962 2683 que
3986 2627 4068 2671 des

2927 2702 3164 2755 mariages
3186 2699 3467 2755 disparates.

2984 2787 3054 2828 En
3077 2784 3179 2826 face
3200 2783 3283 2826 des
3312 2781 3536 2824 résultats
3576 2780 3840 2824 contraires
3860 2782 4066 2826 obtenus

2930 2870 3012 2914 par
3067 2868 3143 2900 ces
3206 2855 3434 2906 bureaux,
3476 2864 3538 2895 on
3595 2855 3667 2896 est
3707 2854 3824 2895 sorti
3855 2852 4060 2910 complè¬

2927 2932 3102 2972 tement
3140 2927 3196 2970 de
3236 2928 3356 2970 cette
3406 2924 3699 2980 prévention.
3743 2924 3958 2968 L’estime
4003 2926 4064 2968 du

2929 2999 3084 3058 public
3103 3002 3172 3043 est
3195 2996 3492 3040 absolument
3507 2995 3699 3051 acquise
3722 3008 3818 3038 aux
3836 3008 4063 3051 agences,

2930 3084 3044 3130 pour
3066 3071 3110 3114 la
3132 3071 3288 3112 raison
3320 3068 3426 3111 bien
3462 3067 3646 3124 simple,
3671 3079 3763 3123 que
3784 3067 3850 3111 les
3874 3067 4066 3110 affaires

2927 3144 3119 3187 traitées
3140 3154 3224 3198 par
3259 3140 3384 3190 elles,
3411 3138 3451 3182 le
3490 3140 3598 3182 sont
3619 3139 3726 3194 plus
3763 3138 4064 3194 rapidement

2927 3219 2971 3259 et
3014 3215 3116 3271 plus
3154 3214 3411 3259 sûrement,
3436 3212 3480 3252 et
3520 3222 3580 3252 on
3624 3212 3734 3264 peut
3771 3208 3871 3252 dire
3907 3222 3998 3266 que
4024 3210 4064 3254 le

2928 3287 3032 3343 plus
3052 3286 3204 3340 grand
3244 3283 3442 3327 nombre
3483 3282 3564 3324 des
3602 3282 3859 3335 mariages,
3911 3286 4063 3324 même

2927 3358 3096 3408 riches,
3115 3360 3195 3400 ont
3218 3357 3290 3399 été
3308 3355 3411 3411 plus
3432 3366 3492 3398 ou
3512 3354 3666 3396 moins
3688 3354 3778 3396 mis
3798 3366 3880 3396 sur
3900 3351 3944 3396 la
3963 3352 4063 3396 voie

2930 3442 3011 3484 par
3034 3440 3118 3471 nos
3146 3438 3366 3480 agences.
3402 3426 3532 3467 Nous
3555 3435 3675 3467 nous
3694 3423 3983 3467 efforcerons
4004 3424 4062 3467 de

2926 3500 3116 3544 mériter
3138 3500 3258 3543 cette
3279 3498 3444 3540 estime
3464 3495 3527 3539 du
3551 3495 3707 3552 public
3730 3507 3788 3538 en
3804 3499 4063 3551 apportant

2926 3572 3046 3614 dans
3095 3571 3138 3612 la
3194 3568 3467 3612 conclusion
3508 3567 3591 3610 des
3638 3566 3828 3610 affaires
3870 3567 3914 3610 la
3958 3567 4064 3623 plus

2924 3642 3107 3696 grande
3143 3639 3438 3691 délicatesse,
3462 3638 3506 3680 la
3540 3636 3646 3692 plus
3667 3636 3851 3691 grande
3876 3639 4059 3694 probité

2924 3716 2968 3755 et
2990 3712 3034 3755 la
3055 3712 3310 3755 discrétion
3331 3711 3375 3752 la
3406 3710 3510 3764 plus
3531 3707 3740 3752 absolue.

2983 3796 3070 3838 Les
3120 3795 3274 3836 beaux
3323 3792 3547 3835 résultats
3606 3803 3696 3847 que
3750 3804 3871 3836 nous
3910 3806 4062 3838 avons

2923 3867 3124 3911 obtenus
3181 3875 3302 3907 nous
3334 3864 3578 3918 engagent
3615 3863 3642 3906 à
3676 3863 3900 3919 persister
3942 3864 4063 3907 dans

2924 3940 3044 3984 cette
3078 3936 3199 3990 voie,
3234 3935 3456 3992 espérant
3496 3947 3586 3991 que
3620 3935 3662 3978 le
3693 3934 3848 3991 public
3883 3935 4063 3979 voudra

2926 4012 3032 4056 bien
3055 4022 3175 4052 nous
3195 4008 3443 4052 continuer
3464 4019 3542 4050 ses
3562 4007 3752 4050 faveurs
3790 4008 3834 4048 et
3855 4018 3907 4050 sa
3939 4019 4060 4050 con¬

2926 4083 3094 4126 fiance.

2983 4167 3045 4210 Le
3080 4166 3203 4208 Lien
3247 4164 3315 4207 du
3350 4164 3586 4220 Mariage
3619 4166 3690 4207 est
3730 4164 3770 4207 le
3802 4163 3911 4206 trait
3956 4164 4060 4207 d’u¬

2923 4238 3034 4279 nion
3074 4236 3156 4279 des
3191 4234 3406 4284 familles,
3431 4247 3524 4276 non
3562 4235 3823 4278 seulement
3847 4234 3902 4278 de
3926 4238 4062 4279 notre

2923 4306 3044 4360 ville,
3071 4306 3192 4348 mais
3224 4316 3394 4348 encore
3432 4303 3516 4347 des
3540 4303 3824 4362 principales
3848 4304 3982 4348 villes
4004 4307 4060 4350 de

2924 4382 3102 4424 France
3138 4380 3180 4422 et
3216 4376 3272 4420 de
3315 4375 3570 4431 l’étranger
3607 4378 3667 4420 où
3703 4379 3836 4420 notre
3875 4376 4010 4420 office
4034 4391 4059 4419 a

2924 4451 3007 4495 des
3042 4448 3440 4506 correspondants
3472 4448 3683 4491 discrets.
3711 4450 3843 4492 Nous
3871 4450 4062 4504 présen¬

2926 4526 3032 4566 tons
3052 4522 3172 4564 donc
3195 4532 3286 4563 aux
3314 4520 3448 4575 pères
3476 4519 3531 4562 de
3551 4519 3727 4562 famille
3756 4532 3979 4563 soucieux
4003 4519 4060 4563 de

2924 4594 3119 4636 l’avenir
3140 4592 3198 4634 de
3222 4591 3347 4634 leurs
3367 4591 3556 4632 enfants
3578 4594 3685 4634 tous
3707 4591 3771 4634 les
3794 4594 4058 4645 avantages

2924 4663 3062 4719 qu’ils
3083 4674 3140 4703 ne
3162 4662 3406 4703 sauraient
3435 4664 3624 4703 trouver
3650 4660 3747 4703 s’ils
3786 4664 3894 4704 sont
3918 4662 4060 4704 livrés

2923 4735 2950 4776 à
2971 4735 3258 4776 eux-mêmes
3279 4735 3324 4775 et
3347 4731 3468 4776 dans
3491 4731 3531 4776 le
3551 4731 3700 4775 cercle
3723 4731 3779 4776 de
3799 4731 3926 4776 leurs
3947 4744 4056 4776 con¬

2924 4806 3200 4848 naissances
3222 4814 3231 4856 ;
3268 4816 3326 4847 en
3348 4803 3471 4855 effet,
3503 4803 3955 4859 indépendamment
3978 4803 4059 4847 des

2924 4879 3187 4923 références
3208 4878 3459 4928 certaines,
3491 4876 3543 4918 ils
3579 4878 3662 4918 ont
3684 4876 3724 4918 le
3744 4875 3880 4919 choix
3908 4875 4056 4931 parmi

2924 4952 2964 4996 le
2987 4951 3139 5007 grand
3165 4950 3359 4992 nombre
3400 4948 3455 4991 de
3479 4948 3799 5003 propositions
3822 4959 3910 5003 que
3939 4959 4056 4990 con¬

2923 5023 3136 5066 tiennent
3176 5019 3242 5063 les
3278 5019 3502 5062 colonnes
3531 5018 3587 5062 de
3623 5020 3756 5062 notre
3771 5016 3976 5073 journal,
4002 5015 4058 5060 ils

2924 5095 3128 5150 peuvent
3145 5091 3260 5133 faire
3283 5091 3482 5144 épouser
3504 5091 3530 5132 à
3550 5090 3675 5131 leurs
3691 5090 3880 5131 enfants
3898 5088 3942 5131 la
3963 5102 4059 5144 per¬

2920 5174 3070 5206 sonne
3090 5160 3227 5215 qu’ils
3243 5160 3448 5202 désirent
3460 5159 3551 5202 soit
3571 5171 3754 5200 comme
3775 5159 4052 5215 profession,

2920 5234 3126 5281 fortune,
3162 5231 3419 5282 caractère,
3458 5228 3660 5286 position
3703 5228 3874 5275 sociale
3915 5234 3960 5275 et
4003 5231 4058 5275 ils

2922 5319 2979 5348 ne
3015 5303 3337 5360 s’exposeront
3376 5314 3462 5359 pas
3500 5304 3526 5346 à
3566 5302 3666 5346 leur
3702 5303 3818 5347 faire
3855 5304 4058 5359 épouser

2923 5388 3015 5420 une
3051 5387 3282 5431 personne
3304 5375 3380 5430 qui
3422 5374 3520 5416 leur
3555 5386 3663 5416 sera
3703 5374 4055 5431 antipathique,

2920 5448 3011 5492 soit
3031 5459 3116 5503 par
3138 5458 3223 5488 son
3246 5448 3351 5500 âge,
3372 5446 3462 5488 soit
3498 5456 3617 5500 pour
3650 5448 3756 5488 tous
3787 5448 3947 5490 autres
3971 5446 4058 5488 dé¬

2923 5520 3047 5562 fauts
3068 5518 3144 5574 qui
3186 5519 3292 5559 sont
3327 5519 3495 5559 autant
3535 5516 3590 5559 de
3628 5530 3795 5560 causes
3835 5516 3891 5559 de
3915 5516 4055 5560 désu¬

2921 5591 3034 5634 nion
3055 5588 3175 5631 dans
3196 5587 3236 5631 le
3259 5588 3472 5642 mariage
3494 5590 3539 5630 et
3572 5586 3786 5631 finissent
3812 5600 3896 5644 par
3919 5600 4056 5632 ame¬

2922 5674 3006 5706 ner
3027 5662 3067 5703 le
3088 5660 3276 5702 divorce
3298 5662 3341 5702 et
3368 5659 3410 5700 la
3432 5659 3727 5714 séparation.

2980 5746 3110 5787 Dans
3142 5742 3435 5786 lescolonnes
3464 5742 3526 5786 du
3560 5742 3681 5786 Lien
3713 5742 3783 5786 du
3823 5743 4055 5799 Mariage

2922 5816 2980 5859 ou
3019 5816 3046 5858 à
3096 5814 3311 5858 l’Office
3370 5814 3648 5864 Mondonet,
3688 5814 3763 5866 47,
3803 5826 3884 5856 rue
3919 5814 3975 5855 de
4014 5812 4059 5855 la

2923 5887 3088 5938 Darse,
3119 5896 3179 5928 on
3203 5886 3310 5942 peut
3335 5884 3524 5928 trouver
3551 5884 3818 5927 facilement
3840 5895 3899 5926 un
3923 5895 4054 5937 gen¬

2923 5960 3020 6011 dre,
3046 5970 3107 6000 un
3146 5959 3296 6014 époux
3318 5970 3376 6000 ou
3399 5970 3491 6000 une
3512 5959 3686 6014 épouse
3715 5958 3740 5999 à
3779 5967 3862 5998 son
3892 5955 3976 6008 gré
4012 5960 4058 5999 et

2923 6043 2982 6074 en
3020 6031 3119 6072 tout
3160 6028 3288 6086 point
3327 6028 3566 6072 conforme
3610 6040 3700 6071 aux
3734 6026 3882 6070 désirs
3919 6027 3972 6070 de
4012 6026 4056 6071 la

2924 6102 3159 6156 personne
3187 6102 3212 6143 à
3232 6102 3425 6143 marier.
