4712 7064
2039 416 2119 463 LE
2156 416 2310 462 LIEN
2348 415 2811 465 MATRIMONIAL

707 755 762 796 Le
802 756 907 796 Lien
950 755 1239 795 Matrimonial
1274 767 1316 795 se
1356 754 1463 795 vend
1502 766 1555 794 au
1599 754 1690 804 prix
1737 751 1787 791 de

655 811 703 850 15
724 810 932 850 centimes
964 810 1069 848 dans
1103 814 1195 848 tous
1224 808 1286 848 les
1322 808 1523 859 kiosques
1543 807 1593 847 de
1618 807 1655 846 la
1678 804 1787 845 Villa

654 870 694 904 et
714 865 736 903 à
759 864 798 903 la
824 863 1048 912 Direction,
1072 862 1138 912 47,
1157 874 1232 902 rue
1254 863 1304 902 de
1328 863 1367 902 la
1387 862 1527 902 Darse.

707 949 819 988 Dans
859 947 919 987 les
960 946 1187 998 prochains
1222 947 1442 994 numéros,
1465 955 1574 983 nous
1600 944 1788 983 réserve¬

654 1014 752 1042 rons
775 1012 834 1042 un
854 999 955 1041 tiers
975 999 1024 1040 de
1048 1011 1151 1050 page
1182 1012 1290 1051 pour
1320 999 1382 1039 les
1414 995 1791 1038 annonces-récla¬

656 1067 723 1094 me
728 1066 760 1103 s,
786 1054 895 1094 mais
918 1066 1026 1094 nous
1047 1054 1364 1103 n’accepterons
1392 1058 1433 1091 et
1463 1050 1788 1091 recommande¬

655 1119 754 1148 rons
772 1120 856 1160 que
878 1106 1007 1148 celles
1038 1107 1115 1159 qui
1146 1110 1398 1146 émaneront
1426 1104 1499 1144 des
1534 1104 1723 1144 maisons
1740 1102 1791 1142 de

656 1162 892 1202 confiance.

708 1244 824 1285 Nous
844 1244 1038 1284 donnons
1059 1243 1307 1284 ci-dessous
1330 1242 1526 1282 l’adresse
1548 1242 1599 1280 de
1624 1239 1714 1280 MM.
1734 1238 1794 1279 les

657 1298 848 1339 Notaires
870 1310 976 1350 pour
1002 1297 1060 1338 les
1080 1302 1266 1338 contrats
1286 1298 1336 1336 de
1359 1295 1564 1344 mariage.

699 1511 842 1573 Avis
880 1510 914 1572 à
954 1527 1051 1572 nos
1096 1508 1294 1571 clients
1334 1507 1394 1568 de
1438 1503 1753 1568 l’extérieur

712 1676 770 1716 La
808 1676 1018 1717 Direction
1059 1675 1210 1715 envoie
1246 1674 1407 1721 franco,
1431 1683 1530 1711 sous
1560 1668 1794 1719 enveloppe

660 1730 874 1780 cachetée,
910 1740 1007 1770 sans
1043 1739 1186 1768 aucun
1226 1727 1344 1776 signe
1385 1724 1611 1772 extérieur,
1650 1727 1795 1762 contre

662 1784 710 1823 60
732 1794 768 1823 c.
805 1796 858 1823 en
894 1783 1226 1832 timbres-poste,
1266 1791 1319 1819 un
1363 1789 1632 1828 programme
1674 1774 1795 1814 indi¬

660 1843 795 1888 quant
835 1836 895 1876 les
931 1835 1171 1876 conditions
1210 1834 1260 1872 de
1295 1832 1467 1880 l'Office,
1490 1830 1600 1870 ainsi
1632 1840 1717 1882 que
1758 1827 1796 1866 la

662 1891 836 1930 marche
875 1901 983 1940 pour
1011 1894 1152 1928 entrer
1172 1898 1224 1926 en
1248 1886 1451 1924 relations
1479 1884 1660 1924 directes
1695 1892 1796 1920 avec

663 1943 726 1983 les
765 1944 1002 1983 nombreux
1036 1942 1226 1980 abonnés
1263 1939 1335 1979 des
1374 1939 1482 1978 deux
1519 1948 1636 1978 sexes
1671 1935 1720 1974 de
1758 1934 1798 1972 la

663 1996 838 2044 Maison,
879 1996 980 2035 dont
1019 1994 1151 2044 grand
1190 1992 1366 2032 nombre
1408 2003 1458 2031 ne
1496 1991 1683 2040 figurent
1726 1998 1799 2037 pas

664 2050 768 2090 dans
791 2050 850 2089 les
867 2049 1068 2090 colonnes
1087 2047 1146 2087 du
1167 2046 1354 2098 journal.

731 2260 1005 2332 AUX
1079 2254 1735 2328 FAMILLES

718 2438 836 2478 Nous
858 2448 908 2476 ne
928 2436 1123 2475 donnons
1143 2444 1312 2473 aucune
1334 2434 1444 2471 suite
1465 2443 1548 2471 aux
1568 2429 1800 2470 demandes

665 2492 739 2532 des
760 2500 989 2543 personnes
1009 2488 1242 2536 divorcées,
1266 2486 1301 2526 si
1326 2486 1362 2526 le
1383 2484 1605 2536 jugement
1628 2483 1695 2522 n’a
1727 2493 1799 2533 pas

665 2546 731 2586 été
754 2544 964 2595 prononcé
983 2542 1256 2582 absolument
1282 2551 1334 2579 en
1356 2539 1450 2579 leur
1469 2539 1635 2578 faveur.

719 2610 836 2651 Nous
874 2620 926 2648 ne
962 2619 1071 2647 nous
1108 2616 1322 2658 occupons
1354 2616 1437 2656 que
1470 2603 1542 2643 des
1572 2612 1802 2655 personnes

667 2662 924 2703 honorables
943 2667 983 2701 et
1006 2660 1035 2699 il
1058 2667 1119 2700 est
1146 2659 1300 2699 inutile
1326 2659 1376 2698 de
1398 2670 1440 2698 se
1462 2659 1676 2708 présenter
1699 2655 1799 2695 chez

667 2727 776 2757 nous
797 2728 852 2756 ou
875 2715 926 2755 de
952 2726 1060 2754 nous
1080 2714 1186 2752 faire
1207 2711 1378 2763 appeler
1399 2712 1423 2751 à
1444 2710 1645 2750 domicile
1675 2708 1711 2750 si
1747 2719 1800 2748 on

667 2783 719 2810 ne
742 2770 894 2811 réalise
919 2780 989 2819 pas
1010 2772 1116 2808 cette
1139 2766 1374 2806 condition.

722 2835 798 2875 Les
838 2843 1070 2884 personnes
1102 2832 1178 2883 qui
1213 2831 1499 2872 s’intéressent
1530 2831 1551 2868 à
1574 2830 1612 2867 la
1635 2827 1798 2867 maison

666 2894 762 2929 sont
779 2888 916 2939 priées
930 2886 980 2926 de
996 2886 1162 2936 joindre
1181 2896 1236 2924 un
1254 2884 1407 2923 timbre
1423 2896 1532 2934 pour
1548 2883 1586 2922 la
1602 2883 1776 2932 réponse
1791 2892 1799 2930 ;

667 2947 783 2982 toute
807 2940 926 2980 lettre
951 2951 1035 2978 non
1056 2938 1291 2978 affranchie
1314 2943 1372 2976 est
1395 2936 1575 2976 refusée.

722 3007 780 3047 On
820 3011 882 3045 est
920 3003 1014 3056 prié
1048 3003 1099 3043 de
1131 3003 1298 3054 joindre
1331 3007 1479 3042 autant
1507 3014 1590 3053 que
1620 2998 1802 3051 possible

671 3071 755 3099 une
775 3056 1087 3110 photographie
1108 3063 1148 3096 et
1164 3056 1216 3095 de
1238 3056 1399 3095 donner
1418 3056 1628 3107 quelques
1648 3052 1804 3094 détails

668 3125 744 3153 sur
786 3113 823 3152 la
856 3110 1060 3152 situation
1095 3110 1146 3148 de
1182 3108 1351 3148 fortune
1383 3110 1432 3148 de
1471 3109 1508 3147 la
1547 3118 1752 3159 personne
1779 3107 1803 3144 à

674 3165 840 3206 marier.

726 3232 836 3271 Pour
858 3242 966 3269 nous
985 3230 1118 3270 éviter
1139 3230 1212 3268 des
1241 3228 1509 3275 recherches,
1535 3227 1595 3266 les
1627 3238 1802 3277 person¬

671 3298 746 3326 nes
784 3285 861 3336 qui
896 3283 1034 3323 feront
1070 3294 1127 3322 un
1161 3282 1287 3322 choix
1307 3282 1411 3320 dans
1436 3280 1495 3319 les
1524 3279 1726 3319 colonnes
1744 3279 1802 3317 du

671 3340 780 3378 Lien
804 3336 1091 3376 Matrimonial
1094 3367 1102 3383 ,
1127 3335 1242 3374 n’ont
1263 3335 1362 3384 qu’à
1396 3344 1502 3372 nous
1536 3331 1728 3383 rappeler
1766 3331 1803 3370 le

672 3392 854 3432 numéro
874 3388 948 3442 qui
974 3388 1147 3440 précède
1171 3388 1209 3428 la
1232 3386 1508 3439 proposition.

726 3456 838 3496 Tous
878 3455 936 3494 les
978 3454 1339 3503 renseignements
1379 3451 1541 3491 donnés
1582 3462 1653 3500 par
1699 3460 1804 3487 nous

671 3515 767 3550 sont
787 3508 980 3558 gratuits.

730 3574 783 3612 La
819 3572 1179 3623 correspondance
1218 3576 1279 3610 est
1315 3570 1505 3610 adressée
1538 3579 1638 3607 sous
1676 3578 1804 3606 enve¬

675 3627 798 3678 loppe
818 3626 1046 3675 ordinaire,
1070 3636 1167 3664 sans
1202 3635 1370 3663 aucune
1402 3620 1657 3671 inscription
1691 3622 1803 3659 exté¬

672 3682 814 3721 rieure
835 3684 954 3719 autre
974 3691 1058 3731 que
1082 3676 1278 3718 l’adresse
1299 3676 1350 3715 de
1371 3676 1409 3715 la
1435 3686 1655 3727 personne.

727 3746 803 3784 Les
836 3744 1026 3784 abonnés
1055 3742 1170 3783 seuls
1201 3747 1274 3782 ont
1303 3740 1412 3780 droit
1434 3742 1456 3779 à
1488 3752 1570 3779 une
1602 3739 1802 3779 insertion

675 3799 726 3838 de
754 3799 852 3850 cinq
888 3797 1038 3848 lignes,
1059 3795 1190 3849 qu’ils
1223 3794 1462 3846 rédigeront
1482 3796 1505 3834 à
1532 3794 1624 3834 leur
1653 3805 1805 3833 conve¬

674 3864 823 3894 nance.

730 3918 805 3959 Les
828 3915 1155 3968 photographies
1175 3921 1214 3953 et
1236 3919 1379 3952 autres
1414 3912 1551 3962 pièces
1580 3912 1763 3951 confiées
1784 3911 1806 3947 à

676 3971 719 4011 la
742 3971 898 4010 Maison
920 3975 1014 4009 sont
1036 3967 1219 4007 rendues
1252 3978 1335 4006 aux
1370 3966 1594 4006 intéressés
1622 3965 1740 4014 après
1768 3962 1806 4000 la

675 4023 934 4064 célébration
958 4022 1012 4060 du
1039 4020 1240 4070 mariage.

728 4087 806 4128 Les
828 4096 1054 4139 personnes
1074 4084 1147 4137 qui
1171 4088 1264 4124 sont
1286 4082 1512 4122 satisfaites
1534 4082 1584 4122 de
1612 4092 1686 4121 nos
1712 4091 1806 4120 ser¬

678 4142 791 4181 vices
814 4140 1022 4180 voudront
1043 4139 1142 4178 bien
1158 4136 1491 4188 communiquer
1512 4142 1626 4175 notre
1642 4135 1808 4174 adresse

675 4195 699 4233 à
720 4194 835 4234 leurs
855 4193 979 4243 amis,
1004 4195 1260 4243 promettant
1280 4190 1331 4230 de
1355 4188 1530 4240 remplir
1559 4188 1598 4228 le
1634 4187 1807 4228 mandat

676 4247 783 4298 qu’il
834 4258 942 4287 nous
990 4246 1247 4294 donneront,
1298 4256 1352 4283 au
1402 4243 1546 4284 mieux
1594 4242 1644 4283 de
1696 4242 1810 4282 leurs

678 4300 867 4340 intérêts.

731 4376 896 4416 Ouvert
936 4379 1034 4414 tous
1072 4372 1131 4414 les
1155 4374 1288 4427 jours
1320 4372 1372 4411 de
1406 4374 1434 4412 2
1459 4375 1484 4411 à
1508 4374 1534 4411 8
1557 4372 1714 4411 heures
1747 4372 1808 4411 du

672 4430 780 4480 soir,
804 4434 843 4470 et
867 4431 928 4468 les
948 4427 1205 4467 dimanches
1215 4424 1403 4479 jusqu’à
1427 4424 1544 4464 midi

716 4636 1152 4714 FORMALITÉS
1202 4642 1374 4710 POUR
1424 4642 1768 4710 MARIAGES

730 4817 807 4858 Les
854 4815 1142 4868 publications
1178 4815 1229 4854 de
1271 4812 1459 4863 mariage
1506 4814 1677 4854 doivent
1723 4815 1809 4854 être

676 4871 799 4911 faites
820 4872 844 4910 à
867 4872 907 4910 la
927 4867 1071 4909 Mairie
1091 4868 1200 4907 deux
1231 4867 1484 4907 dimanches
1506 4867 1555 4906 de
1576 4867 1686 4907 suite
1710 4873 1750 4907 et
1771 4867 1808 4906 le

675 4925 864 4975 mariage
906 4935 956 4964 ne
999 4928 1098 4972 peut
1138 4922 1258 4962 avoir
1294 4920 1376 4960 lieu
1421 4934 1504 4974 que
1543 4932 1643 4962 onze
1692 4921 1811 4973 jours

674 4979 816 5019 francs
835 4979 956 5028 après
980 4976 1019 5015 la
1043 4978 1248 5027 première
1271 4975 1552 5026 publication.

731 5031 804 5071 Les
842 5031 980 5082 pièces
1018 5032 1040 5070 à
1082 5028 1279 5080 produire
1312 5030 1336 5068 à
1370 5028 1408 5067 la
1443 5028 1587 5069 Mairie
1620 5035 1714 5070 sont
1751 5029 1810 5070 les

674 5084 894 5124 suivantes
916 5097 924 5124 :

729 5155 763 5194 t°
795 5154 930 5196 L’acte
951 5155 1000 5195 de
1022 5154 1239 5196 naissance
1255 5155 1328 5196 des
1344 5155 1452 5198 deux
1470 5155 1611 5198 futurs
1627 5156 1807 5198 dûment

676 5207 872 5258 légalisés
898 5222 907 5256 ;

726 5274 764 5313 2°
786 5273 840 5313 Le
862 5279 1179 5313 consentement
1202 5275 1360 5315 notarié
1380 5275 1454 5315 des
1471 5277 1587 5326 pères
1608 5282 1647 5316 et
1670 5278 1807 5318 mères

674 5327 751 5379 qui
793 5340 842 5368 ne
884 5332 1067 5379 peuvent
1108 5327 1144 5367 le
1176 5328 1340 5368 donner
1376 5330 1664 5371 verbalement
1702 5333 1725 5371 à
1770 5331 1807 5371 la

675 5379 822 5421 Mairie
842 5393 895 5419 au
919 5387 1108 5420 moment
1128 5382 1179 5420 de
1201 5382 1321 5422 l’acte
1343 5383 1399 5422 du
1423 5383 1611 5434 mariage
1635 5398 1644 5435 ;

730 5447 767 5486 3'
797 5446 839 5487 Si
860 5444 899 5484 le
921 5447 1016 5495 père
1038 5450 1077 5486 et
1100 5446 1138 5487 ia
1161 5448 1274 5487 mère
1295 5454 1388 5490 sont
1417 5448 1611 5501 décédés,
1634 5463 1687 5491 ou
1720 5450 1807 5490 l’un

676 5499 815 5546 d’eux,
840 5498 870 5537 il
891 5499 980 5539 faut
1001 5500 1167 5540 fournir
1187 5500 1280 5542 leur
1300 5508 1390 5542 acte
1407 5503 1457 5543 de
1478 5503 1604 5544 décès
1625 5505 1808 5545 dûment

676 5552 854 5602 légalisé
878 5564 887 5601 ;

728 5617 767 5655 4°
798 5618 907 5659 Dans
925 5618 963 5659 le
983 5631 1053 5660 cas
1072 5619 1123 5659 de
1143 5620 1266 5663 décès
1286 5622 1359 5663 des
1391 5624 1487 5672 père
1518 5628 1558 5663 et
1587 5627 1715 5675 mère,
1739 5624 1808 5666 s’il

675 5670 805 5711 existe
847 5683 902 5710 un
942 5672 1194 5723 grand-père
1225 5687 1278 5714 ou
1322 5687 1403 5715 une
1433 5678 1718 5727 grand'mère,
1750 5691 1806 5719 ou

674 5723 830 5765 arrière
872 5724 1128 5776 grand-père
1162 5732 1200 5766 et
1230 5728 1386 5770 arrière
1406 5731 1687 5782 grand'mère,
1714 5732 1808 5772 leur

674 5784 996 5819 consentement
1018 5786 1077 5818 est
1099 5779 1347 5823 nécessaire.

725 5831 835 5872 Pour
870 5843 927 5871 un
960 5831 1135 5871 mineur
1158 5846 1167 5872 :

735 5892 764 5930 1°
803 5892 833 5931 Il
878 5892 968 5931 faut
1010 5890 1047 5930 la
1086 5893 1283 5942 présence
1320 5906 1374 5934 ou
1413 5895 1450 5936 le
1486 5903 1809 5938 consentement

675 5946 838 5986 notarié
863 5944 919 5984 du
943 5950 1088 5984 tuteur
1108 5958 1118 5995 ;

729 6004 767 6043 2°
797 6004 884 6044 Une
921 6004 1203 6046 délibération
1246 6006 1299 6044 du
1347 6007 1510 6048 Conseil
1551 6010 1602 6050 de
1643 6011 1810 6051 famille

676 6058 867 6111 lorsqu’il
900 6058 1022 6108 s’agit
1055 6059 1156 6098 d’un
1191 6059 1390 6108 orphelin
1411 6062 1460 6102 de
1484 6065 1582 6114 père
1603 6069 1643 6103 et
1664 6077 1748 6115 que
1772 6066 1807 6105 la

675 6114 791 6152 mère
810 6124 864 6152 ou
890 6111 1062 6152 l'aïeule
1084 6118 1178 6152 sont
1202 6114 1376 6154 tutrices
1398 6127 1410 6163 ;

1911 585 2022 625 Dans
2043 598 2186 626 aucun
2208 598 2292 635 cas,
2318 598 2376 626 un
2400 587 2571 627 mineur
2593 600 2643 628 ne
2667 594 2767 639 peut
2798 593 2992 631 contrac¬

1862 644 1920 679 ter
1942 639 2130 691 mariage
2151 651 2247 680 sans
2272 640 2307 680 le
2329 647 2647 682 consentement
2668 642 2719 682 de
2739 652 2804 682 ses
2826 648 2995 693 parents

1859 704 1911 731 ou
1939 699 2118 734 tuteurs.

1914 756 1951 795 5°
1984 756 2059 797 Les
2082 758 2202 796 veufs
2222 758 2392 798 doivent
2416 759 2612 808 produire
2636 760 2756 802 l’acte
2790 762 2839 802 de
2870 761 2994 803 décès

1864 809 2036 860 légalisé
2058 811 2108 850 de
2131 811 2222 850 leur
2242 811 2431 862 conjoint
2455 812 2611 854 décédé
2640 826 2648 862 ;

1916 875 1952 914 6"
1984 875 2043 915 Un
2082 875 2287 916 certificat
2324 876 2375 916 de
2415 876 2438 915 6
2479 878 2587 918 mois
2626 879 2675 918 de
2718 879 2935 920 résidence
2972 883 2995 920 à

1864 928 2086 978 Marseille,
2108 928 2270 969 délivré
2294 942 2366 980 par
2386 928 2422 970 le
2443 931 2739 972 commissaire
2767 934 2818 973 de
2844 935 2994 983 police,

1864 993 1970 1032 pour
1991 982 2051 1022 les
2072 994 2298 1032 personnes
2318 983 2392 1034 qui
2416 983 2487 1035 n’y
2508 990 2599 1024 sont
2625 996 2695 1035 pas
2719 987 2815 1026 nées
2836 998 2845 1035 ;

1918 1048 1955 1085 7'
1975 1047 2034 1086 On
2056 1047 2143 1086 doit
2164 1047 2347 1096 justifier
2367 1048 2416 1086 de
2438 1060 2482 1087 sa
2503 1049 2731 1090 libération
2755 1051 2811 1090 du
2834 1052 2996 1092 service

1867 1100 2087 1146 militaire,
2110 1100 2188 1140 soit
2212 1114 2283 1151 par
2304 1112 2379 1142 son
2400 1103 2548 1152 congé,
2572 1104 2653 1143 soit
2676 1116 2748 1154 par
2779 1115 2838 1143 un
2870 1106 2996 1145 certi¬

1867 1155 1964 1194 ficat
1986 1153 2036 1192 de
2056 1152 2283 1194 libération
2310 1167 2319 1204 ;

1919 1219 1960 1256 8°
1988 1219 2027 1258 Si
2056 1218 2091 1258 le
2112 1219 2316 1259 domicile
2339 1220 2443 1259 n’est
2467 1232 2536 1271 pas
2556 1222 2687 1260 établi
2711 1234 2783 1272 par
2804 1222 2867 1261 six
2890 1223 2999 1262 mois

1867 1271 1916 1312 de
1940 1272 2171 1319 résidence,
2191 1274 2250 1312 les
2271 1274 2559 1323 publications
2575 1275 2752 1314 devront
2769 1276 2855 1315 être
2875 1275 3000 1315 faites

1867 1327 1890 1364 à
1931 1325 1971 1365 la
2011 1326 2310 1376 municipalité
2349 1326 2404 1366 du
2447 1327 2616 1367 dernier
2648 1327 2851 1367 domicile
2876 1335 2916 1368 et
2947 1340 2996 1368 en

1866 1386 1987 1419 outre
2025 1391 2078 1418 au
2119 1378 2322 1419 domicile
2354 1380 2404 1419 de
2438 1392 2543 1420 ceux
2571 1392 2671 1420 sous
2706 1380 2744 1419 la
2775 1380 3000 1431 puissance

1867 1432 2063 1484 desquels
2082 1444 2124 1472 se
2147 1439 2343 1472 trouvent
2382 1432 2441 1473 les
2473 1434 2627 1483 parties
2656 1440 2998 1483 contractantes;

1920 1498 1958 1536 9“
1987 1498 2046 1536 En
2067 1503 2188 1538 outre
2210 1498 2283 1538 des
2306 1499 2443 1547 pièces
2464 1500 2671 1539 énoncées
2693 1499 2918 1548 ci-dessus,
2940 1499 3002 1539 les

1867 1563 2098 1602 personnes
2118 1551 2335 1591 divorcées
2356 1551 2536 1591 devront
2558 1551 2754 1602 produire
2778 1563 2835 1591 un
2851 1552 3001 1593 extrait

1868 1606 1922 1643 du
1946 1604 2170 1655 jugement
2190 1604 2399 1655 ainsique
2418 1604 2538 1644 l’acte
2554 1604 2610 1644 du
2633 1606 2802 1645 divorce
2821 1606 3002 1646 dûment

1867 1658 2098 1707 enregistré
2119 1663 2159 1696 et
2182 1658 2375 1698 transcrit
2395 1659 2414 1696 à
2442 1658 2483 1696 la
2506 1658 2648 1698 Mairie
2672 1671 2682 1708 ;

1926 1723 1986 1762 10°
2016 1723 2199 1774 Lorsque
2240 1722 2300 1762 les
2339 1727 2506 1772 parents
2543 1724 2731 1763 refusent
2760 1724 2811 1763 de
2841 1724 3002 1765 donner

1868 1775 1963 1815 leur
1987 1780 2307 1815 consentement
2327 1788 2379 1815 au
2404 1778 2592 1826 mariage
2628 1776 2755 1817 d’une
2799 1789 3000 1828 personne

1872 1828 2078 1878 majeure,
2102 1828 2131 1867 il
2166 1835 2264 1880 peut
2307 1831 2394 1870 être
2431 1831 2548 1880 passé
2579 1837 2696 1871 outre
2720 1844 2770 1871 au
2796 1832 2998 1882 mariage,

1870 1883 1992 1933 après
2011 1882 2104 1922 leur
2122 1883 2240 1922 avoir
2262 1882 2339 1920 fait
2360 1883 2434 1923 des
2455 1890 2567 1923 actes
2588 1884 2639 1923 de
2660 1891 2819 1935 respect
2840 1885 3002 1927 variant

1870 1936 1920 1975 de
1944 1947 1999 1976 un
2024 1936 2046 1975 à
2070 1935 2168 1975 trois
2202 1943 2240 1975 et
2276 1936 2398 1976 s'être
2424 1938 2640 1976 conformé
2674 1950 2755 1977 aux
2794 1940 3003 1989 prescrip¬

1875 1988 1983 2030 tions
2003 1988 2075 2028 des
2095 1995 2171 2030 art,
2200 1988 2272 2028 144
2295 1995 2335 2028 et
2360 1990 2430 2028 154
2451 1990 2506 2028 du
2531 1990 2632 2029 code
2654 1990 2754 2030 civil
2780 2003 2790 2039 ;

1930 2055 1988 2093 11°
2019 2054 2130 2094 Pour
2154 2054 2191 2093 la
2211 2054 2410 2105 question
2428 2054 2502 2094 des
2522 2055 2784 2095 cérémonies
2806 2055 3004 2106 religieu¬

1871 2119 1951 2157 ses,
1974 2107 2198 2147 s’adresser
2218 2107 2391 2147 suivant
2423 2107 2460 2148 le
2491 2107 2604 2148 culte
2626 2110 2648 2147 à
2673 2108 2711 2148 la
2735 2110 2930 2160 paroisse,
2951 2123 3003 2150 au

1872 2160 2119 2201 consistoire
2142 2167 2372 2212 protestant
2392 2174 2447 2202 ou
2470 2174 2523 2202 au
2547 2163 2661 2202 culte
2682 2162 2882 2203 Israélite.

1927 2243 2098 2284 L’Office
2119 2244 2358 2295 Mondonet,
2382 2244 2447 2294 47,
2472 2258 2546 2284 rue
2576 2244 2627 2284 de
2660 2244 2698 2284 la
2734 2246 2873 2293 Darse,
2908 2254 3006 2296 peut

1872 2310 1915 2339 se
1948 2298 2125 2348 charger
2159 2299 2210 2339 de
2247 2303 2383 2338 toutes
2419 2298 2476 2338 les
2507 2298 2743 2338 formalités
2780 2298 2931 2340 civiles
2968 2306 3008 2340 et

1876 2351 2124 2402 religieuses
2146 2352 2180 2391 si
2204 2352 2263 2391 les
2283 2351 2435 2391 clients
2458 2351 2518 2391 lui
2541 2351 2726 2391 confient
2747 2364 2792 2392 ce
2814 2351 2920 2393 soin.

1931 2407 2095 2444 L’office
2119 2404 2339 2444 Mondonet
2372 2418 2423 2444 ne
2455 2404 2612 2458 perçoit
2651 2406 2723 2446 des
2764 2405 3007 2447 honoraires

1872 2459 1970 2511 qu’a
1976 2460 2070 2509 près
2092 2458 2131 2498 la
2153 2459 2415 2499 célébration
2437 2459 2493 2498 du
2517 2459 2719 2509 mariage.

1879 2672 2255 2776 OFFRES
2339 2672 2451 2772 DE
2527 2672 3003 2773 MARIAGES

2050 2876 2470 2922 DEMOISELLES
2507 2878 2573 2921 ET
2606 2877 2836 2922 VEUVES

1928 3028 2019 3070 401.
2044 3054 2094 3059 —
2133 3028 2403 3076 Demoiselle,
2438 3030 2487 3070 30
2526 3042 2615 3073 ans,
2656 3029 2870 3078 instruite,
2908 3032 3004 3075 bien

1875 3083 2034 3130 élevée,
2072 3083 2158 3122 fille
2183 3083 2359 3134 unique,
2383 3083 2543 3122 femme
2563 3082 2828 3131 d’intérieur,
2868 3085 3006 3133 possé¬

1875 3136 1976 3175 dant
1996 3136 2116 3183 2,000
2139 3136 2208 3184 fr.,
2235 3148 2291 3174 un
2314 3136 2419 3175 beau
2443 3142 2679 3182 trousseau,
2711 3138 2957 3186 espérances
2983 3138 3005 3175 à

1878 3189 1997 3229 venir
2018 3190 2166 3239 30,000
2186 3190 2256 3238 fr.,
2280 3200 2323 3230 se
2344 3190 2532 3228 mettrait
2552 3191 2575 3228 à
2600 3188 2637 3228 la
2659 3191 2739 3228 tête
2759 3190 2860 3228 d'un
2882 3201 3002 3230 com¬

1876 3254 2030 3283 merce.

1930 3325 2021 3367 402.
2047 3348 2094 3355 —
2116 3326 2384 3376 Demoiselle,
2407 3327 2456 3364 47
2479 3339 2568 3376 ans,
2599 3327 2768 3367 fortune
2799 3328 2911 3375 1,500
2932 3328 3004 3376 fr.,

1876 3384 2007 3428 ayant
2028 3390 2085 3418 un
2105 3390 2343 3418 commerce
2376 3379 2427 3418 de
2464 3379 2680 3427 mercerie,
2706 3391 2764 3418 un
2787 3380 2891 3419 beau
2916 3391 3007 3418 mo¬

1878 3431 2020 3479 bilier,
2043 3431 2282 3481 épouserait
2304 3443 2363 3470 un
2388 3431 2561 3471 ouvrier
2581 3444 2632 3471 ou
2657 3431 2831 3472 artisan.

1931 3515 2021 3554 403.
2038 3536 2085 3542 —
2099 3512 2368 3563 Demoiselle,
2387 3514 2538 3563 30ans,
2554 3514 2777 3566 possédant
2799 3514 2940 3562 10,000
2953 3515 3003 3556 fr.

1878 3572 1918 3607 et
1938 3567 2084 3615 20,000
2106 3568 2227 3618 après
2257 3579 2301 3606 sa
2336 3570 2463 3616 mère,
2487 3567 2701 3618 instruite,
2725 3567 2822 3609 bien
2845 3567 3003 3620 élevée,

1878 3622 2038 3659 femme
2058 3620 2322 3668 d'intérieur,
2346 3623 2584 3674 épouserait
2607 3623 2822 3674 employé.

1930 3703 2020 3744 404.
2046 3727 2095 3732 —
2115 3704 2383 3754 Demoiselle,
2419 3706 2467 3744 30
2490 3718 2580 3753 ans,
2606 3705 2702 3744 bien
2726 3703 2884 3753 élevée,
2918 3704 3010 3742 for¬

1878 3763 1979 3798 tune
2002 3758 2147 3807 30,000
2170 3758 2222 3798 fr.
2258 3758 2308 3796 de
2330 3770 2374 3796 sa
2398 3760 2513 3798 mère
2547 3762 2586 3795 et
2623 3757 2791 3805 110,000
2813 3756 2867 3796 fr.
2890 3758 3010 3807 après

1878 3823 1951 3851 son
1974 3812 2082 3862 père,
2104 3811 2240 3851 désire
2262 3812 2439 3860 épouser
2462 3820 2518 3848 un
2539 3808 2747 3850 Monsieur
2768 3810 2867 3850 bien
2890 3811 3009 3851 élevé

1879 3876 1930 3903 en
1951 3870 2118 3914 rapport
2139 3864 2256 3912 d'âge
2276 3868 2315 3902 et
2339 3863 2389 3902 de
2408 3862 2579 3902 fortune
2599 3875 2652 3902 ou
2671 3875 2726 3903 un
2743 3863 2946 3915 employé
2958 3863 3009 3903 de

1881 3916 2015 3956 l’Etat.

1935 3999 2026 4038 405.
2052 4020 2095 4027 —
2119 3998 2387 4048 Demoiselle,
2411 3998 2459 4038 49
2479 4010 2567 4040 ans.
2594 3998 2763 4038 fortune
2786 4004 2932 4049 argent
2954 4012 3007 4039 ou

1882 4050 2082 4091 mobilier
2122 4051 2266 4100 15,000
2296 4051 2366 4102 fr.,
2403 4052 2642 4103 épouserait
2675 4051 2779 4092 veuf
2811 4064 2907 4095 sans
2928 4066 3008 4094 en¬

1882 4105 1994 4146 fants
2014 4117 2068 4144 ou
2091 4116 2175 4146 non
2198 4106 2347 4147 marié.

1934 4188 2024 4231 406.
2048 4212 2099 4219 —
2123 4189 2282 4239 Veuve,
2323 4190 2372 4230 42
2406 4202 2494 4239 ans,
2520 4190 2688 4232 fortune
2728 4192 2850 4239 9,000
2870 4194 2920 4235 fr.
2959 4207 3010 4235 en

1880 4244 2057 4293 actions,
2080 4243 2319 4294 épouserait
2340 4244 2442 4294 petit
2460 4244 2618 4284 rentier
2636 4258 2689 4286 ou
2714 4247 2888 4287 artisan.

1935 4326 2026 4364 407.
2050 4348 2098 4354 —
2122 4324 2390 4375 Demoiselle,
2407 4327 2456 4367 46
2471 4339 2560 4375 ans,
2584 4328 2752 4367 fortune
2778 4328 2923 4378 12,000
2942 4329 3011 4380 fr.,

1885 4379 2096 4428 laiHeuse,
2120 4379 2360 4430 épouserait
2383 4392 2439 4419 un
2463 4380 2616 4421 marin.

1935 4462 2026 4502 408.
2047 4486 2091 4491 —
2116 4462 2384 4514 Demoiselle,
2405 4464 2454 4504 60
2472 4475 2562 4512 ans,
2580 4465 2802 4514 possédant
2830 4466 2946 4514 1,200
2962 4468 3011 4511 fr.

1884 4516 1934 4556 de
1976 4522 2090 4555 rente
2131 4518 2311 4567 viagère,
2356 4518 2460 4558 beau
2508 4518 2724 4570 mobilier,
2776 4521 3016 4571 épouserait

1883 4571 2043 4609 rentier
2061 4582 2114 4609 en
2136 4578 2308 4622 rapport
2326 4572 2447 4622 d’âge
2469 4578 2508 4612 et
2529 4572 2705 4614 d'avoir.

1935 4652 2026 4693 409.
2045 4676 2094 4682 —
2116 4652 2383 4700 Demoiselle,
2401 4654 2450 4694 44
2473 4667 2563 4706 ans,
2582 4658 2806 4707 possédant
2831 4660 2943 4706 1,500
2961 4660 3011 4700 fr.

1882 4706 2138 4755 obligations
2159 4707 2544 4759 nu-propriétaire,
2566 4709 2617 4748 de
2646 4711 2787 4759 10,000
2810 4712 2862 4751 fr.
2887 4713 3014 4752 d’im¬

1883 4760 2093 4810 meubles,
2138 4766 2323 4811 gagnant
2362 4760 2618 4803 elle-même
2658 4764 2679 4803 5
2711 4763 2766 4803 fr.
2803 4776 2876 4815 par
2901 4765 3014 4817 jour,

1882 4816 2123 4865 épouserait
2156 4815 2330 4855 ouvrier
2363 4828 2415 4855 ou
2440 4823 2729 4870 commerçant
2759 4830 2810 4858 en
2832 4827 3014 4871 rapport.

1936 4899 2024 4939 412.
2050 4922 2099 4928 —
2134 4899 2291 4948 Veuve,
2331 4899 2380 4939 49
2422 4910 2512 4946 ans,
2551 4899 2796 4948 cuisinière,
2848 4902 3016 4943 fortune

1886 4951 2340 5004 1,500fr.,épouserait
2357 4966 2413 4992 un
2431 4954 2512 4992 bon
2532 4955 2706 4994 ouvrier
2726 4967 2778 4995 ou
2795 4956 3014 5008 employé.

1935 5035 2024 5076 413.
2052 5059 2099 5064 —
2131 5036 2403 5087 Demoiselle,
2444 5036 2494 5078 45
2535 5050 2624 5084 ans,
2676 5036 2866 5079 titulaire
2915 5038 3016 5080 d’un

1880 5090 2044 5130 bureau
2067 5090 2118 5130 de
2142 5092 2276 5139 tabac,
2323 5092 2563 5142 épouserait
2595 5091 2796 5144 employé
2826 5105 2878 5132 ou
2916 5095 3018 5146 petit

1882 5146 2051 5187 rentier.

1934 5230 2024 5270 415.
2050 5252 2096 5260 —
2120 5228 2391 5279 Demoiselle,
2435 5230 2484 5270 35
2523 5242 2612 5280 ans,
2658 5231 2767 5271 belle
2793 5243 3016 5283 personne,

1880 5283 1978 5323 bien
2003 5283 2159 5332 élevée,
2200 5284 2371 5324 fortune
2407 5284 2528 5334 1,200
2548 5284 2618 5332 fr.,
2643 5295 2777 5335 gagne
2799 5286 2848 5325 80
2874 5286 2920 5327 fr.
2947 5299 3020 5338 par

1883 5336 2006 5387 mois,
2027 5337 2162 5379 désire
2180 5340 2362 5388 épouser
2382 5338 2486 5391 petit
2507 5338 2722 5391 employé.

1935 5420 2023 5461 416.
2049 5443 2099 5450 —
2130 5421 2399 5471 Demoiselle,
2443 5422 2719 5474 institutrice,
2744 5423 2792 5463 30
2814 5434 2903 5473 ans,
2928 5423 3018 5464 for¬

1883 5479 1983 5514 tune
2023 5475 2207 5516 actuelle
2260 5476 2375 5527 1,500
2424 5478 2476 5518 fr.
2531 5478 2831 5527 d’économies,
2880 5489 3017 5531 gagne

1884 5527 2000 5574 1,400
2023 5528 2073 5569 fr.
2096 5542 2169 5578 par
2189 5542 2259 5579 an,
2284 5531 2390 5570 beau
2417 5536 2650 5579 trousseau,
2685 5534 2832 5572 avenir
2852 5531 2903 5572 de
2940 5545 3015 5572 son

1884 5583 1977 5632 père
1996 5583 2143 5634 20,000
2165 5583 2215 5623 fr.
2243 5596 2293 5623 en
2317 5584 2564 5636 propriétés,
2589 5585 2725 5626 désire
2756 5587 2936 5636 épouser
2958 5598 3015 5627 un

1881 5635 2082 5688 employé
2103 5636 2200 5676 bien
2223 5636 2358 5678 élevé.

1934 5719 2025 5760 417.
2048 5743 2098 5748 —
2120 5719 2281 5770 Veuve,
2323 5732 2420 5762 sans
2439 5723 2622 5770 enfants,
2661 5723 2760 5772 âgée
2782 5722 2832 5762 de
2855 5722 2903 5760 58
2924 5733 3014 5771 ans,

1883 5774 2156 5824 propriétaire
2206 5774 2336 5815 d’une
2387 5776 2547 5815 maison
2598 5776 2702 5815 d’un
2749 5782 2919 5826 rapport
2966 5776 3015 5816 de

1883 5827 2028 5876 14,000
2051 5827 2120 5877 fr.,
2146 5828 2386 5878 épouserait
2407 5830 2609 5882 employé
2639 5842 2694 5868 ou
2718 5830 2821 5879 petit
2842 5828 3013 5870 rentier.

1935 5908 2027 5948 418.
2056 5932 2101 5939 —
2140 5910 2411 5959 Demoiselle,
2448 5912 2548 5960 âgée
2583 5911 2634 5951 de
2656 5912 2705 5950 50
2727 5922 2815 5959 ans,
2841 5910 3016 5952 inslitu-

1884 5960 1986 6001 ttice
2018 5961 2138 6012 libre,
2179 5970 2310 6015 ayant
2350 5976 2431 6004 une
2467 5963 2712 6004 institution
2751 5976 2852 6004 avec
2890 5978 3015 6006 sotis-

1883 6018 2116 6056 maltresse.
2160 6028 2294 6067 gagne
2330 6018 2451 6062 2,000
2488 6016 2540 6059 fr.
2582 6030 2654 6068 par
2692 6029 2762 6068 an,
2804 6018 2923 6067 6,000
2963 6019 3014 6058 fr.

1883 6068 2183 6120 d'économies,
2200 6071 2306 6112 beau
2326 6070 2543 6123 mobilier,
2562 6071 2802 6124 épouserait
2816 6072 3018 6123 employé

1882 6133 1938 6160 ou
1959 6123 2131 6164 rentier.

3121 590 3211 632 420.
3236 615 3283 622 —
3304 592 3574 643 Demoiselle,
3604 593 3647 634 19
3671 605 3760 642 ans,
3784 594 3900 643 jolie,
3926 596 4022 638 bien
4043 596 4202 647 élevée,

3071 644 3238 684 fortune
3259 647 3406 692 30,000
3431 648 3480 687 fr.
3506 659 3556 687 en
3580 647 3814 698 propriétés
3836 660 3888 687 ou
3912 652 4091 703 actions,
4115 651 4204 691 fille

3071 696 3247 750 unique,
3272 700 3514 750 épouserait
3540 712 3597 739 un
3623 700 3705 740 bon
3728 700 3944 752 employé.

3123 780 3214 821 423.
3239 803 3287 810 —
3324 782 3483 830 Veuve,
3524 795 3622 823 sans
3660 784 3843 832 enfants,
3879 784 3927 823 53
3960 797 4050 835 ans,
4075 796 4206 839 ayant

3071 834 3244 884 pension
3268 834 3434 884 viagère
3474 838 3523 875 de
3563 838 3639 876 800
3676 838 3727 878 fr.
3763 837 3855 887 plus
3895 839 3932 876 la
3962 839 4206 888 jouissance

3068 886 3198 928 d’une
3220 888 3347 938 petite
3387 899 3639 940 campagne,
3664 890 3903 940 épouserait
3926 892 4127 944 employé
4148 906 4203 935 ou

3070 943 3174 993 petit
3195 942 3354 980 rentier
3375 954 3424 980 en
3451 948 3632 992 rapport.

3123 1024 3215 1066 428.
3240 1047 3287 1054 —
3310 1024 3582 1074 Demoiselle,
3607 1026 3656 1064 22
3679 1038 3768 1074 ans,
3792 1028 3940 1077 20,000
3963 1028 4016 1071 fr.

3123 1090 3392 1142 Demoiselle,
3416 1091 3464 1131 23
3487 1102 3576 1140 ans,
3600 1090 3748 1140 50,000
3771 1091 3823 1132 fr.

3124 1155 3393 1207 Demoiselle,
3436 1156 3484 1197 23
3524 1168 3614 1206 ans,
3656 1156 3803 1203 60,000
3843 1158 3913 1206 fr.,
3946 1164 4080 1202 toutes
4102 1162 4207 1202 trois

3073 1207 3169 1246 bien
3191 1208 3370 1259 élevées,
3394 1211 3444 1250 de
3460 1211 3647 1251 familles
3672 1211 3752 1250 très
3776 1211 4042 1262 honorables,
4067 1216 4211 1265 épou¬

3072 1260 3254 1300 seraient
3292 1263 3365 1302 des
3390 1264 3612 1315 employés
3647 1264 3699 1304 de
3746 1264 3864 1303 l’Etat
3887 1276 3940 1303 ou
3964 1275 4132 1308 avocats
4154 1280 4209 1309 en

3072 1320 3240 1363 rapport
3263 1315 3395 1366 d’âge,
3419 1318 3470 1356 de
3501 1318 3672 1358 fortune
3696 1324 3736 1358 et
3756 1318 4047 1360 d’éducation.

3128 1394 3218 1435 431.
3247 1418 3288 1423 —
3311 1396 3472 1443 Veuve,
3495 1399 3545 1439 47
3567 1412 3656 1447 ans,
3680 1401 3779 1440 bien
3801 1401 3959 1451 élevée,
3982 1401 4093 1442 belle
4112 1415 4208 1452 per¬

3072 1459 3219 1496 sonne,
3247 1448 3412 1488 fortune
3438 1452 3606 1492 100.000
3630 1455 3700 1503 fr.,
3723 1455 3966 1505 épouserait
3995 1455 4210 1496 Monsieur

3073 1512 3123 1540 en
3147 1508 3315 1552 rapport
3336 1503 3455 1552 d’âge
3478 1508 3518 1543 et
3538 1506 3588 1544 de
3610 1507 3795 1547 fortune.

3126 1584 3218 1625 434.
3235 1608 3281 1614 —
3304 1584 3463 1631 Veuve,
3482 1586 3532 1626 26
3555 1598 3646 1635 ans,
3669 1599 3766 1628 sans
3783 1591 3966 1641 enfants,
3990 1591 4206 1640 instruite,

3075 1638 3283 1687 brevetée,
3327 1639 3499 1679 fortune
3535 1640 3678 1690 10,000
3711 1642 3747 1679 fr
3770 1674 3779 1686 ,
3812 1647 4058 1692 espérances
4086 1648 4207 1698 après

3074 1700 3138 1729 ses
3160 1699 3326 1742 parents
3363 1694 3510 1744 30,000
3533 1694 3602 1743 fr.,
3644 1695 3884 1746 épouserait
3924 1699 4123 1751 employé
4151 1714 4205 1740 ou

3074 1745 3247 1785 rentier.

3128 1827 3218 1868 435.
3246 1851 3288 1856 —
3315 1828 3583 1880 Demoiselle,
3626 1832 3675 1872 26
3708 1844 3799 1882 ans,
3836 1832 3932 1874 bien
3956 1834 4114 1885 élevée,
4142 1836 4208 1876 fa¬

3075 1880 3196 1920 mille
3236 1884 3316 1923 très
3358 1883 3603 1934 honorable,
3644 1887 3715 1926 dot
3752 1887 3899 1935 65,000
3922 1887 3992 1938 fr.,
4028 1890 4210 1939 grandes

3075 1935 3322 1984 espérances
3339 1939 3459 1988 après
3479 1951 3543 1979 ses
3564 1947 3745 1990 parents,
3768 1943 4010 1993 épouserait
4027 1944 4207 1995 notaire,

3076 1988 3227 2032 avoué,
3267 1990 3468 2039 employé
3507 1991 3562 2029 du
3603 2003 3940 2040 gouvernement
3982 2010 4082 2039 avec
4104 1999 4211 2039 bons

3078 2044 3435 2090 appointements.

3131 2120 3207 2161 435
3228 2122 3309 2163 bis.
3332 2146 3382 2152 —
3423 2124 3692 2176 Demoiselle,
3724 2128 3774 2168 20
3795 2141 3884 2174 ans,
3919 2131 4007 2171 fille
4032 2134 4210 2186 unique,

3079 2175 3177 2216 bien
3215 2175 3374 2227 élevée,
3411 2176 3528 2230 jolie,
3573 2179 3643 2219 dot
3698 2180 3866 2226 100,000
3906 2183 3979 2233 fr.,
4032 2187 4212 2236 grandes

3079 2234 3338 2280 espérances,
3389 2234 3627 2283 épouserait
3675 2235 3888 2276 Monsieur
3936 2249 3987 2279 en
4040 2247 4212 2292 rapport

3079 2282 3212 2331 d’âge,
3235 2283 3504 2324 d’éducation
3526 2292 3566 2326 et
3595 2288 3646 2327 de
3668 2290 3839 2330 fortune
3860 2304 3914 2331 ou
3937 2294 4139 2339 employé
4161 2295 4212 2336 de

3083 2334 3215 2374 l’Etat.
4015 2320 4027 2347 *
4088 2320 4106 2347 J

3133 2418 3223 2458 436.
3248 2440 3297 2447 —
3320 2419 3588 2467 Demoiselle,
3604 2423 3654 2462 22
3670 2435 3760 2471 ans,
3784 2424 3903 2475 jolie,
3928 2427 4025 2468 bien
4048 2430 4208 2480 élevée,

3079 2471 3150 2510 dot
3172 2472 3292 2515 5,000
3311 2471 3366 2514 fr.
3404 2472 3455 2512 de
3493 2480 3643 2522 rentes,
3667 2478 3906 2527 épouserait
3928 2480 4139 2522 Monsieur
4158 2497 4210 2523 en

3079 2532 3246 2575 rapport
3268 2526 3386 2578 d’âge
3411 2532 3451 2566 et
3472 2526 3522 2566 de
3544 2527 3730 2570 fortune.

3131 2606 3223 2647 441.
3243 2631 3290 2636 —
3306 2608 3573 2658 Demoiselle,
3589 2610 3637 2650 34
3652 2623 3743 2661 ans,
3762 2612 3927 2655 fortune
3944 2618 4118 2667 900,000
4138 2619 4210 2668 fr.,

3079 2660 3314 2711 épouserait
3342 2662 3553 2702 Monsieur
3579 2676 3630 2703 en
3656 2674 3822 2716 rapport
3847 2667 3982 2720 d’âge,
4006 2681 4137 2723 ayant
4159 2675 4210 2714 de

3079 2714 3102 2752 2
3124 2715 3146 2752 à
3170 2713 3342 2761 300,000
3362 2715 3399 2754 fr
3423 2746 3432 2762 ,
3470 2716 3695 2758 donnerait
3719 2719 3755 2758 la
3779 2721 4020 2770 préférence
4043 2727 4066 2763 à
4089 2726 4212 2764 Mon¬

3079 2767 3195 2806 sieur
3211 2774 3342 2818 ayant
3367 2780 3422 2807 un
3446 2770 3539 2808 titre
3564 2771 3820 2815 nobilliaire.

3131 2848 3223 2890 442.
3254 2872 3296 2880 —
3328 2850 3482 2899 Veuve,
3523 2864 3619 2891 sans
3658 2855 3840 2902 enfants,
3882 2859 3931 2899 40
3972 2873 4062 2911 ans,
4103 2860 4215 2902 belle

3079 2915 3300 2954 personne,
3334 2904 3503 2944 fortune
3532 2907 3679 2955 50,000
3714 2908 3780 2957 fr.,
3823 2912 4064 2960 épouserait
4094 2916 4215 2955 Mon¬

3078 2956 3194 2996 sieur
3214 2968 3267 2996 en
3291 2964 3455 3007 rapport
3476 2958 3595 3008 d’âge
3616 2966 3656 2999 et
3679 2960 3854 3002 d’avoir.

3134 3039 3223 3079 443.
3248 3063 3298 3067 —
3339 3039 3606 3090 Demoiselle,
3640 3043 3688 3082 22
3724 3056 3815 3091 ans,
3844 3046 3954 3087 belle
3988 3062 4212 3102 personne,

3078 3092 3148 3131 dot
3171 3093 3344 3136 200,000
3366 3094 3434 3142 fr.,
3458 3095 3696 3144 épouserait
3718 3098 3879 3139 notaire
3900 3112 3952 3140 ou
3978 3107 4128 3144 avoué.

3132 3174 3223 3214 444.
3255 3198 3292 3203 -
3320 3175 3587 3226 Demoiselle,
3612 3179 3656 3219 21
3679 3192 3770 3231 ans,
3799 3183 3867 3223 dot
3911 3185 4055 3234 12,000
4076 3188 4128 3230 fr.
4164 3190 4215 3231 de

3082 3234 3235 3276 rentes,
3268 3230 3507 3279 épouserait
3530 3231 3741 3274 Monsieur
3762 3247 3811 3275 en
3835 3247 4006 3289 rapport
4035 3243 4154 3292 d’âge
4177 3250 4216 3282 et

3080 3283 3131 3323 de
3155 3282 3339 3324 fortune.

3132 3366 3224 3403 445.
3256 3387 3299 3394 —
3340 3366 3607 3416 Demoiselle,
3645 3368 3695 3407 24
3732 3380 3822 3419 ans,
3863 3371 3933 3411 dot
3967 3374 4114 3423 50,000
4144 3376 4215 3427 fr.,

3082 3418 3319 3467 épouserait
3362 3419 3574 3459 Monsieur
3605 3428 3734 3474 ayant
3772 3423 3955 3475 position
3986 3434 4024 3468 et
4048 3429 4216 3472 fortune

3080 3470 3372 3522 équivalente.

3133 3554 3223 3595 447.
3250 3579 3296 3586 —
3322 3556 3589 3607 Demoiselle,
3630 3562 3679 3598 42
3721 3573 3811 3607 ans,
3847 3565 4073 3614 employée
4098 3567 4218 3604 d’ad¬

3082 3610 3386 3655 ministration,
3422 3610 3764 3658 appointements
3802 3613 3915 3658 1,500
3937 3614 4007 3663 fr.,
4044 3616 4217 3658 fortune

3087 3660 3230 3708 10.000
3253 3659 3306 3700 fr.
3330 3666 3370 3699 et
3390 3666 3650 3711 espérances,
3680 3663 3919 3714 épouserait
3939 3668 4140 3723 employé
4163 3684 4214 3712 ou

3083 3713 3251 3752 rentier.

3135 3795 3224 3836 448.
3260 3819 3302 3826 —
3342 3796 3498 3843 Veuve,
3540 3810 3636 3836 sans
3675 3799 3858 3846 enfants,
3892 3802 3940 3842 49
3970 3817 4062 3856 ans,
4085 3818 4218 3860 ayant

3085 3860 3167 3888 une
3202 3848 3374 3898 pension
3415 3850 3582 3899 viagère
3615 3851 3666 3891 de
3698 3852 3774 3891 600
3798 3854 3847 3893 fr.
3874 3854 3971 3904 plus
3998 3859 4140 3904 18,000
4164 3864 4215 3904 fi*,

3082 3908 3227 3951 argent
3248 3914 3302 3940 ou
3327 3902 3571 3954 propriétés,
3592 3904 3835 3955 épouserait
3852 3906 4066 3951 Monsieur
4084 3921 4218 3964 ayant

3083 3954 3348 4008 équivalent.

3139 4038 3226 4079 449.
3251 4063 3300 4068 —
3324 4039 3479 4091 Veuve,
3498 4052 3594 4082 sans
3611 4042 3792 4090 enfants,
3810 4042 3860 4083 46
3880 4055 3971 4095 ans,
3999 4047 4144 4096 14,000
4160 4047 4215 4090 fr.

3084 4091 3390 4135 d’immeubles
3428 4100 3468 4135 et
3492 4107 3547 4136 un
3575 4095 3675 4147 petit
3698 4108 3954 4151 commerce,
3978 4100 4220 4153 épouserait

3086 4148 3188 4187 veuf
3208 4160 3263 4187 ou
3286 4150 3442 4188 rentier
3462 4160 3563 4190 avec
3586 4152 3720 4192 avoir.

3139 4229 3230 4270 450.
3252 4252 3300 4259 —
3340 4231 3608 4283 Demoiselle,
3648 4234 3698 4273 30
3732 4246 3822 4283 ans,
3864 4235 3935 4275 dot
3968 4239 4114 4287 14,000
4150 4242 4187 4281 fr
4211 4275 4219 4292 ,

3087 4284 3326 4333 épouserait
3347 4284 3564 4336 employé,
3590 4286 3750 4326 rentier
3768 4299 3823 4327 ou
3844 4299 4148 4344 commerçant.

3140 4366 3231 4407 452.
3258 4390 3303 4395 —
3344 4366 3502 4418 Veuve,
3538 4381 3635 4410 sans
3668 4370 3849 4422 enfants,
3886 4372 3934 4412 63
3964 4386 4054 4423 ans,
4081 4379 4224 4426 possé¬

3087 4419 3188 4459 dant
3236 4419 3495 4462 immeubles
3545 4423 3688 4471 18,000
3731 4424 3801 4473 fr.,
3852 4427 3949 4479 plus
3998 4429 4119 4474 5,000
4168 4431 4222 4472 fr.

3087 4479 3247 4524 argent,
3271 4486 3326 4514 un
3364 4486 3600 4516 commerce
3634 4475 3685 4518 de
3719 4479 3828 4527 vins,
3871 4481 3967 4533 plus
4001 4484 4222 4536 mobilier,

3088 4528 3328 4577 épouserait
3364 4528 3566 4583 employé
3593 4543 3646 4571 ou
3671 4532 3775 4583 petit
3794 4536 3952 4576 rentier
3974 4550 4025 4579 en
4051 4548 4222 4591 rapport

3087 4580 3219 4632 d’âge.

3142 4667 3231 4707 453.
3261 4690 3306 4696 —
3346 4668 3612 4717 Demoiselle,
3650 4671 3700 4710 36
3738 4683 3828 4719 ans,
3870 4672 3939 4711 dot
3975 4674 4120 4723 18,000
4150 4675 4223 4726 fr.,

3089 4720 3327 4768 épouserait
3347 4727 3638 4774 commerçant
3658 4734 3712 4762 ou
3736 4723 3950 4775 employé.

3143 4801 3233 4842 454.
3259 4824 3306 4830 —
3336 4802 3606 4852 Demoiselle,
3644 4804 3692 4844 36
3726 4817 3815 4854 ans,
3847 4805 3944 4847 bien
3968 4808 4126 4862 élevée,
4153 4812 4223 4855 dot

3090 4855 3211 4903 5.000
3235 4855 3302 4903 fr.,
3324 4856 3563 4907 épouserait
3584 4858 3800 4911 employé.

3144 4939 3235 4979 455.
3262 4963 3307 4968 —
3330 4940 3600 4991 Demoiselle,
3643 4943 3692 4983 25
3722 4956 3811 4995 ans,
3850 4946 3950 4987 bien
3975 4948 4134 4996 élevée,
4154 4947 4224 4987 dot

3091 4993 3238 5043 20.000
3258 4992 3328 5044 fr.,
3354 4998 3591 5047 épouserait
3614 5010 3671 5037 un
3691 5007 3998 5052 commerçant.

3144 5083 3234 5123 456.
3258 5107 3298 5112 —
3323 5084 3590 5134 Demoiselle,
3611 5086 3660 5127 30
3675 5099 3766 5134 ans,
3784 5088 3922 5126 bonne
3937 5087 4220 5139 musicienne,

3091 5138 3163 5178 dot
3200 5138 3343 5184 15,000
3382 5138 3451 5188 fr.,
3488 5140 3726 5191 épouserait
3759 5139 3974 5190 employé,
4004 5151 4223 5184 commer¬

3092 5198 3188 5246 çant
3210 5205 3264 5232 ou
3290 5192 3458 5235 rentier.

3146 5275 3238 5316 457.
3262 5298 3311 5304 —
3334 5276 3492 5323 Veuve,
3526 5276 3574 5315 50
3604 5287 3694 5323 ans,
3724 5275 3823 5314 bien
3843 5274 4000 5328 élevée,
4027 5278 4222 5329 pianiste,

3097 5328 3272 5380 pension
3314 5328 3431 5378 1,100
3466 5328 3536 5379 fr.,
3571 5328 3808 5379 épouserait
3849 5330 4146 5381 pensionnaire
4168 5344 4221 5372 ou

3095 5382 3264 5423 rentier.

3147 5466 3238 5506 458.
3261 5488 3311 5494 —
3332 5466 3487 5511 Veuve,
3523 5464 3571 5504 50
3602 5476 3692 5515 ans,
3716 5466 3813 5506 bien
3836 5463 3993 5514 élevée,
4019 5466 4225 5510 touchant

3090 5520 3187 5559 bien
3211 5520 3265 5558 du
3293 5519 3431 5568 piano,
3469 5518 3566 5558 bien
3606 5519 3847 5563 conservée,
3869 5524 4000 5567 ayant
4025 5519 4144 5567 1,100
4168 5522 4220 5564 fr.

3090 5572 3140 5612 de
3183 5571 3372 5623 pension,
3414 5574 3654 5623 épouserait
3702 5569 3914 5610 Monsieur
3955 5583 4006 5611 en
4057 5583 4225 5627 rapport

3090 5625 3223 5675 d’âge,
3247 5626 3418 5666 retraité
3438 5638 3492 5667 ou
3515 5624 3690 5666 rentier.

3143 5714 3235 5756 459.
3259 5739 3306 5746 —
3330 5711 3599 5760 Demoiselle,
3620 5711 3671 5751 26
3692 5723 3782 5758 ans,
3802 5711 3922 5762 jolie,
3942 5714 4038 5756 bien
4061 5718 4222 5766 élevée,

3090 5768 3237 5816 20,000
3258 5768 3310 5809 fr.
3351 5768 3403 5807 de
3443 5767 3515 5804 dot
3543 5770 3583 5803 et
3615 5767 3878 5816 espérances,
3902 5769 4141 5820 épouserait
4162 5783 4224 5809 un

3090 5827 3380 5872 commerçant
3402 5819 3502 5858 bien
3522 5817 3670 5859 établi.

3143 5911 3236 5948 460.
3263 5931 3310 5936 —
3331 5906 3600 5954 Demoiselle,
3637 5907 3686 5948 20
3707 5920 3798 5959 ans,
3827 5911 3924 5951 bien
3950 5910 4110 5958 élevée,
4134 5908 4224 5948 for¬

3091 5970 3193 6003 tune
3219 5960 3386 6007 100,000
3403 5960 3454 6000 fr.
3478 5966 3519 5999 et
3540 5960 3671 6003 belles
3690 5966 3954 6015 espérances,
3979 5963 4223 6012 épouserait

3091 6014 3417 6063 fonctionnaire,
3458 6015 3636 6068 notaire,
3683 6018 3832 6064 avoué,
3874 6026 3929 6054 ou
3972 6020 4060 6056 tout
4103 6023 4223 6059 autre

3092 6079 3299 6119 personne
3339 6067 3436 6107 bien
3471 6068 3614 6112 élevée
3652 6070 3752 6110 dont
3784 6068 3823 6107 la
3862 6067 4064 6110 situation
4096 6072 4223 6112 serait

3091 6121 3192 6162 bien
3214 6120 3368 6162 établie
3388 6127 3427 6162 et
3448 6135 3500 6163 en
3523 6128 3692 6175 rapport
3713 6122 3850 6171 d'âge.
