4712 7064
2191 464 2271 512 LE
2307 463 2459 512 LIEN
2491 462 2581 509 BU
2617 459 2911 509 MARIAGE

1156 639 1578 699 AVIS

884 810 938 850 Le
974 810 1080 848 Lien
1118 808 1167 847 du
1202 808 1386 861 Mariage
1422 820 1463 848 se
1502 807 1610 848 vend
1646 820 1700 847 au
1740 807 1830 857 prix
1876 804 1926 845 de

815 866 862 904 10
883 863 1088 904 centimes
1119 862 1222 902 dans
1252 867 1344 902 tous
1374 862 1432 902 les
1467 862 1666 912 kiosques
1684 861 1734 900 de
1758 860 1795 899 la
1816 858 1927 899 Ville

813 924 854 958 et
871 919 895 957 à
916 918 957 956 la
976 916 1202 966 Direction,
1224 915 1288 966 47,
1306 928 1381 955 rue
1402 918 1451 956 de
1472 916 1511 955 la
1531 915 1669 955 Darse.

867 1002 976 1041 Dans
1015 999 1074 1040 les
1113 1000 1334 1051 prochains
1368 1002 1584 1050 numéros,
1607 1010 1714 1039 nous
1738 998 1925 1038 réserve¬

814 1066 911 1095 rons
932 1066 990 1094 un
1010 1054 1107 1094 tiers
1127 1053 1176 1094 de
1198 1066 1310 1104 page,
1328 1067 1435 1105 pour
1463 1054 1524 1094 les
1555 1050 1927 1094 annonces-récla¬

815 1119 918 1157 mes,
942 1107 1049 1147 mais
1068 1119 1175 1148 nous
1195 1108 1507 1158 n’accepterons
1533 1112 1572 1146 et
1599 1104 1923 1147 recommande¬

815 1173 912 1202 rons
930 1174 1012 1212 que
1032 1160 1159 1202 celles
1188 1163 1264 1215 qui
1292 1166 1539 1202 émaneront
1566 1160 1639 1202 des
1671 1159 1857 1200 maisons
1877 1158 1927 1198 de

815 1214 1044 1256 confiance.

867 1335 1003 1375 Notre
1026 1335 1156 1389 Office
1174 1348 1200 1375 a
1210 1336 1314 1388 pria
1323 1350 1444 1388 pour
1463 1335 1611 1375 devise
1631 1348 1644 1372 :
1667 1335 1712 1373 la
1731 1330 1924 1371 Probité.

814 1388 906 1429 Nos
925 1388 1079 1429 clients
1099 1394 1288 1443 peuvent
1325 1394 1414 1429 être
1439 1388 1683 1443 persuadés
1722 1386 1929 1426 d’avance

814 1457 894 1496 que
911 1456 1018 1482 nous
1039 1457 1088 1483 ne
1108 1456 1291 1484 sommes
1303 1456 1387 1496 pas
1408 1444 1483 1483 des
1504 1442 1728 1482 brasseurs
1750 1436 1930 1490 d’affai¬

812 1511 895 1542 res,
919 1510 975 1536 au
996 1496 1143 1551 risque
1166 1498 1217 1536 de
1235 1499 1355 1550 faire
1376 1498 1451 1537 des
1470 1496 1759 1536 malheureux
1779 1506 1794 1538 ;
1834 1494 1929 1528 tous

811 1564 888 1590 nos
929 1551 1075 1604 efforts
1117 1552 1321 1595 tendront
1369 1552 1573 1604 toujours
1616 1563 1643 1587 ci
1688 1546 1808 1599 faire
1854 1544 1930 1582 des

812 1604 1007 1644 heureux
1011 1620 1020 1655 ,
1047 1608 1180 1644 môme
1214 1619 1271 1646 au
1308 1606 1543 1645 détriment
1564 1603 1617 1642 de
1644 1614 1719 1639 nos
1743 1609 1931 1650 propres

811 1659 1002 1699 intérêts.
1052 1660 1206 1699 Toutes
1243 1672 1318 1700 nos
1354 1659 1534 1712 affaires
1571 1656 1716 1695 seront
1755 1651 1932 1691 traitées

811 1726 911 1752 avec
934 1714 976 1751 la
987 1714 1096 1765 plus
1111 1715 1280 1763 grande
1296 1713 1548 1753 délicatesse
1563 1712 1603 1750 et
1622 1710 1660 1747 le
1666 1708 1772 1760 plus
1784 1703 1932 1756 grand

812 1765 1228 1807 désintéressement.

852 1984 995 2048 Avis
1030 1986 1065 2048 à
1103 2001 1199 2048 nos
1243 1983 1441 2047 clients
1478 1980 1539 2044 de
1582 1974 1895 2041 l’extérieur

865 2169 922 2208 La
959 2168 1169 2210 Direction
1206 2167 1358 2208 envoie
1392 2164 1554 2210 franco,
1575 2171 1675 2200 sous
1703 2158 1934 2208 enveloppe

816 2222 1024 2274 cachetée,
1060 2234 1156 2263 sans
1192 2231 1334 2260 aucun
1374 2219 1492 2267 signe
1532 2214 1754 2262 extérieur,
1791 2217 1934 2252 contre

815 2276 863 2316 60
884 2288 920 2317 c.
956 2289 1008 2316 en
1044 2276 1372 2324 timbres-poste,
1411 2282 1466 2310 un
1508 2278 1775 2321 programme
1815 2264 1934 2304 indi¬

814 2335 946 2382 quant
968 2331 1026 2371 les
1044 2328 1284 2370 conditions
1314 2326 1363 2366 de
1403 2324 1555 2364 l’Office
1578 2330 1616 2363 et
1636 2334 1695 2362 un
1716 2319 1933 2372 question¬

814 2384 930 2424 naire
950 2384 1052 2424 écrit
1081 2382 1239 2434 auquel
1277 2382 1455 2420 devront
1491 2376 1699 2427 répondre
1742 2374 1800 2412 les
1841 2384 1935 2424 per¬

814 2448 964 2476 sonnes
983 2437 1059 2490 qui
1080 2437 1328 2478 s’adressent
1348 2435 1371 2472 à
1394 2444 1500 2471 nous
1522 2435 1561 2470 et
1582 2430 1659 2482 qui
1680 2427 1855 2468 veulent
1888 2439 1931 2467 se

815 2490 986 2530 marier.

868 2544 943 2584 Les
966 2554 1190 2594 personnes
1208 2540 1285 2592 qui
1306 2551 1356 2579 ne
1376 2543 1471 2579 sont
1492 2550 1562 2588 pas
1591 2535 1817 2583 abonnées,
1840 2537 1933 2572 sont

814 2598 952 2650 priées
970 2598 1022 2638 de
1041 2595 1207 2648 joindre
1229 2599 1254 2634 à
1274 2594 1368 2635 leur
1389 2592 1509 2632 lettre
1532 2602 1590 2630 un
1630 2589 1934 2638 timbre-poste

815 2663 923 2702 pour
946 2651 983 2690 la
1003 2654 1192 2700 réponse,
1215 2648 1298 2687 afin
1322 2646 1532 2686 d’obtenir
1569 2643 1630 2682 les
1668 2647 1811 2682 aulree
1834 2650 1935 2678 ren¬

816 2704 1101 2755 seignements
1119 2702 1247 2754 qu’ils
1268 2707 1454 2752 peuvent
1474 2697 1647 2738 désirer.

870 2760 945 2797 Les
966 2767 1190 2808 personnes
1210 2755 1450 2802 étrangères
1486 2752 1509 2790 à
1548 2750 1590 2788 la
1628 2748 1727 2787 ville
1766 2746 1842 2798 qui
1883 2756 1935 2784 ne

820 2811 1068 2850 voudraient
1088 2821 1160 2860 pas
1180 2808 1285 2847 faire
1308 2818 1364 2846 un
1387 2815 1548 2856 aoyage
1565 2804 1588 2841 à
1606 2799 1816 2840 Marseille
1831 2810 1938 2848 pour

818 2871 956 2904 entrer
994 2875 1042 2902 en
1080 2862 1280 2902 relations
1315 2871 1414 2899 avec
1455 2859 1494 2896 la
1524 2866 1736 2907 pevsonne
1774 2851 1936 2891 choisie

818 2918 923 2956 dans
943 2916 1002 2955 les
1022 2915 1220 2955 colonnes
1240 2913 1295 2952 du
1315 2912 1422 2952 Lien
1443 2911 1494 2948 du
1511 2908 1712 2960 Mariage,
1730 2904 1940 2945 voudront

819 2971 919 3010 bien
958 2980 1066 3008 nous
1103 2968 1290 3008 adresser
1322 2966 1415 3004 leur
1451 2959 1759 3012 photographie
1777 2970 1786 3004 ;
1831 2967 1939 2995 nous

819 3023 914 3063 leur
933 3022 1210 3074 indiquerons
1230 3032 1304 3070 par
1325 3018 1429 3058 écrit
1451 3016 1488 3055 le
1511 3024 1668 3064 moyen
1683 3012 1866 3052 d’entrer
1888 3020 1938 3048 en

821 3076 1023 3116 relations
1040 3086 1140 3115 avec
1163 3074 1202 3111 la
1223 3082 1429 3123 personne
1450 3067 1612 3108 choisie
1628 3079 1682 3106 ou
1706 3076 1803 3104 avec
1826 3068 1939 3102 toute

822 3138 940 3170 autre
963 3139 1164 3178 personne
1186 3126 1235 3166 de
1258 3135 1332 3164 nos
1354 3123 1586 3162 nombreux
1608 3118 1807 3163 abonnés,
1840 3115 1942 3155 dont

822 3182 956 3234 grand
976 3182 1152 3222 nombre
1174 3190 1227 3219 ne
1246 3179 1431 3228 figurent
1451 3187 1524 3226 pas
1544 3174 1650 3211 dans
1672 3172 1708 3211 le
1728 3168 1911 3221 journal.

891 3403 1162 3477 AUX
1233 3390 1880 3471 FAMILLES

879 3599 995 3640 Nous
1015 3607 1067 3634 ne
1087 3595 1278 3634 donnons
1298 3599 1465 3628 aucune
1486 3586 1595 3626 suite
1615 3595 1698 3623 aux
1718 3579 1946 3622 demandes

824 3654 898 3692 des
919 3657 1144 3701 personnes
1164 3643 1394 3691 divorcées,
1416 3640 1453 3681 si
1475 3639 1512 3679 le
1531 3637 1754 3691 jugement
1775 3634 1843 3674 n’a
1873 3643 1945 3684 pas

824 3707 891 3747 été
912 3703 1120 3755 prononcé
1139 3699 1410 3739 absolument
1434 3705 1487 3734 en
1508 3692 1600 3732 leur
1618 3690 1783 3730 faveur.

880 3782 996 3822 Nous
1032 3791 1084 3818 ne
1119 3788 1226 3817 nous
1263 3783 1475 3824 occupons
1506 3781 1588 3822 que
1618 3768 1690 3808 des
1720 3777 1945 3819 personnes

826 3832 1080 3876 honorables
1099 3835 1138 3872 et
1158 3831 1190 3870 il
1211 3835 1273 3870 est
1298 3826 1452 3868 inutile
1476 3825 1527 3864 de
1547 3835 1590 3864 se
1610 3824 1823 3875 présenter
1844 3819 1944 3860 chez

830 3900 938 3930 nous
956 3900 1012 3927 ou
1032 3887 1083 3926 de
1107 3895 1214 3923 nous
1232 3882 1338 3920 faire
1359 3878 1528 3930 appeler
1548 3879 1571 3915 à
1594 3875 1792 3916 domicile
1823 3874 1858 3914 si
1891 3886 1944 3913 on

831 3956 882 3983 ne
903 3940 1052 3982 réalise
1075 3948 1147 3989 pas
1166 3940 1272 3975 cette
1292 3931 1524 3974 condition.

884 4008 959 4047 Les
997 4011 1224 4054 personnes
1255 3998 1332 4048 qui
1366 3996 1614 4035 s’adressent
1644 3994 1666 4030 à
1703 3992 1742 4030 la
1782 3990 1946 4028 maison

831 4065 924 4102 sont
940 4058 1076 4110 priées
1090 4056 1139 4094 de
1153 4051 1318 4104 joindre
1335 4059 1392 4087 un
1408 4047 1560 4085 timbre
1575 4056 1683 4095 pour
1697 4043 1736 4082 la
1751 4043 1924 4091 réponse
1938 4052 1947 4090 ;

830 4118 944 4155 toute
967 4111 1086 4151 lettre
1107 4118 1192 4147 non
1212 4100 1446 4144 affranchie
1467 4105 1527 4139 est
1547 4096 1727 4138 refusée.

883 4186 942 4226 On
982 4187 1042 4222 est
1079 4177 1170 4231 prié
1203 4176 1254 4215 de
1283 4171 1451 4226 joindre
1483 4174 1630 4209 autant
1658 4179 1740 4219 que
1768 4164 1950 4216 possible

831 4251 915 4279 une
935 4230 1243 4287 photographie
1262 4234 1303 4268 et
1318 4227 1370 4268 de
1390 4227 1551 4266 donner
1568 4222 1777 4275 quelques
1796 4219 1951 4260 détails

831 4303 907 4332 sur
946 4291 983 4328 la
1016 4284 1219 4327 situation
1251 4283 1300 4322 de
1336 4281 1504 4319 fortune
1535 4278 1584 4318 de
1620 4278 1658 4316 la
1695 4286 1899 4327 personne
1927 4275 1950 4313 à

835 4343 1002 4384 marier.

886 4418 996 4456 Pour
1016 4420 1124 4451 nous
1142 4407 1275 4448 éviter
1295 4405 1367 4444 des
1395 4400 1662 4447 recherches,
1687 4399 1747 4438 les
1776 4409 1951 4447 person¬

835 4482 908 4511 nes
946 4467 1022 4519 qui
1054 4464 1193 4503 feront
1227 4470 1284 4499 un
1318 4455 1443 4496 choix
1461 4455 1564 4493 dans
1587 4452 1646 4490 les
1674 4450 1875 4491 colonnes
1893 4449 1952 4488 du

835 4526 943 4564 Lien
972 4519 1023 4559 du
1054 4514 1255 4567 Mariagè,
1278 4511 1395 4551 n’ont
1414 4507 1514 4559 qu’à
1544 4516 1651 4544 nous
1683 4502 1875 4555 rappeler
1915 4501 1952 4541 le

833 4576 1014 4619 numéro
1034 4571 1110 4624 qui
1132 4566 1306 4619 précède
1328 4564 1367 4604 la
1388 4558 1662 4614 proposition.

886 4643 999 4683 Tous
1036 4639 1096 4679 les
1134 4632 1494 4683 renseignements
1533 4624 1694 4667 donnés
1732 4634 1806 4675 par
1848 4631 1955 4661 nous

834 4703 928 4739 sont
947 4693 1140 4746 gratuits.

890 4775 945 4815 La
979 4767 1336 4822 correspondance
1375 4766 1435 4800 est
1471 4758 1659 4799 adressée
1690 4766 1790 4796 sous
1827 4766 1955 4794 enve¬

835 4827 959 4880 loppe
978 4824 1206 4871 ordinaire,
1228 4829 1324 4860 sans
1359 4824 1527 4854 aucune
1558 4810 1807 4859 inscription
1841 4810 1952 4848 exté¬

835 4883 976 4924 rieure
996 4883 1116 4918 autre
1135 4887 1218 4927 que
1239 4871 1435 4914 l’adresse
1455 4866 1507 4906 de
1525 4864 1567 4904 la
1590 4874 1808 4915 personne.

890 4948 966 4987 Les
996 4942 1184 4984 abonnés
1212 4938 1326 4979 seuls
1355 4939 1427 4975 ont
1458 4930 1566 4971 droit
1586 4930 1610 4968 à
1638 4939 1720 4967 une
1752 4926 1952 4966 insertion

835 5002 886 5042 de
915 5000 1013 5050 cinq
1046 4996 1194 5047 lignes,
1215 4991 1344 5044 qu’ils
1376 4987 1614 5037 rédigeront
1634 4984 1656 5022 à
1683 4982 1774 5022 leur
1803 4991 1955 5019 conve¬

835 5066 985 5095 nance.

888 5127 964 5167 Les
984 5118 1311 5175 photographies
1330 5122 1370 5156 et
1391 5119 1532 5154 autres
1564 5111 1702 5162 pièces
1730 5107 1912 5148 confiées
1934 5106 1955 5144 à

835 5180 876 5220 la
896 5179 1054 5219 Maison
1074 5179 1167 5218 sont
1187 5172 1370 5214 rendues
1402 5180 1482 5210 aux
1515 5165 1739 5207 intéressés
1767 5162 1886 5214 après
1914 5160 1954 5200 la

834 5232 1091 5274 célébration
1112 5231 1168 5271 du
1191 5227 1392 5276 mariage.

889 5302 964 5341 Les
986 5310 1208 5351 personnes
1227 5297 1303 5348 qui
1323 5300 1415 5335 sont
1435 5291 1660 5332 satisfaites
1680 5291 1731 5330 de
1759 5299 1832 5327 nos
1859 5299 1952 5326 ser¬

838 5355 948 5395 vices
970 5354 1175 5394 voudront
1195 5350 1294 5390 bien
1308 5346 1638 5397 communiquer
1658 5349 1772 5383 notre
1787 5342 1954 5381 adresse

835 5410 859 5448 à
879 5408 994 5448 leurs
1011 5406 1134 5455 amis,
1158 5406 1411 5455 promettant
1430 5400 1480 5439 de
1502 5396 1678 5448 remplir
1706 5396 1744 5435 le
1780 5394 1954 5434 mandat

835 5460 944 5514 qu’il
990 5470 1097 5499 nous
1142 5456 1397 5504 donneront,
1446 5466 1501 5493 au
1548 5451 1693 5491 mieux
1739 5448 1790 5488 de
1841 5447 1955 5487 leurs

837 5514 1025 5555 intérêts.

891 5589 1055 5630 Ouvert
1092 5590 1188 5627 tous
1224 5584 1282 5626 les
1304 5587 1435 5639 jours
1467 5583 1519 5622 de
1551 5583 1580 5621 2
1605 5594 1631 5619 et
1653 5581 1679 5619 8
1702 5579 1858 5619 heures
1891 5576 1954 5616 du

834 5644 942 5691 soir,
963 5646 1002 5682 et
1026 5643 1086 5682 les
1104 5639 1357 5680 dimanches
1367 5634 1555 5691 jusqu’à
1576 5634 1691 5674 midi

875 5823 1305 5905 FORMALITÉS
1351 5828 1521 5896 POUR
1569 5824 1911 5895 MARIAGES

887 5996 962 6036 Les
1010 5988 1294 6044 publications
1330 5987 1380 6027 de
1420 5985 1607 6034 mariage
1654 5984 1823 6023 doivent
1868 5983 1954 6022 être

833 6050 954 6090 faites
975 6050 999 6087 à
1020 6050 1060 6087 la
1080 6042 1223 6086 Mairie
1242 6042 1351 6080 deux
1380 6038 1631 6078 dimanches
1651 6038 1701 6076 de
1723 6038 1831 6076 suite
1855 6040 1894 6075 et
1915 6035 1954 6072 le

832 6102 1019 6151 mariage
1058 6112 1110 6139 ne
1149 6101 1249 6147 peut
1287 6094 1407 6134 avoir
1441 6092 1527 6131 lieu
1567 6103 1651 6142 que
1688 6102 1790 6130 onze
1837 6088 1955 6140 jours

832 6158 973 6198 francs
991 6155 1111 6206 après
1134 6150 1171 6190 la
1194 6150 1399 6200 première
1420 6144 1700 6196 publication.

2052 636 2091 675 Si
2118 635 2152 675 le
2174 633 2377 675 domicile
2398 634 2503 672 n’est
2524 643 2595 682 pas
2630 630 2760 672 établi
2795 642 2870 681 par
2908 629 2970 668 six
3008 628 3118 668 mois

1998 689 2048 728 de
2070 690 2299 737 résidence,
2317 690 2376 728 les
2397 685 2682 738 publications
2699 686 2875 725 devront
2890 684 2976 723 être
2995 681 3119 720 faites

1998 744 2022 782 à
2060 743 2100 782 la
2139 740 2436 792 municipalité
2474 738 2531 777 du
2571 739 2739 778 dernier
2770 736 2971 778 domicile
2996 742 3035 775 et
3065 746 3116 774 en

1999 803 2116 835 outre
2155 807 2207 834 au
2247 792 2448 834 domicile
2480 792 2530 831 de
2564 803 2668 830 ceux
2695 803 2792 831 sous
2827 791 2866 830 la
2898 789 3118 842 puissance

1999 848 2192 901 desquels
2212 860 2254 888 se
2292 851 2488 887 trouvent
2524 844 2583 884 les
2614 844 2767 894 parties
2796 848 3114 884 contractantes.

2050 944 2193 984 Pièces
2211 944 2235 982 à
2255 940 2454 992 produire
2474 939 2499 978 à
2515 938 2556 977 la
2577 936 2723 978 Mairie
2739 951 2748 977 :

2055 1034 2088 1071 1°
2118 1031 2255 1071 L’acte
2274 1031 2324 1069 de
2343 1028 2559 1068 naissance
2576 1027 2648 1067 des
2663 1027 2772 1067 deux
2787 1025 2928 1066 futurs
2940 1026 3119 1066 dûment

2000 1084 2195 1135 légalisés
2219 1096 2228 1130 ;

2050 1151 2089 1189 2°
2110 1150 2164 1188 Le
2184 1151 2502 1188 consentement
2522 1144 2683 1184 notarié
2700 1144 2774 1184 des
2788 1144 2906 1194 pères
2925 1148 2965 1183 et
2984 1144 3120 1185 mères

1999 1204 2076 1255 qui
2115 1215 2166 1242 ne
2206 1207 2388 1252 peuvent
2429 1200 2464 1239 le
2498 1200 2659 1239 donner
2695 1198 2982 1237 verbalement
3018 1199 3040 1235 à
3082 1196 3120 1236 la

2001 1256 2144 1296 Mairie
2164 1267 2219 1295 au
2240 1259 2431 1294 moment
2451 1254 2500 1292 de
2522 1253 2642 1292 l’acte
2664 1251 2719 1290 du
2742 1250 2928 1300 mariage
2951 1263 2960 1300 ;

2053 1323 2090 1362 3°
2120 1322 2161 1361 Si
2183 1320 2221 1360 le
2242 1322 2338 1371 père
2360 1323 2399 1358 et
2422 1319 2460 1356 la
2483 1319 2596 1357 mère
2618 1322 2711 1358 sont
2739 1314 2930 1364 décédés,
2954 1326 3007 1353 ou
3032 1312 3120 1352 l’un

2002 1375 2138 1422 d’eux,
2162 1373 2193 1411 il
2214 1374 2304 1412 faut
2326 1371 2492 1413 fournir
2511 1370 2604 1410 leur
2624 1376 2714 1408 acte
2731 1369 2780 1408 de
2801 1368 2923 1408 décès
2943 1367 3122 1407 dûment

2002 1428 2176 1478 légalisé
2200 1439 2208 1476 ;

2054 1494 2090 1532 4°
2120 1493 2229 1532 Dans
2248 1491 2286 1531 le
2307 1502 2376 1531 cas
2396 1491 2446 1530 de
2467 1490 2588 1529 décès
2608 1489 2680 1528 des
2711 1490 2806 1539 père
2837 1494 2875 1527 et
2904 1487 3032 1535 mère,
3054 1486 3119 1526 s’il

2003 1548 2131 1587 existe
2171 1558 2229 1584 un
2267 1544 2518 1595 grand-père
2549 1554 2602 1582 ou
2645 1555 2726 1582 une
2751 1541 3033 1592 grand’mère,
3066 1552 3121 1579 ou

2003 1600 2156 1640 arrière
2196 1599 2451 1648 grand-père
2486 1602 2523 1635 et
2552 1595 2707 1636 arrière
2727 1595 3004 1647 grand’mère,
3028 1594 3122 1632 leur

2003 1658 2320 1694 consentement
2342 1656 2400 1690 est
2420 1648 2668 1690 nécessaire.

2059 1707 2165 1744 Pour
2195 1715 2256 1743 un
2286 1703 2458 1742 mineur
2480 1715 2488 1741 :

2064 1764 2095 1803 1*
2131 1762 2164 1802 Il
2203 1762 2295 1800 faut
2334 1761 2374 1799 la
2409 1762 2605 1811 présence
2640 1772 2695 1799 ou
2730 1759 2768 1800 le
2803 1763 3123 1799 consentement

2006 1817 2167 1858 notarié
2191 1815 2248 1855 du
2268 1820 2412 1855 tuteur
2430 1827 2439 1864 ;

2058 1876 2095 1915 2°
2125 1875 2212 1915 Une
2247 1875 2524 1915 délibération
2566 1874 2620 1914 du
2666 1872 2827 1914 Conseil
2867 1874 2915 1914 de
2956 1872 3122 1912 famille

2008 1929 2194 1982 lorsqu’il
2226 1930 2346 1979 s’agit
2379 1928 2480 1967 d’un
2512 1927 2708 1978 orphelin
2728 1928 2778 1968 de
2800 1929 2896 1978 père
2918 1932 2957 1967 et
2976 1939 3061 1978 que
3084 1927 3119 1966 la

2007 1986 2120 2024 mère
2139 1995 2191 2023 ou
2216 1982 2387 2023 l’aïeule
2407 1986 2500 2022 sont
2522 1982 2695 2020 tutrices
2716 1994 2727 2028 ;

2058 2038 2167 2077 Dans
2190 2048 2331 2076 aucun
2352 2047 2435 2084 cas,
2460 2046 2518 2074 un
2540 2033 2709 2072 mineur
2730 2043 2782 2071 ne
2804 2036 2903 2081 peut
2932 2035 3123 2071 contrac¬

2008 2098 2067 2132 ter
2087 2090 2274 2140 mariage
2295 2100 2390 2129 sans
2414 2088 2450 2127 le
2471 2090 2786 2128 consentement
2806 2086 2856 2124 de
2876 2095 2940 2124 ses
2960 2088 3126 2134 parents

2006 2158 2057 2186 ou
2082 2149 2259 2184 tuteurs.

2059 2210 2096 2248 5°
2128 2208 2203 2250 Les
2224 2207 2344 2248 veufs
2364 2206 2533 2247 doivent
2555 2206 2751 2259 produire
2775 2203 2894 2244 l’acte
2924 2203 2974 2243 de
3004 2202 3127 2243 décès

2008 2263 2180 2314 légalisé
2202 2263 2251 2303 de
2273 2263 2363 2303 leur
2383 2262 2574 2314 conjoint
2594 2260 2750 2300 décédé
2774 2271 2783 2307 ;

2059 2330 2095 2370 6°
2126 2329 2187 2370 Un
2223 2329 2427 2370 certificat
2464 2327 2514 2367 de
2554 2326 2576 2366 6
2616 2324 2724 2364 mois
2762 2323 2813 2363 de
2850 2322 3066 2362 résidence
3103 2320 3126 2359 à

2007 2383 2228 2432 Marseille,
2250 2382 2411 2423 délivré
2433 2394 2504 2431 par
2523 2381 2560 2421 le
2582 2375 2875 2419 commissaire
2899 2376 2950 2415 de
2975 2374 3124 2424 police,

2006 2450 2112 2488 pour
2132 2437 2192 2475 les
2212 2446 2439 2487 personnes
2458 2435 2532 2487 qui
2553 2434 2626 2486 n'y
2647 2438 2738 2472 sont
2760 2442 2832 2481 pas
2852 2430 2950 2470 nées
2971 2439 2980 2478 ;

2059 2504 2096 2540 7*
2116 2502 2175 2542 On
2195 2502 2282 2540 doit
2302 2500 2483 2552 justifier
2503 2500 2551 2540 de
2571 2511 2616 2540 sa
2635 2497 2866 2540 libération
2887 2496 2944 2535 du
2966 2494 3127 2535 service

2008 2555 2226 2600 militaire,
2248 2555 2326 2595 soit
2349 2566 2420 2606 par
2439 2566 2514 2595 son
2534 2554 2681 2604 congé,
2704 2554 2784 2594 soit
2806 2563 2878 2603 par
2907 2561 2967 2591 un
3000 2548 3127 2588 certi¬

2008 2608 2106 2648 ficat
2126 2608 2176 2647 de
2196 2607 2422 2648 libération
2446 2622 2455 2659 ;

2062 2674 2098 2713 8°
2127 2674 2186 2712 En
2206 2680 2326 2714 outre
2346 2674 2418 2713 des
2440 2675 2576 2723 pièces
2595 2675 2800 2713 énoncées
2822 2671 3046 2718 ci-dessus,
3067 2668 3128 2708 les

2008 2739 2236 2776 personnes
2256 2727 2471 2766 divorcées
2491 2726 2666 2767 devront
2687 2724 2882 2777 produire
2904 2736 2963 2764 un
2979 2722 3127 2764 extrait

2010 2780 2063 2819 du
2086 2780 2307 2830 jugement
2326 2779 2532 2830 ainsique
2549 2780 2668 2819 l’acte
2683 2780 2742 2819 du
2762 2779 2929 2819 divorce
2947 2779 3127 2818 dûment

2011 2833 2238 2882 enregistré
2259 2838 2298 2871 et
2319 2832 2511 2872 transcrit
2530 2835 2548 2872 à
2574 2832 2614 2871 la
2636 2834 2778 2873 Mairie
2800 2846 2811 2884 ;

2063 2898 2100 2936 9“
2131 2897 2310 2947 Lorsque
2349 2896 2410 2936 les
2447 2902 2611 2947 parents
2656 2899 2842 2938 refusent
2888 2898 2939 2938 de
2968 2897 3127 2936 donner

2010 2948 2106 2988 leur
2127 2954 2443 2990 consentement
2462 2962 2514 2988 au
2536 2952 2720 3000 mariage
2758 2951 2883 2991 d’une
2927 2962 3126 3000 personne

2013 3002 2217 3052 majeure,
2239 3002 2270 3040 il
2303 3008 2401 3052 peut
2439 3003 2526 3042 être
2563 3006 2677 3054 passé
2707 3011 2824 3044 oulre
2847 3018 2897 3044 au
2923 3003 3123 3054 mariage,

2012 3058 2133 3106 après
2151 3054 2243 3095 leur
2260 3056 2377 3095 avoir
2398 3055 2474 3092 fait
2495 3056 2566 3096 des
2586 3064 2696 3096 actes
2718 3059 2768 3096 de
2787 3064 2946 3107 respect
2967 3056 3128 3097 variant

2012 3110 2063 3148 de
2085 3121 2142 3148 un
2164 3111 2187 3147 à
2208 3108 2307 3147 trois
2339 3115 2376 3147 et
2412 3109 2530 3148 s’être
2555 3110 2770 3151 conformé
2802 3122 2883 3150 aux
2920 3111 3128 3162 prescrip¬

2015 3162 2125 3201 tions
2144 3162 2216 3200 des
2234 3167 2310 3202 art.
2339 3160 2408 3200 144
2430 3167 2468 3200 et
2495 3162 2563 3200 154
2584 3163 2638 3200 du
2661 3164 2762 3202 code
2782 3163 2883 3202 civil
2907 3176 2915 3211 ;

2073 3227 2131 3264 10°
2160 3226 2268 3263 Pour
2291 3224 2328 3263 la
2348 3224 2542 3276 question
2560 3225 2632 3265 des
2651 3227 2911 3266 cérémonies
2931 3226 3128 3276 religieu¬

2015 3288 2092 3328 ses,
2115 3277 2334 3318 s’adresser
2354 3278 2523 3318 suivant
2552 3278 2590 3318 le
2619 3279 2731 3319 cuite
2752 3281 2776 3319 à
2798 3279 2838 3318 la
2860 3280 3054 3330 paroisse,
3075 3292 3130 3320 au

2016 3331 2258 3371 consistoire
2278 3336 2506 3382 protestant
2526 3344 2579 3372 ou
2600 3344 2654 3372 au
2676 3333 2788 3372 culte
2810 3332 3006 3373 Israélite.

2069 3413 2238 3452 L’Office
2258 3414 2493 3460 Mondonet,
2515 3414 2580 3460 47,
2603 3424 2678 3450 rue
2706 3414 2756 3450 de
2788 3413 2827 3448 la
2861 3414 3000 3456 Darse,
3034 3418 3133 3458 peut

2016 3476 2059 3503 se
2091 3466 2264 3511 charger
2299 3466 2348 3502 de
2383 3464 2608 3502 toutes-les
2637 3462 2871 3500 formalités
2908 3461 3057 3501 civiles
3094 3467 3134 3501 et

2019 3516 2263 3566 religieuses
2284 3516 2318 3554 si
2343 3516 2399 3554 les
2419 3514 2568 3555 clients
2590 3514 2652 3553 lui
2672 3514 2855 3555 contient
2875 3527 2920 3555 ce
2942 3514 3047 3555 soin.

2072 3569 2235 3608 L’office
2256 3568 2475 3608 Mondonet
2506 3580 2556 3609 ne
2589 3568 2744 3623 perçoit
2781 3570 2852 3611 des
2891 3570 3133 3612 honoraires

2015 3624 2208 3675 qu’après
2230 3622 2270 3663 la
2289 3623 2547 3663 célébration
2568 3623 2624 3663 du
2647 3624 2850 3675 mariage.

2121 3816 2664 3885 RENSEIGNEMENTS
2715 3805 3024 3883 GÉNÉRAUX

2018 3907 2359 3947 concernant
2395 3903 2472 3942 les
2504 3901 2736 3942 Veuves
2767 3903 3136 3955 pensionnées

2072 4054 2189 4095 Gand
2207 4054 2380 4092 nombre
2402 4052 2451 4091 de
2472 4052 2616 4091 dames
2634 4050 2841 4102 jouissant
2862 4051 2990 4092 d’une
3032 4064 3136 4102 pen¬

2020 4108 2112 4148 sion
2134 4108 2183 4149 de
2206 4107 2370 4148 retraite
2392 4119 2464 4158 par
2484 4106 2594 4147 suite
2615 4104 2670 4146 du
2692 4104 2814 4147 décès
2834 4105 2884 4146 de
2909 4106 3002 4147 leur
3028 4107 3139 4149 mari

2020 4168 2112 4203 sont
2150 4163 2400 4215 persuadées
2436 4158 2614 4212 qu’elles
2652 4159 2887 4210 perdraient
2920 4172 2989 4201 ces
3010 4160 3139 4202 droits

2022 4219 2044 4258 à
2063 4218 2104 4258 la
2124 4216 2291 4258 retraite
2319 4219 2355 4256 si
2387 4215 2490 4255 elles
2520 4215 2824 4255 contractaient
2855 4227 2938 4255 une
2958 4216 3138 4260 seconde

2022 4271 2171 4311 union.
2211 4270 2314 4308 C’est
2348 4280 2428 4307 une
2461 4267 2663 4318 profonde
2690 4280 2832 4308 erreur
2851 4268 2887 4307 si
2908 4280 2976 4308 ces
2996 4270 3141 4307 dames

2022 4330 2115 4363 sont
2151 4322 2428 4373 pensionnées
2463 4322 2512 4359 de
2551 4320 2670 4359 l’Etat
2692 4334 2702 4370 ;
2734 4332 2803 4360 car
2839 4326 2944 4359 cette
2963 4320 3138 4370 pension

2024 4376 2128 4414 n’est
2166 4384 2239 4423 pas
2278 4384 2359 4411 une
2398 4371 2562 4420 faveur,
2603 4374 2702 4410 c’est
2739 4383 2795 4410 un
2828 4372 2938 4410 droit
2963 4371 3142 4423 qu’elles

2027 4430 2215 4467 tiennent
2234 4436 2286 4463 en
2308 4429 2424 4463 vertu
2446 4424 2573 4463 d’une
2603 4423 2676 4463 loi.
2719 4423 2772 4462 La
2802 4422 2857 4462 loi
2878 4423 2935 4462 du
2956 4424 3143 4474 mariage

2026 4482 2139 4520 étant
2176 4476 2533 4518 essentiellement
2561 4475 2734 4526 morale,
2759 4487 2808 4515 ne
2848 4483 2947 4526 peut
2987 4476 3144 4516 édicter

2026 4535 2099 4574 des
2135 4532 2494 4583 empêchements,
2518 4530 2590 4569 des
2614 4528 2819 4570 obstacles
2850 4542 2903 4568 au
2939 4530 3140 4582 mariage,

2026 4599 2094 4627 ces
2113 4586 2457 4635 empêchements
2490 4582 2671 4624 seraient
2708 4582 2947 4624 considérés
2976 4595 3143 4624 comme

2027 4642 2266 4679 immoraux
2286 4644 2326 4679 et
2347 4650 2421 4689 par
2439 4640 2700 4690 conséquent
2720 4638 2951 4679 contraires
2967 4639 2991 4679 à
3006 4636 3046 4678 la
3069 4639 3141 4680 loi.

2028 4695 2103 4734 Les
2143 4703 2296 4732 veuves
2333 4691 2648 4742 pensionnaires
2678 4692 2727 4731 de
2757 4692 2876 4731 l’Etat
2898 4704 2948 4732 ne
2970 4693 3143 4743 perdent

2027 4750 2132 4788 donc
2156 4758 2227 4798 pas
2244 4744 2339 4784 leur
2360 4744 2532 4794 pension
2569 4744 2612 4782 ni
2642 4755 2718 4794 par
2750 4756 2806 4784 un
2828 4746 2996 4794 second,
3022 4748 3064 4784 ni
3088 4758 3146 4784 un

2030 4803 2241 4843 troisième
2263 4796 2462 4847 mariage.

2079 4858 2156 4896 Les
2174 4864 2331 4895 veuves
2351 4850 2628 4904 pensionnées
2647 4862 2721 4900 par
2743 4850 2806 4890 les
2834 4851 3148 4902 départements

2028 4915 2212 4961 peuvent
2248 4907 2386 4948 seules
2424 4904 2515 4944 voir
2551 4903 2791 4954 supprimer
2827 4910 2932 4943 cette
2972 4906 3147 4956 pension

2028 4976 2100 5014 par
2124 4973 2179 5002 un
2199 4963 2350 5002 second
2390 4960 2576 5008 mariage
2614 4958 2718 4995 dans
2750 4956 2930 4996 certains
2962 4969 3031 4996 cas
3051 4964 3091 4996 et
3112 4959 3147 4998 si

2027 5022 2132 5056 cette
2164 5016 2337 5065 pension
2374 5027 2397 5053 a
2426 5014 2491 5054 été
2520 5010 2718 5052 accordée
2739 5011 2762 5050 à
2787 5008 2878 5050 titre
2899 5010 2950 5050 de
2979 5022 3147 5052 secours

2026 5068 2292 5121 temporaire.

2080 5122 2315 5170 D'ailleurs,
2340 5120 2376 5160 le
2397 5119 2491 5158 titre
2512 5120 2562 5160 de
2585 5119 2758 5170 pension
2780 5123 2894 5170 porte
2915 5130 2967 5159 en
2987 5131 3144 5174 marge,

2027 5191 2079 5222 en
2102 5183 2236 5220 toutes
2258 5175 2411 5224 lettres,
2439 5184 2506 5213 ces
2525 5175 2723 5214 réserves.

2030 5396 2399 5500 OFFRES
2482 5397 2591 5498 DE
2666 5391 3147 5497 MARIAGES

2198 5588 2611 5634 DEMOISELLES
2648 5588 2714 5631 ET
2747 5587 2976 5631 VEUVES

2079 5734 2168 5774 401.
2192 5758 2242 5763 —
2279 5731 2546 5782 Demoiselle,
2580 5732 2628 5772 30
2667 5743 2756 5778 ans,
2796 5728 3008 5777 instruite,
3048 5728 3144 5768 bien

2026 5788 2183 5835 élevée,
2219 5788 2305 5828 fille
2330 5790 2502 5839 unique,
2525 5788 2684 5827 femme
2704 5782 2966 5832 d’intérieur,
3007 5784 3144 5831 possé¬

2025 5843 2126 5883 dant
2146 5841 2263 5888 2,000
2284 5842 2354 5892 fr.,
2379 5852 2436 5881 un
2456 5840 2562 5880 beau
2585 5844 2818 5883 trousseau,
2850 5839 3094 5886 espérances
3120 5837 3143 5876 à

2027 5895 2147 5936 venir
2166 5894 2311 5945 30,000
2330 5896 2400 5944 fr.,
2424 5906 2467 5935 se
2487 5891 2674 5935 mettrait
2692 5894 2716 5932 à
2738 5892 2778 5931 la
2798 5890 2879 5929 tête
2897 5891 2999 5931 d’un
3019 5902 3143 5931 com¬

2026 5959 2179 5990 merce.

2078 6033 2170 6073 402.
2196 6054 2242 6059 —
2263 6030 2527 6080 Demoiselle,
2548 6030 2599 6068 47
2620 6039 2708 6078 ans,
2738 6027 2907 6068 fortune
2931 6030 3047 6080 1,500
3070 6030 3142 6076 fr.,

2025 6092 2155 6139 ayant
2174 6096 2232 6124 un
2250 6095 2486 6126 commerce
2518 6085 2568 6124 de
2603 6082 2819 6131 mercerie,
2844 6095 2901 6122 un
2921 6083 3027 6124 beau
3051 6094 3144 6120 mo¬

2026 6140 2166 6189 bilier,
2188 6138 2425 6189 épouserait
2446 6150 2506 6179 un
2528 6135 2701 6179 ouvrier
2720 6148 2772 6177 ou
2796 6136 2970 6176 artisan.

3243 630 3332 670 405.
3356 653 3402 660 —
3423 630 3690 680 Demoiselle,
3712 631 3762 671 49
3781 642 3870 679 ans,
3894 632 3971 672 fort
3998 646 4062 675 me
4086 639 4231 686 argent
4251 647 4304 674 ou

3190 683 3388 722 mobilier
3427 685 3570 734 15,000
3600 686 3668 735 fr.,
3706 686 3943 736 épouserait
3975 688 4074 726 veuf
4109 700 4206 730 sans
4226 700 4306 730 en¬

3190 735 3302 774 fants
3321 747 3375 775 ou
3398 748 3482 776 non
3504 739 3651 779 marié.

3243 823 3334 864 406.
3356 846 3406 852 —
3431 824 3587 875 Veuve,
3628 827 3676 866 42
3708 840 3796 878 ans,
3824 828 3990 869 fortune
4046 835 4050 852 !
4109 831 4148 870 )0
4167 831 4218 871 fr.
4256 844 4308 872 en

3190 878 3366 927 actions,
3390 878 3626 928 épouserait
3647 883 3748 930 petit
3765 883 3922 923 rentier
3942 895 4013 923 ou»
4082 883 4187 924 isan.

3243 968 3332 1007 407.
3354 990 3403 997 —
3425 967 3692 1018 Demoiselle,
3708 968 3758 1009 46
3774 982 3860 1020 ans,
3883 974 4050 1015 fortune
4082 995 4086 998 -
4101 974 4219 1024 2,000
4236 974 4306 1026 fr.,

3192 1022 3402 1073 tailleuse,
3426 1022 3664 1074 épouserait
3687 1034 3744 1062 un
3766 1026 3918 1067 marin.

3243 1116 3331 1156 412.
3355 1140 3404 1147 —
3438 1116 3594 1166 Veuve,
3633 1115 3683 1156 49
3721 1127 3812 1162 ans,
3848 1119 4091 1172 cuisinière,
4138 1122 4307 1162 fortune

3196 1168 3311 1218 1,500
3324 1171 3391 1219 fr.,
3406 1171 3643 1222 épouserait
3659 1183 3716 1211 un
3732 1171 3815 1211 bon
3831 1183 4002 1212 ouvrier
4021 1187 4074 1215 ou
4088 1175 4302 1228 employé.

3244 1264 3332 1303 413.
3359 1287 3406 1294 —
3436 1266 3703 1318 Demoiselle,
3743 1268 3792 1309 45
3831 1279 3920 1316 ans,
3972 1267 4159 1312 titulaire
4207 1272 4308 1312 d’un

3192 1314 3354 1356 bureau
3375 1318 3425 1358 de
3446 1320 3580 1368 tabac,
3623 1323 3861 1371 épouserait
3891 1321 4092 1374 employé
4119 1336 4173 1364 ou
4206 1326 4311 1375 petit

3195 1370 3363 1408 rentier.

3246 1456 3335 1496 415.
3360 1480 3407 1488 —
3430 1459 3695 1511 Demoiselle,
3737 1464 3785 1503 35
3823 1475 3911 1515 ans,
3955 1465 4063 1507 belle
4088 1476 4308 1516 personne,

3194 1510 3291 1550 bien
3314 1511 3469 1559 élevée,
3507 1512 3675 1555 fortune
3707 1518 3827 1564 1,200
3847 1519 3917 1567 fr.,
3939 1531 4071 1570 gagne
4093 1520 4142 1559 80
4163 1519 4211 1558 fr.
4238 1531 4311 1569 par

3196 1563 3318 1614 mois,
3338 1564 3472 1605 désire
3489 1567 3666 1614 épouser
3685 1571 3788 1618 petit
3808 1572 4020 1624 employé.

3247 1660 3335 1701 416.
3360 1682 3410 1688 —
3439 1658 3704 1707 Demoiselle,
3746 1660 4018 1714 institutrice,
4042 1667 4090 1706 30
4110 1680 4200 1718 ans,
4222 1667 4314 1708 for¬

3195 1717 3294 1750 tune
3334 1714 3515 1753 actuelle
3568 1714 3681 1762 1,500
3727 1714 3778 1753 fr.
3832 1714 4127 1766 d’économies,
4176 1732 4311 1772 gagne

3196 1764 3313 1811 1,400
3334 1767 3383 1805 fr.
3406 1779 3479 1814 par
3498 1780 3566 1818 an,
3591 1768 3696 1807 beau
3721 1772 3950 1816 trousseau,
3986 1771 4131 1808 avenir
4150 1772 4200 1812 de
4238 1787 4312 1814 son

3198 1819 3290 1869 père
3308 1819 3454 1868 20,000
3474 1820 3524 1859 fr.
3551 1833 3600 1860 en
3623 1820 3867 1874 propriétés,
3890 1822 4024 1863 désire
4054 1824 4232 1874 épouser
4255 1840 4311 1867 un

3195 1872 3392 1926 employé
3415 1872 3510 1912 bien
3534 1874 3664 1914 élevé.

3249 1963 3340 2003 418.
3370 1986 3414 1992 —
3451 1963 3720 2014 Demoiselle,
3755 1967 3856 2016 âgée
3887 1967 3938 2007 de
3959 1968 4008 2008 50
4029 1979 4118 2018 ans,
4140 1966 4318 2008 institu¬

3198 2014 3300 2052 trice
3328 2015 3448 2062 libre,
3490 2022 3620 2066 ayant
3658 2030 3739 2055 une
3774 2019 4015 2059 institution
4052 2034 4154 2062 avec
4190 2034 4318 2063 sous-

3198 2068 3413 2105 maitresse
3422 2098 3428 2125 ;
3470 2078 3602 2116 gagne
3638 2067 3758 2112 2,000
3794 2068 3844 2108 fr.
3884 2082 3956 2118 par
3994 2083 4062 2119 an,
4103 2075 4222 2121 6,000
4263 2076 4316 2116 fr.

3198 2118 3492 2168 d'économies,
3510 2120 3617 2159 beau
3634 2120 3847 2170 mobilier,
3864 2123 4102 2172 épouserait
4115 2126 4315 2176 employé

3198 2183 3253 2211 ou
3274 2171 3444 2211 rentier.

3250 2262 3340 2303 420.
3363 2285 3411 2291 —
3431 2263 3698 2315 Demoiselle,
3724 2266 3768 2306 19
3790 2276 3878 2315 ans,
3901 2266 4018 2317 jolie,
4042 2266 4139 2307 bien
4158 2267 4315 2318 élevée,

3199 2315 3366 2355 fortune
3388 2316 3532 2363 30,000
3555 2318 3605 2356 fr.
3630 2330 3680 2356 en
3702 2319 3931 2367 propriétés
3951 2334 4005 2360 ou
4027 2322 4203 2373 actions,
4226 2320 4314 2360 fille

3200 2368 3376 2419 unique,
3400 2370 3640 2418 épouserait
3661 2382 3721 2410 un
3742 2371 3826 2409 bon
3846 2372 4061 2423 employé.

3254 2463 3342 2505 431.
3368 2486 3411 2492 —
3434 2463 3592 2511 Veuve,
3615 2464 3663 2503 47
3687 2476 3774 2512 ans,
3796 2465 3895 2505 bien
3916 2466 4074 2515 élevée,
4095 2468 4206 2511 belle
4224 2483 4322 2520 per¬

3199 2531 3344 2567 sonne,
3370 2518 3534 2558 fortune
3557 2518 3723 2566 100,000
3746 2519 3814 2566 fr.,
3838 2519 4077 2570 épouserait
4103 2520 4319 2564 Monsieur

3199 2586 3250 2614 en
3268 2579 3436 2626 rapport
3454 2572 3573 2623 d’âge
3594 2575 3635 2611 et
3654 2571 3704 2611 de
3723 2571 3908 2612 fortune.

3252 2670 3342 2711 435.
3366 2691 3412 2699 —
3435 2668 3700 2718 Demoiselle,
3743 2668 3791 2708 26
3824 2679 3914 2716 ans,
3951 2668 4047 2708 bien
4070 2671 4226 2722 élevée,
4251 2672 4318 2712 fa¬

3200 2723 3320 2763 mille
3359 2724 3440 2763 très
3479 2722 3723 2772 honorable,
3763 2723 3833 2763 dot
3870 2722 4016 2771 65,000
4038 2722 4108 2771 fr.,
4143 2727 4322 2773 grandes

3199 2779 3445 2830 espérances
3461 2778 3580 2827 après
3599 2787 3664 2815 ses
3683 2783 3864 2827 parents,
3887 2776 4127 2830 épouserait
4142 2778 4320 2827 notaire,

3199 2834 3347 2879 avoué,
3388 2831 3587 2883 employé
3626 2830 3683 2868 du
3722 2839 4056 2879 gouvernement
4099 2842 4198 2871 avec
4220 2831 4326 2870 bons

3199 2890 3555 2938 appointements.

3251 2976 3327 3018 435
3346 2976 3428 3016 bis.
3450 2999 3499 3003 —
3538 2972 3809 3023 Demoiselle,
3838 2974 3888 3012 20
3910 2985 4000 3019 ans,
4032 2975 4121 3014 fille
4142 2976 4325 3028 unique,

3200 3032 3299 3072 bien
3335 3031 3492 3079 élevée,
3530 3027 3646 3080 jolie,
3691 3027 3762 3067 dot
3814 3027 3982 3074 100,000
4023 3027 4095 3075 fr,,
4148 3031 4327 3078 grandes

3200 3088 3456 3136 espérances,
3508 3082 3746 3135 épouserait
3795 3082 4007 3120 Monsieur
4055 3092 4106 3119 en
4158 3087 4330 3131 rapport

3200 3138 3332 3188 d’âge,
3354 3139 3622 3179 d’éducation
3644 3140 3684 3176 et
3715 3135 3766 3176 de
3787 3135 3957 3176 fortune
3980 3146 4034 3175 ou
4056 3134 4258 3188 employé
4281 3134 4331 3174 de

3203 3191 3335 3230 l’Etat.

3255 3281 3343 3322 436.
3368 3304 3418 3311 —
3439 3279 3707 3330 Demoiselle,
3723 3280 3772 3320 22
3788 3291 3878 3329 ans,
3902 3280 4020 3331 jolie,
4043 3279 4143 3319 bien
4166 3278 4323 3324 élevée,

3202 3335 3272 3373 dot
3294 3335 3412 3379 5,000
3432 3335 3486 3375 fr.
3526 3335 3575 3373 de
3611 3338 3762 3382 rentes,
3786 3333 4023 3382 épouserait
4044 3330 4255 3368 Monsieur
4272 3339 4325 3366 en

3202 3394 3368 3432 rapport
3389 3387 3507 3434 d’âge
3531 3392 3570 3422 et
3592 3386 3642 3420 de
3664 3384 3851 3420 fortune.

3256 3474 3347 3514 441.
3367 3498 3414 3504 —
3430 3473 3695 3523 Demoiselle,
3711 3474 3760 3515 34
3775 3485 3865 3525 ans,
3882 3473 4050 3516 fortune
4065 3476 4238 3527 900,000
4255 3475 4330 3526 fr.,

3206 3529 3441 3582 épouserait
3464 3529 3675 3571 Monsieur
3701 3542 3754 3571 en
3776 3538 3943 3583 rapport
3966 3531 4100 3582 d’âge,
4123 3538 4254 3584 ayant
4278 3531 4330 3571 de

3205 3586 3227 3624 2
3248 3587 3271 3624 à
3294 3584 3463 3634 300,000
3484 3586 3520 3623 fr
3544 3616 3553 3631 ,
3591 3586 3814 3623 donnerait
3838 3586 3875 3622 la
3895 3586 4136 3631 préférence
4158 3587 4181 3621 à
4202 3585 4326 3621 Mon¬

3205 3639 3320 3676 sieur
3336 3642 3467 3687 ayant
3491 3647 3547 3674 un
3567 3635 3663 3673 titre
3686 3634 3943 3673 nobilliaire.

3258 3728 3348 3771 442.
3379 3752 3422 3760 —
3452 3728 3606 3778 Veuve,
3647 3740 3742 3768 sans
3780 3727 3962 3777 enfants,
4003 3727 4051 3770 40
4091 3740 4179 3780 ans,
4219 3727 4331 3771 belle

3207 3796 3424 3835 personne,
3455 3784 3623 3824 fortune
3653 3783 3798 3832 50,000
3831 3783 3898 3832 fr.,
3941 3786 4180 3835 épouserait
4208 3783 4332 3823 Mon¬

3207 3839 3321 3878 sieur
3342 3850 3394 3876 en
3416 3843 3581 3884 rapport
3599 3837 3717 3883 d’âge
3739 3843 3779 3874 et
3800 3836 3976 3876 d’avoir.

3262 3923 3352 3962 443.
3375 3943 3426 3950 —
3464 3920 3728 3969 Demoiselle,
3763 3920 3811 3960 22
3846 3932 3936 3968 ans,
3964 3921 4074 3960 belle
4107 3934 4330 3972 personne,

3210 3975 3279 4014 dot
3298 3975 3470 4026 200,000
3491 3975 3560 4024 fr.,
3583 3974 3819 4024 épouserait
3839 3974 4000 4015 notaire
4022 3986 4075 4014 ou
4098 3978 4248 4015 avoué.

3263 4064 3352 4106 444.
3379 4088 3423 4095 —
3446 4063 3712 4114 Demoiselle,
3736 4064 3782 4105 21
3803 4076 3892 4115 ans,
3920 4064 3990 4106 dot
4031 4063 4174 4112 12,000
4195 4064 4245 4103 fr.
4282 4063 4332 4104 de

3211 4126 3360 4171 rentes,
3392 4119 3630 4171 épouserait
3651 4119 3862 4160 Monsieur
3883 4131 3934 4160 en
3955 4123 4126 4172 rapport
4154 4119 4271 4170 d’âge
4294 4124 4334 4158 et

3211 4175 3262 4215 de
3284 4175 3468 4213 fortune.

3264 4256 3355 4294 445.
3385 4278 3428 4284 —
3467 4254 3735 4302 Demoiselle,
3772 4254 3820 4292 24
3858 4266 3947 4303 ans,
3987 4255 4057 4293 dot
4090 4256 4234 4304 50,000
4264 4258 4334 4306 fr.,

3214 4307 3448 4356 épouserait
3489 4306 3700 4346 Monsieur
3731 4311 3860 4356 ayant
3896 4306 4079 4355 position
4108 4314 4147 4346 et
4168 4310 4335 4348 fortune

3214 4359 3502 4411 équivalente.

3267 4442 3356 4480 449.
3381 4464 3431 4471 —
3452 4442 3607 4491 Veuve,
3624 4452 3720 4482 sans
3737 4440 3916 4490 enfants,
3931 4441 3983 4484 46
4003 4454 4092 4494 ans,
4118 4443 4263 4496 14,000
4279 4443 4333 4486 fr.

3216 4494 3518 4535 d’immeubles
3555 4499 3594 4534 et
3616 4506 3671 4532 un
3699 4495 3796 4544 petit
3819 4507 4071 4549 commerce,
4095 4499 4336 4551 épouserait

3216 4548 3318 4588 veuf
3339 4560 3392 4588 ou
3412 4550 3567 4588 rentier
3587 4559 3688 4588 avec
3710 4549 3842 4590 avoir.

3267 4633 3359 4675 452.
3383 4657 3431 4663 —
3468 4632 3627 4683 Veuve,
3660 4645 3757 4674 sans
3787 4634 3968 4684 enfants,
4003 4634 4052 4675 63
4082 4644 4171 4682 ans,
4196 4635 4340 4683 possé¬

3217 4687 3315 4726 dant
3363 4687 3620 4726 immeubles
3667 4687 3810 4735 18,000
3851 4688 3920 4734 fr.,
3970 4687 4067 4737 plus
4115 4687 4234 4732 5,000
4282 4687 4336 4726 fr.

3216 4746 3375 4791 argent,
3399 4751 3452 4778 un
3490 4750 3724 4778 commerce
3758 4739 3807 4778 de
3840 4739 3948 4784 vins,
3990 4738 4087 4788 plus
4119 4737 4335 4790 mobilier,

3218 4792 3455 4843 épouserait
3491 4790 3691 4842 employé
3716 4802 3770 4831 ou
3792 4790 3896 4842 petit
3915 4790 4071 4831 rentier
4091 4803 4143 4832 en
4163 4802 4335 4842 rapport

3218 4846 3350 4895 d’âge.

3272 4928 3362 4970 453.
3390 4951 3434 4958 —
3472 4927 3736 4980 Demoiselle,
3774 4929 3823 4971 36
3859 4943 3948 4984 ans,
3988 4931 4058 4974 dot
4092 4935 4235 4985 18,000
4266 4932 4338 4980 fr.,

3219 4983 3454 5032 épouserait
3475 4990 3762 5038 commerçant
3782 4998 3835 5027 ou
3858 4988 4068 5040 employé.

3271 5066 3362 5107 454.
3386 5090 3434 5096 —
3462 5067 3730 5118 Demoiselle,
3763 5069 3813 5110 36
3846 5082 3935 5119 ans,
3964 5068 4063 5107 bien
4084 5064 4243 5112 élevée,
4267 5063 4340 5104 dot

3220 5119 3339 5170 5.000
3362 5121 3430 5169 fr.,
3452 5122 3688 5174 épouserait
3710 5123 3923 5175 employé.

3272 5206 3362 5247 456.
3383 5230 3427 5236 —
3447 5207 3712 5256 Demoiselle,
3734 5208 3782 5246 30
3796 5215 3886 5249 ans,
3902 5202 4040 5240 bonne
4054 5202 4336 5252 musicienne,

3219 5260 3292 5298 dot
3327 5260 3468 5307 15,000
3505 5260 3576 5309 fr.,
3610 5255 3846 5308 épouserait
3878 5255 4092 5308 employé,
4119 5268 4340 5298 commer¬

3222 5316 3318 5362 çant
3338 5323 3392 5350 ou
3415 5312 3582 5351 rentier.

3275 5392 3366 5434 457.
3388 5415 3437 5423 —
3459 5392 3615 5439 Veuve,
3647 5392 3695 5431 50
3725 5403 3814 5444 ans,
3843 5393 3942 5435 bien
3960 5395 4116 5438 élevée,
4140 5386 4336 5439 pianiste,

3222 5446 3398 5499 pension
3438 5447 3555 5495 1,100
3587 5445 3657 5496 fr.,
3690 5447 3927 5500 épouserait
3964 5440 4259 5496 pensionnaire
4282 5454 4339 5484 ou

3220 5500 3392 5542 rentier.

3270 5570 3360 5619 458.
3383 5592 3432 5599 —
3454 5570 3606 5622 Veuve,
3640 5574 3688 5614 50
3719 5586 3808 5619 ans,
3831 5569 3928 5607 bien
3951 5564 4107 5612 élevée,
4132 5567 4339 5610 touchant

3218 5624 3315 5664 bien
3336 5624 3390 5664 du
3418 5623 3554 5678 piano,
3588 5627 3688 5669 bien
3725 5619 3963 5667 conservée,
3986 5624 4116 5669 ayant
4139 5620 4257 5670 1,100
4279 5624 4335 5662 fr.

3217 5678 3267 5718 de
3307 5679 3495 5730 pension,
3535 5678 3773 5731 épouserait
3820 5671 4031 5711 Monsieur
4071 5684 4124 5714 en
4172 5682 4339 5728 rapport

3218 5731 3348 5784 d’âge,
3371 5735 3540 5775 retraité
3559 5745 3612 5772 ou
3636 5727 3808 5767 rentier.

3267 5823 3359 5866 459.
3382 5847 3430 5855 —
3452 5814 3718 5863 Demoiselle,
3739 5814 3790 5853 26
3810 5824 3898 5863 ans,
3918 5812 4035 5866 jolie,
4054 5819 4152 5858 bien
4173 5818 4334 5863 élevée,

3215 5878 3361 5924 20.000
3382 5877 3433 5915 fr.
3474 5873 3525 5908 de
3564 5869 3635 5907 dot
3663 5872 3703 5906 et
3734 5868 3992 5922 espérances,
4015 5867 4253 5922 épouserait
4274 5878 4335 5905 un

3219 5930 3506 5975 commerçant
3527 5922 3626 5961 bien
3646 5920 3792 5960 établi.

3269 6019 3359 6059 462.
3384 6039 3434 6047 —
3452 6015 3718 6064 Demoiselle,
3742 6019 3791 6060 24
3811 6031 3901 6068 ans,
3924 6019 4095 6058 fortune
4117 6012 4235 6063 3,000
4256 6014 4332 6070 fr.,

3215 6074 3324 6112 beau
3365 6076 3592 6119 trousseau,
3621 6075 3766 6114 avenir
3784 6075 3835 6114 de
3854 6083 3919 6111 ses
3941 6074 4127 6119 parents,
4147 6071 4334 6122 épouse¬

3219 6125 3297 6164 rait
3318 6136 3469 6178 garçon
3491 6124 3541 6166 de
3560 6127 3652 6168 café
3670 6140 3726 6168 ou
3746 6127 3851 6178 petit
3871 6122 4042 6161 rentier.
