4712 7064
2148 374 2229 418 LE
2268 373 2419 419 LIEN
2455 374 2543 418 LU
2582 372 2878 419 MARIAGE

1094 543 1210 598 A
1221 543 1522 599 VIS

814 704 868 744 Le
906 705 1012 745 Lien
1051 707 1102 747 da
1139 707 1323 762 Mariage
1362 722 1403 750 se
1443 710 1554 750 vend
1588 722 1644 748 au
1686 711 1778 761 prix
1826 710 1876 748 de

744 758 792 796 15
814 759 1020 799 centimes
1052 761 1158 800 dans
1192 767 1283 802 tous
1313 762 1372 802 les
1408 763 1611 814 kiosques
1631 763 1680 803 de
1706 764 1743 803 la
1767 762 1878 803 Ville

743 817 783 851 et
803 813 826 850 à
848 812 888 851 la
908 813 1138 863 .Direction,
1162 815 1227 863 47,
1246 827 1322 855 rue
1343 816 1394 855 de
1416 818 1455 855 la
1475 816 1616 856 Darse.

797 895 909 934 Dans
949 896 1008 936 les
1049 898 1276 948 prochains
1311 902 1529 948 numéros,
1552 911 1661 939 nous
1688 901 1878 939 réserve¬

745 960 843 987 rons
867 961 923 987 un
944 950 1044 990 tiers
1066 951 1114 1000 rie
1139 963 1240 1000 page
1269 966 1378 1003 pour
1407 952 1469 992 les
1500 953 1880 993 annonces-récla¬

747 1014 852 1051 mes,
875 1003 985 1043 mais
1006 1016 1115 1044 nous
1134 1006 1453 1056 n’accepterons
1479 1011 1519 1046 et
1547 1006 1876 1046 recommande¬

746 1067 844 1095 rons
863 1068 947 1106 que
967 1056 1096 1098 celles
1127 1059 1203 1111 qui
1234 1064 1485 1102 émaneront
1514 1059 1586 1099 des
1619 1060 1809 1100 maisons
1829 1059 1879 1099 de

747 1109 982 1152 coniiance.

800 1229 939 1268 Notre
963 1230 1094 1284 Office
1112 1244 1138 1270 a
1150 1232 1254 1283 pris
1266 1246 1387 1283 pour
1408 1231 1556 1270 devise
1579 1244 1591 1268 :
1616 1231 1659 1270 la
1683 1230 1877 1269 Probité.

747 1282 839 1320 Nos
859 1282 1015 1322 clients
1036 1288 1229 1336 peuvent
1268 1288 1358 1323 être
1383 1285 1631 1336 persuadés
1672 1284 1880 1323 d’avance

747 1348 827 1387 que
846 1349 955 1375 nous
975 1351 1027 1376 ne
1047 1351 1232 1376 sommes
1244 1351 1331 1390 pas
1352 1338 1428 1376 des
1449 1338 1679 1378 brasseurs
1700 1335 1881 1389 d’affai¬

747 1401 830 1431 res,
854 1402 912 1427 au
934 1390 1083 1443 risque
1106 1391 1158 1430 de
1178 1391 1299 1443 faire
1322 1391 1396 1430 des
1416 1390 1709 1430 malheureux
1731 1404 1744 1435 ;
1786 1392 1882 1427 tous

747 1455 824 1480 7ios
866 1443 1014 1495 efforts
1059 1444 1264 1486 tendront
1315 1443 1522 1496 toujours
1566 1446 1590 1481 à
1639 1443 1758 1495 faire
1807 1443 1882 1480 des

748 1494 960 1547 heureux,
986 1500 1122 1536 môme
1156 1511 1216 1536 au
1254 1498 1491 1536 détriment
1512 1497 1565 1535 de
1594 1510 1668 1535 nos
1692 1507 1883 1548 propres

748 1548 942 1589 intérêts.
993 1551 1150 1590 Toutes
1188 1563 1264 1590 nos
1300 1550 1482 1602 affaires
1519 1553 1664 1587 seront
1704 1547 1883 1587 traitées

748 1615 851 1640 avec
874 1603 916 1640 la
928 1604 1039 1654 plus
1054 1604 1227 1654 grande
1242 1603 1498 1642 délicatesse
1512 1605 1552 1640 et
1571 1602 1610 1640 le
1615 1603 1723 1655 plus
1735 1601 1884 1652 grand

750 1655 1036 1695 désintéresse
1043 1660 1159 1695 ment
1166 1688 1174 1696 .

790 1870 932 1931 Avis
972 1871 1005 1931 à
1045 1887 1142 1932 nos
1187 1871 1386 1931 clients
1427 1870 1486 1930 de
1531 1870 1844 1932 l’extérieur

803 2053 860 2091 La
898 2052 1111 2092 Direction
1151 2052 1303 2091 envoie
1338 2051 1500 2100 franco,
1524 2063 1623 2090 sous
1654 2052 1884 2104 enveloppe

751 2106 966 2156 cachetée,
1002 2118 1099 2145 sans
1136 2117 1279 2146 aucun
1319 2107 1438 2154 signe
1479 2104 1704 2154 extérieur,
1743 2114 1884 2147 contre

752 2160 802 2199 60
824 2170 860 2198 c.
897 2170 949 2198 en
987 2159 1319 2208 timbres-poste,
1359 2170 1412 2196 un
1458 2170 1726 2207 programme
1766 2161 1884 2199 indi¬

753 2216 888 2263 quant
912 2211 970 2252 les
990 2212 1232 2251 conditions
1262 2211 1312 2250 de
1352 2210 1505 2250 l’Office
1527 2218 1566 2250 et
1587 2223 1643 2252 un
1666 2215 1886 2265 question¬

755 2266 875 2304 naire
895 2266 999 2304 écrit
1030 2264 1188 2315 auquel
1227 2264 1404 2302 devront
1443 2267 1648 2315 répondre
1694 2268 1751 2307 les
1794 2280 1884 2318 per¬

756 2330 910 2358 sonnes
931 2318 1007 2369 qui
1029 2318 1278 2358 s’adressent
1299 2319 1320 2356 à
1344 2328 1451 2358 nous
1472 2325 1512 2358 et
1532 2319 1610 2370 qui
1632 2320 1807 2360 veulent
1840 2332 1883 2362 se

756 2370 932 2410 marier.

811 2424 888 2462 Les
910 2435 1138 2474 personnes
1156 2424 1234 2475 qui
1256 2436 1307 2463 ne
1327 2428 1422 2463 sont
1443 2436 1515 2474 pas
1542 2426 1768 2478 abonnées,
1791 2434 1884 2468 sont

758 2477 898 2528 priées
918 2477 968 2516 de
989 2476 1155 2527 joindre
1179 2482 1203 2516 h
1224 2476 1318 2516 leur
1341 2478 1459 2518 lettre
1484 2491 1538 2518 un
1582 2480 1884 2533 timbre-poste

760 2543 867 2582 pour
891 2530 928 2568 la
948 2535 1142 2581 réponse,
1163 2530 1247 2568 afin
1271 2531 1482 2571 d’obtenir
1519 2533 1578 2572 les
1618 2542 1762 2576 autree
1784 2548 1884 2575 ren¬

758 2583 1047 2634 seignements
1066 2583 1196 2635 qu’ils
1218 2595 1402 2635 peuvent
1422 2586 1596 2626 désirer.

814 2639 890 2676 Les
912 2648 1138 2688 personnes
1157 2640 1399 2688 étrangères
1434 2641 1456 2678 à
1498 2639 1536 2678 la
1577 2640 1675 2682 ville
1714 2643 1790 2694 qui
1831 2656 1883 2684 ne

760 2690 1012 2730 voudraient
1035 2703 1107 2741 pas
1127 2691 1183 2729 fai
1191 2696 1231 2730 ré
1255 2704 1310 2731 un
1334 2704 1495 2743 aoyage
1514 2695 1536 2731 à
1554 2694 1764 2736 Marseille
1783 2709 1886 2747 pour

759 2750 899 2783 entrer
936 2756 986 2783 en
1024 2744 1227 2784 relations
1262 2758 1360 2786 avec
1403 2746 1440 2786 la
1470 2758 1683 2798 pevsonne
1719 2751 1884 2790 choisie

759 2798 864 2835 dans
887 2796 944 2836 les
966 2797 1166 2836 colonnes
1186 2798 1239 2837 du
1262 2798 1367 2838 Lien
1388 2799 1439 2838 da
1459 2802 1656 2854 Mariage,
1675 2806 1887 2844 voudront

760 2851 859 2890 bien
900 2862 1009 2889 nous
1047 2851 1236 2891 adresser
1269 2852 1362 2892 leur
1398 2852 1732 2906 photographie;
1779 2870 1886 2897 nous

758 2903 852 2943 leur
873 2902 1152 2955 indiquerons
1174 2918 1247 2955 par
1268 2907 1372 2946 écrit
1398 2907 1432 2946 le
1455 2919 1613 2959 moyen
1628 2910 1812 2951 d'entrer
1834 2923 1884 2950 en

757 2956 962 2996 relations
980 2970 1080 2998 avec
1106 2958 1142 2996 la
1164 2971 1372 3010 personne
1392 2960 1556 3001 choisie
1571 2974 1624 3002 ou
1649 2976 1748 3004 avec
1771 2971 1885 3003 toute

759 3018 879 3050 autre
902 3022 1104 3059 personne
1127 3012 1176 3051 de
1200 3024 1273 3052 nos
1296 3015 1528 3054 nombreux
1550 3017 1751 3066 abonnés,
1785 3018 1887 3058 dont

760 3063 895 3114 grand
916 3065 1092 3104 nombre
1115 3077 1168 3105 ne
1187 3067 1371 3116 figurent
1392 3081 1467 3119 pas
1487 3068 1591 3109 dans
1613 3070 1651 3110 le
1670 3071 1856 3123 journal.

824 3289 1096 3360 AUX
1170 3292 1820 3367 FAMILLES

810 3484 926 3523 Nous
946 3496 998 3524 ne
1019 3485 1211 3526 donnons
1231 3499 1399 3527 aucune
1420 3490 1531 3527 suite
1552 3499 1635 3527 aux
1655 3488 1888 3527 demandes

755 3536 828 3576 des
851 3547 1076 3587 personnes
1098 3539 1329 3591 divorcées,
1352 3541 1388 3580 si
1412 3540 1448 3580 le
1468 3539 1692 3592 jugement
1715 3540 1784 3580 n’a
1815 3551 1887 3591 pas

755 3591 820 3630 été
843 3592 1051 3640 prononcé
1071 3594 1343 3634 absolument
1368 3606 1422 3634 en
1443 3594 1538 3634 leur
1555 3595 1723 3635 faveur.

808 3668 924 3709 Nous
962 3682 1012 3710 ne
1049 3683 1156 3712 nous
1194 3683 1409 3723 occupons
1442 3684 1524 3723 que
1556 3672 1628 3711 des
1660 3683 1890 3723 personnes

756 3723 1011 3763 honorables
1031 3730 1068 3764 et
1092 3726 1120 3763 il
1144 3732 1204 3766 est
1233 3726 1387 3764 inutile
1412 3726 1463 3763 de
1484 3738 1527 3764 se
1549 3727 1764 3775 présenter
1787 3726 1888 3764 chez

756 3787 864 3815 nous
884 3789 939 3816 ou
960 3778 1011 3816 de
1038 3790 1145 3818 nous
1167 3779 1272 3818 faire
1294 3776 1465 3830 appeler
1486 3779 1508 3816 à
1531 3778 1733 3819 domicile
1764 3779 1800 3818 si
1835 3791 1887 3817 on

758 3842 810 3870 ne
831 3830 981 3872 réalise
1007 3844 1076 3883 pas
1096 3839 1203 3872 cette
1226 3832 1461 3872 condition.

812 3895 887 3935 Les
927 3907 1155 3947 personnes
1188 3898 1265 3946 qui
1299 3896 1552 3934 s’adressent
1583 3898 1604 3933 à
1643 3897 1682 3934 la
1723 3895 1888 3935 maison

758 3954 851 3988 sont
870 3950 1003 3999 priées
1019 3951 1068 3988 de
1084 3949 1250 3999 joindre
1268 3959 1324 3986 un
1342 3948 1495 3986 timbre
1512 3959 1622 3997 pour
1638 3947 1676 3986 la
1691 3949 1867 3996 réponse
1881 3959 1890 3994 ;

759 4008 872 4042 toute
896 4003 1015 4043 lettre
1039 4014 1124 4042 non
1146 4000 1382 4040 affranchie
1403 4006 1463 4038 est
1487 3999 1668 4038 refusée.

810 4074 869 4112 On
910 4080 966 4113 est
1008 4072 1102 4123 prié
1136 4071 1186 4110 de
1219 4070 1387 4120 joindre
1420 4074 1568 4107 autant
1598 4079 1681 4119 que
1711 4067 1894 4117 possible

759 4138 842 4166 une
863 4125 1174 4177 photographie
1196 4130 1235 4163 et
1254 4124 1304 4162 de
1326 4123 1488 4162 donner
1508 4121 1719 4173 quelques
1740 4120 1895 4160 détails

760 4191 835 4219 sur
875 4180 912 4219 la
943 4178 1151 4220 situation
1186 4178 1235 4216 de
1272 4176 1443 4215 fortune
1475 4175 1524 4214 de
1562 4175 1600 4214 la
1638 4186 1844 4227 personne
1872 4176 1891 4212 à

759 4233 928 4272 marier.

813 4304 923 4343 Pour
943 4316 1052 4344 nous
1071 4304 1206 4344 éviter
1227 4303 1300 4342 des
1330 4300 1599 4349 recherches,
1627 4300 1686 4340 les
1719 4312 1895 4351 person¬

762 4369 836 4398 nes
873 4360 948 4410 qui
983 4359 1122 4397 feront
1159 4368 1215 4395 un
1250 4355 1376 4395 choix
1395 4355 1502 4394 dans
1527 4354 1584 4392 les
1615 4354 1818 4393 colonnes
1838 4354 1896 4392 du

764 4412 870 4450 Lien
900 4411 951 4451 du
982 4411 1171 4463 Mariage
1178 4442 1186 4458 ,
1212 4410 1328 4447 n’ont
1350 4408 1450 4459 qu’à
1483 4418 1590 4445 nous
1622 4407 1818 4457 rappeler
1857 4406 1894 4443 le

763 4465 942 4504 numéro
962 4465 1038 4517 qui
1063 4463 1237 4515 précède
1263 4463 1300 4500 la
1323 4460 1601 4512 proposition.

816 4530 928 4569 Tous
968 4531 1026 4570 les
1067 4530 1431 4579 renseignements
1471 4526 1634 4566 donnés
1674 4538 1747 4576 par
1792 4535 1900 4563 nous

763 4588 856 4622 sont
876 4584 1070 4631 gratuits.

818 4659 871 4698 La
907 4662 1267 4712 correspondance
1307 4664 1367 4700 est
1405 4659 1596 4699 adressée
1630 4669 1730 4698 sous
1770 4668 1898 4696 enve¬

763 4707 886 4761 loppe
906 4714 1134 4764 ordinaire,
1158 4726 1255 4754 sans
1291 4726 1461 4753 aucune
1495 4711 1750 4763 inscription
1783 4711 1898 4750 exté¬

763 4765 903 4803 rieure
924 4771 1043 4807 autre
1063 4780 1147 4820 que
1170 4767 1370 4807 l’adresse
1391 4767 1442 4806 de
1464 4768 1502 4804 la
1527 4777 1750 4818 personne.

818 4830 894 4867 Les
926 4831 1114 4871 abonnés
1143 4832 1259 4872 seuls
1290 4836 1363 4870 ont
1394 4831 1503 4870 droit
1526 4834 1548 4870 à
1579 4843 1662 4871 une
1693 4831 1896 4870 insertion

766 4882 816 4922 de
846 4882 943 4934 cinq
977 4883 1124 4934 lignes,
1147 4886 1278 4936 qu’ils
1311 4884 1552 4935 rédigeront
1574 4886 1596 4924 à
1624 4884 1715 4924 leur
1746 4895 1900 4924 conve¬

766 4947 916 4975 nance.

822 5007 896 5047 Les
918 5007 1244 5059 photographies
1264 5018 1304 5050 et
1327 5016 1468 5050 autres
1503 5010 1643 5061 pièces
1672 5011 1856 5051 confiées
1878 5008 1900 5047 à

768 5060 808 5099 la
831 5059 988 5101 Maison
1010 5068 1103 5101 sont
1126 5063 1307 5102 rendues
1343 5078 1424 5103 aux
1456 5063 1684 5106 intéressés
1712 5066 1832 5115 après
1860 5063 1900 5102 la

768 5114 1026 5154 célébration
1048 5115 1105 5154 du
1130 5116 1332 5166 mariage.

821 5183 898 5223 Les
920 5198 1144 5235 personnes
1164 5188 1238 5238 qui
1260 5193 1354 5227 sont
1375 5188 1603 5230 satisfaites
1624 5189 1675 5231 de
1703 5202 1778 5230 nos
1806 5201 1900 5230 ser¬

771 5235 883 5274 vices
904 5239 1111 5277 voudront
1131 5240 1231 5278 bien
1247 5242 1581 5292 communiquer
1602 5251 1716 5283 notre
1732 5244 1900 5283 adresse

770 5289 793 5326 à
814 5287 928 5326 leurs
946 5290 1070 5338 amis,
1094 5296 1351 5340 promettant
1371 5294 1421 5331 de
1443 5294 1621 5344 remplir
1650 5295 1690 5335 le
1726 5296 1902 5336 mandat

768 5340 876 5392 qu’il
926 5352 1033 5382 nous
1080 5343 1337 5394 donneront,
1389 5358 1443 5384 au
1491 5347 1638 5387 mieux
1686 5348 1736 5388 de
1787 5350 1903 5390 leurs

770 5395 960 5434 intérêts.

827 5470 992 5510 Ouvert
1031 5474 1127 5510 tous
1166 5471 1223 5511 les
1247 5474 1379 5526 jours
1411 5475 1464 5514 de
1496 5478 1526 5515 2
1551 5479 1576 5515 à
1599 5478 1625 5515 8
1648 5478 1806 5519 heures
1839 5480 1902 5520 du

770 5523 864 5562 soir
870 5536 878 5571 ,
901 5527 940 5562 et
963 5525 1023 5563 les
1043 5524 1299 5566 dimanches
1310 5527 1498 5579 jusqu’à
1520 5530 1638 5570 midi

811 5696 1247 5772 FORMALITÉS
1293 5708 1467 5774 POUR
1515 5710 1863 5781 MARIAGES

824 5869 901 5910 Les
950 5868 1235 5920 publications
1274 5870 1324 5910 de
1365 5872 1552 5923 mariage
1600 5874 1772 5916 doivent
1820 5878 1907 5918 être

771 5923 895 5962 faites
916 5926 939 5963 à
962 5926 1002 5963 la
1024 5922 1167 5962 Mairie
1187 5923 1296 5962 deux
1326 5923 1580 5966 dimanches
1602 5927 1651 5967 de
1674 5931 1783 5968 suite
1808 5936 1848 5968 et
1870 5931 1908 5968 le

772 5978 960 6027 mariage
1003 5989 1052 6016 ne
1095 5982 1193 6024 peut
1234 5978 1353 6015 avoir
1389 5976 1475 6015 lieu
1515 5992 1601 6030 que
1640 5993 1742 6022 onze
1790 5982 1911 6032 jours

772 6030 914 6070 francs
934 6032 1054 6081 après
1078 6028 1116 6068 la
1139 6031 1346 6079 première
1370 6030 1651 6079 publication.

2003 543 2043 582 Si
2070 543 2106 582 le
2127 542 2333 582 domicile
2355 543 2462 581 n’est
2483 554 2555 592 pas
2590 542 2721 583 établi
2758 554 2834 592 par
2872 542 2935 582 six
2975 542 3086 582 mois

1950 595 2000 635 de
2022 596 2255 645 résidence,
2275 598 2334 635 les
2355 595 2644 647 publications
2661 595 2838 636 devront
2855 596 2941 635 être
2960 595 3087 635 faites

1950 651 1972 687 à
2014 648 2053 687 la
2094 648 2395 699 municipalité
2434 648 2491 687 du
2533 650 2702 688 dernier
2735 648 2938 688 domicile
2963 654 3002 687 et
3032 659 3083 687 en

1951 709 2070 742 outre
2110 714 2162 742 au
2202 702 2406 742 domicile
2439 702 2490 740 de
2524 712 2628 742 ceux
2656 715 2755 743 sous
2791 703 2828 742 la
2862 702 3085 752 puissance

1951 755 2148 806 desquels
2167 767 2210 795 se
2249 759 2448 795 trouvent
2486 754 2544 794 les
2575 756 2731 804 parties,
2758 761 3082 796 contractantes.

2004 848 2148 890 Pièces
2168 851 2191 888 à
2215 847 2414 899 produire
2436 850 2460 887 à
2477 847 2518 886 la
2540 848 2684 888 Mairie
2703 863 2711 888 :

2008 938 2043 975 1°
2075 937 2210 976 L’acte
2231 936 2281 975 de
2300 936 2518 976 naissance
2536 936 2608 976 des
2624 938 2732 976 deux
2749 938 2891 979 futurs
2905 940 3086 979 dûment

1955 990 2152 1040 légalisés
2176 1003 2185 1037 ;

2005 1055 2042 1094 2°
2064 1055 2119 1094 Le
2139 1061 2459 1095 consentement
2480 1056 2642 1097 notarié
2661 1056 2734 1095 des
2750 1058 2868 1106 pères
2888 1063 2928 1096 et
2947 1058 3086 1100 mères

1952 1108 2029 1159 qui
2071 1120 2120 1147 ne
2163 1114 2345 1158 peuvent
2387 1109 2422 1148 le
2456 1109 2619 1150 donner
2655 1111 2945 1148 verbalement
2982 1114 3005 1150 à
3047 1111 3086 1151 la

1954 1160 2099 1200 Mairie
2120 1172 2174 1199 au
2198 1168 2388 1202 moment
2409 1163 2459 1201 de
2480 1163 2601 1203 l’acte
2623 1163 2679 1202 du
2702 1163 2893 1212 mariage
2916 1176 2924 1212 ;

2007 1226 2044 1264 3*
2075 1226 2115 1264 Si
2138 1225 2177 1264 le
2199 1227 2295 1275 père
2317 1230 2356 1266 et
2380 1229 2418 1265 la
2442 1228 2555 1267 mère
2576 1234 2670 1268 sont
2699 1227 2892 1278 décédés,
2916 1240 2968 1266 ou
2998 1227 3086 1267 l’un

1954 1279 2094 1326 d’eux,
2119 1278 2147 1316 il
2168 1279 2259 1318 faut
2280 1279 2448 1319 fournir
2467 1280 2560 1320 leur
2582 1288 2672 1320 acte
2689 1282 2739 1320 de
2760 1282 2884 1322 décès
2906 1282 3088 1320 dûment

1958 1331 2134 1380 légalisé
2158 1344 2166 1380 ;

2008 1396 2045 1435 4°
2076 1398 2184 1436 Dans
2204 1396 2243 1436 le
2263 1408 2334 1438 cas
2354 1398 2404 1438 de
2424 1400 2547 1439 décès
2568 1400 2640 1439 des
2672 1402 2767 1450 père
2799 1406 2838 1439 et
2867 1402 2996 1449 mère,
3020 1399 3086 1439 s’il

1956 1451 2086 1490 existe
2127 1462 2183 1488 un
2223 1452 2475 1503 grand-père
2508 1466 2560 1492 ou
2604 1466 2684 1493 une
2714 1454 2998 1503 grand'mère,
3032 1466 3086 1494 ou

1955 1503 2111 1543 arrière
2152 1505 2408 1555 grand-père
2443 1511 2480 1544 et
2511 1507 2666 1547 arrière
2687 1507 2968 1558 grand’mère,
2994 1506 3088 1547 leur

1956 1563 2277 1596 consentement
2299 1564 2358 1597 est
2379 1560 2628 1601 nécessaire.

2010 1610 2119 1648 Pour
2154 1622 2211 1648 un
2242 1609 2417 1651 mineur
2440 1625 2448 1651 :

2018 1670 2047 1707 1*
2085 1668 2116 1706 Il
2159 1670 2250 1707 faut
2292 1670 2329 1708 la
2367 1672 2563 1720 présence
2600 1686 2654 1712 ou
2692 1672 2730 1712 le
2764 1674 3088 1712 consentement

1958 1722 2120 1762 notarié
2145 1722 2203 1760 du
2224 1727 2368 1763 tuteur
2387 1738 2397 1774 ;

2010 1780 2047 1819 2°
2079 1780 2166 1820 Une
2202 1782 2481 1824 délibération
2523 1786 2578 1824 du
2625 1786 2787 1826 Conseil
2828 1786 2878 1826 de
2919 1786 3086 1827 famille

1961 1835 2149 1886 lorsqu’il
2181 1835 2301 1886 s’agit
2334 1837 2435 1878 d’un
2470 1839 2666 1890 orphelin
2688 1840 2738 1880 de
2762 1842 2859 1892 père
2881 1845 2920 1880 et
2941 1852 3026 1892 que
3050 1842 3084 1881 la

1958 1890 2072 1927 mère
2091 1900 2145 1927 ou
2171 1888 2340 1930 l'aïeule
2362 1899 2455 1932 sont
2478 1895 2652 1934 tutrices
2676 1908 2685 1943 ;

2010 1940 2119 1982 Dans
2142 1955 2283 1984 aucun
2306 1957 2390 1995 cas,
2415 1959 2471 1986 un
2495 1947 2667 1986 mineur
2687 1959 2739 1986 ne
2762 1952 2862 1996 peut
2892 1952 3087 1987 contrac¬

1960 2002 2018 2035 ter
2038 1997 2227 2047 mariage
2248 2010 2344 2038 sans
2368 2000 2404 2039 le
2426 2006 2743 2039 consentement
2766 2002 2816 2039 de
2836 2011 2901 2039 ses
2923 2006 3090 2050 parents

1958 2063 2008 2090 ou
2036 2056 2214 2090 tuteurs.

2010 2114 2048 2154 5°
2080 2114 2155 2155 Les
2178 2114 2298 2154 veufs
2319 2115 2490 2156 doivent
2512 2118 2708 2168 produire
2732 2118 2852 2158 Pacte
2883 2118 2934 2158 de
2967 2116 3090 2158 décès

1960 2167 2134 2218 légalisé
2155 2168 2204 2207 de
2228 2168 2318 2207 leur
2339 2171 2528 2223 conjoint
2551 2172 2707 2212 décédé
2732 2184 2742 2222 ;

2012 2234 2048 2272 6°
2079 2234 2140 2272 Un
2178 2235 2382 2275 certificat
2420 2237 2471 2276 de
2511 2236 2533 2276 6
2575 2238 2683 2276 mois
2722 2239 2772 2276 de
2812 2238 3028 2278 résidence
3067 2238 3090 2277 à

1960 2287 2180 2336 Marseille,
2204 2287 2366 2329 délivré
2390 2302 2460 2339 par
2482 2290 2518 2330 le
2539 2290 2834 2330 commissaire
2860 2291 2911 2328 de
2937 2291 3087 2340 police,

1959 2354 2065 2392 pour
2086 2342 2145 2382 les
2166 2354 2394 2392 personnes
2412 2344 2490 2394 qui
2511 2344 2583 2395 n’y
2605 2350 2695 2382 sont
2720 2355 2792 2392 pas
2814 2344 2912 2382 nées
2933 2355 2942 2391 ;

2011 2408 2048 2446 7”
2068 2407 2127 2446 On
2148 2407 2235 2445 doit
2256 2406 2439 2456 justifier
2459 2410 2508 2447 de
2530 2421 2575 2448 sa
2596 2408 2823 2447 libération
2847 2407 2903 2446 du
2927 2407 3090 2447 service

1959 2459 2179 2507 militaire,
2201 2459 2279 2500 soit
2305 2474 2375 2511 par
2394 2474 2470 2502 son
2491 2463 2639 2512 congé,
2663 2464 2744 2502 soit
2767 2472 2839 2512 par
2870 2472 2930 2500 un
2963 2460 3090 2499 certi¬

1959 2515 2055 2552 ficat
2078 2514 2127 2552 de
2148 2514 2375 2554 libération
2400 2528 2410 2565 ;

2011 2579 2048 2618 8°
2078 2580 2137 2618 En
2158 2586 2278 2619 outre
2300 2580 2372 2621 des
2396 2583 2534 2631 pièces
2554 2583 2762 2622 énoncées
2783 2580 3008 2628 ci-dessus,
3030 2579 3091 2619 les

1958 2646 2188 2684 personnes
2208 2635 2426 2675 divorcées
2446 2635 2624 2674 devront
2644 2634 2843 2684 produire
2867 2646 2924 2672 un
2942 2632 3090 2672 extrait

1958 2688 2011 2726 du
2035 2687 2259 2738 jugement
2279 2688 2488 2740 ainsique
2506 2688 2626 2728 Pacte
2642 2687 2698 2726 du
2722 2687 2890 2726 divorce
2909 2687 3091 2726 dûment

1959 2742 2188 2791 enregistré
2210 2747 2250 2780 et
2272 2743 2464 2782 transcrit
2486 2744 2503 2780 à
2531 2743 2571 2780 la
2595 2740 2736 2780 Mairie
2760 2754 2770 2791 ;

2011 2807 2048 2846 9“
2080 2807 2262 2856 Lorsque
2302 2805 2363 2846 les
2402 2812 2568 2858 parents
2613 2807 2802 2846 refusent
2848 2805 2900 2843 de
2929 2804 3091 2844 donner

1958 2859 2052 2900 leur
2076 2864 2395 2900 consentement
2415 2872 2467 2899 au
2492 2862 2680 2910 mariage
2716 2859 2844 2898 d’une
2888 2868 3088 2907 personne

1960 2911 2166 2962 majeure,
2191 2912 2219 2950 il
2255 2919 2347 2962 peut
2392 2915 2479 2953 être
2516 2915 2634 2964 passé
2664 2920 2783 2952 outre
2806 2925 2858 2951 au
2884 2910 3087 2959 mariage,

1959 2967 2080 3016 après
2099 2965 2192 3005 leur
2210 2966 2328 3004 avoir
2348 2966 2426 3004 fait
2447 2967 2519 3007 des
2540 2972 2652 3006 actes
2675 2967 2726 3006 de
2746 2971 2906 3015 respect
2928 2962 3090 3003 variant

1959 3020 2010 3058 de
2033 3032 2088 3059 un
2112 3021 2135 3058 à
2158 3018 2257 3059 trois
2290 3026 2328 3058 et
2363 3020 2484 3060 s’être
2511 3019 2727 3059 conformé
2760 3032 2843 3058 aux
2882 3017 3090 3069 prescrip¬

1963 3074 2071 3112 tions
2091 3073 2164 3112 des
2183 3078 2259 3112 art.
2289 3072 2359 3111 144
2382 3079 2420 3112 et
2447 3074 2516 3111 134
2538 3074 2592 3112 du
2618 3072 2719 3112 code
2740 3071 2843 3111 civil
2867 3084 2875 3119 ;

2018 3139 2076 3176 10°
2107 3138 2216 3176 Pour
2239 3137 2277 3176 la
2295 3136 2495 3187 question
2514 3138 2587 3176 des
2607 3136 2870 3176 cérémonies
2893 3134 3090 3184 religieu¬

1959 3202 2037 3239 ses,
2060 3191 2282 3230 s’adresser
2302 3191 2475 3230 suivant
2505 3191 2542 3228 le
2573 3191 2687 3228 culte
2709 3192 2731 3227 à
2756 3190 2794 3228 la
2818 3189 3014 3239 paroisse,
3035 3200 3090 3228 au

1959 3243 2206 3283 consistoire
2227 3249 2458 3294 protestant
2478 3255 2531 3283 ou
2554 3255 2607 3282 au
2631 3243 2745 3283 culte
2766 3242 2966 3282 Israélite.

2014 3327 2184 3367 L’Office
2206 3326 2443 3376 Mondonet,
2467 3326 2531 3376 47,
2556 3339 2630 3366 rue
2660 3327 2711 3366 de
2744 3326 2782 3364 la
2818 3326 2958 3374 Darse,
2994 3332 3092 3376 peut

1959 3392 2002 3419 se
2035 3380 2211 3428 charger
2246 3380 2295 3418 de
2330 3386 2466 3419 toutes
2502 3380 2559 3418 les
2588 3379 2827 3418 formalités
2864 3379 3015 3417 civiles
3054 3385 3094 3417 et

1962 3432 2211 3482 religieuses
2231 3432 2264 3470 si
2290 3431 2347 3470 les
2367 3432 2519 3471 clients
2542 3431 2603 3468 lui
2624 3431 2810 3471 contient
2831 3443 2878 3470 ce
2899 3430 3006 3470 soin.

2016 3486 2180 3524 L’office
2206 3483 2422 3523 Mondonet
2458 3495 2508 3522 ne
2532 3483 2696 3535 "perçoit
2735 3484 2807 3523 des
2847 3483 3095 3525 honoraires

1960 3539 2056 3590 qu’a
2063 3539 2155 3588 près
2179 3536 2216 3576 la
2239 3537 2499 3576 célébration
2522 3536 2576 3576 du
2602 3536 2804 3588 mariage.

2070 3731 2618 3798 RENSEIGNEMENTS
2672 3722 2982 3794 GÉNÉRAUX

1964 3829 2310 3870 concernant
2348 3827 2425 3867 les
2458 3826 2693 3866 Veuves
2724 3823 3098 3875 pensionnées

2018 3958 2134 3996 Gand
2154 3957 2331 3995 nombre
2351 3955 2402 3993 de
2423 3955 2570 3995 dames
2588 3954 2796 4004 jouissant
2818 3955 2947 3995 d’une
2991 3968 3098 4005 pen¬

1966 4011 2058 4048 sion
2080 4011 2131 4047 de
2154 4009 2322 4047 retraite
2347 4019 2416 4056 par
2438 4008 2547 4047 suite
2568 4008 2625 4046 du
2648 4008 2771 4047 décès
2791 4010 2843 4047 de
2869 4010 2961 4047 leur
2989 4011 3097 4048 mari

1966 4067 2059 4100 sont
2099 4061 2352 4112 persuadées
2390 4059 2567 4112 qu’elles
2608 4060 2846 4110 perdraient
2879 4073 2950 4102 ces
2970 4062 3102 4103 droits

1968 4116 1992 4155 à
2010 4114 2051 4154 la
2072 4115 2240 4154 retraite
2271 4126 2303 4154 sr
2339 4113 2443 4155 elles
2474 4115 2780 4155 contractaient
2815 4127 2896 4155 une
2918 4118 3100 4157 seconde

1970 4170 2118 4208 union.
2159 4170 2263 4207 C’est
2299 4179 2380 4208 une
2416 4167 2617 4219 profonde
2644 4180 2790 4207 erreur
2810 4170 2844 4207 si
2867 4182 2935 4210 ces
2956 4171 3103 4211 dames

1968 4228 2060 4263 sont
2098 4223 2378 4274 pensionnées
2415 4222 2466 4261 de
2504 4220 2624 4260 l’Etat
2648 4234 2656 4272 ;
2690 4234 2759 4262 car
2796 4228 2903 4263 cette
2924 4224 3099 4274 pension

1970 4278 2074 4315 n’est,
2114 4288 2186 4326 pas
2228 4286 2310 4312 une
2348 4274 2515 4323 faveur,
2556 4276 2656 4315 c’est
2695 4288 2751 4314 un
2786 4276 2896 4315 droit
2922 4277 3104 4327 qu’elles

1971 4331 2162 4368 tiennent
2183 4338 2234 4365 en
2256 4330 2375 4364 vertu
2398 4328 2526 4365 d’une
2558 4327 2630 4367 loi.
2675 4328 2728 4366 La
2759 4328 2812 4367 loi
2835 4328 2893 4367 du
2916 4330 3104 4379 mariage

1971 4383 2086 4422 étant
2123 4378 2485 4419 essentiellement
2514 4379 2688 4429 morale,
2715 4392 2764 4419 ne
2806 4387 2904 4430 peut
2946 4382 3106 4423 édicter

1971 4435 2044 4474 des
2081 4432 2447 4483 empêchements,
2470 4432 2542 4471 des
2567 4432 2775 4472 obstacles
2807 4446 2859 4471 au
2898 4435 3103 4486 mariage,

1972 4499 2040 4527 ces
2060 4485 2410 4535 empêchements
2443 4484 2626 4525 seraient
2664 4486 2907 4527 considérés
2936 4500 3106 4530 comme

1973 4543 2215 4579 immoraux
2236 4545 2275 4578 et
2299 4550 2372 4589 par
2391 4542 2654 4591 conséquent
2676 4541 2909 4582 contraires
2928 4544 2950 4580 à
2968 4542 3006 4582 la
3033 4545 3103 4584 loi.

1973 4595 2048 4633 Les
2090 4603 2244 4631 veuves
2284 4595 2601 4642 pensionnaires
2631 4594 2682 4634 de
2712 4595 2835 4635 l’Eiat
2857 4607 2906 4635 ne
2931 4597 3106 4647 perdent

1972 4650 2080 4688 donc
2104 4658 2175 4696 pas
2194 4645 2288 4684 leur
2310 4647 2485 4695 pension
2523 4648 2566 4687 ni
2598 4660 2672 4699 par
2706 4662 2763 4688 un
2786 4651 2955 4702 second,
2982 4666 3025 4691 ni
3050 4666 3107 4694 un

1975 4702 2190 4742 troisième
2215 4698 2416 4748 mariage.

2026 4755 2103 4795 Les
2123 4763 2279 4793 veuves
2302 4752 2580 4802 pensionnées
2602 4766 2675 4803 par
2699 4754 2762 4794 les
2791 4756 3109 4805 départements

1973 4814 2159 4862 peuvent
2197 4805 2338 4847 seules
2376 4804 2467 4843 voir
2504 4807 2746 4856 supprimer
2783 4816 2890 4848 cette
2931 4811 3107 4860 pension

1974 4876 2047 4916 par
2071 4874 2126 4903 un
2147 4862 2300 4902 second
2342 4869 2528 4908 mariage
2567 4862 2672 4898 dans
2703 4862 2887 4902 certains
2922 4875 2994 4903 cas
3014 4871 3051 4902 et
3074 4865 3109 4905 si

1972 4924 2079 4959 celle
2115 4919 2288 4966 pension
2326 4927 2348 4954 a
2379 4914 2444 4954 été
2474 4912 2674 4952 accordée
2695 4915 2719 4952 à
2743 4915 2835 4954 titre
2859 4915 2910 4955 de
2939 4928 3111 4957 secours

1974 4971 2242 5020 temporaire.

2029 5026 2058 5063 D
2075 5023 2264 5069 ailleurs,
2292 5021 2327 5060 le
2350 5021 2444 5061 titre
2466 5020 2515 5060 de
2541 5019 2714 5071 pension
2739 5026 2852 5071 porte
2875 5032 2924 5060 en
2948 5034 3108 5075 marge,

1974 5091 2027 5119 en
2051 5084 2186 5118 toutes
2209 5076 2363 5124 lettres,
2392 5088 2460 5116 ces
2482 5076 2683 5116 réserves.

1978 5298 2355 5402 OFFRES
2438 5295 2551 5399 DE
2626 5295 3107 5396 MARIAGES

2151 5487 2572 5534 DEMOISELLES
2610 5488 2676 5531 ET
2710 5487 2940 5531 VEUVES

2031 5635 2122 5675 401.
2147 5659 2196 5664 —
2235 5633 2506 5681 Demoiselle,
2540 5632 2590 5672 30
2628 5643 2719 5674 ans,
2760 5630 2974 5679 instruite,
3015 5632 3111 5671 bien

1978 5688 2136 5732 élevée,
2175 5687 2260 5726 fille
2286 5687 2462 5739 unique,
2486 5688 2647 5727 femme
2667 5683 2932 5731 d’intérieur,
2976 5686 3112 5731 possé¬

1979 5742 2079 5782 dant.
2100 5742 2220 5787 2,000
2242 5740 2311 5791 fr.,
2339 5752 2395 5780 un
2418 5741 2522 5780 beau
2547 5744 2783 5783 trousseau,
2815 5738 3063 5785 espérances
3090 5739 3111 5776 à

1982 5794 2102 5834 venir
2122 5794 2268 5845 30,000
2289 5795 2359 5844 fr.,
2383 5806 2426 5834 se
2447 5792 2636 5834 mettrait
2656 5794 2679 5830 à
2704 5791 2742 5830 la
2764 5791 2844 5828 têie
2864 5790 2967 5830 d’un
2987 5802 3109 5831 com¬

1981 5859 2135 5887 merce.

2034 5931 2127 5971 402.
2153 5954 2199 5959 —
2220 5930 2490 5980 Demoiselle,
2512 5931 2562 5967 47
2583 5940 2673 5978 ans,
2703 5928 2874 5968 fortune
2903 5929 3016 5978 1,500
3039 5930 3111 5981 fr.,

1980 5990 2112 6036 ayant
2133 5995 2191 6023 un
2210 5995 2448 6024 commerce
2480 5984 2532 6023 de
2567 5980 2786 6030 mercerie,
2812 5994 2869 6021 un
2890 5984 2995 6023 beau
3020 5996 3113 6024 mo¬

1982 6038 2123 6087 bilier,
2147 6039 2386 6087 épouserait
2408 6049 2467 6078 un
2490 6035 2665 6078 ouvrier
2684 6047 2738 6074 ou
2761 6035 2935 6078 artisan.

3211 543 3302 583 403.
3318 566 3366 571 —
3379 540 3648 590 Demoiselle,
3668 541 3819 591 30ans,
3835 543 4060 592 possédant
4080 542 4223 589 10,000
4237 540 4290 581 fr.

3159 600 3199 634 et
3219 597 3364 643 20,000
3387 598 3508 647 après
3539 607 3582 634 sa
3618 596 3746 642 mère,
3770 595 3983 644 instruite,
4007 596 4107 635 bien
4128 595 4291 643 élevée,

3159 649 3319 687 femme
3340 650 3604 696 d’intérieur,
3628 647 3868 700 épouserait
3891 648 4108 701 employé.

3211 730 3302 770 404.
3327 752 3376 759 —
3397 731 3666 782 Demoiselle,
3702 730 3750 770 30
3774 741 3863 779 ans,
3889 731 3984 770 bien
4008 731 4167 780 élevée,
4202 731 4295 770 for¬

3160 790 3262 823 tune
3283 784 3428 832 30,000
3452 784 3503 823 fr.
3540 784 3590 823 de
3612 796 3655 823 sa
3680 787 3795 825 mère
3831 790 3870 824 et
3906 783 4075 831 110,000
4098 783 4150 822 fr.
4175 786 4296 834 après

3159 848 3233 876 son
3255 838 3362 887 père,
3386 836 3521 875 désire
3543 838 3719 886 épouser
3741 849 3799 878 un
3820 835 4031 877 Monsieur
4051 835 4152 875 bien
4174 836 4294 876 élevé

3159 903 3208 931 en
3231 895 3399 941 rapport
3420 890 3538 939 d'âge
3557 895 3596 928 et
3619 890 3670 930 de
3688 890 3861 932 fortune
3882 904 3936 931 ou
3953 902 4011 930 un
4027 888 4231 939 employé
4243 890 4294 927 de

3160 944 3295 984 l’Etat.

3213 1028 3302 1068 405.
3330 1051 3373 1056 —
3396 1025 3666 1075 Demoiselle,
3689 1024 3739 1065 49
3756 1037 3847 1072 ans,
3871 1028 4044 1068 fortune
4067 1030 4216 1075 argent
4235 1038 4291 1066 ou

3161 1082 3359 1122 mobilier
3400 1082 3544 1131 15,000
3575 1080 3644 1129 fr.,
3682 1080 3922 1130 épouserait
3955 1080 4059 1121 veuf
4092 1091 4190 1119 sans
4210 1091 4291 1119 en¬

3160 1135 3271 1175 fants
3291 1147 3346 1175 ou
3367 1147 3453 1175 non
3475 1134 3626 1175 marié.

3214 1218 3303 1256 406.
3327 1240 3378 1246 —
3402 1218 3560 1267 Veuve,
3602 1218 3651 1256 42
3686 1228 3774 1264 ans,
3800 1216 3970 1256 fortune
4010 1218 4131 1263 9,000
4151 1218 4202 1258 fr.
4240 1228 4292 1256 en

3160 1271 3336 1319 actions,
3359 1270 3598 1322 épouserait
3619 1271 3722 1320 petit
3741 1270 3898 1310 rentier
3918 1283 3970 1308 ou
3995 1270 4168 1310 artisan.

3214 1351 3304 1390 407.
3327 1375 3375 1380 —
3398 1353 3668 1402 Demoiselle,
3686 1354 3840 1403 46ans,
3864 1355 4034 1394 fortune
4063 1352 4204 1403 12,000
4223 1355 4292 1405 fr.,

3164 1404 3375 1456 lailleuse,
3398 1406 3639 1456 épouserait
3663 1419 3719 1446 un
3742 1408 3896 1448 marin.

3214 1494 3304 1532 408.
3324 1516 3370 1521 —
3395 1494 3662 1543 Demoiselle,
3684 1496 3732 1535 60
3750 1507 3840 1545 ans,
3860 1496 4079 1547 possédant
4108 1495 4223 1543 1,200
4240 1495 4290 1536 fr.

3162 1547 3211 1587 de
3253 1552 3368 1586 rente
3407 1548 3588 1595 viagère,
3634 1547 3738 1586 beau
3786 1550 4002 1600 mobilier,
4053 1550 4295 1600 épouserait

3161 1604 3320 1641 rentier
3340 1611 3392 1639 en
3416 1606 3584 1650 rapport
3607 1599 3725 1648 d’âge
3748 1606 3787 1639 et
3808 1603 3984 1642 d’avoir.

3215 1689 3304 1729 409.
3323 1712 3373 1718 —
3395 1687 3663 1734 Demoiselle,
3679 1686 3729 1726 44
3752 1698 3842 1738 ans,
3861 1691 4084 1739 possédant
4108 1692 4222 1739 1,500
4240 1691 4291 1731 fr.

3160 1742 3416 1791 obligations
3435 1742 3820 1794 nu-propriétaire,
3843 1741 3894 1780 de
3919 1742 4064 1788 10,000
4086 1744 4138 1782 fr.
4163 1744 4293 1783 d’im¬

3162 1795 3372 1843 meubles,
3415 1802 3599 1845 gagnant
3639 1795 3895 1835 elle-môme
3935 1795 3957 1834 5
3988 1794 4042 1834 fr.
4080 1807 4153 1845 par
4178 1796 4291 1846 jour,

3162 1850 3402 1901 épouserait
3434 1849 3607 1888 ouvrier
3640 1862 3691 1888 ou
3718 1854 4007 1900 commerçant
4036 1860 4088 1887 en
4109 1857 4292 1898 rapport.

3215 1939 3304 1979 412.
3330 1963 3378 1967 —
3412 1938 3570 1987 Veuve,
3610 1938 3659 1978 49
3700 1950 3791 1985 ans,
3829 1939 4076 1987 cuisinière,
4126 1936 4296 1976 fortune

3167 1992 3364 2040 1,500fr.,
3379 1991 3619 2040 épouserait
3635 2004 3694 2030 un
3711 1993 3791 2030 bon
3810 2004 3983 2031 ouvrier
4004 2006 4057 2032 ou
4074 1991 4292 2043 employé.

3216 2078 3307 2118 413.
3334 2100 3380 2106 —
3412 2075 3682 2124 Demoiselle,
3724 2075 3774 2115 45
3814 2088 3903 2123 ans,
3956 2078 4144 2116 titulaire
4195 2079 4298 2119 d’un

3163 2132 3327 2172 bureau
3351 2131 3400 2170 de
3423 2131 3558 2178 tabac,
3603 2131 3842 2180 épouserait
3875 2130 4076 2182 employé
4106 2143 4159 2168 ou
4196 2132 4298 2179 petit

3164 2187 3335 2227 rentier.

3216 2275 3307 2314 415.
3334 2298 3380 2303 —
3404 2273 3672 2323 Demoiselle,
3715 2274 3764 2313 35
3803 2286 3892 2323 ans,
3936 2272 4046 2314 belle
4071 2283 4294 2324 personne,

3165 2328 3262 2366 bien
3286 2327 3444 2374 élevée,
3484 2327 3652 2364 fortune
3685 2327 3807 2374 1,200
3828 2328 3898 2375 fr.,
3922 2338 4055 2376 gagne
4076 2328 4126 2367 80
4151 2327 4197 2367 fr.
4222 2338 4296 2378 par

3168 2379 3289 2427 mois,
3310 2379 3445 2418 désire
3464 2380 3642 2427 épouser
3663 2378 3767 2428 petit
3787 2379 4002 2428 employé.

3216 2467 3306 2506 416.
3332 2488 3382 2494 —
3413 2464 3680 2512 Demoiselle,
3722 2463 3996 2515 institutrice,
4021 2466 4069 2506 30
4091 2480 4181 2516 ans,
4203 2470 4295 2508 for¬

3167 2526 3266 2559 tune
3305 2519 3488 2559 actuelle
3543 2518 3656 2567 1,500
3703 2518 3754 2557 fr.
3809 2519 4108 2568 d’économies,
4159 2531 4295 2570 gagne

3167 2575 3283 2622 1,400
3304 2575 3355 2612 fr.
3379 2586 3451 2622 par
3471 2584 3539 2622 an,
3566 2574 3670 2611 beau
3696 2577 3928 2620 trousseau,
3963 2575 4111 2614 avenir
4131 2572 4182 2612 de
4220 2587 4295 2612 son

3167 2628 3260 2678 père
3279 2627 3426 2675 20,000
3448 2626 3498 2664 fr.
3525 2638 3575 2663 en
3600 2623 3846 2675 propriétés,
3870 2626 4006 2667 désire
4036 2630 4218 2679 épouser
4240 2639 4300 2668 un

3163 2679 3364 2731 employé
3386 2679 3483 2718 bien
3506 2678 3640 2718 élevé.

3216 2768 3307 2807 417.
3330 2790 3380 2795 —
3402 2766 3560 2819 Veuve,
3602 2776 3698 2805 sans
3719 2767 3902 2816 enfants,
3940 2768 4040 2818 âgée
4063 2767 4112 2807 de
4138 2768 4184 2806 58
4206 2780 4298 2819 ans,

3166 2820 3438 2872 propriétaire
3486 2819 3615 2859 d’une
3666 2821 3828 2860 maison
3878 2822 3980 2862 d’un
4029 2827 4199 2872 rapport
4248 2822 4300 2860 de

3170 2875 3310 2923 14,000
3334 2874 3403 2923 fr.,
3426 2874 3667 2923 épouserait
3687 2875 3889 2924 employé
3920 2888 3975 2914 ou
4000 2878 4102 2926 petit
4124 2874 4299 2916 rentier.

3218 2963 3308 3002 418.
3336 2984 3381 2991 —
3420 2959 3690 3007 Demoiselle,
3727 2963 3828 3009 âgée
3863 2961 3912 2999 de
3935 2963 3984 3000 50
4006 2974 4096 3011 ans,
4120 2964 4303 3003 institu¬

3166 3023 3191 3055 ts
3206 3016 3268 3056 ice
3300 3016 3419 3063 libre,
3460 3019 3592 3066 ayant
3632 3025 3713 3052 une
3752 3014 3995 3054 institution
4032 3027 4136 3056 avec
4172 3030 4304 3058 sous-

3164 3072 3399 3115 maîtresse,
3440 3079 3575 3118 gague
3611 3067 3732 3110 2,000
3770 3066 3820 3107 fr.
3864 3080 3935 3117 par
3973 3079 4043 3117 an,
4084 3070 4205 3115 6,000
4248 3071 4303 3108 fr.

3164 3122 3463 3171 d’économies,
3481 3122 3591 3160 beau
3608 3119 3824 3171 mobilier,
3842 3120 4083 3173 épouserait
4099 3122 4303 3174 employé

3164 3188 3220 3215 ou
3242 3176 3416 3215 rentier.

3216 3266 3308 3307 420.
3332 3288 3379 3294 —
3402 3264 3670 3315 Demoiselle,
3699 3265 3742 3306 19
3765 3277 3854 3316 ans,
3878 3267 3996 3318 jolie,
4022 3267 4119 3306 bien
4139 3267 4299 3315 élevée,

3167 3321 3335 3360 fortune
3357 3320 3503 3366 30,000
3530 3322 3577 3359 fr.
3603 3332 3654 3359 en
3678 3320 3910 3370 propriétés
3930 3331 3983 3358 ou
4007 3318 4186 3367 actions,
4210 3318 4301 3356 fille

3168 3374 3343 3424 unique,
3368 3375 3610 3422 épouserait
3635 3383 3692 3410 un
3717 3373 3799 3410 bon
3820 3372 4038 3422 employé.

3220 3460 3311 3500 423.
3338 3483 3386 3488 —
3422 3459 3582 3509 Veuve,
3622 3471 3719 3499 sans
3758 3459 3940 3510 enfants,
3978 3460 4024 3500 53
4058 3472 4148 3512 ans,
4174 3468 4306 3514 ayant

3168 3515 3344 3567 pension
3367 3514 3531 3566 viagère
3571 3516 3620 3555 de
3660 3514 3736 3555 800
3774 3514 3824 3556 fr.
3860 3516 3954 3567 plus
3994 3518 4030 3555 la
4060 3515 4306 3566 jouissance

3167 3571 3295 3610 d'une
3319 3571 3444 3620 petite
3484 3582 3734 3618 campagne,
3756 3570 3998 3619 épouserait
4019 3570 4223 3616 employé
4244 3580 4300 3607 ou

3168 3624 3272 3672 petit
3295 3622 3451 3659 rentier
3472 3633 3523 3658 en
3548 3625 3731 3668 rapport.

3223 3702 3315 3742 428.
3340 3723 3387 3730 —
3410 3699 3680 3751 Demoiselle,
3706 3701 3755 3742 22
3776 3702 3866 3752 ans,
3890 3702 4039 3753 20,000
4063 3702 4118 3744 fr.

3223 3779 3492 3828 Demoiselle,
3516 3780 3564 3818 23
3587 3791 3676 3827 ans,
3699 3779 3847 3827 50,000
3871 3780 3921 3819 fr.

3223 3855 3494 3902 DemoiseUe,
3537 3855 3584 3892 23
3623 3866 3714 3903 ans,
3756 3855 3903 3903 60,000
3943 3856 4013 3903 fr.,
4046 3864 4183 3897 toutes
4202 3860 4308 3899 trois

3172 3907 3271 3945 bien
3291 3908 3470 3953 élevées,
3494 3907 3544 3944 de
3559 3907 3747 3946 familles
3771 3911 3851 3947 très
3876 3908 4143 3955 honorables,
4167 3911 4308 3958 épou¬

3172 3966 3355 3999 seraient
3392 3959 3466 3998 des
3490 3960 3712 4010 employés
3747 3959 3799 4000 de
3846 3961 3963 3999 l’Etat
3987 3973 4041 4000 on
4064 3968 4234 4002 avocats
4255 3974 4310 4002 en

3174 4020 3340 4064 rapport
3362 4012 3495 4063 d’âge,
3519 4014 3570 4052 de
3600 4012 3771 4053 fortune
3796 4020 3835 4054 et
3856 4014 4148 4055 d’éducation.

3230 4102 3319 4142 431.
3347 4126 3390 4130 —
3411 4102 3571 4147 Veuve,
3595 4103 3644 4142 47
3667 4115 3755 4151 ans,
3778 4103 3876 4144 bien
3898 4104 4056 4154 élevée,
4080 4103 4191 4144 belle
4211 4115 4311 4154 per¬

3175 4168 3322 4203 sonne,
3346 4156 3515 4195 fortune
3536 4158 3704 4204 100,000
3730 4159 3798 4207 fr.,
3822 4159 4063 4208 épouserait
4091 4159 4312 4198 Monsieur

3176 4222 3227 4248 en
3247 4216 3415 4259 rapport
3436 4210 3555 4258 d’âge
3578 4215 3616 4248 et
3638 4210 3687 4248 de
3710 4210 3895 4251 fortune.

3231 4298 3322 4338 434.
3339 4320 3384 4327 —
3408 4298 3566 4343 Veuve,
3584 4299 3634 4338 26
3656 4310 3746 4346 ans,
3770 4310 3867 4339 sans
3883 4300 4067 4348 enfants,
4091 4300 4308 4348 instruite,

3180 4352 3387 4400 brevetée,
3432 4351 3601 4391 fortune
3637 4351 3779 4402 10,000
3812 4352 3848 4392 fr
3871 4386 3879 4398 ,
3914 4355 4161 4406 espérances
4188 4356 4312 4404 après

3179 4416 3243 4444 ses
3264 4411 3431 4457 parents
3468 4406 3614 4455 30,000
3637 4406 3707 4454 fr.,
3748 4407 3988 4458 épouserait
4028 4407 4228 4460 employé
4256 4420 4312 4448 ou

3180 4460 3353 4498 rentier.

3234 4548 3324 4590 435.
3350 4572 3394 4578 —
3419 4548 3688 4599 Demoiselle,
3730 4551 3779 4591 26
3813 4565 3903 4602 ans,
3942 4555 4039 4593 bien
4062 4555 4220 4603 élevée,
4248 4555 4315 4593 fa¬

3180 4603 3301 4643 mille
3342 4606 3422 4644 très
3463 4604 3708 4653 honorable,
3750 4605 3819 4645 dot
3856 4607 4003 4654 65,000
4027 4607 4098 4654 fr.,
4134 4607 4315 4655 grandes

3180 4659 3427 4709 espérances
3443 4659 3564 4708 après
3584 4671 3648 4699 ses
3670 4668 3851 4710 parents,
3874 4660 4114 4711 épouserait
4132 4660 4312 4707 notaire,

3181 4712 3330 4755 avoué,
3371 4712 3572 4760 employé
3611 4712 3668 4750 du
3708 4721 4046 4759 gouvernement
4086 4723 4186 4750 avec
4208 4711 4315 4750 bons

3182 4766 3540 4815 appointements.

3235 4844 3311 4883 435
3332 4844 3413 4883 bis.
3436 4866 3486 4871 —
3527 4844 3795 4896 Demoiselle,
3826 4847 3875 4887 20
3898 4859 3986 4895 ans,
4019 4850 4107 4890 1111e
4131 4851 4310 4903 unique,

3184 4897 3283 4937 bien
3319 4896 3478 4946 élevée,
3516 4896 3632 4948 jolie,
3678 4899 3747 4938 dot
3802 4901 3968 4944 100,000
4008 4904 4080 4951 fr.,
4132 4903 4312 4952 grandes

3184 4952 3443 5000 espérances,
3494 4952 3731 5002 épouserait
3780 4955 3992 4998 Monsieur
4039 4968 4089 4995 en
4142 4960 4312 5003 rapport

3184 5002 3318 5054 d’âge,
3340 5003 3610 5045 d'éducation
3631 5012 3671 5046 et
3699 5007 3751 5048 de
3771 5008 3942 5051 fortune
3963 5023 4017 5048 ou
4040 5006 4240 5058 employé
4263 5006 4314 5046 de

3188 5056 3322 5098 l’Etat.

3240 5147 3329 5188 436.
3355 5171 3404 5176 —
3424 5147 3693 5196 Demoiselle,
3710 5150 3759 5188 22
3775 5160 3865 5196 ans,
3888 5147 4007 5198 jolie,
4032 5147 4131 5188 bien
4153 5148 4312 5202 élevée,

3187 5203 3255 5243 dot
3279 5203 3398 5247 5,000
3418 5202 3471 5243 fr.
3511 5203 3560 5242 de
3597 5208 3750 5250 rentes,
3774 5202 4012 5251 épouserait
4034 5203 4244 5246 Monsieur
4263 5218 4315 5244 en

3188 5263 3355 5303 rapport
3375 5256 3492 5303 d’âge
3518 5262 3558 5292 et
3579 5255 3628 5291 de
3651 5254 3837 5293 fortune.

3241 5339 3331 5379 441.
3351 5363 3398 5367 —
3414 5339 3682 5389 Demoiselle,
3698 5340 3746 5380 34
3762 5353 3851 5395 ans,
3869 5344 4037 5387 fortune
4054 5344 4227 5391 900,000
4245 5343 4314 5394 fr.,

3189 5392 3426 5443 épouserait
3448 5392 3662 5432 Monsieur
3687 5406 3739 5434 en
3763 5407 3930 5451 rapport
3953 5400 4088 5446 d’âge,
4112 5403 4242 5447 ayant
4264 5398 4315 5438 de

3184 5447 3207 5486 2
3228 5448 3251 5486 à
3273 5446 3446 5493 300,000
3467 5446 3503 5484 fr
3527 5477 3535 5494 ,
3573 5446 3798 5492 donnerait
3821 5455 3859 5491 la
3880 5451 4124 5503 préférence
4145 5452 4168 5490 à
4191 5451 4315 5491 Mon¬

3184 5500 3300 5539 sieur
3315 5504 3447 5550 ayant
3472 5511 3527 5538 un
3552 5502 3644 5542 titre
3668 5504 3931 5544 nobiiliaire.

3239 5585 3330 5626 442.
3360 5609 3403 5616 —
3434 5587 3587 5639 Veuve,
3629 5602 3724 5631 sans
3763 5589 3946 5636 enfants,
3988 5590 4038 5629 40
4076 5603 4166 5643 ans,
4206 5595 4318 5635 belle

3187 5651 3406 5690 personne,
3436 5642 3607 5685 fortune
3636 5642 3783 5690 50,000
3818 5644 3883 5691 fr.,
3927 5644 4167 5694 épouserait
4196 5651 4319 5690 Mon¬

3186 5694 3300 5732 sieur
3320 5707 3372 5735 en
3395 5703 3559 5747 rapport
3580 5696 3699 5743 d’âge
3722 5700 3762 5733 et
3784 5695 3962 5736 d’avoir.

3240 5786 3330 5826 443.
3354 5808 3404 5814 —
3444 5781 3712 5831 Demoiselle,
3747 5783 3795 5823 22
3831 5798 3920 5835 ans,
3949 5788 4059 5831 belle
4093 5802 4319 5842 personne,

3186 5840 3256 5880 dot
3276 5838 3450 5888 200,000
3472 5836 3540 5884 fr.,
3564 5836 3803 5886 épouserait
3824 5843 3986 5884 notaire
4007 5858 4060 5884 ou
4085 5846 4238 5883 avoué.

3240 5927 3331 5966 444.
3365 5947 3400 5952 —
3427 5924 3694 5974 Demoiselle,
3720 5927 3764 5968 21
3787 5943 3876 5983 ans,
3905 5934 3974 5972 dot
4020 5930 4162 5969 12.000
4183 5930 4234 5970 fr.
4271 5930 4322 5971 de

3188 5986 3340 6026 rentes,
3372 5978 3612 6027 épouserait
3635 5979 3844 6027 Monsieur
3867 5998 3919 6026 en
3940 5987 4112 6033 rapport
4140 5984 4260 6035 d'âge
4283 5992 4324 6026 et

3187 6035 3238 6072 de
3261 6031 3448 6071 fortune.
