4720 7064
596 424 655 471 X°
681 423 724 470 1.

852 424 1103 468 Première
1142 423 1324 470 Année.

1869 418 2220 466 Edition
2263 415 2740 464 Mensuelle

3714 288 3751 345 /

3465 415 3594 460 Mois
3612 427 3671 459 de
3694 414 3906 461 Janvier
3930 411 4071 460 1891.

1007 1295 1661 1389 DÉLICATESSE,
1723 1292 2427 1382 HONORABILITÉ,
2485 1291 2879 1366 PROBITÉ
2935 1306 2991 1364 L
3047 1291 3595 1365 DISCRÉTION

581 1429 1073 1443 ...
1179 1378 1221 1438 .,
1261 1378 1391 1448 /#.
1421 1428 1429 1440 .

596 1575 699 1623 15
731 1574 975 1622 Gent.
1007 1568 1050 1619 le
1076 1567 1301 1621 Numéro

1488 1465 1567 1509 Tri

1000 1682 1095 1714 Ville
1115 1684 1151 1714 et
1172 1681 1193 1712 à
1214 1670 1431 1731 l'Età^H
1441 1676 1446 1688 '

816 1733 1000 1766 personne
1039 1723 1101 1764 qui
1147 1732 1191 1754 en
1238 1719 1304 1751 fait
1338 1718 1425 1748 Ia^-i

565 1680 682 1712 Envoi
703 1682 819 1722 gratis
838 1683 926 1715 hors
944 1682 964 1713 1;

521 1731 584 1761 ger
623 1723 643 1754 à
675 1725 778 1756 toute

519 1763 702 1798 demande
723 1775 787 1807 par
809 1766 915 1798 lettre
939 1764 1151 1802 aiïranchie,
1180 1765 1214 1794 et
1244 1762 1370 1791 franco

519 1814 608 1840 sous
628 1808 831 1848 enveloppe
851 1807 1023 1840 cachetée
1043 1808 1171 1838 contre
1194 1802 1249 1835 30
1271 1804 1368 1834 cent,

523 1858 566 1880 en
590 1850 754 1882 timbres.

1501 1534 1534 1574 1

1520 1484 1630 1538 AU

1890 1566 2184 1616 OFFICE
2241 1565 2714 1616 MONDONET

1712 1656 1880 1696 Rue
1922 1656 2012 1695 de
2057 1655 2122 1695 la.
2167 1656 2395 1695 Darse
2438 1654 2528 1704 (au
2567 1654 2591 1692 1
2599 1661 2632 1680 er
2667 1663 2768 1692 sur
2804 1654 3063 1703 entresol)

2110 1732 2488 1776 MARSEILLE

1484 1813 1632 1848 Ouvert
1655 1813 1746 1846 tous
1763 1805 1818 1847 les
1829 1808 1949 1857 jours
1963 1808 2012 1847 de
2030 1806 2052 1847 2
2067 1805 2088 1847 h
2100 1807 2106 1847 .
2125 1807 2151 1847 à
2166 1811 2191 1845 S
2205 1806 2242 1848 /,.
2262 1811 2313 1848 du
2330 1810 2430 1858 soir,
2450 1814 2488 1850 et
2506 1807 2540 1848 le
2557 1807 2773 1849 dimanche
2793 1810 2839 1848 de
2859 1810 2883 1848 0
2906 1805 2942 1847 h.
2970 1806 2992 1844 à
3017 1807 3117 1845 midi

3302 1567 3406 1614 15
3439 1566 3682 1615 Gent.
3715 1562 3757 1612 le
3786 1560 4007 1613 Numéro

3267 1686 3448 1727 Mariages
3463 1686 3582 1718 riches
3595 1695 3687 1727 pour
3703 1688 3824 1719 toutes
3843 1686 3895 1718 les
3914 1687 4080 1718 fortunes

3227 1730 3263 1759 et
3294 1731 3418 1759 toutes
3449 1728 3502 1760 les
3535 1728 3729 1768 positions.
3763 1727 3813 1759 La
3850 1727 3996 1760 maison
4034 1735 4079 1759 ne

3226 1767 3393 1810 s’occupe
3412 1779 3481 1811 que
3503 1770 3567 1801 des
3583 1770 3720 1802 unions
3741 1768 3922 1810 possibles
3939 1772 3973 1800 et
3991 1777 4080 1800 sans

3227 1810 3346 1842 tâche.

520 2004 597 2120 La
620 1999 865 2120 Missina
892 1999 929 2115 fl
928 2022 969 2115 u
1000 2042 1028 2094 »
1052 1998 1192 2114 iieit
1216 1997 1269 2113 M
1272 1992 1596 2109 atrimonial
1620 2032 1648 2084 »

595 2215 779 2259 Notre
807 2213 914 2255 but
944 2211 1038 2252 est
1068 2204 1579 2251 essentiellement

519 2284 723 2334 moral,
760 2281 1018 2324 honnête
1046 2280 1104 2323 et
1131 2272 1654 2334 philanthropique

584 2436 712 2477 Dans
739 2436 872 2478 notre
892 2432 956 2476 fin
983 2431 1039 2475 de
1076 2429 1216 2475 siècle
1258 2430 1316 2472 où
1341 2430 1440 2471 tout
1464 2423 1655 2469 marche

527 2508 552 2551 à
591 2506 632 2550 la
656 2518 848 2563 vapeur,
874 2508 919 2548 et
955 2504 1014 2547 où
1048 2503 1092 2546 la
1126 2502 1298 2546 société
1322 2500 1386 2543 vit
1424 2499 1544 2542 dans
1566 2510 1656 2539 une

525 2579 712 2624 activité
734 2576 990 2620 dévorante
1015 2587 1025 2630 ;
1055 2575 1119 2619 les
1140 2573 1307 2631 jeunes
1329 2583 1448 2627 gens
1470 2569 1655 2614 sérieux

524 2651 603 2707 qui
623 2647 880 2692 cherchent
901 2650 927 2691 à
947 2660 999 2691 se
1014 2648 1144 2691 créer
1167 2658 1256 2688 une
1281 2644 1483 2701 position
1506 2654 1657 2684 avan¬

517 2727 715 2779 tageuse
739 2720 880 2778 parle
906 2719 1090 2771 travail,
1114 2719 1276 2763 vivant
1300 2718 1420 2760 dans
1452 2715 1518 2759 les
1542 2715 1655 2770 pré¬

519 2792 828 2851 occupations
850 2792 1123 2834 constantes
1158 2790 1270 2833 d’un
1300 2788 1464 2832 labeur
1488 2786 1656 2831 ardent

520 2878 639 2922 pour
660 2862 836 2907 arriver
858 2863 884 2907 à
904 2866 1024 2907 celte
1043 2862 1126 2915 fin,
1163 2860 1408 2916 négligent
1442 2859 1507 2903 les
1529 2859 1650 2902 rela¬

519 2938 641 2979 tions
679 2934 878 2979 sociales
915 2935 994 2992 qui
1034 2934 1308 2991 pourraient
1346 2932 1412 2976 les
1454 2942 1651 2988 pousser

519 3019 622 3051 vers
648 3005 688 3050 le
731 3008 962 3062 mariage.
1000 3008 1227 3062 Lorsque,
1252 3003 1394 3055 enfin,
1419 3002 1599 3047 arrivés
1623 3002 1650 3043 à

516 3082 668 3123 trente
695 3091 752 3122 ou
783 3080 1016 3135 quarante
1039 3090 1142 3130 ans,
1169 3076 1223 3120 ils
1254 3078 1334 3119 ont
1356 3074 1522 3131 acquis
1559 3084 1651 3116 une

518 3150 721 3203 position
762 3150 840 3203 qui
864 3150 963 3191 leur
998 3150 1178 3202 permet
1206 3147 1262 3190 de
1301 3147 1506 3203 respirer
1527 3147 1571 3188 et
1595 3143 1651 3187 de

516 3218 744 3275 regarder
783 3220 811 3262 à
852 3218 952 3263 leur
1003 3220 1174 3262 entour
1219 3231 1339 3275 pour
1391 3215 1652 3273 Compléter

520 3292 618 3336 leur
660 3291 863 3336 carrière
891 3302 976 3349 par
1015 3302 1079 3334 un
1120 3289 1352 3344 mariage,
1378 3288 1433 3331 ils
1463 3288 1651 3331 sentent

518 3364 558 3408 le
587 3362 691 3408 vide
710 3368 882 3408 autour
900 3364 1039 3408 d’eux
1068 3364 1114 3407 et
1131 3363 1239 3408 sont
1263 3373 1380 3419 pour
1411 3359 1530 3404 ainsi
1552 3358 1651 3403 dire

466 3459 478 3470 "
510 3438 808 3480 -.désorientés
830 3450 887 3480 ne
909 3440 1134 3481 trouvant
1151 3448 1383 3495 personne
1403 3435 1459 3479 de
1481 3446 1651 3478 conve¬

514 3504 653 3550 nable
685 3506 807 3550 dans
827 3507 868 3551 le
902 3507 1051 3551 cercle
1072 3508 1156 3550 des
1188 3506 1416 3551 relations
1438 3508 1498 3548 où
1523 3506 1579 3547 ils
1599 3518 1652 3548 se

518 3584 626 3624 sont
644 3594 751 3625 mus
770 3579 1074 3639 jusqu’alors.

574 3660 782 3703 Souvent
823 3660 1131 3712 découragés,
1187 3659 1243 3703 ils
1299 3658 1514 3702 finissent
1566 3668 1651 3712 par

515 3738 742 3769 renoncer
763 3739 824 3770 au
866 3727 1077 3780 mariage
1098 3730 1135 3770 si
1168 3740 1257 3771 une
1291 3728 1420 3770 main
1446 3727 1569 3769 amie
1593 3739 1651 3770 ne

515 3796 643 3840 vient
675 3795 744 3842 les
763 3799 895 3844 aider
914 3802 960 3844 et
996 3799 1064 3844 les
1083 3799 1252 3855 guider
1285 3798 1406 3842 dans
1440 3798 1481 3843 le
1514 3796 1652 3840 choix

516 3867 655 3915 d’une
676 3883 943 3930 compagne
964 3872 1043 3930 qui
1064 3872 1162 3916 doit
1183 3874 1408 3930 partager
1431 3870 1531 3915 leur
1556 3870 1644 3922 vie,

516 3942 642 3988 leurs
659 3942 778 4001 joies
796 3950 840 3990 et
866 3946 991 3991 leurs
1010 3946 1186 4002 peines.

574 4023 695 4067 C’est
723 4023 762 4067 le
804 4024 887 4067 but
918 4035 1007 4079 que
1039 4022 1150 4064 s’est
1189 4022 1388 4078 proposé
1439 4020 1477 4063 le
1526 4020 1650 4062 Lien

515 4092 907 4136 Matrimonial:
943 4095 1054 4135 Etre
1079 4091 1224 4139 l’ami,
1248 4090 1290 4134 le
1306 4090 1448 4144 guide
1479 4091 1524 4132 et
1543 4088 1649 4131 l’in¬

515 4164 728 4207 dicateur
768 4163 851 4206 des
894 4162 1063 4207 unions
1104 4162 1334 4206 honnêtes
1367 4163 1411 4204 et
1435 4160 1650 4204 honora¬

514 4232 628 4277 bles.
659 4235 806 4279 Notre
827 4235 911 4279 but
930 4236 999 4279 est
1034 4232 1431 4279 essentiellement
1456 4231 1650 4291 philan¬

515 4304 767 4364 thropique
795 4311 840 4351 et
862 4306 1258 4351 essentiellement
1282 4304 1447 4350 moral.

579 4387 641 4428 La
683 4386 958 4442 population
994 4386 1171 4430 décroît
1205 4396 1344 4442 parce
1367 4398 1456 4442 que
1478 4384 1519 4428 le
1543 4396 1651 4427 ma¬

516 4456 648 4511 riage
670 4459 739 4499 est
758 4456 942 4511 négligé
962 4468 972 4510 ;
992 4460 1038 4500 et
1060 4456 1100 4500 le
1124 4457 1335 4512 mariage
1352 4459 1423 4500 est
1440 4455 1648 4512 négligé,

518 4538 658 4582 parce
680 4539 771 4583 que
796 4527 1018 4571 l’homme
1038 4530 1250 4584 emporté
1287 4542 1370 4584 par
1392 4528 1432 4571 le
1456 4528 1652 4571 tourbil¬

519 4598 595 4641 lon
620 4598 703 4643 des
734 4611 757 4642 a
767 4598 824 4642 fia
834 4600 940 4651 ires,
968 4599 1043 4642 n’a
1063 4611 1148 4655 pas
1170 4599 1210 4642 le
1232 4602 1387 4655 temps
1406 4599 1462 4642 de
1482 4598 1651 4641 s’arrê¬

515 4672 586 4712 ter
608 4682 726 4727 pour
748 4671 988 4715 combiner
1009 4672 1054 4715 et
1083 4670 1307 4715 chercher
1338 4670 1440 4715 telle
1463 4682 1522 4714 ou
1546 4668 1651 4714 telle

518 4741 666 4784 union
688 4743 766 4798 qui
794 4744 1004 4800 pourrait
1031 4743 1091 4787 lui
1116 4744 1355 4787 convenir.

574 4815 608 4856 II
632 4815 707 4857 n’a
731 4831 816 4871 pas
839 4820 879 4863 le
903 4824 1055 4877 temps
1076 4823 1120 4864 et
1162 4834 1219 4865 ne
1241 4823 1351 4877 peut
1388 4833 1551 4876 passer
1570 4819 1651 4862 des

515 4886 636 4932 mois
656 4891 699 4931 et
722 4892 964 4944 peut-être
987 4892 1070 4936 des
1087 4894 1266 4936 années
1287 4894 1313 4935 à
1338 4892 1523 4936 décider
1547 4891 1651 4935 telle

518 4972 750 5016 personne
790 4960 816 5003 à
857 4964 1083 5016 partager
1114 4975 1166 5004 sa
1197 4963 1267 5006 vie
1290 4974 1301 5016 ;
1329 4963 1354 5004 il
1383 4978 1438 5006 ne
1460 4967 1651 5007 connaît

518 5043 604 5086 pas
626 5032 734 5075 bien
770 5031 814 5076 la
848 5032 1074 5077 situation
1110 5032 1166 5078 de
1204 5036 1324 5078 cette
1347 5047 1595 5091 personne,
1622 5036 1646 5079 il

515 5100 663 5147 hésite
699 5108 743 5147 et
779 5104 881 5150 finit
910 5118 995 5163 par
1025 5118 1252 5151 renoncer
1276 5120 1335 5151 au
1371 5109 1584 5162 mariage
1606 5112 1651 5151 et

515 5180 565 5212 se
585 5171 799 5226 résigner
822 5178 848 5220 à
873 5179 999 5223 vivre
1031 5176 1264 5221 d’amitiés
1288 5179 1586 5234 passagères.

576 5247 695 5294 Mais
715 5262 767 5292 ce
796 5255 874 5307 qui
912 5256 1066 5299 arrive
1091 5268 1210 5312 pour
1236 5255 1303 5300 les
1322 5254 1490 5312 jeunes
1512 5269 1646 5312 gens,

520 5323 674 5368 arrive
696 5320 803 5366 bien
828 5323 932 5380 plus
964 5339 1132 5374 encore
1154 5343 1270 5386 pour
1292 5328 1358 5374 les
1394 5342 1651 5387 personnes

515 5396 592 5451 qui
619 5399 763 5452 ayant
802 5395 873 5439 été
912 5396 1047 5439 unies
1084 5412 1176 5444 une
1207 5402 1436 5458 première
1474 5402 1562 5444 fois
1599 5414 1650 5444 se

514 5468 733 5512 trouvent
759 5471 858 5514 tout
880 5468 907 5512 à
930 5478 1048 5523 coup
1088 5468 1308 5517 désunies
1341 5486 1426 5530 par
1451 5472 1490 5517 le
1511 5472 1650 5516 décès

516 5535 572 5579 de
596 5539 720 5583 l'une
745 5540 919 5586 d’elles.

574 5613 724 5667 Après
754 5622 894 5667 s'être
927 5619 1195 5675 longtemps
1218 5616 1428 5665 abîmées
1450 5623 1570 5666 dans
1607 5623 1648 5664 la

514 5682 710 5727 douleur
737 5692 782 5731 et
816 5692 946 5735 avoir
980 5694 1100 5748 payé
1146 5703 1209 5735 un
1241 5687 1365 5747 juste
1410 5694 1554 5736 tribut
1596 5694 1648 5738 de

512 5752 686 5800 larmes
707 5757 735 5800 à
763 5758 946 5815 l'époux
983 5776 1041 5807 ou
1067 5766 1093 5807 à
1123 5764 1328 5821 l’épouse
1352 5762 1568 5817 décédée,
1594 5764 1649 5808 ils

512 5830 699 5875 sentent
736 5828 840 5886 plus
863 5834 1098 5878 vivement
1136 5835 1175 5879 le
1199 5836 1301 5880 vide
1324 5836 1402 5894 qui
1435 5835 1543 5879 s’est
1565 5835 1649 5876 fait

512 5904 684 5947 autour
722 5900 783 5946 du
823 5903 1087 5958 survivant,
1132 5907 1187 5951 ils
1218 5912 1298 5951 ont
1337 5908 1500 5952 besoin
1539 5904 1649 5950 d’un

511 5984 643 6018 cœur
666 5975 758 6018 ami
796 5974 872 6032 qui
916 5972 982 6017 les
1016 5979 1206 6022 console
1242 5991 1301 6022 ou
1337 5979 1402 6024 les
1438 5980 1644 6035 protège.

511 6043 573 6087 Ils
594 6047 805 6103 aspirent
828 6048 855 6091 à
878 6049 996 6092 cette
1025 6046 1095 6090 vie
1118 6050 1370 6106 tranquille
1387 6051 1584 6108 paisible
1606 6055 1650 6096 et

512 6118 768 6171 ntérieure,
807 6120 926 6164 faite
959 6119 1236 6164 d’intimités
1259 6124 1304 6163 et
1323 6123 1379 6167 de
1403 6124 1650 6170 confiden¬

1730 1996 1807 2028 ces
1836 1996 1924 2040 que
1964 1983 2007 2028 la
2044 1987 2167 2028 mort
2204 1998 2231 2028 a
2271 1998 2483 2041 rompue.
2522 1987 2651 2027 Dans
2691 1995 2743 2026 ce
2782 1995 2863 2026 cas

1731 2057 1950 2102 l’homme
1991 2072 2017 2102 a
2066 2058 2229 2102 besoin
2270 2058 2407 2100 d'une
2450 2058 2571 2100 amie
2611 2055 2763 2112 pleine
2806 2055 2861 2097 de

1731 2130 1859 2172 soins
1887 2134 1930 2174 et
1960 2131 2016 2174 de
2047 2130 2384 2173 dévouements
2408 2139 2418 2182 ;
2440 2128 2482 2171 la
2502 2128 2639 2171 dame
2662 2124 2861 2170 cherche

1732 2214 1794 2244 un
1816 2203 2016 2257 soutien,
2046 2216 2106 2246 un
2134 2204 2398 2260 protecteur
2438 2203 2482 2243 et
2505 2212 2567 2243 un
2592 2198 2712 2242 aide.
2743 2198 2860 2241 Mais

1730 2275 1788 2318 où
1830 2277 2018 2319 trouver
2039 2275 2083 2319 la
2127 2286 2358 2331 personne
2394 2270 2472 2328 qui
2506 2271 2718 2313 réunisse
2755 2271 2862 2311 tous

1730 2348 1796 2394 les
1837 2348 2104 2392 désidérata
2125 2348 2147 2391 ?
2169 2350 2232 2391 La
2254 2348 2374 2390 mort
2394 2344 2473 2402 qui
2495 2356 2522 2386 a
2543 2343 2582 2387 si
2617 2342 2861 2396 brusque¬

1731 2424 1859 2465 ment
1899 2423 2190 2475 interrompu
2233 2419 2273 2462 le
2307 2430 2445 2462 cours
2481 2416 2537 2459 de
2575 2416 2695 2459 cette
2731 2412 2862 2456 exis¬

1732 2498 1864 2539 tence
1884 2494 2046 2537 n’était
2070 2504 2155 2548 pas
2176 2491 2335 2534 entrée
2358 2488 2476 2531 dans
2495 2487 2562 2530 les
2594 2484 2770 2530 calculs
2806 2483 2862 2527 de

1731 2571 1774 2615 la
1798 2570 1868 2612 vie
1903 2575 2168 2611 commune.
2212 2564 2280 2606 Où
2319 2564 2506 2604 trouver
2543 2559 2587 2602 la
2627 2567 2862 2615 personne

1731 2643 2001 2691 réunissant
2022 2640 2088 2684 les
2109 2635 2375 2682 conditions
2396 2644 2512 2690 pour
2536 2643 2627 2675 une
2660 2628 2862 2673 seconde

1734 2719 1896 2767 union.

1792 2796 1852 2837 Le
1876 2788 2059 2848 journal
2088 2784 2128 2830 le
2152 2783 2275 2827 Lien
2299 2772 2652 2823 Matrimonial
2692 2772 2806 2815 offre
2835 2772 2862 2815 à

1726 2877 1832 2916 tous
1855 2875 1946 2908 une
1982 2856 2208 2904 situation
2245 2847 2503 2895 semblable
2529 2848 2574 2888 et
2607 2844 2795 2899 lorsque
2819 2845 2860 2886 la

1724 2948 1959 3002 personne
1979 2932 2121 2990 qu’on
2160 2927 2313 2970 désire
2335 2934 2393 2966 ne
2429 2920 2497 2975 s’y
2517 2922 2679 2962 trouve
2703 2928 2806 2972 pas,
2833 2916 2859 2959 il

1724 3015 1800 3070 n’y
1819 3024 1844 3055 a
1862 3008 1968 3066 qu’a
1992 3019 2014 3050 s
2033 3002 2248 3048 adresser
2285 3008 2311 3040 a
2343 3007 2368 3039 l
2389 2995 2563 3038 Office
2597 2992 2861 3033 Mondonet

1726 3086 1803 3143 qui
1826 3097 1854 3127 a
1876 3094 1939 3126 un
1962 3074 2118 3134 grand
2140 3070 2336 3115 nombre
2355 3066 2411 3109 de
2442 3061 2762 3122 propositions
2780 3060 2858 3115 qui

1726 3171 1783 3203 ne
1802 3152 2010 3211 figurent
2031 3160 2118 3207 pas
2139 3144 2259 3188 dans
2283 3152 2359 3186 ces
2380 3136 2619 3182 colonnes.

1786 3235 1929 3276 Notre
1946 3224 2136 3287 journal
2173 3236 2200 3266 a
2223 3233 2341 3279 pour
2363 3218 2445 3262 but
2463 3214 2671 3258 d’ouvrir
2691 3210 2736 3254 la
2758 3207 2863 3254 voie

1725 3302 1982 3349 honorable
2017 3300 2072 3343 de
2110 3297 2153 3339 la
2191 3292 2363 3338 société
2402 3291 2428 3332 à
2471 3290 2598 3332 toute
2627 3294 2860 3342 personne

1726 3375 1802 3435 qui
1823 3387 1874 3420 se
1895 3375 2059 3418 trouve
2083 3368 2203 3414 dans
2223 3361 2414 3424 pareille
2434 3358 2678 3406 situation.

1799 3543 1940 3584 Rôle
1972 3540 2051 3583 du
2090 3555 2107 3576 «
2144 3536 2285 3580 Lien
2312 3525 2711 3578 Matrimonial
2748 3539 2766 3561 »

1783 3683 1915 3728 Nous
1936 3690 2198 3738 proposons
2235 3676 2302 3719 les
2343 3683 2602 3731 personnes
2623 3680 2736 3712 avec
2763 3666 2862 3707 leur

1723 3755 1951 3799 situation
1992 3752 2048 3796 de
2088 3751 2268 3794 fortune
2301 3750 2345 3790 et
2391 3744 2447 3787 de
2484 3739 2715 3790 moralité,
2740 3750 2860 3779 nous

1727 3826 1903 3869 faisons
1936 3824 2002 3868 les
2039 3820 2314 3873 demandes,
2346 3814 2619 3862 abouchons
2655 3810 2721 3853 les
2747 3820 2859 3864 per¬

1726 3911 1898 3944 sonnes
1938 3899 1983 3940 et
2023 3898 2227 3939 mettons
2256 3906 2314 3936 en
2339 3891 2562 3950 présence
2596 3886 2662 3929 les
2684 3883 2856 3925 futurs.

1724 3972 1856 4015 Nous
1876 3980 2083 4012 sommes
2104 3967 2170 4010 les
2207 3962 2583 4008 intermédiaires
2623 3956 2706 4000 des
2747 3964 2859 4011 pre¬

1726 4043 1894 4084 mières
1931 4042 2198 4090 entrevues,
2238 4034 2454 4091 toujours
2493 4032 2587 4074 très
2626 4027 2862 4083 gênantes

1725 4115 1770 4154 et
1809 4112 1901 4154 très
1923 4110 2144 4152 délicates
2170 4120 2286 4163 pour
2308 4107 2390 4149 des
2415 4112 2674 4159 personnes
2692 4098 2772 4154 qui
2811 4107 2860 4138 se

1726 4179 1880 4224 voient
1911 4191 2030 4235 pour
2051 4179 2095 4221 la
2136 4178 2368 4234 première
2406 4174 2507 4216 fois.
2541 4172 2672 4214 Nous
2708 4166 2856 4210 résol¬

1724 4263 1842 4296 vons
1888 4252 2055 4294 autant
2095 4260 2186 4304 que
2228 4244 2429 4303 possible
2491 4243 2558 4287 les
2610 4236 2860 4284 difficultés

1726 4326 1801 4384 qui
1827 4325 2030 4382 peuvent
2063 4334 2113 4367 se
2138 4322 2379 4378 présenter
2402 4319 2522 4362 dans
2559 4315 2603 4359 la
2632 4310 2858 4359 situation

1724 4398 1780 4439 de
1803 4397 1926 4440 l’une
1947 4394 2120 4439 d’elles.
2144 4395 2276 4437 Nous
2296 4402 2506 4435 sommes
2524 4388 2624 4431 leur
2648 4383 2862 4428 intermé¬

1725 4469 1871 4512 diaire
1904 4471 1950 4511 et
1988 4467 2086 4511 leur
2116 4466 2227 4509 ami.
2252 4465 2355 4517 Oui,
2382 4463 2480 4506 leur
2500 4460 2611 4511 ami,
2636 4468 2718 4501 car
2741 4467 2863 4498 nous

1724 4539 2032 4583 considérons
2054 4550 2236 4581 comme
2268 4536 2325 4579 tel
2366 4536 2498 4578 notre
2539 4532 2635 4575 rôle
2659 4540 2775 4586 pour
2798 4527 2863 4568 les

1726 4622 1984 4667 personnes
2017 4609 2094 4666 qui
2135 4620 2256 4651 nous
2294 4606 2525 4660 chargent
2564 4602 2623 4646 du
2663 4600 2767 4643 soin
2806 4599 2861 4642 de

1725 4684 1824 4728 leur
1848 4683 2010 4726 union.

1783 4754 1904 4800 Elles
1922 4755 2123 4812 peuvent
2138 4755 2348 4810 compter
2362 4764 2442 4796 sur
2458 4752 2590 4794 notre
2608 4743 2860 4790 discrétion

1725 4827 1935 4871 absolue.
1974 4828 2118 4871 Notre
2142 4825 2274 4868 office
2300 4826 2370 4868 est
2404 4835 2464 4866 un
2490 4819 2711 4864 tombeau
2744 4826 2862 4870 pour

1726 4899 1791 4943 les
1812 4900 1990 4943 secrets
2011 4898 2089 4955 qui
2113 4908 2234 4940 nous
2255 4900 2360 4940 sont
2383 4891 2574 4936 confiés.

1784 4978 2009 5028 Souvent,
2059 4978 2230 5027 même,
2275 4974 2315 5016 la
2349 4970 2580 5029 première
2618 4968 2863 5025 présenta¬

1727 5050 1822 5092 tion
1863 5060 1890 5091 a
1928 5047 2018 5091 lieu
2047 5058 2160 5090 sans
2191 5043 2458 5100 qu’aucune
2496 5042 2579 5084 des
2600 5040 2719 5084 deux
2757 5050 2862 5095 par¬

1727 5120 1811 5163 ties
1832 5119 2082 5161 connaisse
2106 5115 2146 5158 le
2170 5128 2281 5159 nom
2318 5115 2374 5159 de
2412 5115 2577 5158 l’autre
2598 5115 2643 5156 et
2664 5123 2786 5154 nous
2804 5120 2862 5151 ne

1725 5190 1790 5233 les
1810 5189 1990 5232 faisons
2010 5190 2255 5232 connaître
2282 5199 2371 5244 que
2398 5198 2479 5231 sur
2500 5184 2599 5228 leur
2622 5179 2852 5226 autorisa¬

1728 5263 1823 5306 tion
1847 5274 2084 5318 expresse.

1782 5342 1855 5385 Un
1872 5338 2060 5395 journal
2079 5350 2199 5395 pour
2216 5337 2455 5390 mariages
2474 5334 2594 5376 dans
2610 5343 2699 5375 une
2719 5330 2860 5387 petite

1724 5410 1830 5455 ville
1850 5411 1907 5453 où
1932 5412 2032 5452 tout
2055 5409 2092 5452 le
2122 5408 2291 5451 monde
2318 5419 2367 5451 se
2387 5407 2579 5449 connaît
2600 5406 2643 5448 et
2668 5404 2861 5446 connaît

1724 5483 1767 5525 la
1790 5482 2015 5524 situation
2038 5480 2094 5523 de
2115 5491 2199 5523 son
2242 5479 2411 5531 voisin,
2435 5475 2639 5520 n’aurait
2680 5487 2766 5530 pas
2805 5475 2861 5518 de

1724 5553 1882 5596 raison
1913 5551 2074 5604 d’être,
2098 5551 2220 5594 mais
2242 5550 2362 5592 dans
2399 5560 2491 5591 une
2532 5546 2716 5604 grande
2736 5544 2858 5598 ville,

1723 5635 1906 5668 comme
1940 5623 1983 5667 la
2024 5625 2170 5678 nôtre,
2211 5623 2270 5664 où
2310 5620 2494 5664 chacun
2536 5620 2679 5676 pense
2724 5620 2751 5660 à
2787 5628 2862 5660 ses

1723 5695 1914 5739 affaires
1935 5698 1979 5738 et
2010 5695 2103 5738 non
2127 5695 2152 5737 à
2171 5692 2308 5736 celles
2327 5693 2382 5737 de
2404 5704 2480 5736 ses
2503 5692 2679 5735 voisins
2703 5702 2713 5743 ;
2738 5691 2780 5732 et
2799 5690 2858 5732 où

1723 5768 1830 5811 bien
1853 5771 2052 5810 souvent
2075 5766 2139 5809 les
2163 5766 2407 5809 habitants
2429 5764 2485 5807 de
2506 5764 2549 5807 la
2576 5767 2727 5807 même
2746 5760 2859 5804 mai¬

1723 5850 1808 5881 son
1831 5850 1888 5880 ne
1924 5851 1974 5882 se
2011 5838 2315 5881 connaissent
2355 5847 2440 5893 pas
2459 5838 2591 5879 entre
2608 5846 2712 5886 eux,
2740 5832 2767 5875 il
2791 5835 2860 5876 est

1723 5909 1990 5953 nécessaire
2034 5908 2142 5953 d’un
2196 5910 2288 5952 ami
2336 5906 2546 5964 général,
2602 5906 2713 5948 d’un
2765 5903 2858 5948 ami

1723 5990 1946 6022 commun
1970 5982 2047 6036 qui
2071 5984 2310 6038 groupant
2355 5979 2474 6021 dans
2496 5991 2559 6020 un
2599 5978 2735 6021 vaste
2770 5988 2860 6019 en¬

1723 6048 1919 6103 semble,
1941 6050 2008 6094 les
2046 6051 2187 6096 offres
2225 6054 2269 6095 et
2310 6051 2376 6094 les
2418 6049 2695 6100 demandes,
2723 6060 2859 6091 com¬

1726 6124 1832 6168 bine
1856 6122 1916 6166 lui
1956 6126 2108 6166 même
2132 6122 2198 6166 les
2232 6119 2503 6175 situations,
2531 6120 2596 6166 les
2628 6123 2760 6174 âges,
2796 6119 2860 6163 les

2938 1984 3095 2036 goûts,
3135 1979 3202 2024 les
3235 1979 3428 2035 figures,
3487 1978 3553 2022 les
3604 1979 3818 2021 fortunes
3857 1979 3902 2020 et
3952 1978 4076 2021 fasse

2939 2054 2999 2096 lui
3039 2056 3191 2097 même
3218 2051 3283 2096 les
3306 2051 3624 2108 propositions
3658 2049 3723 2094 les
3764 2047 3870 2106 plus
3915 2052 4075 2092 sorta-

2939 2123 3053 2167 bles.

2995 2195 3076 2238 Cet
3098 2196 3191 2238 ami
3214 2206 3454 2246 commun,
3479 2192 3592 2238 c’est
3615 2191 3778 2236 l’office
3800 2191 4074 2244 Mondonet,

2938 2266 3008 2319 47,
3033 2279 3115 2310 rue
3145 2267 3200 2310 de
3222 2266 3265 2308 la
3286 2267 3450 2320 Darse,
3473 2264 3586 2308 c’est
3619 2264 3657 2307 le
3675 2262 3863 2320 journal
3887 2262 3927 2306 le
3951 2260 4079 2304 Lien

2937 2336 3287 2380 Matrimonial
3310 2338 3386 2394 qui
3414 2339 3484 2380 est
3505 2347 3591 2378 son
3615 2335 3875 2379 auxiliaire.

2995 2422 3207 2464 Pendant
3230 2420 3501 2476 longtemps
3525 2418 3552 2460 il
3591 2430 3617 2460 a
3656 2417 3803 2462 existé
3842 2428 3932 2460 une
3970 2415 4079 2472 pré¬

2938 2495 3127 2538 vention
3151 2493 3244 2536 très
3275 2492 3500 2547 marquée
3535 2492 3696 2533 contre
3726 2489 3792 2532 les
3832 2488 4078 2540 mariages

2938 2566 3028 2609 dits
3043 2566 3099 2608 de
3123 2562 3430 2621 proposition,
3456 2574 3516 2604 on
3543 2560 3719 2605 voulait
3740 2571 3790 2604 se
3816 2559 4079 2616 persuader

2938 2636 3048 2694 qu’il
3079 2649 3139 2680 ne
3170 2635 3364 2692 pouvait
3383 2635 3525 2676 sortir
3543 2632 3626 2675 des
3643 2644 3852 2687 agences
3881 2643 3972 2687 que
3995 2631 4080 2675 des

2938 2710 3175 2763 mariages
3196 2706 3478 2763 disparates.

2996 2796 3066 2836 En
3088 2794 3190 2836 face
3211 2791 3294 2835 des
3323 2790 3547 2834 résultats
3587 2788 3850 2832 contraires
3871 2786 4078 2830 obtenus

2940 2877 3023 2921 par
3078 2876 3154 2908 ces
3216 2863 3444 2915 bureaux,
3487 2872 3547 2904 on
3606 2863 3678 2904 est
3718 2858 3834 2902 sorti
3866 2856 4067 2914 complè¬

2937 2940 3112 2980 tement
3150 2936 3207 2979 de
3246 2938 3367 2978 cette
3416 2932 3711 2989 prévention.
3754 2930 3969 2974 L’estime
4014 2929 4077 2972 du

2940 3008 3095 3065 public
3114 3011 3183 3051 est
3207 3006 3503 3050 absolument
3519 3003 3711 3059 acquise
3732 3015 3829 3046 aux
3847 3012 4076 3056 agences,

2938 3093 3054 3137 pour
3075 3079 3119 3123 la
3143 3080 3299 3122 raison
3330 3078 3438 3120 bien
3471 3074 3655 3132 simple,
3683 3087 3772 3130 que
3794 3074 3860 3116 les
3883 3072 4075 3115 affaires

2936 3152 3127 3196 traitées
3150 3161 3235 3208 par
3268 3148 3392 3203 elles,
3420 3148 3461 3192 le
3499 3149 3607 3190 sont
3630 3147 3737 3203 plus
3774 3144 4072 3200 rapidement

2935 3227 2980 3268 et
3020 3223 3125 3282 plus
3163 3223 3421 3271 sûrement,
3445 3222 3491 3263 et
3529 3231 3589 3262 on
3634 3220 3744 3274 peut
3781 3215 3881 3259 dire
3917 3227 4008 3272 que
4032 3214 4074 3259 le

2937 3296 3042 3354 plus
3062 3297 3214 3352 grand
3255 3294 3451 3338 nombre
3494 3291 3575 3335 des
3612 3291 3870 3346 mariages,
3922 3291 4074 3332 même

2935 3368 3106 3422 riches,
3126 3371 3205 3412 ont
3228 3367 3300 3411 été
3318 3366 3420 3423 plus
3443 3375 3502 3409 ou
3522 3362 3676 3406 moins
3699 3362 3787 3406 mis
3808 3372 3890 3405 sur
3911 3358 3954 3403 la
3972 3359 4072 3405 voie

2938 3455 3022 3496 par
3043 3454 3128 3484 nos
3155 3450 3376 3496 agences.
3411 3437 3543 3480 Nous
3567 3446 3686 3478 nous
3703 3432 3992 3476 efforcerons
4015 3430 4070 3475 de

2935 3514 3127 3556 mériter
3147 3514 3268 3556 cette
3287 3511 3454 3554 estime
3474 3507 3537 3551 du
3562 3504 3717 3563 public
3739 3516 3799 3547 en
3815 3502 4074 3559 apportant

2936 3584 3055 3627 dans
3105 3584 3148 3627 la
3204 3580 3476 3627 conclusion
3519 3578 3600 3621 des
3648 3576 3839 3619 affaires
3880 3572 3924 3616 la
3967 3572 4075 3628 plus

2935 3656 3116 3710 grande
3154 3653 3447 3706 délicatesse,
3472 3651 3516 3694 la
3550 3648 3656 3706 plus
3678 3644 3860 3702 grande
3886 3644 4068 3702 probité

2934 3730 2979 3768 et
2999 3726 3043 3768 la
3066 3726 3319 3769 discrétion
3342 3724 3384 3767 la
3415 3723 3519 3778 plus
3539 3719 3750 3764 absolue.

2993 3810 3080 3852 Les
3131 3808 3283 3851 beaux
3335 3804 3559 3850 résultats
3619 3814 3709 3858 que
3763 3811 3884 3843 nous
3922 3811 4073 3843 avons

2935 3881 3135 3924 obtenus
3192 3890 3312 3922 nous
3347 3877 3590 3931 engagent
3628 3875 3655 3916 à
3687 3871 3912 3928 persister
3952 3870 4072 3912 dans

2935 3955 3055 3998 cette
3089 3951 3208 4004 voie,
3244 3950 3467 4006 espérant
3507 3959 3597 4003 que
3631 3946 3671 3988 le
3703 3941 3859 4000 public
3892 3940 4071 3984 voudra

2935 4026 3042 4069 bien
3064 4036 3183 4067 nous
3205 4021 3452 4067 continuer
3474 4030 3550 4062 ses
3571 4018 3761 4060 faveurs
3799 4015 3843 4057 et
3864 4026 3916 4056 sa
3948 4024 4067 4056 con¬

2934 4097 3103 4139 fiance.

2995 4170 3056 4212 Le
3090 4167 3214 4211 Lien
3256 4162 3614 4209 Matrimonial
3647 4163 3716 4204 est
3756 4160 3796 4203 le
3831 4158 3939 4202 trait
3966 4158 4071 4201 d’u¬

2935 4239 3044 4282 nion
3084 4238 3167 4282 des
3200 4235 3417 4288 familles,
3442 4246 3535 4277 non
3572 4232 3834 4275 seulement
3858 4230 3914 4272 de
3938 4231 4074 4272 notre

2935 4309 3055 4364 ville,
3083 4308 3203 4352 mais
3237 4319 3406 4351 encore
3446 4305 3527 4349 des
3551 4300 3835 4362 principales
3860 4299 3991 4343 villes
4014 4300 4070 4342 de

2936 4385 3115 4426 France
3151 4383 3194 4425 et
3230 4379 3286 4423 de
3327 4378 3584 4433 l’étranger
3620 4376 3680 4419 où
3718 4376 3850 4418 notre
3890 4370 4024 4415 office
4047 4384 4072 4412 a

2936 4453 3019 4498 des
3054 4450 3452 4508 correspondants
3484 4447 3696 4491 discrets.
3724 4447 3855 4489 Nous
3884 4444 4078 4500 présen¬

2939 4527 3043 4568 tons
3066 4524 3185 4567 donc
3208 4535 3299 4566 aux
3326 4522 3462 4578 pères
3490 4518 3544 4562 de
3564 4516 3740 4560 famille
3770 4527 3883 4560 souc
3907 4527 3992 4558 eux
4018 4514 4075 4556 de

2936 4595 3131 4640 l’avenir
3154 4596 3209 4639 de
3234 4594 3359 4637 leurs
3380 4592 3570 4636 enfants
3591 4592 3698 4632 tous
3719 4588 3783 4632 les
3807 4588 4071 4639 avantages

2937 4668 3075 4723 qu’ils
3096 4679 3154 4709 ne
3175 4664 3420 4710 sauraient
3448 4667 3636 4706 trouver
3664 4660 3761 4704 s’ils
3801 4660 3908 4703 sont
3931 4656 4075 4700 livrés

2936 4739 2963 4782 à
2984 4739 3272 4782 eux-mêmes
3294 4738 3338 4779 et
3360 4735 3482 4779 dans
3506 4732 3546 4777 le
3566 4731 3715 4776 cercle
3738 4731 3794 4775 de
3816 4730 3940 4774 leurs
3962 4740 4071 4772 con¬

2936 4811 3212 4854 naissances
3234 4818 3243 4860 ;
3279 4820 3339 4850 en
3360 4807 3482 4858 effet,
3516 4802 3967 4860 indépendamment
3991 4800 4072 4843 des

2937 4886 3200 4928 références
3221 4879 3472 4934 certaines,
3503 4878 3556 4920 ils
3591 4879 3673 4919 ont
3696 4877 3735 4918 le
3756 4874 3891 4918 choix
3919 4871 4068 4928 parmi

2937 4958 2976 5002 le
2999 4956 3152 5012 grand
3177 4954 3371 4999 nombre
3411 4952 3467 4994 de
3492 4948 3811 5007 propositions
3834 4958 3923 5001 que
3951 4956 4070 4986 con¬

2937 5030 3150 5072 tiennent
3191 5027 3256 5070 les
3292 5023 3516 5067 colonnes
3546 5020 3602 5063 de
3638 5020 3771 5062 notre
3786 5014 3991 5073 journal,
4016 5012 4074 5056 ils

2938 5102 3143 5158 peuvent
3159 5099 3275 5141 faire
3297 5094 3496 5151 épouser
3519 5092 3544 5135 à
3566 5092 3691 5134 leurs
3707 5090 3896 5133 enfants
3914 5087 3958 5130 la
3978 5099 4074 5143 per¬

2934 5182 3083 5215 sonne
3102 5168 3239 5224 qu’ils
3255 5167 3460 5208 désirent
3475 5163 3564 5207 soit
3583 5173 3766 5204 comme
3788 5158 4066 5217 profession,

2935 5241 3139 5290 fortune,
3175 5238 3432 5287 caractère,
3472 5232 3674 5291 position
3715 5228 3886 5275 sociale
3926 5231 3971 5272 et
4015 5229 4072 5271 ils

2936 5327 2992 5358 ne
3027 5310 3351 5370 s’exposeront
3387 5307 3474 5365 pas
3511 5305 3536 5350 à
3576 5305 3676 5350 leur
3712 5303 3828 5347 faire
3866 5303 4070 5358 épouser

2936 5398 3026 5431 une
3060 5394 3292 5440 personne
3315 5382 3391 5436 qui
3432 5378 3530 5423 leur
3566 5388 3672 5420 sera
3712 5371 4066 5429 antipathique,

2934 5458 3024 5503 soit
3042 5467 3236 5512 par.son
3258 5455 3363 5507 âge,
3383 5451 3472 5494 soit
3509 5460 3627 5505 pour
3662 5450 3767 5490 tous
3796 5447 3958 5487 autres
3982 5442 4068 5484 dé¬

2937 5530 3060 5572 fauts
3080 5527 3158 5582 qui
3198 5526 3305 5568 sont
3339 5523 3506 5564 autant
3545 5518 3602 5560 de
3639 5529 3807 5560 causes
3846 5515 3903 5558 de
3926 5514 4070 5557 désu¬

2935 5599 3046 5643 nion
3067 5598 3187 5640 dans
3209 5595 3248 5639 le
3271 5593 3484 5645 mariage
3507 5591 3552 5634 et
3584 5588 3798 5631 finissent
3824 5598 3907 5643 par
3930 5596 4071 5628 ame¬

2936 5682 3016 5715 ner
3039 5670 3079 5712 le
3100 5668 3287 5711 divorce
3310 5667 3354 5707 et
3380 5664 3422 5706 la
3443 5662 3738 5719 séparation.

2992 5755 3121 5796 Dans
3154 5748 3447 5794 lescolonnes
3464 5743 3526 5789 du
3559 5743 3683 5788 Lien
3719 5737 4071 5785 Matrimonial

2935 5826 2992 5868 ou
3031 5826 3058 5867 à
3108 5819 3324 5867 l’Office
3381 5814 3662 5866 Mondonet,
3703 5814 3776 5867 47,
3818 5823 3899 5855 rue
3935 5808 3991 5852 de
4024 5808 4068 5851 la

2935 5896 3099 5947 Darse,
3131 5906 3191 5938 on
3215 5892 3323 5948 peut
3347 5891 3536 5934 trouver
3564 5884 3832 5930 facilement
3855 5894 3915 5924 un
3939 5891 4068 5934 gen¬

2934 5970 3031 6020 dre,
3056 5980 3119 6010 un
3156 5964 3307 6022 époux
3342 5964 3367 6006 à
3406 5974 3490 6004 son
3518 5959 3602 6015 gré
3635 5963 3679 6002 et
3716 5970 3775 6000 en
3814 5956 3911 5997 tout
3935 5952 4066 6010 point

2934 6040 3171 6086 conforme
3202 6048 3293 6080 aux
3322 6035 3472 6078 désirs
3509 6031 3562 6075 de
3586 6031 3626 6086 la
3650 6038 3882 6086 personne
3911 6026 3936 6067 à
3959 6035 4062 6067 ma¬

2935 6114 3043 6157 rier.
