4712 7064
2208 476 2287 523 LE
2326 475 2476 523 LIEN
2512 475 2600 522 DU
2639 472 2935 522 MARIAGE

1148 655 1579 715 AVIS

871 825 926 867 Le
964 825 1071 865 Lien
1109 824 1159 864 du
1194 823 1382 876 Mariage
1419 834 1463 863 se
1503 820 1612 860 vend
1647 831 1703 859 an
1744 818 1835 869 prix
1882 816 1934 858 de

803 882 850 922 10
871 879 1078 921 centimes
1110 879 1215 919 dans
1248 882 1340 918 tous
1370 876 1431 916 les
1466 875 1668 926 kiosques
1687 871 1738 912 de
1761 871 1800 911 la
1819 870 1934 912 Ville

798 940 839 975 et
857 936 882 974 à
902 935 944 972 la
963 933 1192 981 Direction,
1215 931 1282 980 47,
1300 943 1377 971 rue
1398 931 1450 970 de
1470 930 1511 967 la
1530 928 1671 967 Darse.

851 1019 963 1059 Dans
1003 1016 1062 1056 les
1103 1015 1330 1067 prochains
1364 1014 1583 1060 numéros,
1607 1022 1715 1051 nous
1742 1010 1932 1050 réserve¬

797 1084 895 1112 rons
917 1082 976 1110 un
996 1070 1096 1110 tiers
1116 1069 1166 1109 de
1188 1079 1292 1119 page
1323 1079 1431 1119 pour
1460 1065 1523 1104 les
1554 1062 1934 1104 annonces-récla¬

798 1137 903 1176 mes,
927 1123 1036 1163 mais
1058 1135 1166 1163 nous
1186 1123 1506 1172 n’accepterons
1531 1123 1571 1158 et
1600 1116 1930 1159 recommande¬

775 1180 896 1219 rons
914 1190 999 1229 que
1018 1176 1148 1217 celles
1178 1175 1257 1227 qui
1285 1178 1536 1214 émaneront
1564 1172 1637 1212 des
1670 1171 1860 1211 maisons
1881 1170 1932 1210 de

797 1232 1033 1272 confiance.

851 1347 990 1386 Notre
1013 1344 1145 1398 Office
1164 1355 1190 1383 a
1202 1342 1306 1395 pris
1316 1355 1439 1395 pour
1459 1340 1607 1380 devise
1628 1352 1642 1378 :
1666 1340 1710 1379 la
1732 1336 1928 1376 Probité.

796 1400 890 1439 Nos
909 1399 1066 1439 clients
1086 1399 1280 1450 peuvent
1318 1400 1407 1436 être
1433 1395 1680 1448 persuadés
1722 1391 1932 1430 d’avance

796 1467 878 1506 que
896 1464 1005 1492 nous
1025 1464 1077 1490 ne
1096 1463 1284 1491 sommes
1295 1463 1381 1502 pas
1402 1450 1478 1488 des
1498 1448 1728 1487 brasseurs
1749 1440 1933 1494 d’affai¬

795 1520 879 1552 res,
903 1519 962 1547 au
983 1504 1133 1559 risque
1155 1504 1208 1544 de
1228 1503 1348 1556 faire
1371 1503 1446 1542 des
1464 1500 1760 1540 malheureux
1780 1510 1795 1542 ;
1835 1498 1932 1532 tous

795 1574 872 1600 nos
914 1560 1063 1612 efforts
1107 1558 1314 1599 tendront
1363 1556 1571 1608 toujours
1615 1556 1640 1591 à
1688 1549 1808 1603 faire
1856 1548 1934 1587 des

794 1614 994 1654 heureux
998 1627 1007 1663 ,
1032 1615 1170 1651 même
1203 1624 1263 1650 au
1300 1610 1539 1650 détriment
1560 1607 1614 1644 de
1643 1615 1718 1643 nos
1742 1614 1932 1654 propres

794 1668 989 1707 intérêts.
1039 1667 1197 1706 Toutes
1234 1678 1311 1703 nos
1347 1662 1530 1716 affaires
1567 1659 1713 1698 seront
1753 1654 1931 1695 traitées

794 1735 896 1760 avec
919 1722 962 1759 la
974 1721 1085 1772 plus
1100 1719 1274 1771 grande
1288 1716 1547 1756 délicatesse
1560 1715 1600 1751 et
1618 1712 1658 1751 le
1663 1710 1771 1764 plus
1782 1708 1933 1762 grand

795 1775 1220 1815 désintéressement.

834 1995 978 2060 Avis
1016 1995 1050 2057 à
1088 2008 1188 2055 nos
1234 1990 1432 2052 clients
1472 1987 1532 2051 de
1576 1986 1892 2049 l’extérieur

850 2167 904 2206 La
943 2163 1155 2204 Direction
1195 2162 1348 2201 envoie
1383 2160 1546 2208 franco,
1568 2170 1667 2199 sous
1697 2158 1930 2210 enveloppe

794 2219 1010 2268 cachetée,
1044 2228 1143 2258 sans
1178 2226 1324 2256 aucun
1362 2214 1483 2264 signe
1522 2212 1748 2263 extérieur,
1786 2219 1931 2252 contre

795 2275 844 2314 GO
866 2284 902 2314 c.
939 2283 992 2311 en
1031 2271 1363 2319 timbres-poste,
1402 2278 1458 2307 un
1501 2278 1768 2318 programme
1809 2266 1930 2304 indi¬

794 2330 929 2378 quant
952 2325 1011 2364 les
1030 2322 1274 2364 conditions
1303 2322 1354 2362 de
1393 2320 1547 2362 l’Office
1568 2327 1608 2362 et
1629 2332 1688 2360 un
1710 2319 1930 2371 question¬

795 2380 912 2419 naire
934 2378 1038 2418 écrit
1067 2375 1227 2428 auquel
1265 2376 1443 2416 devront
1483 2375 1690 2424 répondre
1735 2372 1794 2412 les
1836 2384 1930 2423 per¬

793 2443 947 2472 sonnes
967 2431 1043 2483 qui
1065 2431 1316 2471 s’adressent
1337 2431 1359 2468 à
1383 2440 1490 2469 nous
1512 2434 1551 2467 et
1572 2427 1651 2479 qui
1674 2426 1851 2467 veulent
1883 2438 1927 2467 se

799 2485 973 2526 marier.

848 2539 926 2579 Les
948 2549 1176 2588 personnes
1195 2535 1272 2587 qui
1295 2547 1346 2575 ne
1366 2539 1460 2575 sont
1483 2546 1554 2586 pas
1583 2534 1812 2581 abonnées,
1836 2536 1931 2571 sont

794 2592 932 2644 priées
954 2591 1004 2631 de
1024 2591 1192 2642 joindre
1216 2592 1240 2628 à
1262 2588 1355 2630 leur
1378 2588 1499 2630 lettre
1523 2600 1580 2628 un
1623 2587 1931 2636 timbre-poste

795 2658 903 2696 pour
926 2645 964 2683 la
985 2647 1178 2694 réponse,
1201 2643 1284 2682 afin
1307 2642 1522 2683 d’obtenir
1558 2640 1619 2680 les
1659 2644 1806 2680 autree
1828 2649 1930 2677 ren¬

794 2698 1083 2750 seignements
1102 2695 1232 2748 qu’ils
1253 2704 1440 2747 peuvent
1462 2695 1639 2735 désirer.

850 2753 926 2792 Les
948 2762 1175 2801 personnes
1194 2752 1439 2799 étrangères
1474 2750 1497 2787 <4
1535 2747 1579 2787 la
1619 2746 1719 2787 ville
1758 2744 1836 2797 qui
1877 2756 1931 2784 ne

796 2805 1048 2844 voudraient
1070 2816 1143 2854 pas
1163 2803 1268 2842 faire
1292 2815 1351 2842 un
1372 2812 1535 2854 aoyage
1552 2802 1576 2840 à
1595 2799 1807 2840 Marseille
1826 2811 1931 2848 pour

794 2864 935 2899 entrer
974 2868 1023 2896 en
1060 2856 1264 2896 relations
1299 2868 1399 2896 avec
1442 2855 1480 2894 la
1510 2866 1724 2906 pevsonne
1764 2851 1930 2892 choisie

795 2912 900 2951 dans
923 2910 982 2950 les
1002 2910 1202 2950 colonnes
1223 2910 1278 2948 du
1299 2910 1406 2948 Lien
1427 2908 1479 2948 du
1498 2908 1686 2960 Mariage
1692 2939 1700 2955 ,
1719 2906 1932 2946 voudront

795 2966 896 3004 bien
936 2974 1045 3002 nous
1083 2963 1273 3003 adresser
1306 2963 1400 3002 leur
1436 2959 1747 3012 photographie
1766 2971 1775 3007 ;
1822 2968 1931 2998 nous

795 3018 890 3058 leur
910 3016 1191 3068 indiquerons
1211 3028 1287 3066 par
1308 3016 1413 3056 écrit
1436 3014 1475 3054 le
1496 3026 1656 3064 moyen
1670 3013 1856 3052 d’entrer
1879 3023 1931 3051 en

794 3070 1000 3110 relations
1018 3082 1119 3110 avec
1143 3070 1182 3108 la
1204 3080 1412 3119 personne
1433 3067 1598 3108 choisie
1615 3079 1669 3106 ou
1692 3078 1792 3106 avec
1815 3071 1931 3104 toute

794 3131 915 3164 autre
938 3134 1142 3172 personne
1163 3122 1214 3162 de
1237 3132 1314 3162 nos
1335 3121 1571 3162 nombreux
1594 3120 1796 3167 abonnés,
1830 3118 1932 3158 dont

795 3175 930 3228 grand
951 3176 1130 3216 nombre
1151 3186 1206 3216 ne
1224 3175 1412 3226 figurent
1434 3186 1508 3227 pas
1528 3174 1635 3213 dans
1657 3173 1695 3212 le
1715 3171 1902 3223 journal.

867 3397 1141 3471 AUX
1215 3392 1869 3468 FAMILLES

851 3576 970 3617 Nous
991 3586 1043 3614 ne
1064 3574 1258 3614 donnons
1279 3581 1448 3611 aucune
1470 3570 1582 3609 suite
1603 3579 1686 3608 aux
1706 3564 1938 3607 demandes

794 3630 867 3671 des
890 3638 1119 3680 personnes
1142 3626 1375 3675 divorcées,
1399 3624 1435 3664 si
1460 3622 1496 3663 le
1516 3622 1740 3674 jugement
1763 3619 1832 3659 n’a
1863 3630 1936 3670 pas

795 3684 862 3726 été
882 3682 1095 3734 prononcé
1116 3679 1391 3722 absolument
1417 3688 1470 3718 en
1491 3675 1586 3718 leur
1603 3675 1772 3716 faveur.

850 3755 967 3795 Nous
1006 3766 1058 3792 ne
1095 3763 1204 3793 nous
1242 3760 1458 3802 occupons
1490 3760 1574 3800 que
1604 3748 1678 3787 des
1707 3756 1936 3798 personnes

797 3806 1055 3849 honorables
1076 3812 1115 3847 et
1138 3807 1167 3847 il
1190 3811 1252 3847 est
1278 3804 1434 3846 inutile
1460 3802 1511 3843 de
1532 3814 1575 3844 se
1596 3803 1811 3855 présenter
1832 3799 1934 3840 chez

799 3875 907 3903 nous
927 3874 983 3903 ou
1006 3862 1056 3902 de
1082 3871 1191 3902 nous
1211 3860 1316 3900 faire
1339 3856 1511 3911 appeler
1532 3859 1555 3898 à
1578 3855 1779 3898 domicile
1810 3855 1846 3895 si
1880 3867 1934 3895 on

798 3927 850 3956 ne
871 3915 1023 3957 réalise
1050 3927 1120 3966 pas
1140 3918 1247 3955 cette
1271 3912 1506 3954 condition.

852 3988 928 4028 Les
969 3996 1201 4038 personnes
1233 3984 1310 4035 qui
1346 3983 1598 4023 s’adressent
1627 3983 1649 4020 à
1686 3981 1727 4020 la
1767 3978 1934 4018 maison

798 4047 894 4080 sont
910 4040 1049 4092 priées
1063 4039 1115 4079 de
1127 4038 1296 4090 joindra
1315 4047 1372 4075 un
1389 4035 1544 4074 timbre
1558 4046 1670 4085 pour
1684 4033 1724 4072 la
1738 4032 1936 4082 réponse;

799 4099 915 4134 toute
939 4092 1059 4134 lettre
1083 4104 1168 4131 non
1190 4088 1427 4130 affranchie
1448 4092 1508 4128 est
1531 4086 1714 4127 refusée.

852 4166 912 4205 On
952 4170 1014 4203 est
1054 4163 1147 4214 prié
1182 4161 1231 4201 de
1264 4160 1432 4212 joindre
1466 4163 1614 4198 autant
1643 4168 1727 4208 que
1756 4154 1939 4207 possible

801 4230 884 4258 une
904 4215 1219 4270 photographie
1241 4220 1280 4255 et
1298 4215 1350 4255 de
1371 4214 1533 4255 donner
1552 4211 1764 4264 quelques
1784 4208 1939 4251 détails

799 4282 875 4311 sur
915 4272 952 4311 la
986 4271 1194 4311 situation
1227 4269 1278 4309 de
1315 4268 1485 4308 fortune
1518 4267 1567 4307 de
1605 4267 1643 4307 la
1681 4276 1887 4318 personne
1915 4266 1938 4304 à

804 4324 972 4364 marier.

856 4403 964 4441 Pour
987 4412 1096 4440 nous
1116 4400 1251 4440 éviter
1272 4399 1346 4438 des
1375 4396 1646 4444 recherches,
1672 4396 1732 4435 les
1764 4407 1940 4444 person¬

803 4465 876 4494 nes
916 4455 1006 4507 qui.
1027 4454 1167 4492 feront
1203 4463 1260 4490 un
1295 4450 1422 4490 choix
1442 4450 1547 4489 dans
1571 4448 1630 4487 les
1659 4447 1862 4487 colonnes
1882 4447 1940 4484 du

805 4508 911 4547 Lien
944 4507 995 4546 du
1026 4506 1231 4559 Mariage,
1256 4503 1373 4544 n’ont
1395 4502 1494 4554 qu’à
1527 4512 1635 4540 nous
1667 4498 1863 4550 rappeler
1903 4498 1940 4538 le

805 4562 987 4601 numéro
1006 4560 1083 4611 qui
1106 4558 1283 4610 précède
1306 4558 1346 4596 la
1366 4554 1647 4608 proposition.

860 4624 972 4665 Tous
1010 4624 1071 4666 les
1111 4624 1476 4675 renseignements
1515 4620 1678 4662 donnés
1719 4630 1792 4671 par
1836 4627 1944 4658 nous

808 4683 903 4718 sont
923 4679 1116 4728 gratuits.

863 4752 918 4792 La
953 4754 1315 4804 correspondance
1353 4759 1414 4793 est
1451 4754 1642 4794 adressée
1674 4762 1774 4792 sous
1814 4762 1943 4791 enve¬

808 4803 935 4856 loppe
954 4806 1183 4856 ordinaire,
1206 4818 1304 4846 sans
1339 4818 1509 4846 aucune
1540 4806 1795 4856 inscription
1827 4806 1943 4845 exté¬

808 4860 950 4900 rieure
972 4863 1092 4897 autre
1112 4871 1195 4910 que
1219 4859 1416 4898 l’adresse
1438 4858 1488 4897 de
1508 4858 1548 4896 la
1573 4870 1794 4907 personne.

863 4924 939 4964 Les
974 4922 1163 4963 abonnés
1191 4923 1307 4963 seuls
1336 4926 1411 4962 ont
1440 4921 1550 4960 droit
1572 4923 1595 4960 à
1624 4934 1708 4960 une
1739 4921 1943 4960 insertion

808 4979 860 5019 de
890 4979 990 5027 cinq
1024 4975 1174 5024 lignes,
1196 4975 1327 5026 qu’ils
1359 4975 1599 5023 rédigeront
1620 4975 1643 5012 à
1669 4974 1762 5014 leur
1792 4984 1946 5012 conve¬

808 5042 963 5072 nance.

865 5105 941 5144 Les
963 5098 1295 5152 photographies
1315 5104 1354 5136 et
1377 5104 1519 5136 autres
1553 5098 1692 5147 pièces
1721 5098 1904 5136 confiées
1925 5098 1948 5135 à

809 5158 851 5198 la
872 5155 1032 5196 Maison
1055 5158 1150 5194 sont
1172 5151 1355 5191 rendues
1390 5162 1471 5191 aux
1506 5150 1732 5190 intéressés
1760 5150 1880 5199 après
1907 5148 1948 5188 la

810 5208 1072 5254 célébration
1095 5208 1152 5248 du
1176 5206 1380 5256 mariage.

862 5282 940 5322 Les
963 5289 1191 5331 personnes
1211 5278 1288 5328 qui
1309 5280 1403 5315 sont
1424 5275 1654 5314 satisfaites
1674 5275 1724 5314 de
1751 5286 1827 5313 nos
1853 5286 1947 5312 ser¬

810 5336 925 5377 vices
947 5332 1159 5374 voudront
1178 5330 1279 5371 bien
1295 5327 1632 5379 communiquer
1650 5332 1767 5367 notre
1782 5327 1950 5366 adresse

808 5394 832 5431 à
852 5390 970 5431 leurs
990 5387 1115 5436 amis,
1141 5387 1399 5436 promettant
1420 5382 1471 5421 de
1494 5380 1671 5431 remplir
1700 5379 1739 5419 le
1776 5379 1951 5419 mandat

808 5444 918 5498 qu’il
967 5452 1076 5482 nous
1124 5439 1386 5487 donneront,
1436 5446 1492 5476 au
1540 5434 1688 5474 mieux
1735 5431 1786 5472 de
1836 5432 1951 5472 leurs

810 5498 1006 5540 intérêts.

865 5575 1032 5616 Ouvert
1071 5574 1169 5611 tous
1207 5567 1266 5609 les
1289 5568 1423 5622 jours
1455 5565 1510 5604 de
1542 5566 1571 5604 2
1596 5566 1623 5604 à
1645 5564 1672 5603 8
1695 5562 1853 5603 heures
1886 5563 1950 5603 du

807 5630 918 5679 soir,
940 5631 980 5668 et
1003 5628 1064 5667 les
1084 5623 1344 5667 dimanches
1354 5618 1547 5676 jusqu’à
1569 5618 1687 5659 midi

850 5818 1291 5902 FORMALITÉS
1338 5824 1511 5892 POUR
1560 5818 1911 5891 MARIAGES

867 6012 944 6055 Les
991 6007 1280 6063 publications
1319 6006 1370 6046 de
1412 6002 1600 6054 mariage
1648 6000 1822 6042 doivent
1867 5999 1954 6039 être

815 6066 938 6107 faites
959 6067 983 6106 à
1005 6067 1046 6106 la
1066 6063 1211 6106 Mairie
1231 6061 1341 6102 deux
1371 6057 1626 6098 dimanches
1647 6056 1698 6096 de
1719 6055 1830 6096 suite
1854 6058 1894 6094 et
1914 6052 1952 6092 le

815 6120 1004 6169 mariage
1044 6131 1096 6159 ne
1136 6122 1238 6168 peut
1278 6114 1399 6154 avoir
1434 6111 1522 6150 lieu
1562 6123 1648 6163 que
1686 6120 1787 6150 onze
1835 6107 1955 6159 jours

817 6172 959 6214 francs
979 6174 1099 6223 après
1122 6171 1160 6212 la
1183 6170 1392 6223 première
1415 6163 1697 6217 publication.

2061 648 2103 687 Si
2127 647 2164 687 le
2185 647 2392 688 domicile
2412 647 2519 686 n’est
2540 658 2612 695 pas
2646 644 2778 687 établi
2814 656 2888 696 par
2926 644 2990 684 six
3028 642 3139 682 mois

2007 700 2058 740 de
2080 703 2313 750 résidence,
2331 702 2391 740 les
2413 698 2700 751 publications
2716 699 2894 739 devront
2909 699 2995 738 être
3014 695 3139 735 faites

2007 756 2031 794 à
2070 754 2111 794 la
2150 754 2451 804 municipalité
2490 750 2547 791 du
2587 754 2756 793 dernier
2788 751 2991 792 domicile
3016 755 3056 790 et
3086 760 3136 788 en

2007 814 2127 851 outre
2166 820 2219 848 au
2258 806 2462 846 domicile
2495 804 2546 843 de
2578 816 2684 844 ceux
2711 818 2810 846 sous
2843 806 2882 844 la
2915 804 3138 856 puissance

2006 862 2203 914 desquels
2223 872 2266 900 se
2305 863 2503 899 trouvent
2538 856 2598 898 les
2627 858 2783 908 parties
2811 863 3134 900 contractantes.

2059 950 2203 990 Pièces
2222 950 2246 987 à
2267 947 2467 998 produire
2488 946 2512 984 à
2529 943 2570 983 la
2592 944 2736 985 Mairie
2755 958 2763 984 :

2062 1039 2098 1076 1°
2127 1038 2264 1076 L’acte
2286 1035 2335 1074 de
2354 1034 2572 1074 naissance
2590 1032 2663 1074 des
2678 1033 2787 1072 deux
2804 1032 2946 1073 futurs
2959 1035 3139 1074 dûment

2007 1090 2206 1140 légalisés
2228 1101 2238 1135 ;

2059 1156 2098 1195 2°
2119 1155 2174 1194 Le
2194 1156 2515 1194 consentement
2534 1151 2697 1192 notarié
2715 1149 2789 1190 des
2804 1150 2923 1200 pères
2942 1156 2983 1190 et
3002 1151 3140 1192 mères

2004 1208 2083 1260 qui
2123 1220 2174 1247 ne
2215 1212 2399 1258 peuvent
2440 1206 2476 1246 le
2510 1205 2674 1244 donner
2710 1203 2999 1243 verbalement
3035 1206 3059 1242 à
3099 1204 3139 1243 la

2007 1260 2152 1301 Mairie
2173 1272 2227 1300 au
2250 1266 2442 1300 moment
2462 1258 2512 1299 de
2532 1258 2655 1298 l’acte
2676 1258 2734 1296 du
2756 1255 2944 1306 mariage
2968 1268 2977 1306 ;

2059 1327 2096 1366 3°
2127 1326 2169 1366 Si
2190 1325 2230 1365 le
2251 1327 2347 1375 père
2368 1330 2408 1364 et
2432 1325 2471 1364 la
2494 1324 2608 1363 mère
2629 1328 2723 1364 sont
2752 1321 2946 1371 décédés,
2970 1331 3024 1360 ou
3048 1318 3138 1358 l’un

2006 1379 2145 1427 d’eux,
2169 1379 2199 1418 il
2220 1379 2311 1418 faut
2331 1378 2500 1419 fournir
2520 1376 2614 1416 leur
2634 1383 2726 1416 acte
2742 1375 2792 1415 de
2813 1375 2938 1415 décès
2957 1374 3139 1414 dûment

2005 1432 2216 1483 légalisé';

2059 1498 2096 1538 4°
2126 1499 2236 1539 Dans
2254 1496 2292 1538 le
2314 1510 2384 1538 cas
2403 1498 2454 1537 de
2475 1496 2598 1537 décès
2619 1496 2691 1536 des
2723 1497 2819 1547 père
2851 1499 2890 1535 et
2919 1495 3048 1543 mère,
3071 1491 3138 1532 s’il

2006 1552 2135 1592 existe
2179 1563 2235 1592 un
2275 1551 2528 1603 grand-père
2560 1563 2614 1590 ou
2656 1562 2738 1590 une
2766 1548 3051 1599 grand’mère,
3083 1558 3138 1586 ou

2003 1606 2159 1647 arrière
2202 1605 2459 1656 grand-père
2492 1608 2532 1642 et
2560 1603 2718 1644 arrière
2738 1602 3020 1656 grand’mère,
3044 1599 3139 1639 leur

2004 1666 2325 1700 consentement
2346 1666 2406 1699 est
2427 1658 2678 1699 nécessaire.

2059 1714 2167 1754 Pour
2201 1724 2260 1753 un
2290 1712 2464 1752 mineur
2487 1723 2496 1750 :

2063 1784 2095 1824 1°
2132 1784 2166 1823 Il
2207 1783 2298 1823 faut
2336 1783 2378 1823 la
2414 1783 2612 1835 présence
2650 1794 2704 1823 ou
2742 1780 2780 1822 le
2815 1783 3140 1822 consentement

2004 1838 2167 1879 notarié
2192 1838 2250 1878 du
2271 1841 2416 1878 tuteur
2435 1851 2444 1888 ;

2056 1904 2095 1944 2°
2124 1904 2212 1946 Une
2248 1904 2529 1946 délibération
2572 1903 2627 1944 du
2674 1902 2838 1943 Conseil
2878 1902 2928 1942 de
2970 1899 3138 1942 famille

2005 1958 2196 2011 lorsqu’il
2227 1959 2350 2009 s’agit
2381 1959 2484 1998 d’un
2518 1956 2718 2007 orphelin
2738 1958 2789 1996 de
2812 1958 2911 2006 père
2931 1960 2972 1995 et
2991 1966 3079 2008 que
3101 1955 3138 1994 la

2004 2015 2118 2054 mère
2138 2026 2192 2052 ou
2215 2011 2388 2052 l’aïeule
2410 2015 2504 2051 sont
2527 2011 2703 2049 tutrices
2727 2023 2736 2058 ;

2056 2067 2167 2106 Dans
2188 2077 2332 2107 aucun
2354 2076 2438 2113 cas,
2464 2074 2523 2103 un
2544 2062 2718 2102 mineur
2740 2073 2791 2100 ne
2816 2066 2915 2111 peut
2944 2063 3139 2100 contrac¬

2006 2126 2064 2159 ter
2084 2119 2275 2170 mariage
2296 2130 2392 2157 sans
2416 2116 2452 2156 le
2475 2119 2794 2157 consentement
2815 2115 2866 2154 de
2886 2124 2951 2154 ses
2971 2118 3142 2164 parents

2003 2185 2055 2212 ou
2082 2178 2260 2212 tuteurs.

2057 2238 2096 2275 5°
2126 2236 2203 2277 Les
2224 2235 2346 2276 veufs
2367 2235 2538 2275 doivent
2563 2235 2760 2286 produire
2784 2234 2904 2275 l’acte
2935 2234 2986 2275 de
3016 2232 3140 2274 décès

2006 2289 2180 2340 légalisé
2200 2290 2251 2331 de
2274 2290 2365 2331 leur
2386 2290 2579 2340 conjoint
2600 2288 2758 2329 décédé
2783 2300 2792 2338 ;

2057 2356 2094 2396 6°
2125 2356 2186 2396 Un
2223 2355 2430 2395 certificat
2468 2354 2518 2394 de
2560 2354 2583 2392 6
2623 2354 2734 2392 mois
2772 2352 2823 2391 de
2862 2352 3080 2392 résidence
3116 2352 3142 2390 à

2004 2409 2227 2458 Marseille,
2251 2407 2414 2447 délivré
2436 2418 2507 2457 par
2528 2407 2565 2446 le
2588 2404 2884 2446 commissaire
2911 2406 2962 2444 de
2986 2403 3138 2455 police,

2003 2475 2112 2512 pour
2131 2462 2192 2502 les
2211 2471 2441 2512 personnes
2459 2459 2536 2512 qui
2557 2460 2632 2511 n'y
2654 2465 2747 2500 sont
2769 2470 2842 2508 pas
2862 2459 2963 2499 nées
2982 2470 2992 2508 ;

2056 2527 2095 2564 7°
2114 2526 2175 2566 On
2194 2526 2282 2564 doit
2302 2524 2486 2575 justifier
2506 2526 2556 2563 de
2576 2536 2622 2564 sa
2642 2524 2874 2566 libération
2896 2524 2954 2563 du
2976 2523 3139 2564 service

2006 2579 2227 2627 militaire,
2248 2578 2328 2619 soit
2351 2591 2423 2630 par
2443 2590 2519 2619 son
2539 2579 2688 2628 congé,
2711 2578 2794 2619 soit
2818 2590 2890 2628 par
2919 2590 2979 2618 un
3012 2576 3140 2618 certi¬

2003 2634 2103 2674 ficat
2124 2632 2175 2672 de
2194 2631 2423 2672 libération
2448 2645 2458 2682 ;

2057 2698 2094 2738 8°
2123 2699 2184 2737 En
2204 2702 2326 2738 outre
2347 2696 2419 2736 des
2442 2696 2582 2746 pièces
2602 2695 2811 2735 énoncées
2832 2694 3059 2743 ci-dessus,
3080 2694 3143 2734 les

2006 2763 2236 2803 personnes
2255 2750 2475 2790 divorcées
2494 2747 2675 2788 devront
2696 2747 2895 2798 produire
2919 2759 2976 2786 un
2994 2746 3143 2787 extrait

2004 2807 2058 2845 du
2082 2806 2306 2856 jugement
2326 2803 2536 2853 ainsique
2556 2802 2676 2840 l’acte
2692 2800 2750 2839 du
2772 2800 2942 2839 divorce
2960 2800 3143 2839 dûment

2004 2859 2235 2909 enregistré
2256 2863 2296 2898 et
2319 2855 2513 2896 transcrit
2534 2856 2553 2894 à
2582 2855 2622 2894 la
2644 2853 2788 2895 Mairie
2812 2865 2822 2903 ;

2056 2924 2095 2963 9°
2125 2924 2308 2974 Lorsque
2348 2922 2410 2962 les
2449 2924 2616 2971 parents
2662 2919 2851 2959 refusent
2899 2918 2951 2956 de
2980 2918 3144 2956 donner

2003 2976 2099 3016 leur
2122 2979 2443 3016 consentement
2463 2985 2518 3013 au
2539 2974 2731 3023 mariage
2766 2971 2895 3011 d’une
2938 2980 3143 3021 personne

2006 3029 2212 3082 majeure,
2237 3029 2267 3067 il
2300 3034 2400 3079 peut
2440 3029 2528 3068 être
2564 3027 2684 3078 passé
2714 3031 2834 3066 outre
2856 3038 2910 3064 au
2933 3023 3140 3073 mariage,

2004 3086 2127 3135 après
2144 3083 2239 3124 leur
2256 3082 2375 3122 avoir
2396 3082 2474 3120 fait
2495 3080 2568 3120 des
2590 3086 2702 3119 actes
2723 3079 2775 3119 de
2794 3083 2958 3130 respect
2977 3076 3142 3117 variant

2004 3138 2055 3178 de
2078 3150 2134 3178 un
2158 3139 2180 3176 à
2204 3135 2303 3176 trois
2335 3142 2375 3175 et
2411 3135 2531 3175 s’être
2558 3132 2776 3174 conformé
2810 3144 2894 3172 aux
2931 3130 3142 3183 prescrip¬

2007 3191 2117 3231 tions
2137 3191 2210 3230 des
2229 3195 2306 3229 art.
2332 3188 2406 3228 144
2430 3192 2469 3228 et
2494 3187 2565 3226 154
2586 3187 2642 3226 du
2667 3186 2768 3226 code
2790 3184 2892 3224 civil
2918 3198 2926 3235 ;

2063 3255 2123 3294 10°
2152 3255 2264 3294 Pour
2285 3254 2324 3292 la
2343 3252 2543 3304 question
2560 3251 2635 3292 des
2654 3250 2919 3292 cérémonies
2939 3247 3142 3300 religieu¬

2006 3319 2084 3358 ses,
2107 3308 2330 3348 s’adresser
2350 3307 2522 3347 suivant
2552 3306 2592 3347 le
2622 3306 2736 3346 culte
2758 3306 2782 3344 à
2804 3304 2844 3344 la
2866 3304 3064 3356 paroisse,
3086 3315 3140 3344 au

2006 3362 2252 3402 consistoire
2273 3365 2504 3412 protestant
2526 3372 2580 3400 ou
2603 3372 2656 3400 au
2680 3359 2795 3400 culte
2816 3359 3016 3399 Israélite.

2060 3438 2231 3477 L’Office
2252 3438 2491 3484 Mondonet,
2515 3436 2579 3484 47,
2604 3447 2679 3474 rue
2710 3436 2760 3473 de
2793 3434 2831 3471 la
2867 3435 3008 3480 Darse,
3043 3438 3143 3480 peut

2007 3501 2050 3528 se
2082 3490 2259 3536 charger
2294 3488 2343 3526 de
2378 3492 2515 3526 toutes
2549 3486 2608 3524 les
2638 3484 2877 3524 formalités
2914 3483 3065 3524 civiles
3102 3488 3143 3523 et

2010 3540 2259 3591 religieuses
2279 3539 2314 3579 si
2339 3539 2396 3580 les
2415 3539 2568 3580 clients
2590 3538 2652 3578 lui
2674 3537 2859 3579 confient
2880 3550 2926 3579 ce
2947 3535 3055 3579 soin.

2063 3595 2230 3634 L’office
2252 3594 2474 3633 Mondonet
2506 3604 2556 3632 ne
2588 3592 2746 3647 perçoit
2783 3593 2856 3634 des
2894 3592 3142 3635 honoraires

2007 3647 2203 3701 qu’après
2226 3646 2264 3688 la
2286 3647 2546 3688 célébration
2570 3647 2626 3688 du
2650 3647 2852 3699 mariage.

2117 3831 2669 3905 RENSEIGNEMENTS
2721 3820 3031 3898 GÉNÉRAUX

2008 3939 2356 3982 concernant
2392 3935 2471 3975 les
2502 3931 2738 3974 Veuves
2770 3932 3143 3986 pensionnées

2064 4084 2182 4126 Grand
2200 4083 2378 4124 nombre
2399 4082 2448 4124 de
2470 4082 2616 4123 dames
2635 4079 2845 4132 jouissant
2866 4079 2996 4120 d’une
3037 4091 3144 4130 pen¬

2011 4139 2104 4180 sion
2126 4140 2176 4180 de
2199 4138 2367 4181 retraite
2390 4151 2463 4190 par
2483 4136 2595 4178 suite
2615 4135 2671 4175 du
2695 4135 2818 4176 décès
2838 4134 2891 4175 de
2916 4135 3008 4175 leur
3035 4134 3144 4174 mari

2011 4200 2104 4236 sont
2143 4194 2398 4247 persuadées
2434 4189 2614 4246 qu’elles
2654 4188 2892 4242 perdraient
2925 4200 2995 4230 ces
3015 4188 3147 4230 droits

2011 4251 2035 4291 à
2053 4250 2096 4290 la
2115 4249 2285 4291 retraite
2315 4250 2350 4288 si
2384 4247 2487 4288 elles
2519 4244 2827 4286 contractaient
2859 4255 2943 4284 une
2963 4244 3146 4284 secondé

2013 4303 2164 4343 union.
2203 4302 2310 4341 C’est
2344 4312 2426 4339 une
2459 4299 2664 4350 profonde
2690 4310 2836 4339 erreur
2854 4298 2892 4338 si
2911 4309 2982 4336 ces
3001 4298 3148 4336 dames

2012 4360 2106 4395 sont
2143 4354 2425 4404 pensionnées
2460 4353 2511 4391 de
2550 4351 2671 4390 l’Etat
2695 4364 2704 4399 ;
2736 4362 2806 4391 car
2843 4354 2950 4388 cette
2968 4347 3146 4399 pension

2014 4408 2119 4446 n’est
2158 4416 2232 4456 pas
2272 4415 2355 4443 une
2395 4404 2560 4450 faveur,
2603 4404 2704 4442 c’est
2740 4413 2799 4441 un
2832 4402 2943 4439 droit
2968 4398 3150 4450 qu’elles

2016 4460 2207 4498 tiennent
2227 4468 2279 4497 en
2303 4459 2420 4495 vertu
2443 4455 2571 4494 d’une
2603 4454 2678 4494 loi.
2720 4453 2775 4492 La
2804 4451 2860 4491 loi
2881 4451 2939 4491 du
2960 4451 3150 4500 mariage

2015 4513 2130 4552 étant
2168 4507 2531 4551 essentiellement
2559 4504 2735 4556 morale,
2760 4516 2811 4544 ne
2851 4510 2951 4555 peut
2991 4503 3150 4545 édicter

2014 4566 2090 4605 des
2127 4563 2491 4616 empêchements,
2514 4559 2588 4599 des
2614 4558 2822 4600 obstacles
2851 4570 2907 4598 au
2942 4557 3147 4608 mariage,

2015 4630 2085 4659 ces
2104 4617 2454 4668 empêchements
2487 4612 2671 4656 seraient
2710 4611 2952 4655 considérés
2980 4623 3150 4652 comme

2016 4674 2259 4712 immoraux
2282 4675 2320 4710 et
2343 4682 2418 4720 par
2436 4671 2700 4719 conséquent
2722 4667 2955 4708 contraires
2972 4668 2996 4707 à
3012 4666 3051 4706 la
3075 4667 3146 4708 loi.

2016 4727 2092 4767 Les
2133 4734 2290 4764 veuves
2328 4722 2648 4772 pensionnaires
2679 4722 2728 4760 de
2759 4720 2880 4759 l’Etat
2901 4732 2952 4759 ne
2975 4721 3151 4771 perdent

2015 4782 2123 4822 donc
2148 4791 2219 4831 pas
2239 4776 2334 4818 leur
2355 4775 2531 4826 pension
2568 4775 2612 4812 ni
2644 4786 2719 4824 par
2751 4785 2809 4813 un
2830 4774 3002 4823 second,
3027 4775 3070 4811 ni
3092 4783 3152 4812 un

2019 4835 2235 4877 troisième
2256 4828 2460 4879 mariage.

2070 4890 2147 4930 Les
2167 4896 2324 4929 veuves
2346 4880 2627 4938 pensionnées
2648 4892 2722 4931 par
2747 4878 2808 4919 les
2836 4879 3153 4930 départements

2018 4948 2204 4992 peuvent
2240 4939 2382 4982 seules
2420 4936 2512 4977 voir
2548 4934 2792 4984 supprimer
2830 4938 2936 4972 cette
2976 4932 3152 4983 pension

2019 5007 2091 5045 par
2114 5006 2171 5035 un
2191 4995 2345 5035 second
2386 4990 2574 5040 mariage
2612 4988 2719 5027 dans
2750 4986 2934 5027 certains
2966 4995 3036 5026 cas
3056 4990 3096 5024 et
3116 4984 3152 5024 si

2018 5052 2125 5087 cette
2158 5048 2333 5098 pension
2369 5059 2393 5087 a
2422 5047 2488 5088 été
2518 5042 2719 5086 accordée
2739 5041 2765 5082 à
2788 5039 2883 5080 titre
2903 5039 2953 5080 de
2983 5050 3154 5080 secours

2022 5102 2287 5150 temporaire.

2074 5152 2311 5199 D’ailleurs,
2338 5149 2374 5190 le
2395 5150 2490 5189 titre
2510 5151 2560 5190 de
2584 5151 2758 5202 pension
2782 5152 2896 5202 porte
2918 5159 2971 5190 en
2991 5159 3150 5200 marge,

2022 5216 2074 5247 en
2098 5210 2232 5247 toutes
2255 5204 2410 5254 lettres,
2438 5213 2507 5243 ces
2526 5204 2726 5244 réserves.

2028 5410 2400 5510 OFFRES
2484 5412 2596 5513 DE
2672 5406 3156 5512 MARIAGES

2198 5594 2619 5641 DEMOISELLES
2655 5596 2723 5639 ET
2754 5595 2987 5638 VEUVES

2078 5743 2169 5786 401.
2192 5769 2243 5776 —
2280 5744 2551 5795 Demoiselle,
2586 5744 2635 5786 30
2674 5756 2764 5790 ans,
2805 5740 3021 5792 instruite,
3059 5742 3158 5782 bien

2026 5797 2184 5846 élevée,
2222 5799 2307 5839 fille
2332 5800 2507 5850 unique,
2532 5799 2694 5838 femme
2714 5795 2978 5844 d’intérieur,
3019 5796 3158 5846 possé¬

2025 5851 2127 5891 dant
2146 5851 2266 5899 2,000
2286 5854 2357 5903 fr.,
2383 5864 2440 5892 un
2462 5852 2568 5892 beau
2591 5856 2828 5896 trousseau,
2860 5852 3108 5900 espérances
3134 5850 3157 5890 à

2028 5904 2147 5947 venir
2167 5905 2314 5958 30,000
2332 5908 2404 5958 fr.,
2428 5918 2471 5947 se
2492 5904 2680 5946 mettrait
2700 5906 2724 5944 à
2747 5903 2787 5944 la
2808 5903 2889 5943 tête
2908 5904 3012 5946 d’un
3031 5915 3155 5946 com¬

2026 5971 2180 5999 merce.

2079 6048 2171 6090 402.
2198 6070 2244 6077 —
2265 6047 2535 6098 Demoiselle,
2556 6046 2606 6086 47
2628 6056 2719 6096 ans,
2748 6043 2919 6088 fortune
2943 6048 3062 6099 1,500
3083 6048 3155 6097 fr.,

2025 6107 2157 6155 ayant
2177 6114 2235 6143 un
2255 6112 2492 6144 commerce
2526 6102 2578 6142 de
2611 6098 2831 6151 mercerie,
2855 6114 2915 6142 un
2934 6103 3041 6144 beau
3066 6112 3158 6140 mo¬

2027 6156 2170 6207 bilier,
2192 6156 2431 6207 épouserait
2453 6166 2514 6199 un
2536 6152 2710 6196 ouvrier
2731 6167 2783 6196 ou
2807 6155 2981 6196 artisan.

3263 643 3356 683 406.
3378 667 3430 672 —
3455 644 3614 693 Veuve,
3655 642 3706 680 42
3738 652 3827 690 ans,
3854 642 4024 682 fortune
4063 643 4187 691 9,000
4206 642 4259 682 fr.
4295 652 4350 681 en

3211 696 3388 746 actions,
3411 695 3651 748 épouserait
3675 696 3776 746 petit
3795 694 3952 734 rentier
3972 707 4024 735 ou
4050 696 4224 736 artisan.

3264 779 3355 818 407.
3379 803 3427 808 —
3450 780 3722 831 Demoiselle,
3739 780 3788 821 46
3804 790 3894 827 ans,
3916 778 4087 818 fortune
4111 780 4259 830 12,000
4277 780 4348 831 fr.,

3212 831 3330 872 taille
3339 843 3426 883 use,
3450 834 3694 884 épouserait
3716 847 3774 874 un
3797 831 3953 873 marin.

3264 920 3355 960 412.
3379 943 3429 950 —
3462 920 3620 970 Veuve,
3659 920 3710 960 49
3750 934 3840 970 ans,
3879 920 4124 968 cuisinière,
4175 920 4348 961 fortune

3215 974 3332 1026 1,500
3346 973 3415 1024 fr.,
3430 972 3671 1024 épouserait
3687 986 3745 1012 un
3761 974 3843 1014 bon
3863 976 4036 1016 ouvrier
4056 986 4110 1014 ou
4126 975 4343 1028 employé.

3263 1064 3354 1105 413.
3380 1087 3428 1094 —
3459 1062 3731 1112 Demoiselle,
3771 1062 3822 1102 45
3860 1075 3951 1112 ans,
4003 1063 4194 1106 titulaire
4242 1065 4346 1106 d’un

3210 1119 3375 1159 bureau
3397 1119 3447 1159 de
3470 1118 3605 1167 tabac,
3648 1116 3888 1168 épouserait
3919 1120 4122 1172 employé
4151 1131 4206 1159 ou
4242 1118 4346 1169 petit

3211 1172 3383 1212 rentier.

3264 1254 3355 1294 415.
3380 1278 3428 1284 —
3451 1255 3721 1306 Demoiselle,
3764 1255 3812 1296 35
3851 1264 3942 1303 ans,
3984 1254 4094 1295 belle
4120 1267 4344 1307 personne,

3212 1307 3312 1344 bien
3334 1308 3490 1357 élevée,
3530 1308 3700 1348 fortune
3734 1309 3855 1359 1,200
3876 1308 3946 1355 fr.,
3970 1318 4102 1357 gagne
4123 1311 4172 1351 80
4199 1312 4244 1352 fr.
4271 1322 4346 1363 par

3214 1358 3338 1407 mois,
3358 1360 3493 1401 désire
3511 1362 3690 1410 épouser
3711 1362 3814 1413 petit
3834 1360 4050 1412 employé.

3265 1444 3356 1484 416.
3381 1468 3431 1474 —
3460 1447 3728 1498 Demoiselle,
3771 1450 4046 1500 institutrice,
4070 1448 4118 1490 30
4139 1460 4230 1500 ans,
4253 1454 4345 1494 for¬

3216 1503 3315 1539 tune
3354 1500 3538 1540 actuelle
3591 1503 3706 1550 1,500
3752 1504 3803 1543 fr.
3858 1504 4158 1552 d’économies,
4208 1515 4344 1555 gagne

3216 1551 3334 1600 1,400
3354 1552 3403 1591 fr.
3428 1564 3500 1600 par
3520 1563 3590 1602 an,
3615 1555 3720 1594 beau
3746 1563 3976 1607 trousseau,
4012 1559 4160 1599 avenir
4179 1555 4231 1597 de
4268 1570 4343 1598 son

3215 1607 3308 1658 père
3327 1606 3475 1656 20,000
3496 1605 3546 1644 fr.
3574 1618 3623 1643 en
3648 1607 3893 1658 propriétés,
3916 1612 4052 1653 désire
4082 1614 4263 1663 épouser
4284 1623 4343 1651 un

3213 1659 3413 1714 employé
3435 1659 3531 1700 bien
3554 1658 3686 1699 élevé.

3266 1744 3358 1784 418.
3386 1767 3431 1774 —
3468 1742 3740 1792 Demoiselle,
3776 1743 3877 1792 âgée
3911 1743 3960 1782 de
3983 1746 4032 1784 50
4052 1758 4143 1795 ans,
4167 1750 4346 1791 institu¬

3214 1795 3318 1837 trice
3347 1797 3468 1847 libre,
3508 1803 3640 1850 ayant
3679 1810 3761 1838 une
3796 1796 4040 1837 institution
4079 1811 4180 1839 avec
4216 1815 4346 1844 sous-

3213 1854 3446 1898 maîtresse,
3488 1863 3622 1902 gagne
3658 1852 3779 1899 2,000
3816 1850 3867 1892 fr.
3908 1863 3982 1902 par
4019 1862 4087 1900 an,
4130 1851 4250 1899 6,000
4291 1858 4343 1896 fr.

3211 1904 3511 1956 d'économies,
3530 1905 3637 1946 beau
3654 1906 3870 1955 mobilier,
3887 1904 4127 1959 épouserait
4143 1906 4345 1958 employé

3213 1972 3268 2000 ou
3289 1960 3460 2000 rentier.

3266 2041 3358 2082 420.
3379 2063 3428 2070 —
3450 2042 3719 2091 Demoiselle,
3747 2043 3791 2082 19
3812 2054 3902 2090 ans,
3926 2044 4043 2092 jolie,
4068 2044 4166 2084 bien
4184 2044 4344 2095 élevée,

3215 2095 3383 2135 fortune
3406 2094 3552 2142 30,000
3576 2094 3625 2134 fr.
3650 2106 3702 2134 en
3724 2094 3956 2144 propriétés
3976 2108 4030 2134 ou
4054 2098 4232 2148 actions,
4255 2099 4344 2139 fille

3215 2148 3391 2201 unique,
3416 2148 3658 2200 épouserait
3682 2159 3739 2187 un
3762 2147 3846 2188 bon
3867 2147 4083 2199 employé.

3267 2235 3357 2276 431.
3384 2259 3427 2264 —
3449 2235 3611 2280 Veuve,
3635 2234 3684 2274 47
3706 2245 3795 2282 ans,
3818 2231 3916 2272 bien
3938 2231 4096 2280 élevée,
4119 2231 4230 2271 belle
4249 2243 4347 2282 per¬

3212 2302 3360 2339 sonne,
3384 2290 3551 2329 fortune
3578 2288 3744 2338 100,000
3768 2290 3838 2338 fr.,
3860 2285 4103 2339 épouserait
4131 2286 4348 2327 Monsieur

3214 2354 3264 2383 en
3282 2350 3452 2393 rapport
3472 2344 3591 2392 d’âge
3614 2347 3654 2382 et
3674 2342 3724 2382 de
3745 2343 3931 2382 fortune.

3267 2425 3358 2466 435.
3383 2447 3427 2452 —
3452 2424 3722 2475 Demoiselle,
3763 2423 3814 2464 26
3847 2435 3938 2470 ans,
3975 2424 4072 2463 bien
4095 2424 4254 2475 élevée,
4279 2424 4347 2464 fa¬

3215 2479 3336 2520 mille
3374 2479 3457 2518 très
3495 2478 3744 2526 honorable,
3783 2478 3855 2517 dot
3891 2476 4040 2526 65,000
4062 2476 4133 2523 fr.,
4168 2479 4350 2527 grandes

3215 2535 3462 2585 espérances
3479 2532 3599 2583 après
3619 2542 3684 2570 ses
3704 2536 3886 2580 parents,
3910 2529 4150 2583 épouserait
4166 2532 4346 2580 notaire,

3214 2588 3364 2635 avoué,
3406 2586 3607 2639 employé
3646 2584 3704 2624 du
3743 2591 4080 2634 gouvernement
4120 2594 4220 2623 avec
4243 2583 4350 2623 bons

3214 2644 3574 2692 appointements.

3267 2721 3344 2762 435
3361 2722 3446 2763 bis.
3467 2745 3519 2751 —
3558 2720 3829 2771 Demoiselle,
3858 2719 3908 2760 20
3929 2731 4020 2765 ans,
4050 2719 4140 2759 fille
4162 2722 4343 2772 unique,

3216 2775 3316 2815 bien
3352 2775 3511 2824 élevée,
3548 2774 3666 2825 jolie,
3711 2776 3782 2815 dot
3834 2774 4003 2822 100,000
4043 2772 4114 2820 fr.,
4166 2775 4347 2822 grandes

3216 2830 3476 2877 espérances,
3503 2847 3511 2856 •
3527 2828 3766 2876 épouserait
3814 2828 4027 2868 Monsieur
4074 2838 4124 2867 en
4175 2831 4347 2876 rapport

3216 2880 3351 2930 d’âge,
3371 2879 3643 2921 d’éducation
3664 2884 3704 2919 et
3732 2879 3783 2920 de
3804 2880 3976 2922 fortune
3998 2894 4051 2921 ou
4074 2879 4275 2932 employé
4296 2877 4347 2918 de

3219 2932 3351 2972 l’Etat.

3270 3016 3360 3058 436.
3386 3040 3435 3046 —
3455 3014 3727 3064 Demoiselle,
3743 3015 3792 3055 22
3808 3026 3899 3063 ans,
3923 3014 4041 3066 jolie,
4066 3015 4166 3055 bien
4187 3016 4347 3065 élevée,

3216 3072 3287 3111 dot
3308 3071 3428 3119 5,000
3448 3071 3502 3112 fr.
3542 3070 3592 3109 de
3630 3074 3782 3116 rentes,
3804 3070 4044 3118 épouserait
4066 3067 4278 3107 Monsieur
4296 3080 4350 3108 en

3215 3132 3384 3176 rapport
3404 3124 3523 3176 d’âge
3548 3128 3588 3163 et
3608 3123 3659 3163 de
3682 3122 3868 3163 fortune.

3267 3207 3359 3248 441.
3379 3231 3427 3238 —
3442 3206 3711 3256 Demoiselle,
3727 3207 3775 3248 34
3791 3218 3882 3256 ans,
3899 3206 4068 3247 fortune
4084 3204 4259 3255 900,000
4275 3204 4347 3254 fr.,

3215 3262 3455 3316 épouserait
3477 3260 3691 3303 Monsieur
3718 3272 3770 3301 en
3793 3268 3962 3312 rapport
3983 3261 4122 3311 d’âge,
4144 3267 4276 3311 ayant
4296 3259 4349 3297 de

3215 3319 3238 3358 2
3259 3319 3282 3358 à
3304 3316 3478 3367 300,000
3497 3317 3535 3357 fr
3558 3347 3567 3365 ,
3605 3315 3830 3355 donnerait
3852 3315 3892 3354 la
3912 3315 4156 3363 préférence
4178 3315 4202 3350 à
4223 3313 4348 3350 Mon¬

3214 3372 3330 3411 sieur
3346 3377 3479 3420 ayant
3502 3382 3558 3410 un
3581 3370 3676 3408 titre
3699 3367 3960 3408 nobilliaire.

3267 3448 3359 3488 442.
3390 3471 3432 3478 —
3463 3448 3618 3495 Veuve,
3659 3458 3755 3486 sans
3794 3444 3978 3492 enfants,
4019 3444 4068 3486 40
4107 3456 4197 3495 ans,
4237 3444 4350 3486 belle

3214 3512 3436 3553 personne,
3467 3500 3638 3541 fortune
3666 3498 3815 3551 50,000
3846 3499 3915 3550 fr.,
3956 3501 4199 3552 épouserait
4227 3501 4350 3540 Mon¬

3215 3557 3331 3599 sieur
3350 3568 3403 3598 en
3426 3560 3591 3608 rapport
3611 3555 3731 3607 d’âge
3752 3560 3792 3596 et
3814 3554 3991 3596 d’avoir.

3268 3647 3359 3685 443.
3383 3667 3434 3672 —
3472 3642 3742 3688 Demoiselle,
3775 3641 3824 3679 22
3859 3652 3951 3686 ans,
3980 3639 4090 3678 belle
4124 3650 4350 3688 personne,

3215 3699 3286 3738 dot
3304 3696 3480 3747 200,000
3501 3696 3571 3744 fr.,
3594 3691 3834 3746 épouserait
3854 3691 4016 3733 notaire
4038 3703 4092 3732 ou
4115 3695 4267 3732 avoué.

3267 3786 3359 3828 444.
3388 3811 3432 3818 —
3453 3786 3724 3836 Demoiselle,
3747 3785 3794 3827 21
3816 3796 3907 3835 ans,
3934 3784 4004 3826 dot
4046 3783 4191 3831 12,000
4211 3784 4263 3824 fr.
4298 3783 4351 3823 de

3216 3848 3368 3892 rentes,
3400 3840 3642 3892 épouserait
3664 3840 3876 3879 Monsieur
3896 3851 3947 3879 en
3970 3843 4143 3888 rapport
4170 3839 4290 3889 d’âge
4311 3842 4351 3876 et

3216 3898 3267 3935 de
3291 3895 3475 3932 fortune.

3270 3975 3362 4015 445.
3392 3998 3435 4004 —
3475 3972 3745 4022 Demoiselle,
3782 3970 3832 4011 24
3868 3982 3959 4020 ans,
3999 3970 4071 4010 dot
4104 3969 4250 4018 50,000
4280 3970 4350 4018 fr.,

3218 4028 3456 4082 épouserait
3497 4027 3711 4068 Monsieur
3742 4030 3872 4079 ayant
3907 4023 4092 4078 position
4122 4028 4163 4063 et
4184 4023 4352 4064 fortune

3219 4083 3508 4139 équivalente.

3274 4170 3363 4210 449.
3387 4192 3438 4198 —
3460 4169 3618 4218 Veuve,
3635 4178 3732 4207 sans
3749 4165 3932 4212 enfants,
3948 4164 3999 4204 46
4020 4175 4110 4214 ans,
4138 4160 4284 4212 14,000
4300 4159 4353 4200 fr.

3219 4222 3526 4264 d’immeubles
3563 4225 3603 4260 et
3627 4231 3683 4259 un
3708 4218 3810 4270 petit
3832 4230 4090 4267 commerce,
4113 4212 4356 4268 épouserait

3221 4275 3325 4316 veuf
3345 4287 3400 4314 ou
3420 4274 3580 4313 rentier
3598 4283 3702 4311 avec
3722 4271 3856 4310 avoir.

3275 4355 3366 4395 452.
3392 4378 3439 4383 —
3480 4354 3639 4402 Veuve,
3674 4363 3771 4391 sans
3804 4349 3987 4399 enfants,
4023 4347 4071 4390 63
4102 4359 4192 4396 ans,
4218 4353 4362 4398 possé¬

3222 4410 3322 4448 dant
3370 4405 3632 4447 immeubles
3680 4403 3824 4452 18,000
3866 4403 3938 4451 fr.,
3988 4403 4087 4455 plus
4134 4402 4255 4450 5,000
4303 4402 4359 4442 fr.

3222 4466 3382 4512 argent,
3407 4472 3462 4499 un
3500 4468 3739 4499 commerce
3771 4455 3823 4496 de
3858 4456 3966 4507 vins,
4007 4456 4107 4510 plus
4139 4455 4356 4506 mobilier,

3223 4514 3465 4565 épouserait
3502 4511 3704 4563 employé
3730 4523 3783 4551 ou
3808 4511 3914 4563 petit
3931 4512 4091 4553 rentier
4111 4524 4163 4552 en
4186 4515 4358 4564 rapport

3222 4568 3357 4619 d’âge.

3276 4647 3370 4688 453.
3398 4670 3443 4675 —
3482 4643 3752 4694 Demoiselle,
3790 4643 3839 4684 36
3876 4655 3967 4693 ans,
4007 4642 4079 4683 dot
4114 4640 4259 4691 18,000
4288 4641 4362 4691 fr.,

3223 4700 3464 4752 épouserait
3484 4703 3776 4750 commerçant
3798 4710 3852 4737 ou
3875 4696 4088 4746 employé.

3278 4782 3369 4822 454.
3393 4803 3442 4810 —
3472 4778 3744 4827 Demoiselle,
3780 4777 3829 4816 36
3862 4787 3953 4823 ans,
3984 4774 4083 4815 bien
4105 4772 4265 4826 élevée,
4290 4773 4363 4816 dot

3227 4835 3347 4885 5.000
3371 4835 3439 4880 fr.,
3463 4831 3703 4884 épouserait
3724 4828 3941 4881 employé.

3279 4924 3371 4964 456.
3392 4947 3436 4952 —
3458 4922 3727 4974 Demoiselle,
3748 4922 3796 4965 30
3812 4934 3902 4972 ans,
3920 4922 4059 4964 bonne
4072 4922 4359 4967 musicienne,

3226 4979 3298 5019 dot
3335 4978 3478 5028 15,000
3516 4978 3587 5030 fr.,
3622 4978 3862 5031 épouserait
3894 4979 4111 5030 employé,
4142 4983 4363 5015 commer¬

3227 5037 3323 5087 çant
3343 5045 3400 5074 ou
3423 5034 3593 5074 rentier.

3279 5116 3371 5167 458,
3394 5139 3444 5146 —
3464 5116 3620 5166 Veuve,
3656 5118 3705 5156 50
3736 5130 3827 5166 ans,
3851 5116 3949 5155 bien
3971 5110 4130 5158 élevée,
4155 5107 4363 5151 touchant

3228 5172 3326 5214 bien
3347 5171 3403 5214 du
3430 5171 3570 5222 piano,
3606 5171 3704 5211 bien
3743 5166 3987 5212 conservée,
4010 5167 4140 5215 ayant
4164 5162 4283 5212 1,100
4307 5164 4359 5204 fr.

3226 5228 3276 5268 de
3318 5226 3509 5278 pension,
3550 5225 3790 5275 épouserait
3839 5216 4051 5258 Monsieur
4091 5228 4143 5259 en
4192 5224 4363 5271 rapport

3226 5280 3360 5327 d’âge,
3384 5279 3555 5318 retraité
3575 5290 3629 5315 ou
3651 5275 3828 5314 rentier.

3280 5358 3374 5399 459.
3396 5382 3445 5388 —
3469 5355 3738 5404 Demoiselle,
3759 5355 3810 5396 26
3831 5367 3920 5407 ans,
3940 5356 4059 5410 jolie,
4079 5357 4178 5396 bien
4200 5351 4362 5402 élevée,

3228 5412 3376 5459 20.000
3398 5411 3448 5452 fr.
3490 5411 3542 5451 de
3582 5409 3652 5448 dot
3682 5412 3722 5450 et
3754 5413 4016 5463 espérances,
4039 5404 4280 5458 épouserait
4301 5416 4362 5444 un

3228 5471 3520 5518 commerçant
3542 5463 3642 5503 bien
3662 5464 3810 5507 établi.

3282 5548 3374 5588 462.
3399 5570 3448 5576 —
3467 5547 3738 5596 Demoiselle,
3762 5550 3812 5590 24
3833 5558 3925 5592 ans,
3949 5544 4122 5582 fortune
4144 5540 4265 5590 3,000
4287 5544 4362 5593 fr.,

3230 5604 3340 5643 beau
3378 5606 3611 5653 trousseau,
3640 5604 3789 5644 avenir
3807 5601 3860 5638 de
3880 5608 3945 5636 ses
3969 5599 4154 5647 parents,
4175 5599 4363 5650 épouse¬

3232 5655 3311 5695 rait
3331 5666 3485 5710 garçon
3507 5659 3558 5698 de
3578 5659 3671 5698 café
3691 5668 3746 5696 ou
3768 5651 3875 5703 petit
3895 5648 4068 5688 rentier.

3283 5739 3359 5783 464
3376 5740 3456 5784 bis.
3463 5766 3514 5772 —
3530 5742 3690 5785 Veuve,
3711 5735 3812 5784 âgée
3834 5732 3883 5772 de
3904 5731 3954 5772 47
3975 5744 4066 5786 ans,
4083 5735 4183 5778 bien
4203 5735 4363 5784 élevée,

3233 5797 3454 5847 possédant
3496 5791 3664 5839 120,000
3708 5788 3758 5828 fr.
3798 5799 3851 5826 en
3892 5787 4078 5840 valeurs,
4122 5788 4368 5842 épouserait

3232 5850 3445 5891 Monsieur
3482 5858 3536 5886 ou
3577 5842 3737 5880 rentier
3775 5846 3906 5891 ayant
3926 5842 4047 5894 3,000
4068 5843 4124 5886 fr.
4148 5844 4200 5882 de
4222 5843 4367 5879 rentes

3231 5917 3286 5946 au
3307 5903 3450 5943 moins
3468 5903 3510 5938 et
3530 5907 3580 5937 en
3606 5899 3775 5947 rapport
3796 5894 3932 5947 d’âge.

3283 5987 3376 6027 '465.
3404 6008 3447 6016 —
3472 5986 3630 6034 Veuve,
3663 5987 3763 6035 âgée
3803 5985 3855 6027 de
3895 5987 3944 6026 38
3983 5994 4074 6030 ans,
4115 5978 4227 6019 belle
4272 5990 4367 6029 per¬

3230 6051 3376 6090 sonne,
3399 6039 3497 6079 bien
3538 6037 3696 6090 élevée,
3725 6040 3896 6083 fortune
3918 6038 4110 6090 présente
4139 6032 4287 6083 30,000
4310 6033 4363 6076 fr.

3231 6100 3272 6135 et
3291 6095 3553 6144 espérances,
3575 6095 3816 6146 épouserait
3850 6088 4063 6134 Monsieur
4099 6099 4152 6127 en
4193 6094 4368 6141 rapport

3232 6147 3366 6199 d’âge,
3389 6152 3518 6200 ayant
3539 6150 3671 6202 avoir,
3695 6146 3899 6198 employé
3920 6155 3974 6183 ou
3996 6139 4167 6185 rentier.
