4720 7064
4374 139 4404 154 -

2094 418 2174 466 LE
2212 418 2363 467 LIEN
2399 420 2487 467 DU
2527 418 2824 468 MARIAGE

758 755 811 797 Le
850 756 956 796 Lien
994 758 1046 796 du
1083 757 1267 810 Mariage
1306 770 1348 799 se
1390 758 1496 799 vend
1534 771 1587 799 au
1632 760 1721 810 prix
1768 759 1820 799 de

687 811 735 850 10
756 811 963 851 centimes
995 811 1100 851 dans
1133 816 1226 851 tous
1256 811 1316 852 les
1352 812 1555 863 kiosques
1573 812 1624 852 de
1649 812 1687 851 la
1707 811 1819 853 Ville

684 870 724 903 et
744 866 767 903 à
790 864 827 903 la
856 864 1079 916 Direction,
1104 866 1141 915 6,
1164 866 1190 903 B
1192 864 1206 886 d
1227 866 1278 904 de
1302 866 1340 905 la
1363 864 1638 915 Magdeleine.

738 947 850 988 Dans
888 946 950 987 les
990 948 1216 998 prochains
1251 951 1471 998 numéros,
1495 961 1603 989 nous
1630 951 1816 991 réserve¬

685 1012 783 1042 rons
805 1011 864 1040 un
885 1000 985 1042 tiers
1006 1001 1055 1041 de
1078 1014 1181 1052 page
1212 1015 1319 1054 pour
1350 1002 1423 1042 les-
1443 1004 1819 1043 annonces-récla¬

686 1066 791 1103 mes,
815 1054 924 1094 mais
945 1067 1054 1095 nous
1074 1057 1391 1107 n’accepterons
1419 1062 1459 1095 et
1490 1058 1814 1097 recommande¬

686 1120 784 1148 rons
803 1120 887 1159 que
907 1108 1036 1150 celles
1067 1111 1144 1163 qui
1175 1114 1426 1150 émaneront
1454 1110 1526 1150 des
1560 1111 1750 1151 maisons
1768 1111 1819 1152 de

685 1162 919 1203 confiance.

739 1278 878 1316 Notre
902 1278 1034 1331 Office
1053 1291 1079 1318 a
1090 1279 1195 1331 pria
1207 1291 1329 1330 pour
1349 1279 1497 1318 devise
1519 1293 1531 1318 :
1555 1281 1599 1320 la
1620 1280 1737 1319 Prob
1745 1280 1815 1321 ité.

684 1331 778 1371 Nos
797 1331 955 1371 clients
975 1335 1170 1383 peuvent
1182 1361 1186 1366 .
1207 1336 1298 1371 être
1323 1334 1571 1386 persuadés
1610 1335 1819 1374 d’avance

683 1398 766 1438 que
784 1398 894 1424 nous
915 1399 966 1424 ne
986 1399 1173 1425 sommes
1186 1399 1272 1438 pas
1292 1386 1368 1426 des
1388 1387 1616 1427 brasseurs
1639 1388 1819 1441 d’affai¬

683 1451 767 1482 res,
791 1451 851 1478 au
872 1438 1022 1492 risque
1044 1439 1098 1479 de
1118 1439 1239 1491 faire
1260 1439 1336 1479 des
1356 1440 1648 1481 malheureux
1668 1456 1683 1488 ;
1723 1446 1820 1480 tous

683 1506 760 1531 nos
802 1492 952 1546 efforts
995 1493 1203 1535 tendront
1252 1495 1460 1547 toujours
1502 1498 1528 1534 à
1575 1495 1696 1548 faire
1743 1495 1820 1535 des

683 1546 896 1596 heureux,
922 1549 1059 1585 même
1094 1560 1152 1586 au
1190 1547 1427 1587 détriment
1448 1549 1502 1587 de
1530 1562 1605 1588 nos
1628 1561 1819 1602 propres

683 1599 879 1640 intérêts.
928 1600 1087 1640 Toutes
1126 1614 1202 1640 nos
1238 1600 1418 1654 affaires
1455 1606 1601 1642 seront
1640 1603 1819 1644 traitées

683 1666 786 1692 avec
808 1654 852 1693 la
863 1654 975 1706 plus
990 1655 1163 1704 grande
1179 1655 1434 1695 délicatesse
1448 1659 1488 1695 et
1506 1656 1544 1696 le
1551 1658 1656 1709 plus
1670 1659 1819 1710 grand

684 1706 1109 1748 désintéressement.

723 1928 866 1991 Avis
904 1930 938 1991 à
977 1947 1075 1993 nos
1120 1932 1318 1995 clients
1358 1934 1418 1995 de
1463 1935 1778 1997 l’extérieur

736 2099 794 2138 La
832 2099 1042 2142 Direction
1083 2104 1234 2144 envoie
1271 2104 1431 2154 franco,
1456 2117 1554 2146 sous
1584 2107 1816 2159 enveloppe

684 2152 898 2204 cachetée,
934 2167 1031 2196 sans
1067 2169 1209 2198 aucun
1250 2158 1370 2209 signe
1410 2159 1635 2210 extérieur,
1674 2167 1817 2201 contre

683 2207 734 2246 60
754 2218 790 2247 c.
827 2220 880 2248 en
918 2210 1248 2263 timbres-poste,
1288 2224 1343 2251 un
1387 2226 1656 2264 programme
1697 2215 1816 2252 indi¬

682 2266 817 2311 quant
840 2262 898 2302 les
918 2263 1159 2304 conditions
1190 2266 1239 2304 de
1280 2265 1434 2306 l'Office
1455 2275 1494 2306 et
1519 2280 1572 2307 un
1596 2268 1815 2319 question¬

683 2314 800 2354 naire
822 2315 924 2355 écrit
955 2319 1112 2368 auquel
1154 2319 1330 2359 devront
1370 2321 1578 2370 répondre
1623 2322 1680 2359 les
1726 2334 1816 2371 per¬

682 2378 836 2407 sonnes
855 2370 931 2421 qui
952 2371 1203 2412 s'adressent
1224 2375 1246 2411 à
1271 2383 1377 2413 nous
1399 2380 1438 2412 et
1459 2374 1537 2424 qui
1562 2375 1738 2414 veulent
1771 2387 1815 2415 se

683 2420 858 2463 marier.

736 2474 813 2514 Les
836 2488 1062 2527 personnes
1082 2479 1157 2530 qui
1182 2491 1231 2518 ne
1252 2485 1346 2518 sont
1370 2491 1439 2529 pas
1470 2480 1697 2528 abonnées,
1721 2486 1815 2519 sont

682 2527 820 2579 priées
840 2530 891 2570 de
911 2530 1079 2580 joindre
1103 2536 1126 2571 ;i
1148 2531 1242 2572 leur
1264 2531 1386 2572 lettre
1411 2544 1466 2571 un
1510 2533 1815 2583 timbre-poste

684 2594 791 2631 pour
815 2582 852 2622 la
872 2588 1064 2634 réponse,
1088 2585 1171 2624 afin
1195 2586 1410 2629 d’obtenir
1447 2586 1508 2624 les
1548 2592 1691 2627 autres
1715 2598 1814 2625 ren¬

682 2634 971 2686 seignements
990 2638 1120 2690 qu’ils
1143 2648 1328 2690 peuvent
1350 2639 1525 2679 désirer.

735 2690 811 2729 Les
834 2703 1060 2740 personnes
1081 2694 1324 2741 étrangères
1359 2694 1383 2731 à
1423 2692 1463 2730 la
1504 2692 1603 2732 ville
1642 2694 1718 2744 qui
1762 2706 1814 2734 ne

683 2743 934 2783 voudraient
956 2756 1028 2794 pas
1050 2745 1154 2784 faire
1179 2756 1234 2784 un
1262 2756 1422 2796 voyage
1439 2747 1463 2783 à
1482 2746 1692 2786 Marseille
1711 2759 1815 2796 pour

680 2802 820 2835 entrer
859 2808 908 2836 en
947 2798 1151 2838 relations
1186 2810 1286 2838 avec
1330 2800 1366 2836 la
1397 2810 1611 2848 pevsonne
1650 2800 1812 2839 choisie

680 2848 786 2888 dans
808 2848 867 2890 les
887 2850 1088 2891 colonnes
1108 2851 1164 2890 du
1185 2851 1292 2890 Lien
1314 2852 1365 2890 du
1384 2852 1571 2904 Mariage
1578 2884 1586 2899 ,
1606 2854 1816 2892 voudront

679 2902 779 2940 bien
819 2914 929 2943 nous
966 2904 1158 2944 adresser
1190 2904 1285 2944 leur
1320 2904 1659 2956 photographie;
1705 2918 1815 2947 nous

677 2954 772 2995 leur
794 2955 1075 3010 indiquerons
1095 2971 1170 3009 par
1191 2958 1296 2999 écrit
1322 2959 1357 2998 le
1381 2971 1538 3010 moyen
1555 2960 1739 2999 d’entrer
1762 2972 1812 3000 en

676 3010 882 3051 relations
900 3023 1000 3051 avec
1026 3011 1063 3050 la
1086 3022 1295 3063 personne
1316 3012 1480 3052 choisie
1498 3025 1550 3052 ou
1575 3026 1674 3054 avec
1698 3020 1814 3054 toute

676 3071 796 3103 autre
819 3075 1024 3115 personne
1047 3065 1096 3105 de
1120 3076 1195 3106 nos
1218 3067 1452 3107 nombreux
1475 3067 1676 3115 abonnés,
1711 3067 1813 3108 dont

676 3118 811 3166 grand
833 3120 1011 3159 nombre
1035 3131 1088 3160 ne
1107 3120 1294 3170 figurent
1316 3132 1390 3172 pas
1410 3120 1516 3160 dans
1539 3120 1576 3160 le
1596 3120 1781 3172 journal.

740 3346 1017 3419 AUX
1090 3347 1745 3420 FAMILLES

725 3522 842 3563 Nous
864 3534 915 3563 ne
936 3523 1128 3563 donnons
1148 3535 1318 3564 aucune
1340 3526 1450 3564 suite
1471 3536 1554 3564 aux
1575 3524 1807 3566 demandes

670 3576 743 3615 des
767 3587 994 3627 personnes
1014 3578 1247 3629 divorcées,
1270 3578 1306 3619 si
1331 3579 1366 3619 le
1386 3578 1610 3631 jugement
1633 3580 1700 3619 n’a
1734 3592 1804 3631 pas

670 3630 736 3670 été
758 3632 968 3680 prononcé
988 3633 1262 3674 absolument
1286 3646 1338 3674 en
1359 3634 1454 3674 leur
1471 3634 1638 3675 faveur.

722 3702 838 3743 Nous
876 3716 927 3743 ne
964 3715 1072 3744 nous
1110 3717 1324 3756 occupons
1356 3718 1439 3758 que
1470 3707 1543 3747 des
1575 3719 1802 3759 personnes

672 3756 926 3798 Honorables
945 3763 984 3798 et
1007 3758 1036 3797 il
1059 3766 1120 3800 est
1147 3759 1300 3800 inutile
1327 3762 1377 3800 de
1399 3772 1443 3800 se
1463 3762 1678 3811 présenter
1700 3762 1800 3803 chez

669 3822 775 3850 nous
795 3822 850 3851 ou
872 3812 923 3851 de
949 3823 1056 3851 nous
1076 3813 1182 3852 faire
1203 3813 1376 3863 appeler
1396 3816 1419 3852 à
1442 3815 1644 3855 domicile
1675 3816 1711 3855 si
1745 3829 1798 3856 on

666 3875 719 3903 ne
738 3863 892 3905 réalise
915 3876 987 3915 pas
1006 3870 1114 3906 cette
1135 3866 1368 3908 condition.

720 3935 796 3974 Les
837 3947 1064 3986 personnes
1098 3938 1174 3987 qui
1208 3936 1460 3976 s’adressent
1491 3939 1513 3975 h
1551 3940 1590 3976 la
1630 3939 1796 3978 maison

664 3995 759 4027 sont
778 3989 912 4039 priées
927 3990 978 4027 de
992 3988 1158 4039 joindre
1178 4000 1234 4027 un
1251 3995 1256 4026 I
1270 3989 1405 4028 imbre
1423 4002 1531 4039 pour
1547 3991 1584 4028 la
1599 3991 1775 4040 réponse
1789 4003 1798 4038 ;

664 4047 780 4082 toute
804 4042 923 4082 lettre
947 4054 1031 4080 non
1052 4040 1288 4082 affranchie
1311 4048 1371 4081 est
1394 4042 1575 4083 refusée.

715 4114 775 4154 On
815 4119 875 4153 est
915 4112 1008 4164 prié
1041 4112 1091 4153 de
1123 4112 1292 4164 joindre
1325 4118 1474 4152 autant
1503 4125 1586 4165 que
1617 4113 1798 4164 possible

664 4179 747 4207 une
770 4167 1079 4218 photographie
1100 4174 1140 4207 et
1158 4168 1209 4207 de
1231 4167 1392 4207 donner
1412 4167 1623 4220 quelques
1644 4168 1799 4209 détails

662 4231 735 4259 sur
776 4222 814 4259 la
847 4220 1052 4260 situation
1086 4220 1136 4260 de
1174 4220 1343 4262 fortune
1376 4222 1426 4262 de
1464 4222 1500 4260 la
1539 4234 1746 4273 personne
1775 4226 1792 4261 à

664 4274 831 4318 majier.

715 4354 826 4392 Pour
847 4364 955 4394 nous
974 4353 1108 4392 éviter
1130 4352 1203 4392 des
1231 4352 1502 4402 recherches,
1528 4353 1587 4393 les
1620 4366 1795 4404 person¬

663 4418 735 4446 nes
774 4408 848 4459 qui
884 4406 1023 4446 feront
1062 4418 1116 4446 un
1152 4406 1278 4445 choix
1298 4407 1403 4446 dans
1427 4406 1486 4446 les
1515 4407 1718 4446 colonnes
1738 4407 1794 4446 du

663 4460 770 4500 Lien
800 4459 852 4500 du
884 4459 1072 4513 Mariage
1078 4493 1086 4509 ,
1112 4460 1228 4499 n’ont
1250 4460 1349 4510 qu’à
1383 4471 1490 4498 nous
1524 4459 1718 4511 rappeler
1759 4459 1796 4500 le

660 4515 841 4555 numéro
862 4515 937 4567 qui
963 4515 1136 4564 précède
1161 4515 1199 4554 la
1222 4514 1498 4566 proposition.

712 4579 823 4621 Tous
863 4581 922 4621 les
963 4582 1326 4632 renseignements
1366 4580 1529 4622 donnés
1571 4594 1643 4634 par
1688 4594 1795 4622 nous

658 4639 751 4671 sont
771 4636 964 4683 gratuits.

712 4710 767 4748 La
802 4714 1162 4765 correspondance
1202 4719 1262 4754 est
1299 4715 1490 4755 adressée
1523 4726 1623 4755 sous
1662 4727 1791 4756 enve¬

659 4758 780 4812 loppe
800 4766 1028 4816 ordinaire,
1052 4779 1149 4808 sans
1184 4779 1354 4808 aucune
1387 4768 1640 4820 inscription
1675 4768 1789 4811 exté¬

656 4815 796 4856 rieure
818 4824 936 4859 autre
957 4833 1040 4872 que
1064 4822 1259 4862 l’adresse
1282 4821 1333 4862 de
1355 4823 1392 4860 la
1418 4834 1639 4873 personne.

708 4887 783 4927 Les
816 4890 1006 4931 abonnés
1034 4894 1148 4932 seuls
1178 4899 1251 4932 ont
1282 4893 1392 4932 droit
1414 4895 1438 4932 à
1470 4906 1551 4933 une
1584 4894 1786 4934 insertion

656 4940 707 4979 de
736 4941 834 4993 cinq
868 4942 1016 4994 lignes,
1039 4946 1168 4997 qu’ils
1202 4946 1439 4999 rédigeront
1463 4948 1484 4987 à
1512 4947 1604 4988 leur
1635 4959 1790 4988 conve¬

655 5005 806 5035 nance.

707 5067 782 5107 Les
804 5068 1131 5120 photographies
1151 5079 1191 5111 et
1214 5079 1355 5114 autres
1390 5075 1528 5124 pièces
1558 5076 1742 5116 confiées
1764 5077 1786 5116 à

655 5119 695 5159 la
718 5119 874 5162 Maison
895 5128 990 5163 sont
1010 5124 1194 5164 rendues
1226 5138 1307 5167 aux
1343 5127 1568 5170 intéressés
1598 5132 1718 5180 après
1746 5130 1784 5171 la

651 5172 911 5215 célébration
934 5176 990 5216 du
1015 5178 1218 5228 mariage.

707 5250 784 5291 Les
806 5263 1031 5303 personnes
1050 5255 1127 5307 qui
1147 5261 1240 5294 sont
1261 5258 1489 5298 satisfaites
1508 5260 1560 5300 de
1588 5274 1663 5300 nos
1689 5274 1782 5300 ser¬

654 5304 765 5344 vices
787 5307 995 5346 voudront
1016 5306 1115 5348 bien
1130 5310 1465 5362 communiquer
1486 5320 1600 5352 notre
1615 5315 1783 5355 adresse

650 5359 674 5398 à
694 5358 810 5398 leurs
828 5359 954 5410 amis,
978 5367 1234 5411 promettant
1255 5363 1304 5403 de
1327 5363 1504 5415 remplir
1534 5366 1572 5405 le
1608 5366 1783 5408 mandat

651 5411 759 5463 qu’il
808 5424 916 5454 nous
963 5413 1220 5466 donneront,
1271 5429 1324 5458 au
1375 5418 1520 5458 mieux
1568 5419 1619 5459 de
1671 5420 1784 5462 leurs

651 5466 842 5507 intérêts.

703 5543 870 5584 Ouvert
908 5547 1006 5583 tous
1044 5542 1102 5585 les
1124 5546 1259 5599 jours
1290 5546 1343 5587 de
1375 5550 1405 5588 2
1430 5551 1456 5588 à
1479 5551 1504 5588 8
1527 5549 1686 5590 heures
1718 5551 1780 5591 du

643 5596 739 5636 soir
744 5610 754 5647 ,
776 5600 816 5636 et
839 5599 900 5638 les
920 5599 1178 5639 dimanches
1188 5600 1378 5655 jusqu’à
1399 5602 1516 5642 midi

684 5777 1124 5856 FORMALITÉS
1170 5786 1344 5853 POUR
1392 5789 1738 5856 MARIAGES

694 5967 771 6007 Les
819 5964 1107 6019 publications
1145 5964 1196 6004 de
1238 5964 1427 6014 mariage
1474 5965 1646 6006 doivent
1691 5967 1776 6008 être

642 6022 764 6062 faites
785 6022 808 6060 à
832 6023 872 6061 la
894 6019 1038 6060 Mairie
1058 6019 1166 6059 deux
1198 6018 1451 6059 dimanches
1472 6019 1522 6058 de
1543 6020 1654 6060 suite
1677 6025 1716 6060 et
1738 6021 1775 6061 le

640 6075 828 6125 mariage
871 6086 920 6114 ne
964 6079 1062 6124 peut
1103 6071 1223 6112 avoir
1258 6071 1344 6112 lieu
1387 6084 1470 6124 que
1508 6084 1610 6113 onze
1658 6072 1776 6124 jours

639 6130 781 6171 francs
800 6130 922 6180 après
946 6127 983 6167 la
1007 6128 1215 6178 première
1236 6124 1502 6175 publication
1519 6154 1524 6164 -

1946 591 1986 631 Si
2013 590 2048 632 le
2071 591 2276 632 domicile
2298 592 2403 632 n’est
2426 604 2498 642 pas
2531 592 2663 634 établi
2700 604 2774 644 par
2814 591 2875 631 six
2915 592 3026 632 mois

1860 678 1862 683 .
1892 644 1943 684 de
1966 646 2198 695 résidence,
2218 647 2276 686 les
2298 646 2586 696 publications
2602 647 2779 687 devront
2795 648 2882 687 être
2902 643 3027 685 faites

1892 700 1915 736 à
1956 699 1995 738 la
2036 699 2335 750 municipalité
2374 699 2431 738 du
2472 699 2642 741 dernier
2674 699 2878 741 domicile
2903 706 2942 739 et
2972 711 3023 739 en

1892 759 2012 791 outre
2051 766 2103 792 au
2144 753 2347 793 domicile
2380 752 2431 791 de
2464 764 2570 793 ceux
2597 766 2696 794 sous
2731 755 2768 793 la
2802 754 3024 806 puissance

1891 806 2090 858 desquels
2107 818 2152 847 se
2191 812 2388 846 trouvent
2426 804 2484 844 les
2515 808 2669 856 parties
2698 813 3020 848 contractantes.

1946 894 2088 936 Pièces
2108 898 2130 934 à
2152 895 2352 947 produire
2374 896 2396 934 à
2416 894 2456 933 la
2479 894 2622 934 Mairie
2640 907 2648 935 :

1951 984 1983 1022 1°
2015 984 2151 1024 L’acte
2171 985 2220 1024 de
2240 984 2459 1024 naissance
2476 983 2551 1023 des
2565 983 2675 1022 deux
2691 983 2832 1024 futurs
2846 985 3025 1025 dûment

1895 1036 2091 1086 légalisés
2114 1051 2124 1085 ;

1944 1103 1982 1140 2°
2004 1102 2058 1143 Le
2079 1110 2398 1144 consentement
2419 1103 2582 1144 notarié
2600 1102 2674 1142 des
2691 1102 2808 1152 pères
2828 1107 2868 1142 et
2888 1103 3026 1144 mères

1891 1155 1968 1207 qui
2010 1168 2059 1196 ne
2100 1164 2283 1208 peuvent
2327 1159 2360 1198 le
2395 1158 2559 1198 donner
2596 1156 2886 1196 verbalement
2923 1158 2946 1194 à
2987 1157 3026 1196 la

1893 1207 2038 1250 Mairie
2058 1222 2112 1250 au
2135 1219 2327 1252 moment
2347 1212 2396 1251 de
2420 1212 2540 1252 l’acte
2563 1211 2618 1250 du
2643 1208 2831 1259 mariage
2854 1222 2863 1259 ;

1945 1275 1983 1314 3°
2012 1275 2055 1316 Si
2076 1275 2116 1315 le
2136 1278 2234 1326 père
2255 1282 2295 1317 et
2318 1283 2356 1316 la
2379 1279 2494 1318 mère
2514 1283 2610 1319 sont
2638 1275 2832 1326 décédés,
2855 1286 2910 1314 ou
2937 1274 3025 1312 l’un

1891 1327 2031 1378 d’eux,
2055 1328 2086 1367 il
2106 1330 2196 1370 faut
2219 1331 2386 1371 fournir
2406 1331 2499 1371 leur
2519 1338 2610 1371 acte
2627 1330 2678 1370 de
2698 1329 2823 1371 décès
2842 1328 3026 1368 dûment

1896 1382 2068 1431 légalisé
2092 1396 2100 1434 ;
2118 1387 2123 1392 '

1946 1442 1983 1480 4°
2014 1443 2122 1484 Dans
2141 1443 2180 1483 le
2200 1456 2271 1486 cas
2291 1445 2342 1484 de
2362 1446 2484 1486 décès
2506 1447 2578 1486 des
2611 1447 2705 1496 père
2736 1451 2775 1485 et
2804 1446 2935 1494 mère,
2958 1443 3023 1483 s’il

1891 1496 2022 1537 existe
2063 1510 2120 1536 un
2159 1499 2413 1550 grand-père
2445 1512 2498 1539 ou
2541 1512 2623 1539 une
2651 1500 2936 1548 grand’mère,
2968 1510 3024 1538 ou

1891 1550 2047 1591 arrière
2087 1551 2343 1603 grand-père
2378 1559 2416 1591 et
2446 1554 2603 1592 arrière
2623 1553 2904 1604 grand'mère,
2930 1551 3025 1591 leur

1891 1610 2213 1644 consentement
2234 1613 2292 1645 est
2316 1607 2564 1648 nécessaire.

1946 1656 2054 1697 Pour
2088 1670 2147 1697 un
2176 1658 2351 1699 mineur
2374 1672 2382 1698 :

1950 1729 1982 1766 1°
2019 1728 2052 1767 Il
2094 1728 2186 1767 faut
2226 1728 2266 1768 la
2302 1731 2500 1779 présence
2537 1743 2592 1770 ou
2629 1730 2667 1770 le
2702 1736 3026 1771 consentement

1891 1781 2055 1821 notarié
2079 1782 2138 1820 du
2159 1787 2303 1822 tuteur
2322 1796 2331 1834 ;

1944 1839 1982 1879 2°
2014 1840 2100 1882 Une
2136 1842 2418 1883 délibération
2460 1843 2515 1883 du
2562 1843 2726 1884 Conseil
2766 1845 2815 1884 de
2856 1845 3024 1885 famille

1894 1892 2083 1946 lorsqu’il
2116 1895 2238 1945 s’agit
2271 1896 2372 1936 d’un
2407 1898 2603 1946 orphelin
2626 1899 2676 1938 de
2699 1900 2796 1949 père
2818 1904 2858 1938 et
2879 1911 2963 1951 que
2988 1900 3023 1939 la

1892 1950 2006 1987 mère
2026 1961 2080 1987 ou
2104 1948 2277 1990 l’aïeule
2299 1956 2392 1990 sont
2415 1951 2590 1991 tutrices
2612 1964 2623 2000 ;

1943 2002 2054 2041 Dans
2076 2014 2219 2042 aucun
2241 2015 2325 2052 cas,
2351 2015 2409 2042 un
2431 2002 2603 2043 mineur
2626 2015 2677 2042 ne
2700 2010 2801 2054 peut
2830 2009 3023 2044 contrac¬

1892 2062 1952 2095 ter
1972 2055 2162 2106 mariage
2184 2067 2280 2096 sans
2306 2057 2340 2095 le
2362 2062 2680 2098 consentement
2702 2057 2752 2097 de
2774 2068 2838 2098 ses
2858 2064 3026 2108 parents

1891 2122 1942 2147 ou
1970 2115 2148 2150 tuteurs.

1944 2162 1982 2200 5°
2015 2163 2090 2203 Les
2112 2163 2232 2203 veufs
2253 2164 2424 2206 doivent
2447 2167 2645 2218 produire
2668 2166 2788 2208 Pacte
2819 2167 2870 2207 de
2900 2166 3024 2208 décès

1894 2214 2067 2264 légalisé
2087 2218 2139 2258 de
2161 2218 2252 2258 leur
2272 2220 2464 2271 conjoint
2486 2222 2643 2260 décédé
2667 2233 2677 2270 ;

1943 2276 1980 2315 6°
2012 2276 2071 2316 Un
2111 2278 2315 2319 certificat
2354 2280 2404 2319 de
2446 2278 2468 2318 6
2508 2280 2618 2319 mois
2656 2280 2707 2318 de
2746 2280 2963 2321 résidence
3000 2283 3023 2320 à

1891 2330 2114 2380 Marseille,
2136 2331 2299 2372 délivré
2322 2344 2394 2382 par
2414 2332 2451 2373 le
2472 2332 2768 2372 commissaire
2794 2334 2844 2371 de
2872 2334 3022 2382 police,

1890 2395 1998 2432 pour
2018 2384 2078 2423 les
2100 2395 2327 2434 personnes
2346 2386 2423 2438 qui
2444 2386 2516 2439 n'y
2538 2391 2631 2426 sont
2655 2396 2726 2435 pas
2747 2386 2846 2426 nées
2867 2398 2876 2435 ;

1942 2442 1980 2479 7°
2000 2441 2060 2481 On
2081 2443 2169 2482 doit
2189 2443 2372 2492 justifier
2391 2447 2442 2484 de
2462 2458 2508 2487 sa
2529 2445 2757 2486 libération
2778 2446 2837 2484 du
2859 2445 3023 2486 service

1890 2494 2111 2542 militaire,
2134 2496 2212 2535 soit
2236 2510 2307 2548 par
2327 2510 2402 2539 son
2423 2500 2572 2550 congé,
2595 2500 2677 2539 soit
2699 2512 2771 2551 par
2802 2511 2862 2539 un
2894 2499 3022 2539 certi¬

1891 2547 1987 2586 ficat
2010 2547 2059 2587 de
2080 2548 2307 2591 libération
2332 2564 2342 2602 ;

1943 2606 1980 2645 8°
2010 2607 2068 2647 En
2090 2615 2211 2649 outre
2232 2610 2304 2651 des
2327 2612 2466 2660 pièces
2486 2614 2693 2652 énoncées
2715 2613 2942 2659 ci-dessus,
2963 2612 3024 2652 les

1889 2671 2120 2711 personnes
2140 2663 2357 2704 divorcées
2377 2664 2557 2704 devront
2578 2665 2776 2715 produire
2799 2676 2857 2704 un
2875 2665 3023 2704 extrait

1888 2716 1942 2752 du
1966 2714 2190 2764 jugement
2210 2716 2419 2769 ainsique
2438 2718 2558 2758 Pacte
2574 2719 2630 2758 du
2654 2719 2822 2758 divorce
2841 2719 3023 2758 dûment

1888 2768 2118 2818 enregistré
2140 2775 2179 2808 et
2204 2772 2395 2810 transcrit
2415 2774 2434 2810 à
2463 2771 2503 2811 la
2527 2771 2668 2811 Mairie
2692 2783 2700 2822 ;

1942 2827 1979 2866 9°
2011 2828 2191 2879 Lorsque
2232 2829 2292 2871 les
2334 2835 2499 2882 parents
2544 2831 2732 2871 refusent
2780 2831 2831 2871 de
2862 2831 3023 2872 donner

1888 2879 1983 2918 leur
2007 2889 2324 2924 consentement
2344 2896 2398 2923 au
2422 2886 2610 2935 mariage
2647 2884 2774 2924 d’une
2818 2897 3020 2935 personne

1890 2931 2094 2984 majeure,
2119 2935 2148 2974 il
2185 2943 2280 2986 peut
2322 2939 2408 2978 être
2444 2940 2565 2990 passé
2594 2946 2712 2979 outre
2735 2951 2787 2979 au
2812 2939 3016 2991 mariage,

1887 2988 2008 3036 après
2027 2988 2120 3028 leur
2138 2990 2256 3030 avoir
2278 2991 2355 3030 fait
2376 2992 2448 3032 des
2470 2999 2582 3032 actes
2603 2994 2655 3032 de
2676 3000 2836 3044 respect
2858 2993 3020 3034 variant

1887 3040 1936 3079 de
1960 3052 2015 3080 un
2039 3043 2062 3081 à
2084 3043 2184 3083 trois
2216 3051 2255 3083 et
2291 3047 2410 3086 s’être
2438 3047 2655 3087 conformé
2688 3059 2770 3087 aux
2808 3048 3018 3100 prescrip¬

1890 3094 1998 3135 tions
2018 3096 2091 3136 des
2110 3104 2186 3138 art.
2216 3098 2286 3139 144
2308 3106 2347 3139 et
2374 3100 2443 3139 154
2465 3100 2519 3140 du
2544 3100 2647 3140 code
2667 3101 2768 3140 civil
2794 3115 2803 3150 ;

1946 3150 2003 3187 10°
2033 3151 2143 3190 Pour
2165 3151 2202 3190 la
2222 3154 2420 3204 question
2438 3152 2512 3194 des
2531 3155 2795 3195 cérémonies
2816 3155 3016 3206 religieu¬

1883 3212 1962 3252 ses,
1986 3203 2399 3248 s’adresser-suivant
2430 3207 2467 3248 le
2498 3208 2612 3248 culte
2634 3210 2656 3248 à
2680 3207 2719 3249 la
2741 3210 2938 3262 paroisse,
2959 3223 3014 3252 au

1883 3256 2130 3299 consistoire
2151 3266 2380 3311 protestant
2400 3275 2455 3303 ou
2478 3274 2531 3305 au
2554 3264 2668 3304 culte
2691 3264 2888 3307 Israélite.

1936 3335 2107 3378 L'Office
2126 3339 2363 3391 Mondonet,
2383 3342 2419 3391 6,
2439 3343 2472 3381 B'
2476 3340 2482 3363 1
2494 3343 2544 3383 de
2560 3343 2598 3382 la
2618 3343 2891 3394 Magdeleine,
2915 3352 3012 3394 peut

1881 3400 1924 3428 se
1955 3389 2133 3440 charger
2167 3393 2217 3431 de
2251 3400 2388 3434 toutes
2423 3396 2480 3435 les
2510 3396 2748 3436 formalités
2785 3396 2936 3435 civiles
2973 3403 3014 3435 et

1882 3442 2130 3491 religieuses
2150 3446 2183 3484 si
2211 3446 2267 3487 les
2287 3447 2439 3487 clients
2462 3447 2522 3487 lui
2545 3450 2729 3488 confient
2751 3462 2796 3490 ce
2818 3448 2924 3490 soin,

1936 3495 2099 3538 L’office
2122 3499 2343 3540 Mondonet
2376 3514 2426 3542 ne
2459 3503 2614 3558 perçoit
2652 3503 2726 3546 des
2767 3504 3011 3547 honoraires

1876 3550 1972 3602 qu’a
1980 3554 2072 3602 près
2095 3552 2134 3594 la
2156 3555 2414 3596 célébration
2438 3556 2494 3599 du
2518 3558 2720 3610 mariage.

1983 3714 2533 3786 RENSEIGNEMENTS
2585 3710 2897 3785 GÉNÉRAUX

1873 3822 2219 3859 concernant
2256 3820 2334 3860 les
2367 3820 2602 3861 Veuves
2633 3823 3007 3874 pensionnées

1926 3967 2043 4004 Garni
2063 3967 2239 4004 nombre
2262 3966 2311 4003 de
2332 3966 2478 4005 dames
2498 3967 2706 4015 jouissant
2727 3968 2856 4007 d’une
2900 3980 3004 4018 pen¬

1872 4018 1964 4056 sion
1988 4018 2039 4058 de
2063 4016 2230 4058 retraite
2250 4029 2324 4068 par
2344 4018 2456 4058 suite
2476 4019 2534 4058 du
2556 4019 2679 4059 décès
2700 4019 2751 4059 de
2776 4020 2870 4060 leur
2898 4022 3007 4063 mari

1872 4076 1966 4111 sont
2005 4072 2259 4124 persuadées
2295 4070 2475 4124 qu’elles
2514 4071 2752 4123 perdraient
2786 4087 2855 4115 ces
2876 4075 3007 4118 droits

1872 4127 1894 4164 à
1916 4126 1955 4166 la
1975 4127 2146 4167 retraite
2175 4128 2207 4166 si
2246 4126 2348 4167 elles
2379 4127 2686 4168 contractaient
2720 4140 2803 4170 une
2824 4132 3003 4172 seconde

1874 4179 2022 4220 union.
2063 4180 2168 4220 C’est
2203 4192 2284 4220 une
2319 4179 2522 4231 profonde
2550 4194 2694 4222 erreur
2714 4183 2750 4222 si
2771 4195 2840 4224 ces
2860 4184 3006 4226 dames

1870 4239 1964 4272 sont
2002 4235 2282 4285 pensionnées
2318 4235 2368 4272 de
2408 4231 2528 4274 l’Etat
2552 4248 2560 4284 ;
2594 4247 2663 4275 car
2702 4243 2807 4276 cette
2828 4238 3002 4287 pension

1871 4287 1975 4327 n’est
2016 4299 2088 4338 pas
2130 4298 2211 4326 une
2252 4287 2417 4335 faveur,
2459 4289 2560 4328 c’est
2599 4300 2656 4328 un
2688 4289 2800 4328 droit
2825 4290 3007 4340 qu’elles

1872 4340 2064 4380 tiennent
2083 4352 2135 4379 en
2159 4344 2275 4380 vertu
2299 4340 2427 4382 d’une
2459 4340 2531 4380 loi.
2577 4342 2630 4380 La
2660 4340 2716 4380 loi
2737 4343 2795 4380 du
2818 4343 3005 4392 mariage

1869 4394 1986 4432 étant
2023 4391 2384 4432 essentiellement
2414 4392 2590 4443 morale,
2615 4404 2666 4432 ne
2707 4400 2806 4444 peut
2846 4395 3006 4436 édicter

1870 4447 1943 4486 des
1980 4446 2344 4498 empêchements,
2370 4446 2442 4485 des
2467 4446 2686 4487 obstacles;
2707 4458 2759 4487 au
2798 4448 3000 4501 mariage,

1868 4512 1938 4540 ces
1958 4500 2307 4551 empêchements
2339 4499 2524 4541 seraient
2563 4499 2804 4544 considérés
2834 4514 3002 4543 comme

1870 4554 2111 4595 immoraux
2133 4560 2171 4595 et
2195 4567 2268 4607 par
2288 4557 2551 4607 conséquent
2573 4555 2806 4596 contraires
2822 4556 2847 4596 à
2864 4555 2903 4596 la
2927 4558 2998 4599 loi.

1868 4610 1943 4648 Les
1984 4620 2142 4650 veuves
2180 4610 2498 4659 pensionnaires
2529 4610 2579 4650 de
2609 4610 2731 4651 l’Etat
2754 4623 2803 4651 ne
2826 4611 3000 4663 perdent

1866 4664 1974 4704 donc
2013 4663 2106 4703 leur
2146 4663 2320 4712 pension
2359 4664 2402 4702 ni
2432 4674 2510 4714 par
2551 4675 2608 4704 un
2648 4664 2818 4715 second,
2859 4668 2899 4705 ni
2942 4678 2999 4707 un

1868 4718 2083 4760 troisième
2107 4715 2308 4767 mariage.

1919 4774 1996 4814 Les
2018 4782 2174 4814 veuves
2196 4770 2476 4822 pensionnées
2497 4784 2570 4823 par
2594 4771 2656 4811 les
2684 4772 3000 4823 départements

1865 4834 2051 4879 peuvent
2087 4824 2228 4867 seules
2267 4823 2359 4864 voir
2395 4826 2638 4877 supprimer
2675 4832 2782 4867 cette
2823 4827 2998 4879 pension

1863 4894 1937 4931 par
1960 4893 2016 4921 un
2038 4883 2191 4922 second
2232 4880 2420 4928 mariage
2458 4880 2564 4920 dans
2596 4880 2779 4921 certains
2811 4894 2880 4922 cas
2902 4889 2940 4922 et
2962 4883 2997 4924 si

1862 4940 1968 4974 cette
2004 4936 2176 4986 pension
2215 4947 2238 4975 a
2268 4934 2334 4974 été
2363 4934 2564 4974 accordée
2586 4935 2608 4972 à
2634 4934 2726 4974 titre
2747 4935 2798 4974 de
2827 4947 2998 4976 secours

1864 4990 2130 5039 temporaire.

1915 5042 2151 5090 D'ailleurs,
2179 5042 2216 5080 le
2237 5043 2332 5082 titre
2353 5043 2403 5082 de
2427 5043 2600 5094 pension
2627 5047 2740 5094 porto
2761 5054 2812 5083 en
2834 5056 2991 5096 marge,

1859 5108 1912 5137 en
1938 5101 2072 5136 toutes
2096 5096 2250 5144 lettres,
2279 5108 2346 5136 ces
2367 5098 2566 5137 réserves.

1859 5282 2232 5383 OFFRES
2319 5280 2428 5384 DE
2507 5281 2988 5385 MARIAGES

2030 5475 2451 5522 DEMOISELLES
2488 5478 2554 5520 ET
2588 5478 2819 5521 VEUVES

1907 5607 1998 5649 406.
2021 5632 2071 5639 —
2098 5611 2255 5661 Veuve,
2296 5611 2346 5650 42
2379 5623 2467 5660 ans,
2495 5611 2664 5650 fortune
2704 5610 2824 5656 9,000
2846 5611 2896 5651 fr.
2934 5622 2986 5651 en

1853 5660 2028 5712 actions,
2052 5664 2291 5715 épouserait
2314 5666 2415 5715 petit
2435 5663 2592 5705 rentier
2612 5675 2664 5703 ou
2690 5663 2863 5704 artisan.

1904 5743 1995 5784 407.
2018 5770 2066 5776 —
2087 5748 2357 5798 Demoiselle,
2375 5750 2425 5789 46
2440 5760 2530 5798 ans,
2554 5748 2724 5788 fortune
2751 5747 2895 5798 12,000
2915 5746 2983 5798 fr.,

1854 5798 2065 5852 bâilleuse,
2088 5803 2330 5854 épouserait
2354 5815 2411 5842 un
2435 5801 2590 5843 marin.

1903 5882 1994 5922 412.
2018 5907 2066 5912 —
2101 5886 2256 5937 Veuve,
2296 5887 2346 5926 49
2387 5897 2479 5932 ans,
2515 5883 2762 5935 cuisinière,
2812 5886 2983 5927 fortune

1857 5935 1970 5984 1,500
1984 5935 2052 5986 fr.,
2067 5938 2306 5988 épouserait
2322 5951 2380 5980 un
2398 5939 2479 5979 bon
2498 5949 2671 5978 ouvrier
2691 5951 2743 5979 ou
2759 5939 2975 5992 employé.

1902 6018 1998 6057 413;-
2018 6042 2065 6048 ——
2095 6020 2364 6074 Demoiselle,
2406 6022 2455 6062 45
2496 6034 2586 6071 ans,
2640 6022 2828 6064 titulaire
2878 6023 2979 6064 d’un

1847 6071 2010 6112 bureau
2034 6070 2083 6115 de
2106 6075 2239 6127 tabac,
2283 6076 2523 6130 épouserait
2555 6075 2756 6131 employé
2786 6090 2840 6118 ou
2879 6076 2980 6127 petit

1848 6126 2018 6168 rentier.

3154 595 3244 635 418.
3276 619 3320 624 —
3361 594 3632 647 Demoiselle,
3668 599 3770 647 âgée
3803 602 3854 642 de
3876 604 3925 644 50
3946 618 4036 655 ans,
4061 606 4239 646 institu¬

3100 646 3203 687 trice
3236 650 3356 699 libre,
3398 658 3530 704 ayant
3570 664 3651 692 une
3687 652 3931 699 institution
3970 674 4072 702 avec
4110 674 4236 702 sous-

3100 703 3335 748 maîtresse.
3379 715 3512 756 gagne
3550 707 3670 753 2,000
3708 707 3758 748 fr.
3800 720 3872 759 par
3912 724 3980 763 an,
4023 715 4143 766 6,000
4184 718 4238 758 fr.

3099 752 3401 805 d’économies,
3420 759 3524 799 beau
3546 762 3760 810 mobilier,
3780 764 4017 814 épouserait
4036 772 4238 824 employé

3100 819 3156 846 ou
3179 807 3353 848 rentier.

3157 891 3247 933 431.
3279 915 3316 920 —
3340 892 3500 940 Veuve,
3524 898 3572 936 47
3595 911 3683 948 ans,
3707 903 3806 943 bien
3827 903 3986 952 élevée,
4008 906 4119 946 belle
4140 920 4236 958 per¬

3099 958 3248 995 sonne,
3275 947 3442 988 fortune
3467 948 3634 991 100.000
3660 955 3727 1003 fr.,
3751 958 3992 1010 épouserait
4022 959 4237 1003 Monsieur

3099 1012 3150 1039 en
3174 1008 3342 1053 rapport
3363 1002 3482 1051 d’âge
3504 1008 3544 1042 et
3565 1003 3615 1043 de
3637 1006 3820 1052 fortune.

3152 1084 3243 1128 435.
3271 1109 3310 1115 -
3340 1086 3610 1138 Demoiselle,
3654 1090 3702 1131 26
3735 1104 3826 1142 ans,
3864 1099 3960 1141 bien
3983 1102 4142 1152 élevée,
4168 1104 4235 1143 fa¬

3099 1139 3220 1179 mille
3262 1143 3342 1180 très
3386 1142 3632 1192 honorable,
3674 1146 3742 1184 dot
3780 1147 3927 1195 65,000
3951 1155 3987 1192 fr
4012 1188 4020 1203 ,
4055 1156 4236 1207 grandes

3099 1192 3348 1243 espérances
3364 1199 3486 1246 après
3506 1210 3571 1239 ses
3594 1207 3774 1250 parents,
3798 1202 4038 1252 épouserait
4055 1211 4232 1260 notaire,

3100 1248 3251 1293 avoué,
3292 1250 3494 1303 employé
3533 1252 3590 1292 du
3629 1266 3968 1304 gouvernement
4007 1275 4107 1304 avec
4129 1266 4236 1306 bons

3099 1303 3460 1347 appointements.

3152 1378 3228 1421 435
3250 1383 3331 1424 bis.
3355 1408 3403 1415 —
3446 1388 3715 1443 Demoiselle,
3746 1395 3795 1436 20
3818 1407 3907 1443 ans,
3940 1396 4028 1435 fille
4052 1402 4214 1453 unique

3100 1433 3200 1472 bien
3239 1435 3398 1487 élevée,
3435 1440 3552 1492 jolie,
3598 1444 3668 1484 dot
3723 1448 3891 1494 100,000
3931 1451 4003 1499 fr.,
4055 1458 4235 1500 grandes

3100 1489 3362 1539 espérances,
3415 1494 3654 1544 épouserait
3702 1502 3916 1544 Monsieur
3962 1519 4013 1546 en
4065 1516 4236 1558 rapport

3099 1542 3234 1593 d’âge,
3257 1543 3282 1582 d
3300 1544 3526 1586 éducation
3550 1556 3588 1587 et
3619 1551 3670 1592 de
3691 1554 3862 1598 fortune
3884 1571 3936 1598 ou
3962 1559 4162 1606 employé
4184 1562 4234 1602 de

3103 1582 3236 1642 l'Etal.
4112 1585 4128 1612 J

3152 1682 3243 1723 436.
3270 1708 3319 1714 —
3340 1686 3611 1735 Demoiselle,
3628 1686 3678 1727 22
3694 1701 3784 1738 ans,
3808 1691 3926 1743 jolie,
3952 1698 4049 1738 bien
4072 1699 4232 1750 élevée,

3099 1734 3170 1772 dot
3192 1737 3312 1784 5,000
3332 1739 3385 1780 fr.
3425 1741 3476 1781 de
3514 1746 3665 1792 rentes,
3689 1744 3929 1794 épouserait
3951 1750 4163 1794 Monsieur
4179 1767 4232 1795 en

3098 1798 3267 1840 rapport
3287 1791 3407 1846 d’âge
3431 1801 3470 1834 et
3493 1796 3543 1835 de
3566 1795 3751 1839 fortune.

3151 1873 3242 1916 441.
3263 1899 3311 1906 —
3327 1876 3595 1930 Demoiselle,
3611 1882 3660 1922 34
3676 1896 3767 1936 ans,
3786 1884 3954 1927 fortune
3970 1886 4144 1935 900,000
4164 1892 4232 1939 fr.,

3100 1930 3339 1978 épouserait
3363 1931 3576 1974 Monsieur
3603 1947 3654 1975 en
3680 1947 3847 1990 rapport
3871 1941 4006 1992 d’âge,
4030 1951 4158 1995 ayant
4184 1944 4234 1983 de

3099 1981 3123 2018 2
3143 1983 3167 2019 à
3190 1982 3363 2031 300,000
3383 1986 3420 2023 fr
3443 2018 3451 2034 ,
3490 1988 3716 2031 donnerait
3738 1993 3776 2031 la
3799 1995 4041 2043 préférence
4063 1999 4088 2037 à
4110 1998 4228 2038 Mon¬

3099 2032 3215 2072 sieur
3232 2041 3364 2086 ayant
3389 2048 3444 2076 un
3468 2040 3563 2078 titre
3587 2042 3844 2084 nobiiliaire.

3152 2114 3243 2158 442.
3275 2140 3318 2147 —
3350 2118 3503 2171 Veuve,
3546 2134 3642 2163 sans
3679 2124 3862 2173 enfants,
3904 2128 3954 2169 40
3994 2143 4083 2179 ans,
4123 2134 4234 2175 belle

3100 2182 3320 2223 personne,
3352 2174 3522 2217 fortune
3552 2178 3699 2228 50,000
3733 2180 3799 2230 fr.,
3843 2182 4084 2232 épouserait
4112 2186 4235 2224 Mon¬

3097 2226 3212 2266 sieur
3234 2239 3287 2267 en
3310 2236 3474 2279 rapport
3495 2232 3614 2283 d’âge
3635 2240 3676 2274 et
3698 2234 3872 2276 d’avoir.

3151 2303 3242 2344 443-
3267 2328 3316 2334 —
3356 2307 3624 2359 Demoiselle,
3659 2311 3708 2351 22
3743 2326 3834 2363 ans,
3863 2316 3974 2358 belle
4007 2331 4231 2371 personne,

3098 2354 3168 2392 dot
3188 2356 3363 2406 200,000
3383 2360 3452 2411 fr.,
3476 2364 3715 2414 épouserait
3736 2367 3899 2408 notaire
3920 2384 3972 2411 ou
3998 2376 4150 2415 avoué.

3151 2442 3242 2483 444.
3281 2468 3308 2472 -
3339 2446 3605 2499 Demoiselle,
3631 2454 3676 2492 21
3698 2468 3788 2507 ans,
3817 2458 3886 2498 dot
3931 2460 4073 2506 12,000
4094 2466 4144 2507 fr.
4181 2467 4231 2507 de

3097 2503 3248 2548 rentes,
3282 2500 3521 2551 épouserait
3546 2503 3754 2547 Monsieur
3775 2523 3826 2550 en
3850 2520 4020 2566 rapport
4048 2518 4167 2567 d’âge
4189 2528 4228 2562 et

3098 2550 3148 2590 de
3172 2551 3354 2594 fortune.

3150 2641 3240 2682 445.
3272 2666 3314 2671 —
3354 2643 3621 2698 Demoiselle,
3660 2648 3708 2688 24
3746 2662 3835 2702 ans,
3876 2655 3947 2696 dot
3980 2661 4126 2708 50,000
4156 2665 4203 2705 fr.

3097 2695 3335 2744 épouseiait
3375 2699 3587 2739 Monsieur
3619 2711 3749 2755 ayant
3786 2706 3966 2758 position
3998 2720 4036 2751 et
4061 2716 4226 2759 fortune

3096 2747 3384 2799 équivalente.

3148 2831 3240 2874 -459.
3265 2859 3310 2864 —
3335 2835 3603 2888 Demoiselle,
3624 2841 3675 2883 26
3696 2856 3784 2894 ans,
3805 2847 3924 2898 jolie,
3943 2851 4040 2893 bien
4063 2851 4223 2903 élevée,

3099 2887 3242 2934 20.000
3264 2890 3312 2928 lr.
3356 2891 3407 2930 de
3447 2892 3518 2931 dot
3543 2899 3586 2932 et
3619 2900 3880 2950 espérances,
3904 2905 4143 2955 épouserait,
4165 2920 4224 2949 un

3094 2949 3384 2996 commerçant
3407 2944 3504 2985 bien
3527 2947 3673 2987 établi.

3146 3024 3223 3066 462
3263 3051 3310 3055 —
3331 3028 3598 3076 Demoiselle,
3623 3033 3672 3073 24
3692 3047 3784 3084 ans,
3811 3038 3980 3080 fortune
4003 3044 4122 3087 3,000
4146 3047 4216 3088 fr..

3094 3079 3200 3120 beau
3242 3087 3471 3131 trousseau,
3502 3087 3647 3126 avenir
3667 3088 3718 3128 de
3739 3102 3803 3130 ses
3828 3102 4011 3144 parents,
4034 3099 4218 3147 épouse¬

3095 3134 3169 3172 rait
3191 3146 3346 3190 garçon
3368 3138 3418 3178 de
3439 3140 3530 3182 café
3550 3154 3604 3182 ou
3625 3144 3731 3194 petit
3753 3146 3924 3189 rentier.

3142 3219 3217 3261 464
3234 3219 3314 3263 bis.
3322 3246 3370 3250 —
3390 3222 3546 3276 Veuve,
3567 3229 3668 3278 âgée
3690 3230 3739 3270 de
3762 3231 3810 3271 47
3832 3246 3922 3285 ans,
3942 3235 4039 3276 bien
4062 3237 4220 3288 élevée,

3092 3275 3311 3324 possédant
3354 3278 3520 3329 120,000
3564 3282 3614 3322 fr.
3654 3295 3706 3323 en
3747 3286 3934 3335 valeurs,
3976 3292 4222 3338 épouserait

3091 3328 3301 3370 Monsieur
3339 3344 3391 3371 ou
3435 3335 3592 3375 rentier
3631 3343 3760 3386 ayant
3783 3338 3903 3384 3,000
3926 3339 3977 3379 fr.
4003 3340 4053 3378 de
4076 3348 4220 3381 rentes

3086 3392 3139 3418 au
3165 3384 3306 3420 moins
3323 3390 3364 3422 et
3386 3395 3436 3423 en
3462 3391 3631 3436 rapport
3651 3387 3785 3438 d'âge.

3138 3462 3228 3506 465.
3260 3488 3299 3494 -
3327 3464 3483 3519 Veuve,
3515 3471 3618 3520 âgée
3658 3470 3708 3512 de
3748 3472 3798 3512 38
3835 3487 3926 3527 ans,
3968 3479 4080 3520 belle
4124 3493 4216 3531 per¬

3084 3530 3228 3571 sonne,
3252 3521 3348 3562 bien
3391 3522 3550 3572 élevée,
3579 3525 3750 3568 fortune
3772 3531 3963 3579 présente
3992 3534 4139 3583 30,000
4163 3536 4213 3576 fr.

3084 3579 3124 3614 et
3143 3576 3406 3626 espérances,
3429 3579 3670 3627 épouserait
3704 3582 3916 3621 Monsieur
3954 3596 4004 3622 en
4048 3595 4218 3636 rapport

3083 3626 3216 3676 d’âge,
3240 3634 3371 3678 ayant
3391 3631 3523 3679 avoir,
3547 3631 3751 3683 employé
3773 3646 3826 3672 ou
3850 3634 4020 3676 rentier.

3135 3708 3226 3751 468.
3262 3735 3308 3740 —
3351 3712 3620 3766 Demoiselle,
3644 3715 3691 3757 23
3715 3730 3804 3768 ans,
3843 3718 3938 3761 bien
3962 3720 4120 3774 élevée,
4162 3726 4212 3767 de

3082 3764 3220 3807 bonne
3237 3766 3602 3815 famille,fortune
3620 3774 3884 3822 personnelle
3904 3776 4050 3826 22,000
4072 3778 4144 3827 fr.,
4164 3782 4215 3820 de

3080 3830 3146 3858 ses
3182 3827 3349 3869 parents
3395 3822 3561 3868 100,000
3601 3824 3669 3873 fr.,
3710 3828 3952 3876 épouserait
4000 3831 4215 3874 Monsieur

3083 3871 3180 3908 bien
3202 3871 3338 3919 élevé,
3378 3880 3509 3923 ayant
3531 3876 3670 3915 bonne
3694 3879 3876 3926 position
3914 3893 3966 3919 ou
3991 3885 4211 3937 employé,

3082 3932 3132 3959 en
3159 3928 3330 3972 rapport
3351 3922 3486 3975 d’âge.

3134 4008 3224 4052 469.
3260 4036 3295 4040 -
3343 4012 3608 4066 Demoiselle,
3632 4017 3683 4058 28
3704 4031 3795 4072 ans,
3820 4022 3903 4063 très
3928 4023 4026 4064 bien
4051 4023 4211 4078 élevée,

3083 4063 3250 4107 fortune
3290 4068 3437 4114 90,000
3486 4070 3555 4120 fr.,
3600 4072 3845 4124 épouserait
3899 4088 4211 4132 commerçant,

3080 4126 3211 4171 ayant
3235 4122 3343 4162 belle
3364 4122 3570 4164 situation
3603 4139 3658 4167 ou
3699 4130 3899 4183 employé
3922 4133 3972 4174 de
3995 4123 4132 4187 l’Etal,
4159 4147 4211 4175 en

3080 4182 3250 4224 rapport
3271 4176 3404 4226 d’âge.

3132 4260 3223 4302 475.
3257 4286 3295 4290 —
3336 4263 3606 4315 Demoiselle,
3638 4269 3684 4307 27
3727 4282 3816 4318 ans,
3858 4275 4098 4330 orpheline,
4140 4282 4213 4321 dot

3080 4314 3226 4363 70.000
3263 4316 3332 4364 fr.,
3375 4317 3475 4358 bien
3518 4319 3676 4367 élevée,
3719 4323 3958 4371 épouserait
3995 4328 4215 4371 Monsieur

3078 4375 3208 4418 ayant
3231 4370 3411 4419 position
3435 4376 3475 4411 et
3495 4383 3548 4411 en
3572 4382 3739 4424 rapport
3759 4375 3878 4427 d’âge
3901 4384 3940 4418 et
3962 4380 4140 4424 d’avoir.

3131 4455 3221 4498 479.
3248 4480 3292 4486 —
3319 4458 3475 4508 Veuve,
3516 4463 3616 4511 âgée
3655 4463 3704 4504 de
3743 4464 3794 4506 46
3828 4479 3918 4516 ans,
3954 4478 4086 4523 ayant
4126 4487 4211 4516 une

3078 4508 3311 4559 profession
3335 4513 3414 4551 très
3439 4512 3643 4555 lucrative
3664 4526 3704 4557 et
3729 4520 3836 4560 belle
3858 4522 4070 4576 clientèle,
4104 4529 4211 4568 éco¬

3078 4564 3243 4606 nomies
3280 4564 3420 4611 14,000
3450 4567 3518 4618 fr.,
3560 4569 3666 4611 beau
3709 4574 3921 4627 mobilier,
3962 4580 4208 4630 épouserait

3075 4622 3275 4672 employé
3296 4632 3350 4660 ou
3375 4622 3546 4663 rentier.

3127 4710 3216 4751 482.
3240 4734 3290 4740 —
3330 4710 3487 4760 Veuve,
3510 4726 3608 4755 sans
3627 4716 3811 4768 enfants,
3835 4722 3935 4770 âgée
3958 4720 4008 4762 de
4031 4722 4079 4762 47
4111 4735 4205 4776 ans,

3075 4763 3244 4804 fortune
3279 4766 3424 4814 80,000
3460 4767 3509 4807 fr.
3547 4780 3598 4807 en
3639 4770 3915 4823 immeubles,
3959 4776 4205 4828 épouserait

3074 4817 3288 4859 Monsieur
3306 4831 3358 4858 en
3381 4827 3546 4872 rapport
3567 4821 3685 4876 d’âge
3707 4831 3748 4864 et
3766 4826 3940 4873 d’avoir.

3124 4907 3198 4947 48è
3223 4908 3303 4951 lus.
3335 4934 3375 4940 —
3403 4911 3672 4966 Demoiselle,
3706 4919 3866 4961 femme
3896 4923 3947 4963 de
3978 4924 4200 4973 chambre,

3074 4962 3120 5001 28
3142 4973 3232 5015 ans,
3255 4971 3383 5016 ayant
3406 4968 3524 5016 7,000
3544 4970 3595 5011 fr.
3632 4971 3932 5026 d’économies,
3958 4978 4203 5028 épouserait

3072 5016 3174 5068 petit
3195 5020 3395 5071 employé
3416 5036 3468 5062 ou
3492 5025 3676 5077 ouvrier,
3711 5039 3868 5082 garçon
3889 5031 3941 5069 de
3963 5030 4073 5078 café,
4097 5042 4201 5071 avec

3069 5070 3203 5115 avoir.

3120 5162 3211 5204 485.
3239 5188 3282 5192 —
3311 5164 3463 5218 Veuve,
3504 5181 3602 5210 sans
3622 5170 3804 5216 enfants,
3840 5171 3940 5220 âgée
3959 5171 4010 5214 de
4034 5175 4082 5215 60
4104 5188 4196 5227 ans,

3067 5216 3236 5259 fortune
3278 5219 3394 5269 4,500
3431 5222 3499 5269 fr.,
3522 5222 3760 5272 épouserait
3798 5226 3896 5274 petit
3943 5228 4101 5270 rentier
4143 5243 4198 5270 ou

3068 5271 3280 5312 Monsieur
3299 5286 3352 5311 en
3374 5280 3542 5324 rapport
3562 5275 3696 5327 d'âge,
3720 5288 3821 5319 avec
3845 5281 4045 5331 position.

3118 5358 3207 5399 495.
3230 5383 3275 5388 —
3300 5360 3568 5413 Demoiselle,
3598 5363 3641 5406 19
3679 5379 3768 5418 ans,
3802 5368 3902 5410 bien
3942 5368 4102 5414 élevée,
4126 5368 4200 5410 dot

3064 5412 3211 5463 80.000
3231 5415 3299 5462 fr.,
3323 5415 3570 5465 espérances
3591 5420 3642 5459 de
3659 5434 3724 5462 ses
3740 5427 3910 5474 parents
3931 5420 4104 5468 300,000
4124 5423 4196 5475 fr.,

3064 5468 3304 5518 épouserait
3338 5469 3536 5524 employé
3556 5474 3607 5514 de
3632 5475 3750 5514 l’Etat
3771 5478 3902 5523 ayant
3925 5471 4034 5513 belle
4055 5474 4197 5520 situa¬

3066 5522 3167 5570 tion,
3187 5534 3243 5560 ou
3282 5522 3493 5566 Monsieur
3511 5534 3643 5579 ayant
3671 5526 3839 5574 150,000
3859 5523 3927 5575 fr.,
3949 5538 4000 5567 en
4023 5539 4198 5584 rapport

3063 5574 3195 5622 d’âge.

3115 5662 3204 5707 496.
3222 5690 3272 5696 —
3293 5668 3562 5715 Demoiselle,
3602 5667 3651 5705 25
3691 5676 3780 5716 ans,
3823 5671 4062 5726 orpheline,
4095 5675 4193 5718 bien

3060 5716 3219 5771 élevée,
3264 5722 3335 5761 dot
3379 5722 3553 5762 200.000
3607 5719 3675 5767 fr.,
3726 5720 3963 5772 épouserait
4009 5730 4190 5780 notaire,

3059 5774 3208 5825 avoué,
3234 5779 3382 5815 avocat
3419 5772 3635 5820 distingué
3672 5786 3725 5814 ou
3768 5782 3982 5835 employé,
4012 5784 4112 5823 chef
4141 5786 4191 5823 de

3058 5827 3216 5868 service
3238 5828 3369 5867 d’une
3387 5823 3728 5871 administration
3752 5831 3802 5874 de
3827 5835 3963 5878 l’Etat,

3110 5916 3202 5955 497.
3229 5938 3271 5942 —
3309 5914 3578 5962 Demoiselle,
3607 5921 3707 5971 âgée
3727 5924 3776 5963 de
3797 5924 3846 5964 28
3867 5935 3956 5968 ans,
3979 5922 4122 5970 pieuse
4144 5930 4183 5964 et

3056 5964 3306 6014 charitable,
3337 5974 3467 6018 ayant
3514 5971 3723 6020 1,100,000
3745 5978 3796 6016 fr.
3817 5978 3868 6014 de
3890 5975 3975 6023 dot,
3999 5974 4180 6026 épouse¬

3056 6020 3136 6058 rait
3170 6018 3395 6071 Monsieur,
3418 6024 3599 6075 sérieux,
3622 6029 3687 6069 bel
3717 6031 3908 6074 homme,
3935 6027 4180 6084 honorable,

3056 6072 3155 6111 bien
3175 6071 3307 6126 élevé,
3331 6085 3459 6128 ayant
3498 6091 3552 6122 au
3582 6083 3722 6123 moins
3744 6079 3918 6127 300,000
3942 6082 3994 6126 fr.
4018 6086 4068 6127 de
4090 6087 4182 6128 for¬

3056 6130 3174 6166 tune.
