4728 7228
2014 650 2095 704 LË
2134 650 2287 704 LIEN
2324 655 2409 702 DU
2450 641 2755 701 MARIAGE

670 842 762 882 581.
787 864 835 870 —
866 840 1072 887 Boucher,
1114 838 1354 877 richement
1380 833 1527 881 établi,
1567 832 1617 871 27
1655 842 1744 875 ans,

616 895 683 935 fils
707 895 884 947 unique,
910 898 1076 945 parents
1106 891 1259 939 riches,
1302 886 1543 940 épouserait
1574 884 1746 926 demoi¬

615 949 718 989 selle
740 948 838 988 bien
860 947 1019 996 élevée,
1044 944 1266 996 possédant
1289 943 1430 992 10,000
1451 942 1499 981 fr.

670 1022 761 1062 587.
794 1043 844 1050 —
884 1020 1010 1068 Veuf,
1052 1019 1099 1058 37
1146 1028 1236 1067 ans,
1278 1016 1448 1056 fortune
1492 1014 1635 1060 18,000
1674 1012 1712 1051 fr
1737 1044 1746 1062 ,

615 1082 747 1126 ayant
767 1085 1007 1114 commerce
1026 1072 1237 1122 prospère,
1262 1075 1430 1120 rapport
1468 1068 1519 1106 de
1550 1067 1671 1107 6.000
1692 1066 1746 1106 fr.

615 1140 692 1179 par
711 1139 781 1176 an,
802 1126 1044 1178 épouserait
1064 1136 1196 1163 veuve
1219 1123 1317 1163 bien
1334 1122 1495 1171 élevée,
1511 1132 1612 1160 avec
1630 1119 1750 1159 avoir

617 1189 668 1221 de
688 1182 836 1231 20,000
858 1180 1014 1220 francs.

671 1258 762 1299 594.
786 1280 836 1286 —
857 1255 1124 1302 Célibataire,
1147 1254 1197 1293 28
1218 1264 1310 1304 ans,
1333 1252 1504 1292 fortune
1524 1251 1672 1300 20,000
1695 1251 1747 1290 fr.

615 1316 748 1363 ayant
766 1322 1007 1351 commerce
1028 1307 1132 1348 d’un
1154 1312 1320 1359 rapport
1342 1305 1500 1346 annuel
1536 1304 1587 1343 de
1627 1304 1750 1354 4,000

620 1366 687 1414 fr.,
711 1363 810 1415 plus
844 1376 926 1403 une
964 1369 1086 1403 autre
1126 1361 1291 1399 maison
1331 1371 1384 1399 en
1423 1358 1655 1409 Amérique
1687 1356 1750 1395 lui

618 1423 862 1468 rapportant
888 1417 1002 1466 1,500
1028 1415 1095 1463 fr.,
1118 1412 1359 1466 épouserait
1377 1410 1628 1452 demoiselle
1650 1422 1750 1450 avec

617 1472 689 1511 dot
710 1471 761 1510 de
785 1471 934 1518 20,000
958 1471 1113 1508 lianes.

671 1542 761 1582 596.
786 1538 1123 1589 —Célibataire,
1146 1538 1195 1580 54
1216 1550 1307 1586 ans,
1332 1537 1502 1576 fortune
1526 1535 1673 1586 60,000
1695 1535 1747 1574 fr.

618 1596 859 1646 épouserait
903 1592 1159 1634 demoiselle
1207 1604 1262 1631 ou
1311 1603 1476 1638 veuve,
1530 1588 1754 1639 possédant

619 1648 767 1698 30.000
788 1648 946 1688 francs.

674 1720 764 1762 599.
788 1743 839 1750 —
860 1720 1027 1759 Officier
1047 1730 1099 1758 en
1130 1716 1316 1764 activité,
1356 1716 1406 1755 36
1446 1726 1536 1763 ans,
1580 1715 1754 1754 fortune

620 1772 887 1824 personnelle
927 1772 1074 1821 30,000
1112 1770 1186 1822 fr.,
1226 1769 1468 1822 épouserait
1502 1766 1754 1807 demoiselle

619 1834 751 1879 ayant
768 1828 839 1867 dot
858 1827 908 1867 de
930 1826 1078 1876 80,000
1100 1824 1152 1864 fr.

674 1899 764 1939 601.
792 1919 839 1927 —
866 1897 1134 1945 Célibataire,
1155 1896 1204 1934 38
1224 1906 1314 1944 ans,
1352 1899 1484 1946 ayant
1522 1892 1755 1943 profession

620 1952 723 1992 d’un
747 1956 919 2003 rapport
940 1948 1101 1990 annuel
1140 1949 1191 1988 de
1231 1948 1351 1999 5,000
1391 1947 1463 1998 fr.,
1499 1946 1670 1986 fortune
1704 1946 1755 1986 de

621 2006 767 2054 35.000
787 2006 859 2055 fr.,
881 2003 1122 2056 épouserait
1140 2002 1391 2042 demoiselle
1413 2012 1515 2041 avec
1531 1999 1678 2050 40,000
1700 1999 1752 2039 fr.

676 2076 766 2116 606.
800 2096 853 2104 —
899 2074 1166 2122 Célibataire,
1207 2073 1258 2114 25
1306 2084 1396 2122 ans,
1439 2071 1658 2122 disposant
1705 2072 1756 2111 de

623 2130 771 2179 25.000
792 2130 862 2179 fr.,
886 2136 924 2169 et
945 2130 1195 2180 espérances
1216 2127 1363 2176 30,000
1379 2127 1451 2175 fr.,
1472 2126 1610 2165 désire
1626 2126 1756 2175 épou¬

623 2195 690 2223 ser
710 2183 958 2223 demoiselle
979 2187 1110 2234 ayant
1142 2180 1251 2220 belle
1291 2179 1500 2220 situation
1536 2190 1756 2218 commer¬

623 2238 732 2278 ciale
763 2248 771 2282 ;
814 2236 846 2276 il
882 2235 1138 2288 apporterait
1174 2234 1235 2274 les
1272 2234 1420 2284 25,000
1460 2231 1514 2272 fr.
1562 2233 1667 2272 dans
1718 2231 1756 2271 la

623 2290 791 2330 maison
812 2291 864 2330 de
887 2300 1142 2330 commerce.

676 2362 767 2403 608.
787 2383 836 2391 —
858 2360 1124 2408 Célibataire,
1142 2360 1192 2399 25
1209 2371 1299 2410 ans,
1318 2357 1522 2409 employé
1543 2356 1594 2396 de
1617 2358 1755 2406 l’Etat,

622 2414 863 2466 épouserait
903 2412 1151 2455 demoiselle
1192 2424 1247 2451 ou
1299 2415 1438 2451 Veuve
1487 2422 1536 2450 en
1591 2418 1758 2462 rapport

624 2469 759 2519 d’âge,
781 2474 914 2520 ayant
936 2467 1083 2508 15.000
1103 2466 1158 2507 fr.

680 2547 771 2586 611.
799 2568 844 2574 —
865 2545 1131 2594 Célibataire,
1172 2544 1220 2583 30
1260 2555 1352 2592 ans,
1392 2554 1548 2594 garçon
1583 2542 1758 2592 d’hôtel,

626 2606 758 2651 ayant
778 2599 895 2639 avoir
916 2598 1035 2638 6.000
1060 2598 1127 2646 fr.,
1151 2596 1394 2647 épouserait
1431 2594 1680 2635 demoiselle
1704 2608 1756 2634 ou

626 2664 764 2692 veuve
786 2653 1010 2703 possédant
1030 2650 1151 2691 4.000
1171 2650 1242 2700 fr.,
1264 2663 1374 2702 pour
1395 2654 1563 2689 monter
1583 2648 1759 2699 pension

628 2706 892 2756 bourgeoise.

682 2771 772 2812 612.
796 2794 846 2799 —
887 2768 1008 2820 Veuf,
1032 2770 1224 2818 docteur,
1248 2768 1471 2820 possédant
1496 2768 1666 2808 100.000
1688 2767 1759 2816 fr.,

627 2825 703 2874 âgé
723 2824 774 2864 de
796 2824 846 2864 55
867 2835 956 2873 ans,
982 2823 1223 2875 épouserait
1244 2834 1378 2862 veuve
1399 2823 1450 2861 de
1469 2821 1518 2861 30
1538 2823 1560 2860 à
1591 2822 1642 2859 50
1666 2832 1759 2871 ans,

628 2878 728 2919 bien
749 2876 907 2927 élevée,
931 2882 1063 2929 ayant
1083 2875 1271 2928 quelque
1292 2875 1426 2915 avoir.

683 2962 774 3000 618.
823 2983 866 2994 —
916 2959 1048 3008 Veuf,
1099 2971 1196 3000 sans
1243 2959 1404 3007 enfant,
1456 2959 1759 3008 représentant,

630 3020 815 3064 gagnant
836 3014 956 3055 8.000
991 3014 1044 3054 fr.
1082 3025 1155 3063 par
1174 3023 1244 3062 an,
1267 3012 1404 3052 désire
1425 3013 1604 3064 épouser
1627 3023 1762 3050 veuve

630 3079 683 3107 ou
704 3067 955 3108 demoiselle
976 3079 1027 3107 en
1051 3072 1219 3118 rapport
1240 3066 1359 3115 d’âge
1382 3078 1434 3104 ou
1467 3066 1691 3104 au-dessus
1711 3064 1762 3103 de

628 3120 679 3160 40
699 3132 791 3171 ans,
816 3120 1038 3172 possédant
1059 3120 1207 3160 20.000
1227 3119 1283 3158 fr.

683 3191 758 3231 622
795 3213 847 3220 —
867 3190 1135 3239 Célibataire,
1158 3190 1207 3230 26
1230 3202 1322 3239 ans,
1346 3190 1516 3230 fortune
1538 3188 1684 3228 40.000
1707 3187 1760 3228 fr.

627 3242 905 3294 immeubles,
928 3243 1169 3295 épouserait
1190 3242 1443 3283 demoiselle
1466 3247 1598 3294 ayant
1619 3242 1762 3280 bonne

627 3298 832 3338 situation
854 3296 1157 3338 commerciale
1178 3308 1234 3336 ou
1256 3296 1426 3336 fortune
1447 3295 1498 3335 de
1519 3295 1667 3336 80.000
1707 3294 1760 3336 fr.

683 3375 775 3415 622.
799 3395 850 3403 —
879 3375 1147 3423 Célibataire,
1183 3374 1234 3414 26
1267 3386 1359 3422 ans,
1391 3374 1682 3424 représentant
1711 3372 1764 3412 de

627 3439 886 3479 commerce,
927 3428 1098 3468 fortune
1137 3427 1286 3468 40.000
1327 3427 1379 3468 fr.
1420 3438 1474 3467 en
1512 3426 1762 3478 propriétés,

628 3488 814 3534 gagnant
852 3483 972 3523 4.000
1004 3482 1075 3530 fr.,
1115 3480 1254 3522 désire
1295 3482 1475 3531 épouser
1512 3479 1763 3519 demoiselle

628 3535 843 3587 disposant
864 3536 915 3575 de
939 3535 1108 3575 100.000
1130 3534 1181 3575 fr.

683 3614 774 3654 625.
799 3636 847 3643 —
886 3611 996 3652 Veuf
1035 3624 1132 3652 sans
1170 3612 1354 3660 enfants,
1394 3611 1470 3660 âgé
1503 3610 1554 3649 de
1587 3611 1636 3650 50
1670 3622 1760 3656 ans,

628 3677 763 3716 gagne
802 3666 946 3707 10.000
967 3666 1019 3707 fr.
1056 3676 1130 3717 par
1162 3676 1216 3704 an
1248 3676 1416 3706 comme
1458 3664 1760 3714 représentant,

630 3719 726 3770 plus
746 3719 918 3760 fortune
941 3718 1222 3771 personnelle,
1250 3718 1386 3759 désire
1407 3719 1587 3768 épouser
1607 3728 1759 3767 veuve,

628 3774 772 3814 même
795 3772 890 3824 plus
910 3775 1027 3824 âgée,
1053 3772 1277 3823 possédant
1298 3771 1474 3811 200.000
1495 3770 1547 3810 fr.

683 3870 774 3910 627.
798 3891 843 3899 —
884 3867 1152 3918 Célibataire,
1190 3866 1387 3916 horloger
1415 3866 1560 3915 établi,
1590 3867 1639 3906 30
1670 3878 1760 3915 ans,

628 3920 798 3962 fortune
844 3921 987 3963 15.000
1027 3922 1104 3969 fr.,
1143 3920 1384 3972 épouserait
1423 3918 1672 3960 demoiselle
1708 3930 1762 3959 en

628 3980 799 4028 rapport
820 3976 939 4027 d’âge
960 3987 1060 4016 avec
1083 3975 1252 4015 fortune
1274 3973 1564 4027 équivalente.

682 4054 772 4094 628.
788 4074 837 4082 —
856 4051 1123 4100 Célibataire,
1148 4052 1198 4092 25
1215 4064 1306 4102 ans,
1330 4051 1499 4093 fortune
1524 4051 1668 4091 10.000
1691 4051 1759 4101 fr.,

627 4106 912 4159 mécanicien,
935 4116 1072 4159 gagne
1092 4106 1214 4148 2.500
1237 4106 1290 4147 fr.
1314 4117 1388 4158 par
1416 4116 1486 4154 an,
1519 4104 1759 4155 épouserait

628 4160 879 4200 demoiselle
919 4172 971 4200 en
1011 4166 1178 4211 rapport
1217 4160 1336 4210 d’âge
1375 4164 1507 4212 ayant
1547 4171 1603 4198 un
1644 4170 1762 4198 com¬

628 4224 771 4255 merce
791 4226 846 4254 ou
868 4214 1002 4255 avoir.

683 4298 774 4339 630.
791 4320 843 4327 —
863 4297 1132 4347 Célibataire,
1152 4296 1202 4338 28
1217 4308 1308 4346 ans,
1326 4307 1423 4346 sage
1442 4299 1480 4336 et
1500 4292 1760 4346 travailleur,

627 4356 928 4402 restaurateur,
951 4352 1192 4403 épouserait
1215 4348 1467 4390 demoiselle
1506 4354 1692 4400 pouvant
1725 4348 1763 4388 le

627 4406 846 4456 seconder,
870 4410 1002 4458 ayant
1020 4404 1072 4445 de
1096 4404 1139 4445 10
1162 4406 1182 4443 à
1211 4400 1354 4444 î2.000
1375 4403 1427 4444 fr.

680 4488 771 4530 636.
794 4511 839 4518 —
862 4487 1130 4538 Célibataire,
1154 4487 1203 4527 28
1219 4498 1308 4536 ans,
1327 4486 1498 4526 fortune
1516 4486 1687 4526 100.000
1707 4484 1758 4527 fr.

626 4543 809 4594 espèces,
826 4542 1068 4594 épouserait
1082 4540 1334 4581 demoiselle
1351 4544 1483 4592 ayant
1498 4538 1608 4579 belle
1623 4539 1762 4579 situa¬

627 4596 714 4636 tion
734 4595 1051 4636 commerciale.

676 4667 769 4708 638.
793 4687 844 4696 —
865 4667 988 4715 Veuf,
1013 4667 1062 4708 56
1086 4678 1176 4714 ans,
1208 4666 1398 4715 ouvrier,
1434 4677 1531 4706 sans
1574 4664 1758 4714 enfants,

625 4723 851 4771 possédant
870 4722 1019 4761 20.000
1042 4719 1095 4759 fr.
1129 4731 1183 4759 en
1212 4719 1486 4770 obligations,
1519 4719 1762 4768 épouserait

626 4783 761 4815 veuve
783 4786 835 4815 en
858 4777 1028 4826 rapport
1051 4774 1187 4823 d’âge,
1204 4784 1302 4814 sans
1323 4772 1506 4822 enfants,
1539 4771 1761 4822 possédant

625 4826 702 4868 700
722 4828 774 4870 fr.
798 4828 848 4868 de
864 4838 1048 4868 revenus
1066 4839 1074 4877 ;
1100 4827 1131 4866 il
1155 4827 1282 4867 ferait
1303 4827 1507 4867 donation
1535 4827 1586 4866 de
1628 4824 1760 4866 l’usu¬

623 4881 731 4922 fruit
751 4893 826 4932 par
846 4887 1025 4923 contrat.

676 4954 767 4995 639.
789 4972 846 4984 —
864 4952 1131 5003 Célibataire,
1154 4954 1204 4993 39
1226 4964 1316 5002 ans,
1340 4951 1552 5002 médecin,
1576 4952 1755 5003 épouse¬

623 5007 702 5047 rait
723 5007 972 5047 demoiselle
995 5007 1219 5059 possédant
1238 5007 1384 5047 80.000
1407 5006 1459 5044 fr.

675 5088 767 5131 640.
798 5114 831 5119 —
861 5089 1130 5138 Célibataire,
1155 5088 1359 5140 employé
1372 5088 1423 5128 de
1440 5087 1577 5138 l’Etat,
1596 5087 1642 5126 31
1662 5099 1752 5138 ans,

619 5144 966 5195 appointements
992 5144 1135 5191 18,000
1151 5143 1223 5191 fr.,
1242 5142 1483 5194 épouserait
1504 5140 1755 5182 demoiselle

620 5202 752 5250 ayant
767 5198 838 5238 dot
860 5197 911 5236 de
932 5197 1079 5238 20.000
1100 5196 1153 5238 fr.

674 5266 766 5309 641.
791 5291 831 5298 —
867 5268 993 5316 Veuf,
1034 5267 1055 5306 3
1096 5267 1280 5316 enfants,
1322 5267 1370 5306 42
1396 5278 1487 5315 ans,
1531 5267 1754 5316 possédant

620 5323 740 5372 6.000
762 5322 814 5363 fr.
838 5322 888 5362 de
911 5332 1107 5370 revenus,
1131 5320 1374 5372 épouserait
1410 5319 1660 5360 demoiselle
1696 5332 1750 5360 ou

620 5388 754 5416 veuve
774 5376 1000 5427 possédant
1019 5375 1168 5415 25.000
1190 5375 1243 5414 fr.
1266 5375 1318 5414 de
1339 5375 1424 5414 dot.

671 5447 762 5488 645.
770 5470 816 5476 —
844 5447 966 5496 Veuf,
991 5446 1040 5487 34
1063 5458 1153 5495 ans,
1170 5446 1281 5486 deux
1302 5445 1484 5495 enfants,
1511 5456 1752 5486 commerce

618 5499 669 5542 de
690 5502 782 5542 vins
802 5500 882 5542 très
903 5499 1134 5552 productif,
1157 5499 1400 5551 épouserait
1420 5510 1630 5551 personne
1651 5511 1752 5539 avec

615 5554 720 5606 petit
740 5555 858 5595 avoir
878 5559 918 5594 et
941 5559 1130 5607 pouvant
1152 5552 1190 5592 le
1210 5554 1429 5594 seconder.

670 5630 763 5673 646.
788 5655 836 5662 —
867 5631 1137 5680 Célibataire,
1157 5631 1208 5671 28
1236 5643 1326 5682 ans,
1349 5636 1479 5683 ayant
1512 5640 1751 5671 commerce

618 5687 702 5726 très
720 5686 910 5735 lucratif,
946 5685 1186 5736 épouserait
1219 5684 1470 5726 demoiselle
1508 5695 1610 5724 avec
1646 5684 1750 5735 petit

615 5739 748 5790 avoir,
773 5744 960 5791 pouvant
982 5739 1103 5791 gérer
1124 5738 1335 5790 magasin.

671 5811 762 5851 647.
784 5834 827 5840 —
850 5811 1115 5858 Célibataire,
1142 5811 1339 5863 vicomte,
1362 5811 1407 5850 21
1431 5821 1520 5858 ans,
1544 5808 1647 5850 allié
1668 5820 1752 5848 aux

615 5863 804 5904 familles
824 5863 886 5904 les
907 5864 1004 5915 plus
1027 5864 1187 5913 nobles,
1222 5864 1459 5914 épouserait
1500 5862 1750 5903 demoiselle

614 5923 746 5971 ayant
766 5916 955 5960 fortune.

667 5983 758 6024 648.
766 6006 815 6011 —
835 5982 1101 6032 Célibataire,
1119 5988 1273 6031 comte,
1290 5982 1339 6022 24
1356 5995 1447 6032 ans,
1467 5981 1534 6023 bel
1557 5982 1746 6030 homme,

612 6034 663 6078 de
687 6036 726 6077 la
747 6036 975 6078 meilleure
995 6036 1204 6084 noblesse,
1228 6036 1468 6086 épouserait
1498 6034 1747 6075 demoiselle

612 6096 743 6143 ayant
764 6091 951 6131 fortune.

667 6168 756 6209 656.
780 6186 831 6199 —
867 6167 1134 6217 Célibataire,
1177 6166 1318 6214 noble,
1358 6166 1407 6207 60
1447 6178 1536 6216 ans,
1578 6164 1748 6206 fortune

614 6222 786 6272 800.000
808 6222 880 6272 fr.,
904 6222 1143 6273 épouserait
1183 6220 1307 6260 dame
1340 6220 1391 6259 de
1415 6220 1464 6260 40
1503 6222 1527 6259 à
1564 6219 1615 6259 45
1655 6231 1746 6268 ans,

611 6282 742 6327 ayant
763 6276 936 6326 300,000
959 6278 1011 6316 fr.

663 6347 755 6388 657.
804 6370 853 6395 —.
892 6345 1144 6388 Célibataire
1178 6343 1519 6398 (pharmacien),
1562 6343 1604 6382 41
1654 6353 1744 6392 ans,

1820 831 2059 882 épouserait
2078 828 2328 870 demoiselle
2367 840 2420 867 ou
2446 838 2579 867 veuve
2618 828 2750 876 ayant
2788 822 2838 862 de
2860 820 2908 861 60
2930 819 2954 858 à

1824 885 1994 935 100.000
2015 884 2067 922 fr.

1875 984 1966 1027 659.
1986 1009 2037 1015 —
2056 984 2320 1032 Célibataire,
2344 983 2394 1023 30
2415 994 2505 1030 ans,
2527 980 2627 1020 chef
2647 975 2952 1025 d'institution,

1821 1039 2063 1088 épouserait
2128 1038 2376 1079 demoiselle
2440 1035 2662 1082 instruite,
2733 1030 2957 1083 possédant

1822 1092 1968 1143 30.000
1991 1093 2043 1134 fr.

1877 1185 1967 1225 665.
1991 1206 2040 1211 —
2063 1181 2312 1222 Célibataire
2335 1178 2382 1220 34
2406 1191 2495 1227 ans,
2521 1176 2659 1223 noble,
2695 1175 2864 1214 fortune
2906 1183 2956 1211 en

1824 1236 2055 1288 propriétés
2079 1235 2251 1275 100.000
2272 1235 2308 1272 fr
2347 1230 2586 1284 épouserait
2616 1226 2866 1268 demoiselle
2905 1236 2957 1263 en

1824 1295 1991 1342 rapport
2010 1290 2170 1328 d’avoir
2191 1295 2228 1328 et
2251 1288 2383 1337 d’âge.

1878 1380 1970 1421 672.
1994 1403 2043 1408 —
2064 1376 2316 1419 Célibataire
2338 1375 2385 1414 32
2418 1386 2507 1423 ans,
2550 1376 2681 1424 ayant
2720 1367 2952 1421 profession

1824 1432 2002 1475 libérale
2054 1432 2119 1471 lui
2167 1434 2407 1482 rapportant
2455 1427 2575 1467 7.000
2614 1427 2663 1465 fr.
2715 1420 2956 1475 épouserait

1825 1486 2074 1528 demoiselle
2094 1491 2228 1538 ayant
2247 1484 2318 1523 dot
2339 1482 2487 1522 40.000
2508 1481 2562 1520 fr.

1879 1576 1972 1616 673.
1996 1597 2045 1604 —
2066 1572 2332 1621 Célibataire,
2367 1571 2416 1611 29
2446 1582 2523 1610 ans
2557 1574 2688 1620 ayant
2728 1565 2960 1618 profession

1827 1629 2006 1671 libérale
2056 1627 2120 1668 lui
2167 1629 2412 1678 rapportant
2464 1623 2586 1663 6.000
2625 1622 2676 1662 fr.
2718 1618 2960 1672 épouserait

1827 1680 2076 1723 demoiselle
2098 1687 2228 1732 ayant
2250 1680 2320 1720 dot
2343 1677 2489 1719 30.000
2507 1675 2558 1715 fr.

1882 1767 1972 1807 674.
1999 1788 2046 1794 —
2060 1764 2168 1805 Veuf
2188 1776 2286 1804 sans
2307 1762 2468 1810 enfant,
2492 1763 2567 1810 âgé
2590 1760 2640 1799 de
2663 1760 2711 1799 50
2748 1769 2838 1806 ans,
2880 1756 2964 1796 for¬

1831 1826 1932 1861 tune
1955 1831 2006 1859 en
2026 1818 2302 1867 immeubles,
2328 1816 2474 1856 30.000
2495 1814 2566 1864 fr.,
2599 1811 2838 1864 épouserait
2867 1822 2963 1862 per¬

1828 1886 1960 1915 sonne
1982 1885 2032 1912 en
2056 1878 2226 1923 rapport
2247 1871 2380 1920 d’âge,
2404 1868 2630 1922 possédant
2658 1867 2778 1905 8.000
2803 1864 2852 1903 fr.

1884 1956 1975 1997 682.
2000 1979 2047 1986 —
2078 1955 2343 1999 Célibataire,
2386 1953 2435 1992 58
2474 1964 2564 2002 ans,
2609 1951 2723 1991 1.500
2746 1948 2799 1991 fr.
2823 1947 2873 1987 de
2896 1959 2963 1986 re¬

1832 2012 1953 2051 traite
1974 2015 2015 2050 et
2050 2022 2133 2050 une
2171 2008 2275 2059 jolie
2313 2006 2431 2055 villa,
2453 2004 2694 2056 épouserait
2714 2000 2963 2043 demoiselle

1830 2079 1883 2105 ou
1909 2075 2043 2104 veuve
2068 2075 2122 2103 en
2143 2067 2312 2112 rapport
2334 2060 2468 2110 d’âge,
2491 2071 2591 2098 avec
2612 2056 2800 2110 quelque
2822 2054 2957 2096 avoir.

1884 2148 1976 2188 683.
1999 2170 2050 2176 —
2089 2146 2212 2195 Veuf,
2256 2144 2406 2193 établi,
2444 2155 2542 2183 sans
2579 2142 2743 2189 enfant,
2782 2141 2831 2180 23
2871 2151 2962 2187 ans,

1831 2202 2071 2255 épouserait
2092 2199 2342 2240 demoiselle
2362 2202 2492 2249 ayant
2519 2196 2660 2236 10.000
2683 2196 2732 2235 fr.

1886 2286 1976 2327 684.
2003 2308 2047 2314 —
2088 2283 2355 2331 Célibataire,
2378 2282 2428 2319 28
2459 2292 2548 2328 ans,
2582 2278 2867 2326 mécanicien,
2892 2276 2967 2315 300

1831 2341 1882 2381 fr.
1911 2351 1983 2391 par
2022 2339 2145 2387 mois,
2188 2335 2430 2388 épouserait
2462 2332 2710 2374 demoiselle
2741 2335 2874 2384 ayant
2898 2330 2968 2369 dot

1832 2396 1882 2434 de
1903 2394 2051 2443 30,000
2074 2391 2125 2432 fr.

1887 2475 1979 2516 685.
2003 2498 2054 2503 —
2072 2474 2340 2521 Célibataire,
2363 2472 2414 2510 28
2453 2483 2545 2520 ans,
2579 2468 2771 2518 cafetier,
2798 2466 2970 2507 fortune

1835 2530 1982 2579 70.000
2023 2529 2094 2576 fr.,
2132 2527 2372 2578 épouserait
2412 2524 2661 2564 demoiselle
2696 2523 2814 2574 jolie,
2838 2526 2970 2573 ayant

1837 2583 1980 2632 10.000
2002 2582 2052 2622 fr.

1890 2661 1980 2703 686.
2006 2684 2051 2690 —
2075 2659 2374 2700 Commissaire
2395 2657 2446 2697 de
2468 2656 2650 2706 marine,
2687 2655 2764 2695 250
2802 2653 2854 2694 fr,
2899 2664 2971 2703 par

1836 2714 1960 2763 mois,
1983 2714 2152 2755 retraite
2188 2714 2310 2762 3,000
2347 2712 2418 2759 fr.,
2459 2709 2698 2761 épouserait
2722 2706 2970 2748 demoiselle

1835 2782 1887 2809 ou
1911 2780 2044 2808 veuve
2066 2779 2167 2808 avec
2184 2768 2287 2818 petit,
2310 2766 2447 2806 avoir.

1895 2958 2026 3002 Nous
2071 2956 2288 2999 donnons
2340 2954 2606 2998 ci-dessous
2651 2951 2875 2994 l’adresse
2915 2950 2971 2992 de

1836 3019 1948 3061 MM.
1991 3016 2059 3059 les
2095 3016 2303 3059 notaires
2336 3015 2392 3056 de
2430 3012 2474 3055 la
2504 3011 2608 3055 ville
2635 3011 2691 3054 de
2723 3008 2968 3063 Marseille,

1838 3078 1916 3134 qui
1948 3088 2122 3131 pourra
2151 3078 2248 3118 être
2282 3071 2392 3117 utile
2426 3084 2541 3127 pour
2570 3071 2635 3114 les
2668 3071 2883 3113 contrats
2916 3068 2971 3110 de

1838 3136 2051 3190 mariage
2074 3150 2082 3176 :

1891 3230 1987 3270 MM.
2024 3230 2228 3278 Sabatier,
2252 3240 2330 3268 rue
2351 3226 2535 3275 Paradis,
2567 3227 2623 3264 17.

2026 3295 2246 3347 Raynaud,
2270 3307 2345 3334 rue
2366 3290 2552 3338 Paradis,
2575 3291 2640 3331 24.

2023 3362 2200 3410 Gaudet,
2225 3372 2300 3399 rue
2322 3358 2507 3404 Paradis,
2529 3356 2595 3398 46.

2024 3427 2223 3478 Casquel,
2243 3438 2320 3466 rue
2338 3423 2523 3472 Paradis,
2547 3424 2611 3464 57.

2024 3492 2223 3543 Ferraud,
2247 3504 2322 3532 rue
2343 3490 2528 3538 Paradis,
2554 3490 2618 3530 59.

2023 3560 2176 3609 Brezet,
2200 3570 2275 3598 rue
2298 3554 2482 3607 Paradis,
2507 3556 2572 3596 68.

2023 3626 2072 3664 de
2098 3624 2235 3675 Laget,
2258 3635 2334 3664 rue
2355 3622 2679 3671 Saint-Ferréol,
2703 3624 2746 3663 7,

2023 3690 2295 3740 Delanglade,
2318 3699 2395 3728 rue
2412 3686 2742 3737 Saint-Ferréol,
2766 3688 2832 3728 29.

2022 3758 2165 3806 Benet,
2188 3768 2264 3796 rue
2286 3754 2609 3802 Saint-Ferréol,
2634 3754 2699 3794 30.

2022 3820 2268 3875 Provençal,
2291 3832 2367 3861 rue
2386 3818 2715 3868 Saint-Ferréol,
2739 3819 2808 3860 50.

2022 3888 2245 3939 Bouteille,
2268 3900 2343 3928 rue
2363 3884 2687 3936 Saint-Ferréol,
2714 3886 2779 3927 52.

2023 3955 2260 4006 Estrangin,
2283 3967 2358 3995 rue
2379 3951 2705 4001 Saint-Ferréol,
2730 3951 2795 3993 54.

2024 4027 2224 4077 Jourdan,
2246 4039 2320 4067 rue
2342 4024 2664 4073 Saint-Ferréol,
2688 4023 2752 4065 59.

2022 4094 2178 4146 Sayou,
2202 4104 2278 4133 rue
2299 4090 2625 4140 Saint-Ferréol,
2650 4091 2714 4131 78.

2023 4159 2182 4209 Perrin,
2206 4171 2280 4199 rue
2303 4156 2567 4207 Montgrand,
2592 4156 2659 4196 38.

2019 4223 2357 4275 Taxil-Fortoul,
2381 4234 2456 4263 rue
2479 4222 2743 4274 Montgrand,
2766 4221 2832 4262 48.

2023 4291 2167 4340 Alliés,
2192 4302 2268 4331 rue
2287 4288 2548 4339 Montgrand,
2572 4288 2635 4328 62.

2022 4358 2156 4407 Azaïs,
2180 4368 2256 4396 rue
2278 4356 2327 4396 de
2351 4355 2390 4395 la
2410 4355 2551 4403 Darse,
2575 4354 2611 4394 5,

2023 4424 2218 4475 Laugier,
2241 4436 2316 4463 rue
2338 4424 2390 4463 de
2410 4420 2452 4462 la
2472 4422 2612 4470 Darse,
2635 4420 2700 4462 29.

2024 4491 2248 4543 Raynaud,
2273 4503 2347 4531 rue
2367 4488 2568 4535 Noailles,
2592 4490 2632 4530 7.

2023 4556 2243 4607 Dessuard,
2268 4568 2343 4596 rue
2363 4555 2564 4603 Noailles,
2594 4555 2654 4595 18.

2025 4624 2215 4675 Laugier,
2239 4635 2315 4664 rue
2334 4621 2608 4671 Cannebière,
2633 4623 2671 4662 5.

2022 4691 2251 4740 Decormis,
2275 4703 2349 4730 rue
2370 4689 2573 4740 Grignan,
2597 4690 2662 4730 56.

2023 4756 2145 4807 Latil,
2169 4768 2244 4796 rue
2264 4756 2423 4803 Sainte,
2452 4756 2484 4796 1.

2020 4822 2216 4871 Giraudi,
2239 4834 2363 4862 cours
2380 4820 2671 4870 Saint-Louis,
2694 4818 2731 4863 3.

2019 4887 2162 4938 Blanc,
2183 4899 2258 4927 rue
2279 4887 2330 4927 de
2354 4886 2528 4936 l’Arbre,
2552 4887 2590 4927 9.

2022 4954 2243 5002 Roubaud,
2270 4965 2344 4993 rue
2364 4952 2415 4992 de
2438 4952 2478 4992 la
2499 4952 2787 5005 République,
2814 4953 2882 4993 15.

2015 5019 2163 5070 Gavot,
2188 5030 2263 5059 rue
2285 5019 2339 5058 du
2367 5018 2552 5067 Bausset,
2578 5018 2615 5059 4.

1880 5208 2070 5263 L’Office
2100 5209 2340 5250 Mondonet
2358 5211 2419 5248 est
2447 5214 2602 5248 ouvert
2623 5212 2720 5248 tous
2748 5211 2810 5249 tes
2830 5209 2975 5261 jours

1828 5275 1881 5315 de
1899 5277 1928 5316 2
1949 5275 2106 5314 heures
2127 5279 2152 5314 à
2176 5278 2202 5314 8
2223 5273 2379 5315 heures
2398 5275 2461 5314 dit
2491 5276 2583 5315 soir
2609 5279 2648 5314 et
2688 5277 2749 5315 les
2786 5274 2975 5314 diman¬

1826 5342 1924 5382 ches
1944 5344 1984 5382 et
2004 5341 2112 5394 fêtes
2134 5341 2187 5380 de
2211 5339 2234 5381 9
2257 5339 2412 5381 heures
2432 5343 2458 5383 4
2482 5339 2612 5380 midi.

1885 5524 2295 5599 THÉÂTRES
2357 5535 2447 5596 ET
2507 5535 2905 5597 CONCERTS

1879 5706 2349 5748 Palais-de-Cristal.
2375 5726 2424 5733 —
2465 5706 2519 5744 La
2558 5706 2663 5746 salle
2699 5706 2771 5746 des
2806 5704 2961 5755 Allées,

1823 5759 1925 5800 dont
1948 5759 2094 5810 l’éloge
2116 5759 2220 5799 n'est
2243 5759 2342 5811 plus
2362 5759 2384 5799 â
2407 5758 2528 5808 faire,
2555 5771 2630 5810 par
2650 5771 2715 5799 ses
2735 5760 2963 5800 étonnants

1823 5814 2067 5864 spectacles,
2099 5814 2215 5854 aussi
2251 5814 2386 5853 variés
2427 5824 2511 5863 que
2545 5812 2844 5861 merveilleux,
2887 5812 2962 5851 de¬

1823 5879 1971 5907 meure
1996 5867 2031 5906 le
2052 5866 2238 5918 premier
2258 5872 2296 5906 et
2328 5876 2427 5907 sans
2464 5866 2570 5904 rival
2606 5867 2678 5906 des
2719 5869 2959 5906 cales-con¬

1822 5926 1954 5970 certs;
1979 5919 2007 5959 il
2032 5926 2092 5960 est
2115 5920 2364 5971 impossible
2383 5919 2432 5958 de
2451 5919 2599 5960 réunir
2619 5920 2692 5960 des
2713 5919 2962 5960 attractions

1823 5974 1920 6024 plus
1959 5970 2123 6014 variées
2143 5979 2182 6012 et
2206 5974 2303 6024 plus
2328 5972 2666 6014 merveilleuses.
2710 5974 2785 6014 Les
2827 5973 2960 6023 Depps

1820 6039 1863 6067 se
1883 6028 2032 6076 jouent
2053 6028 2126 6067 des
2146 6027 2293 6067 barres
2314 6027 2415 6067 fixes
2437 6033 2476 6066 et
2519 6026 2555 6066 le
2586 6027 2738 6076 couple
2776 6027 2958 6066 Ilobret-

1823 6081 2045 6122 Lehmann
2086 6087 2178 6120 sont
2216 6080 2288 6120 des
2327 6082 2424 6119 duel
2436 6080 2550 6120 Listes
2581 6080 2879 6120 merveilleux.
2903 6080 2958 6119 Le

1820 6134 2020 6186 jongleur
2040 6134 2231 6174 Schæfer
2251 6140 2311 6174 est
2332 6139 2421 6172 tout
2440 6135 2462 6171 à
2484 6134 2561 6172 fait
2583 6135 2803 6174 étonnant.

1876 6188 1961 6227 Une
1987 6195 2132 6236 troupe
2154 6187 2203 6227 de
2228 6186 2491 6238 pantomime
2526 6199 2623 6227 sans
2664 6187 2853 6238 pareille,
2887 6186 2960 6227 des

1820 6242 2052 6282 chanteurs
2066 6240 2116 6280 de
2136 6242 2278 6290 choix,
2298 6242 2398 6281 c'est
2419 6240 2515 6291 plus
2535 6240 2641 6292 qu’il
2663 6254 2714 6280 en
2738 6240 2831 6281 faut
2852 6252 2959 6291 pour

1820 6307 1995 6335 amener
2016 6294 2056 6334 la
2074 6294 2187 6334 foule
2212 6295 2284 6334 des
2306 6299 2580 6345 spectateurs,
2607 6295 2768 6345 malgré
2794 6295 2831 6334 la
2850 6300 2962 6334 tem¬

1823 6351 2016 6400 pérature
2039 6347 2182 6388 élevée
2203 6360 2287 6400 que
2310 6359 2416 6388 nous
2438 6347 2658 6388 subissons

3095 824 3435 906 Maisons
3499 823 4111 913 (Recommandées

3052 1046 3265 1179 LE
3372 1045 4153 1178 CHINOIS

3182 1210 3491 1258 CHAPEAUX
3525 1211 3596 1259 EN
3630 1210 3771 1259 TOUS
3806 1211 4019 1259 GENRES

3060 1290 3335 1331 COIFFURES
3374 1288 3508 1330 POUR
3548 1288 3826 1331 MESSIEURS
3869 1290 3935 1329 ET
3974 1290 4140 1331 DAMES

3342 1372 3614 1411 FRAICHEURS,
3646 1374 3723 1401 RON
3754 1372 3862 1401 GOUT

3124 1432 3274 1472 Haute
3294 1431 3555 1471 Nouveauté
3578 1432 3631 1471 de
3650 1433 3795 1484 forme
3802 1432 3811 1481 ,
3835 1432 4058 1484 Elégance
4064 1464 4073 1483 ,

3463 1498 3740 1550 Originalité

3330 1568 3550 1609 Spécialité
3571 1568 3623 1601 de
3646 1568 3687 1600 la
3710 1568 3870 1600 Maison

3036 1630 3194 1674 oiffures
3216 1629 3343 1674 riches
3364 1627 3590 1672 d’intérieur
3609 1632 3648 1672 et
3670 1630 3715 1672 de
3739 1627 3883 1687 Bureau
3928 1640 4068 1687 (Dernière*
4079 1641 4171 1687 M«d«)

3444 1700 3546 1739 Prix
3575 1700 3771 1739 Modérés

3111 1768 3232 1816 26,
3275 1768 3439 1807 Rue
3486 1768 3956 1816 Cannebière,
3995 1771 4096 1810 26

3038 1902 3278 2019 ARMES
3342 1902 3426 2018 DE
3478 1905 3742 2018 CHÂSSE
3790 1905 3874 2021 ET
3914 1905 3998 2021 DE
4042 1905 4170 2021 TIR

3158 2058 3460 2119 (Réparations,
3502 2046 3752 2123 (Échanges,
3780 2062 4050 2123 Nettoyages

3048 2156 3586 2223 BERNARD
3639 2174 3751 2212 rue
3791 2159 4071 2225 Paradis,
4100 2162 4175 2212 32

3008 2418 3014 2440 i

3096 2320 3440 2419 Entreprise
3486 2319 3554 2397 de
3596 2321 4128 2422 Déménagements

3233 2436 3344 2474 Pour
3374 2448 3423 2475 la
3454 2438 3617 2478 France
3648 2452 3699 2479 et
3727 2440 3993 2482 l’Etranger

3184 2523 3426 2567 PRIX
3502 2516 4044 2573 MODÉRÉS

3114 2610 3257 2635 Cadres

3170 2663 3204 2690 et

3095 2719 3130 2743 xv
3140 2720 3162 2742 a
3174 2719 3192 2743 g
3202 2718 3224 2743 o
3236 2718 3255 2743 n
3267 2718 3286 2742 s

3087 2764 3286 2804 capitonnés

3056 2830 3142 2862 pour
3166 2822 3315 2855 Moublos

3589 2610 3656 2636 DES

3365 2647 3651 2729 IMnpses
3689 2646 3873 2717 Favorites

3419 2733 3601 2859 ANRÈS
3641 2753 3683 2859 &
3723 2752 3757 2860 C
3763 2748 3793 2788 i6

3911 2604 4170 2646 GARDE-MEUBLES

3919 2677 4160 2706 ASSURANCES

3979 2728 4098 2759 contre

3950 2779 4130 2812 l’Incendie

4026 2835 4056 2862 et

3109 2888 3270 2928 précieux
3303 2886 3308 2921 .
3387 2886 3475 2918 Maison
3500 2887 3675 2930 complèlement
3701 2899 3729 2920 en
3754 2883 3838 2920 dehors
3907 2883 3990 2922 CASSE
4022 2882 4167 2924 GARANTIE

3131 2954 3252 2961 -
3501 2936 3531 2966 de
3551 2939 3599 2968 tout
3615 2937 3732 2977 Monopole
3988 2958 4111 2965 -

3155 3010 3260 3056 Bourse
3280 3008 3479 3058 Immobilière.
3492 3036 3548 3042 —
3567 3012 3652 3060 Vente
3672 3015 3699 3059 et
3718 3013 3842 3060 location
3863 3014 4063 3062 d’immeubles

3047 3091 3219 3132 MARSEILLE
3228 3092 3279 3135 —
3294 3092 3380 3135 Rue
3396 3092 3608 3144 Pavillon,
3627 3095 3663 3147 4,
3679 3106 3731 3138 au
3744 3094 3935 3148 Magasin
3943 3120 3996 3126 —
4009 3098 4183 3139 MARSEILLE

3244 3256 3464 3296 Vient
3522 3259 3612 3297 dLe
3670 3260 3987 3311 p>a.r'aî'tr*e

3386 3346 3612 3395 (EDITION
3638 3348 3701 3386 DE
3724 3347 3847 3398 1891)

3096 3615 3154 3652 DE
3175 3615 3233 3653 LA
3256 3615 3455 3667 FRANCE,
3474 3616 3534 3655 DE
3556 3618 3615 3656 LA
3632 3617 3792 3669 CORSE,
3812 3616 3871 3657 DE
3887 3611 4135 3658 L’ALGÉRIE

3238 3680 3295 3720 DE
3315 3682 3374 3720 LA
3396 3682 3587 3723 TUNISIE
3604 3683 3634 3723 &
3655 3683 3742 3723 DES
3764 3683 3991 3723 COLONIES

3054 3750 3120 3787 Un
3143 3750 3231 3788 fort
3263 3750 3423 3790 volume
3453 3752 3502 3790 de
3527 3751 3617 3790 800
3642 3764 3786 3805 pages,
3819 3752 4067 3804 imprimées
4103 3765 4183 3791 sur

3282 3803 3312 3840 2
3334 3804 3551 3852 colonnes,
3575 3804 3739 3843 reliure
3759 3806 3947 3856 anrjlaise

3157 3884 3730 3920 Prix.
3789 3887 3851 3919 95
3883 3886 4071 3920 franrK

3101 3971 3167 4010 Cet
3191 3983 3391 4020 ouvrage,
3416 3972 3559 4020 rédigé
3579 3983 3650 4011 sur
3674 3983 3728 4012 un
3760 3972 3856 4022 plan
3896 3972 4182 4015 entièrement

3051 4036 3262 4072 nouveau,
3302 4023 3490 4063 contient
3523 4031 3616 4064 tous
3659 4025 3716 4065 les
3751 4026 4004 4064 documents
4043 4028 4180 4076 règle¬

3048 4084 3160 4118 ment
3170 4089 3220 4116 an
3230 4085 3240 4116 l
3266 4078 3299 4116 le
3320 4078 3480 4118 service
3503 4079 3575 4118 des
3611 4084 3758 4130 postes,
3794 4079 3866 4118 des
3898 4079 4176 4130 télégraphes,

3050 4134 3122 4171 des
3143 4130 3388 4180 téléphones
3410 4138 3450 4171 et
3471 4132 3543 4172 des
3563 4134 3760 4172 chemins
3782 4132 3831 4171 de
3850 4132 3926 4172 fer.

3104 4183 3136 4223 Il
3158 4184 3335 4236 indique
3366 4184 3427 4225 les
3447 4198 3570 4226 noms
3602 4187 3652 4226 de
3675 4191 3813 4226 toutes
3836 4186 3896 4224 les
3919 4198 4176 4237 communes,

3049 4235 3159 4278 ainsi
3179 4250 3263 4288 que
3284 4248 3390 4278 ceux
3411 4239 3483 4278 des
3503 4239 3693 4280 bureaux
3723 4239 3772 4278 de
3798 4244 3910 4290 poste
3931 4246 3971 4279 et
3998 4240 4048 4279 de
4073 4240 4179 4281 télé¬

3050 4291 3209 4343 graphe
3230 4290 3304 4343 qui
3331 4290 3388 4330 les
3405 4292 3663 4340 desservent,
3700 4293 3761 4332 les
3780 4292 3990 4332 distances
4023 4293 4181 4343 légales

3050 4350 3091 4384 et
3126 4346 3160 4384 le
3192 4343 3343 4384 chiffre
3379 4344 3429 4384 de
3468 4346 3506 4384 la
3544 4344 3810 4399 population.
3851 4346 3910 4386 On
3932 4359 3961 4398 y
3995 4358 4017 4386 a
4039 4347 4180 4398 ajouté

3054 4404 3187 4438 toutes
3211 4399 3274 4437 les
3294 4411 3421 4448 gares
3450 4407 3644 4440 ouvertes
3676 4412 3728 4439 au
3762 4400 3920 4439 service
3952 4399 4026 4442 des
4059 4402 4179 4442 colis

3050 4461 3270 4504 postaux,
3312 4463 3411 4491 avec
3447 4454 3639 4492 mention
3680 4453 3844 4503 lorsque
3884 4464 3954 4491 ces
3991 4452 4183 4492 derniers

3050 4511 3143 4546 sont
3162 4503 3367 4546 livrables
3383 4516 3432 4544 en
3455 4518 3554 4556 gare
3575 4518 3627 4545 ou
3648 4507 3672 4544 à
3691 4504 3910 4544 domicile.

3103 4559 3162 4599 On
3184 4572 3212 4611 y
3236 4566 3430 4599 trouvera
3450 4559 3565 4599 aussi
3600 4566 3692 4599 tous
3724 4558 3785 4599 les
3815 4558 4182 4610 renseignements

3051 4614 3306 4654 nécessaires
3318 4624 3392 4652 sur
3409 4614 3443 4654 le
3462 4615 3646 4655 service
3661 4615 3745 4654 des
3762 4619 4179 4662 recouvrements,

3050 4668 3130 4707 soit
3159 4679 3208 4707 en
3233 4667 3400 4715 France,
3424 4667 3505 4707 soit
3526 4667 3631 4708 dans
3654 4667 3711 4707 les
3735 4679 3839 4718 pays
3858 4668 4074 4715 étrangers

3102 4721 3172 4760 Cet
3192 4731 3375 4770 ouvrage
3395 4727 3455 4759 est
3482 4719 3800 4771 indispensable
3833 4731 3886 4758 au
3922 4731 4178 4768 commerce,

3051 4775 3071 4812 â
3098 4772 3334 4815 l’industrie
3355 4779 3394 4814 et
3415 4786 3497 4814 aux
3517 4772 3900 4814 administrations.

3238 4863 3439 4904 PRIME
3470 4864 3511 4904 A
3544 4864 3663 4904 NOS
3694 4856 3992 4903 ABONNÉS

3104 4941 3180 4980 Par
3212 4941 3323 4981 suite
3355 4940 3456 4980 d’un
3492 4946 3788 4991 arrangement
3822 4952 3920 4979 avec
3964 4939 4176 4990 l’éditeur,

3050 5006 3158 5034 nous
3177 5006 3362 5033 sommes
3380 4996 3403 5032 à
3431 4996 3570 5034 même
3603 4995 3652 5034 de
3675 4993 3844 5034 fournir
3863 4999 3928 5032 cet
3948 5004 4135 5044 ouvrage
4156 4996 4180 5034 â

3051 5060 3124 5087 nos
3171 5048 3358 5088 abonnés
3405 5060 3455 5087 en
3498 5047 3554 5088 les
3591 5047 3748 5088 faisant
3783 5047 4012 5088 bénéficier
4051 5048 4179 5088 d'une

3050 5102 3203 5142 remise
3223 5102 3558 5151 exceptionnelle
3579 5102 3629 5143 de
3651 5104 3713 5143 20
3736 5112 3779 5151 p.
3809 5102 3916 5142 100.

3101 5155 3217 5195 Nous
3235 5154 3436 5204 adresser,
3459 5155 3565 5195 dans
3583 5167 3631 5195 ce
3651 5166 3736 5204 cas,
3775 5166 3830 5194 un
3866 5154 4180 5207 mandat-poste

3048 5210 3099 5250 de
3122 5210 3183 5250 20
3207 5209 3264 5249 fr.
3289 5220 3342 5247 au
3366 5220 3466 5247 nom
3490 5210 3540 5248 de
3562 5210 3730 5251 Bonal.

3239 5379 3327 5456 La
3379 5377 3611 5455 Maison
3661 5379 3731 5455 de
3785 5376 3981 5454 Modes

3592 5500 3643 5528 DE

3067 5586 3240 5700 M
3251 5579 3379 5630 ME
3451 5580 4162 5697 vidal

3291 5752 3453 5790 Rue
3508 5749 3772 5795 Vacon,
3835 5744 3940 5786 30

3106 5836 3176 5877 Se
3199 5834 3603 5877 recommande
3635 5843 3736 5886 par
3774 5843 3866 5871 ces
3902 5830 4120 5872 articles

3166 5907 3476 5936 nouveaux
3520 5894 3587 5934 de
3628 5892 3740 5932 bon
3796 5892 3932 5943 goût
3979 5892 4031 5931 et
4086 5891 4119 5931 à

3166 5956 3262 5995 des
3299 5954 3423 6006 prix
3461 5954 3572 5994 très
3611 5950 3887 5992 modérés.

3186 6088 3348 6132 Maison
3374 6088 3419 6128 de
3440 6086 3659 6128 Confiance
3680 6083 3834 6128 fondée
3855 6096 3904 6127 en
3928 6084 4040 6127 1868

3689 6224 3736 6256 Le
3757 6222 3894 6264 gérant
3915 6231 3926 6252 :
3950 6222 4095 6254 Bonal.

3092 6318 3206 6359 Lmpr.
3219 6314 3384 6358 spéciale
3408 6314 3459 6347 du
3476 6314 3568 6347 Lien
3599 6315 3652 6346 du
3670 6311 3854 6354 Mariage,
3878 6311 3915 6344 L.
3938 6310 4116 6354 Sauvion,

3428 6358 3478 6395 11,
3499 6364 3564 6391 rue
3576 6356 3620 6388 de
3638 6356 3672 6387 la
3687 6354 3790 6387 Paix.
