3536 5552
1435 333 1535 382 PRIX
1588 333 1597 381 :
1657 331 1755 381 50
1811 331 2008 380 Centimes

2646 155 2675 192 I
2676 159 2690 178 e
2693 164 2699 177 '
2733 155 2843 192 Mai
2882 156 3032 195 19%2

338 489 683 699 RE
914 487 1243 696 UE
1458 477 3099 692 MENSUELLE

621 744 811 801 Liste
841 742 1287 798 d’Annonces
1318 734 1891 793 Matrimoniales
1922 738 1987 789 et
2016 733 2464 790 d’Annonces
2495 734 2821 792 Diverses

353 841 487 880 (Fonds
526 840 571 871 de
608 846 835 876 commerce,
881 836 1074 873 industrie,
1113 834 1220 865 vente
1263 832 1532 869 d’immeubles,
1577 830 1743 868 location,
1782 829 1976 868 échange).
2086 825 2121 857 —
2225 825 2470 858 Paraissant
2508 826 2544 858 le
2581 827 2640 858 i<*r
2674 827 2719 858 de
2763 828 2917 870 chaque
2953 826 3070 859 mois.

503 908 817 948 LAbonnement
830 908 869 944 et
886 907 935 944 de
953 905 1003 944 25
1022 904 1150 954 francs
1167 914 1272 954 pour
1290 901 1315 939 4
1335 902 1452 949 mois,
1473 899 1524 937 45
1544 898 1669 949 francs
1686 909 1792 949 pour
1808 898 1837 936 8
1854 899 1956 936 mois
1976 899 2014 935 et
2032 896 2081 935 65
2101 896 2227 947 francs
2243 908 2350 947 pour
2371 898 2389 935 1
2414 910 2467 936 an
2489 898 2676 936 donnant
2693 898 2800 937 droit
2817 902 2842 937 à
2861 911 2940 938 une

316 978 549 1028 inscription
566 975 743 1027 gratuite
761 985 833 1013 sur
850 985 915 1012 ma
935 973 1024 1011 liste
1031 1001 1036 1006 .
1062 971 1100 1008 —
1121 971 1191 1009 Les
1205 979 1408 1007 annonces
1421 967 1515 1005 sont
1534 966 1582 1004 de
1601 968 1739 1016 quatre
1758 967 1887 1015 lignes
1907 966 2137 1002 maximum.
2160 964 2198 1008 —
2225 964 2265 1008 Les
2282 964 2357 1022 lignes
2373 964 2584 1021 supplémentaires
2600 966 2652 1010 sont
2667 972 2752 1021 payées
2768 978 2781 1009 4
2796 966 2874 1011 raison
2891 964 2917 1010 de
2934 965 2946 1010 3
2963 964 2993 1011 fr-
3011 964 3034 1011 11
3049 964 3124 1024 ligai.

818 1039 915 1070 Pour
945 1037 1153 1076 l’Etranger
1169 1047 1175 1066 :
1215 1034 1239 1065 4
1259 1034 1362 1072 mois,
1392 1031 1448 1063 30
1478 1031 1620 1062 francs.
1663 1049 1702 1053 —
1744 1030 1769 1061 8
1792 1030 1897 1068 mois,
1916 1028 1968 1060 50
1995 1029 2139 1060 francs.
2180 1047 2220 1051 —
2267 1029 2274 1060 I
2309 1039 2367 1068 an,
2396 1029 2447 1061 70
2475 1030 2619 1062 francs.

477 1110 657 1149 Adresser
679 1108 815 1147 Lettres
831 1110 865 1147 et
885 1106 1062 1145 Mandats
1083 1107 1103 1144 à
1123 1104 1230 1143 Mme
1257 1102 1386 1142 Veuve
1406 1100 1675 1147 CHABAUD,
1698 1099 1899 1138 Directrice
1927 1098 1974 1137 de
2002 1098 2035 1140 la
2064 1098 2202 1139 Revue
2230 1099 2461 1143 Mensuelle,
2497 1100 2555 1143 18,
2589 1099 2669 1140 Rue
2697 1099 2968 1146 Sainte-Croix,

1467 1167 1710 1210 Montélimar
1743 1166 1915 1216 (Drôme)

352 1287 444 1315 Notre
458 1296 554 1314 œuvre
570 1290 586 1321 a
601 1290 674 1321 pour
690 1285 736 1311 but
753 1285 785 1311 de
801 1284 884 1310 venir
897 1291 930 1309 en
946 1281 1010 1308 aide
1020 1291 1080 1307 aux
1084 1280 1219 1313 familles

318 1324 368 1360 qui
383 1323 509 1350 désirent
525 1322 631 1349 marier
647 1321 725 1347 leurs
741 1322 866 1353 enfants,
884 1327 943 1344 aux
961 1326 1066 1344 veuves
1081 1316 1131 1351 qui
1148 1325 1217 1342 vou¬

317 1360 431 1387 draient
446 1368 475 1386 se
490 1358 638 1389 remarier,
657 1365 716 1382 aux
744 1355 895 1390 orphelins
925 1357 949 1379 et
978 1362 1038 1380 aux
1066 1352 1219 1379 messieurs

317 1395 369 1432 qui
383 1398 482 1422 rêvent
497 1395 529 1421 de
544 1404 574 1421 se
581 1392 688 1427 fonder
704 1401 742 1418 un
749 1393 848 1426 foyer,
863 1399 918 1417 une
926 1389 1057 1422 famille.

354 1431 445 1458 Notre
459 1440 556 1457 œuvre
571 1438 636 1456 sera
655 1431 819 1462 approuvée
839 1430 892 1461 par
908 1429 972 1453 tous
1003 1434 1052 1451 nos
1082 1424 1216 1452 abonnés,

320 1466 467 1501 lorsqu'ils
483 1470 605 1492 sauront
618 1464 705 1500 qu'ils
721 1467 845 1498 peuvent
861 1467 977 1489 trouver
1001 1462 1092 1496 grâce
1108 1463 1124 1486 à
1141 1464 1220 1486 notre

319 1512 470 1534 concours,
487 1503 514 1528 le
530 1511 630 1536 moyen
643 1500 677 1526 de
692 1509 722 1526 se
728 1500 834 1525 marier
845 1499 926 1525 selon
937 1497 1015 1523 leurs
1029 1499 1127 1531 goûts,
1143 1496 1221 1522 leurs

322 1548 389 1567 vues
406 1543 431 1565 et
445 1538 526 1564 selon
542 1538 605 1564 leur
620 1536 776 1563 condition.

357 1574 438 1602 Nous
453 1574 553 1608 prions
569 1574 610 1599 les
626 1571 727 1599 Dames
742 1575 767 1597 et
784 1571 824 1597 les
840 1570 996 1596 Messieurs
1022 1568 1054 1593 de
1076 1576 1147 1593 nous
1172 1575 1221 1593 en¬

322 1620 410 1645 voyer
426 1611 452 1636 le
467 1610 533 1644 plus
549 1608 700 1635 d’abonnés
716 1606 852 1641 possible,
870 1605 929 1641 afin
944 1613 997 1639 que
1017 1607 1096 1630 notre
1124 1611 1222 1630 œuvre

321 1647 343 1675 f
347 1645 520 1681 agrandisse
536 1649 561 1671 et
576 1644 671 1678 puisse
681 1646 736 1677 par
750 1652 782 1669 ce
796 1651 896 1676 moyen
905 1639 1043 1673 Jaciliter
1059 1638 1175 1666 nombre
1189 1637 1222 1664 de

323 1682 469 1717 mariages
486 1685 511 1707 et
519 1681 603 1713 faire
619 1680 645 1706 le
660 1679 726 1713 plus
751 1677 909 1704 d'heureux
924 1675 1059 1710 possible,
1076 1684 1127 1701 car
1155 1673 1222 1701 c'est

323 1727 378 1745 une
390 1717 480 1744 bonne
497 1716 593 1742 action
608 1725 662 1750 que
675 1723 744 1741 vous
752 1715 841 1748 fere\
869 1722 902 1738 en
930 1714 1112 1746 propageant
1143 1714 1223 1737 notre

322 1763 427 1785 œuvre,
445 1762 513 1779 vous
522 1761 592 1779 nous
612 1750 726 1784 aiderez
744 1749 823 1776 ainsi
838 1751 854 1774 à
869 1747 1034 1775 contribuer
1047 1756 1083 1773 au
1095 1746 1223 1773 bonheur

321 1790 370 1817 des
376 1789 514 1822 familles
528 1787 578 1822 qui
586 1786 713 1813 désirent
722 1790 840 1812 trouver
850 1794 889 1810 un
898 1786 994 1818 époux
1004 1792 1040 1809 ou
1051 1792 1107 1809 une
1115 1785 1224 1816 épouse

323 1830 396 1860 pour
417 1825 495 1851 leurs
511 1826 634 1857 enfants,
653 1831 712 1848 aux
729 1829 833 1848 veuves
853 1830 892 1846 un
908 1818 1034 1850 soutien,
1064 1821 1081 1844 à
1101 1818 1221 1852 l'orphe¬

323 1862 367 1888 lin
382 1870 422 1887 un
429 1862 518 1895 foyer
534 1863 559 1886 et
574 1868 611 1885 au
627 1858 799 1884 relèvement
813 1856 845 1882 de
862 1856 890 1882 la
908 1854 1016 1882 France
1044 1854 1094 1888 qui
1121 1854 1222 1886 donne,

323 1901 377 1932 par
393 1897 434 1923 les
449 1896 594 1931 mariages
602 1893 734 1927 féconds,
751 1892 798 1918 des
813 1891 922 1919 soldats
937 1892 954 1917 à
970 1891 998 1917 la
1014 1890 1118 1916 Patrie
1133 1894 1159 1916 et
1174 1889 1225 1924 qui

322 1936 384 1964 font
399 1933 446 1958 des
459 1934 576 1963 femmes
592 1930 625 1956 de
639 1928 744 1956 bonnes
754 1931 844 1954 mères
860 1927 892 1953 de
900 1926 1031 1960 famille.

360 1967 436 1996 C'est
451 1968 521 1994 dans
536 1976 567 1993 ce
583 1966 631 1993 but
646 1974 699 2000 que
714 1973 785 1991 nous
805 1973 894 1990 avons
902 1962 995 1997 fondé
1011 1962 1041 1988 la
1056 1961 1070 1988 «
1085 1960 1224 1989 REVUE

323 2002 566 2032 MENSUELLE
582 2010 607 2029 ».

359 2039 443 2067 Nous
460 2049 494 2065 ne
508 2043 607 2065 tenons
622 2040 675 2072 pas
691 2045 746 2062 une
758 2044 868 2071 agence
880 2033 1095 2061 matrimoniale
1114 2037 1140 2059 et
1154 2041 1224 2059 nous

325 2085 359 2103 ne
374 2079 497 2109 prenons
510 2084 622 2101 aucune
636 2072 818 2100 commission
832 2081 881 2097 sur
897 2071 926 2097 la
945 2069 1000 2096 dot.
1036 2069 1122 2096 Voici
1149 2077 1226 2095 com¬

326 2116 399 2139 ment
416 2120 486 2137 nous
499 2110 654 2145 procédons
669 2119 674 2135 :

366 2147 443 2174 Vous
458 2156 529 2173 nous
549 2146 716 2180 indiquerez
729 2142 844 2169 d'abord
859 2146 938 2169 votre
952 2143 1019 2177 âge,
1037 2145 1116 2168 votre
1130 2140 1226 2167 situa-

327 2183 425 2210 tionde
428 2185 560 2216 fortune,
569 2186 649 2208 votre
659 2179 832 2214 profession,
845 2177 1045 2210 votredot,vos
1057 2180 1226 2211 espérances

326 2224 352 2246 et
366 2228 397 2246 ce
411 2228 465 2253 que
480 2218 550 2245 vous
577 2216 757 2244 désireet
786 2223 856 2240 nous
884 2222 954 2240 vous
982 2213 1148 2239 inscrivons
1175 2221 1227 2238 sur

327 2259 406 2282 notre
422 2255 498 2287 liste,
509 2257 582 2286 pour
594 2262 613 2288 4
627 2253 710 2284 mois,
723 2251 741 2278 8
754 2250 828 2277 mois
845 2260 882 2277 ou
900 2260 913 2276 1
925 2258 971 2282 an,
982 2252 1038 2284 par
1049 2258 1105 2275 une
1115 2256 1225 2274 annon¬

326 2300 357 2318 ce
371 2300 425 2325 que
433 2291 466 2326 je
474 2290 539 2323 fais
550 2289 711 2316 moi-méme
723 2291 748 2313 et
756 2296 827 2312 nous
839 2295 909 2312 vous
922 2285 1048 2311 donnons
1059 2294 1099 2310 un
1110 2287 1225 2310 numéro

318 2327 437 2360 faisant
456 2326 533 2352 suite
554 2328 570 2351 à
591 2328 663 2351 cette
680 2332 817 2349 annonce.
835 2321 912 2349 C'est
925 2325 977 2354 par
991 2321 1017 2347 le
1031 2330 1133 2355 moyen
1148 2320 1181 2346 de
1195 2328 1227 2346 ce

328 2365 442 2389 numéro
469 2371 522 2396 que
547 2370 617 2388 vous
639 2363 749 2393 pouvez
771 2357 978 2392 correspondre
1004 2365 1074 2383 avec
1100 2361 1162 2383 tous
1186 2356 1226 2382 les

330 2398 454 2426 abonnés
469 2398 502 2423 de
518 2402 595 2423 notre
612 2397 687 2422 liste.

361 2434 490 2468 Lorsque
506 2442 576 2460 vous
591 2431 702 2458 désirez
716 2429 920 2464 correspondre
935 2437 1004 2455 avec
1014 2437 1054 2454 un
1069 2427 1178 2454 abonné
1201 2430 1228 2454 et
1248 2445 1254 2450 ■

326 2479 378 2505 que
394 2479 464 2496 vous
481 2478 554 2504 ave^
568 2467 667 2495 choisi
681 2467 752 2492 dans
777 2466 806 2492 la
825 2465 950 2492 Revue
977 2464 1174 2490 Mensuelle
1202 2463 1228 2489 le

327 2505 406 2541 parti
420 2505 470 2540 qui
481 2514 548 2532 vous
558 2502 737 2538 plaîtleplus
751 2501 829 2528 voici
844 2504 982 2528 comment
996 2509 1069 2526 vous
1075 2499 1212 2534 procédez
1220 2510 1227 2524 :

664 2554 855 2582 EXEMPLE

371 2606 484 2637 Jeune
501 2604 658 2641 homme,
684 2600 727 2633 30
747 2609 824 2637 ans,
847 2600 918 2631 très
946 2598 1039 2630 belle
1060 2598 1227 2630 situation

330 2651 418 2682 dans
438 2647 626 2686 industrie,
649 2649 794 2687 rapport
811 2646 852 2676 10
864 2644 881 2676 à
901 2643 1024 2676 12.000
1041 2644 1098 2683 fr.,
1112 2643 1228 2675 désire

330 2693 487 2735 mariage
508 2701 550 2724 en
572 2693 729 2733 rapport.
746 2709 790 2712 —
810 2688 930 2721 Ecrire
950 2689 976 2720 N
984 2698 990 2704 -
1016 2688 1049 2719 2.

506 2746 551 2769 ou

374 2781 585 2814 Demoiselle
612 2779 656 2812 25
691 2788 767 2820 ans,
804 2777 970 2810 situation
1005 2777 1049 2809 de
1088 2778 1228 2809 fortune

328 2826 452 2859 25.000
472 2825 604 2863 francs,
621 2826 689 2856 etc.
713 2841 753 2844 —
774 2822 894 2854 Ecrire
911 2822 952 2853 N-
978 2823 1008 2853 4.

372 2880 471 2911 Vous
483 2877 533 2910 lui
544 2876 680 2910 écrivez
695 2876 922 2907 vous-même
935 2883 980 2906 ou
999 2873 1100 2906 faites
1115 2873 1227 2906 écrire

329 2933 393 2966 par
414 2922 608 2964 quelqu’un
639 2921 683 2953 de
710 2924 808 2952 votre
833 2919 982 2958 famille,
1011 2928 1054 2950 en
1086 2918 1229 2960 signant

330 2970 373 3002 de
394 2971 493 3000 votre
509 2966 672 3004 numéro,
690 2968 723 2997 et
738 2973 826 2996 vous
840 2966 967 2996 mettez
982 2972 1043 2995 sur
1058 2963 1228 2995 l’adresse

329 3012 498 3046 cachetée
515 3014 549 3043 et
559 3009 706 3043 timbrée
720 3009 752 3041 le
766 3008 916 3040 numéro
929 3008 972 3039 de
986 3008 1019 3039 la
1034 3016 1226 3049 personne,

330 3056 518 3091 deuxième
538 3054 748 3096 enveloppe,
770 3062 857 3085 avec
877 3062 935 3085 ces
948 3052 1120 3094 quelques
1137 3054 1229 3084 mots

331 3111 391 3134 sur
401 3110 470 3133 une
483 3103 580 3133 carte
595 3109 639 3131 ou
654 3108 698 3130 un
712 3098 797 3130 bout
809 3098 851 3130 de
861 3096 985 3139 papier
995 3096 1085 3129 ainsi
1094 3095 1226 3129 libellé:

331 3160 349 3177 «
367 3145 547 3178 Monsieur
564 3154 609 3176 ou
624 3143 800 3180 Madame,
814 3151 859 3174 ou
873 3141 1141 3174 Mademoiselle
1153 3143 1226 3174 X...

330 3192 443 3233 (votre
467 3199 550 3222 nom
566 3193 602 3222 et
623 3191 720 3220 votre
739 3186 904 3229 numéro)
918 3185 992 3228 prie
1011 3186 1175 3219 Madame
1195 3186 1230 3217 la

331 3234 522 3268 Directrice
543 3234 586 3266 de
604 3233 636 3265 la
654 3233 770 3264 Revue
780 3232 823 3263 de
845 3231 932 3263 faire
955 3230 1118 3271 parvenir
1138 3232 1229 3262 cette

332 3282 434 3312 lettre
451 3279 469 3311 à
490 3279 537 3311 tel
558 3277 707 3310 numéro
729 3287 747 3306 »
764 3279 798 3308 et
814 3285 901 3307 vous
921 3275 1088 3307 cachetez
1105 3278 1138 3306 et
1150 3274 1229 3306 tim¬

330 3326 411 3357 brez
439 3327 531 3356 cette
568 3321 755 3354 deuxième
787 3320 982 3361 enveloppe
1018 3318 1037 3350 à
1073 3319 1229 3361 laquelle

330 3378 418 3401 vous
440 3370 565 3400 mettez
583 3375 664 3398 mon
687 3366 844 3402 adresse,
867 3367 900 3396 et
926 3363 1074 3395 aussitôt
1108 3372 1242 3403 reçue,,

330 3413 363 3450 je
384 3412 497 3445 défais
514 3412 546 3443 la
578 3409 752 3452 première
780 3409 989 3449 enveloppe,
1021 3407 1166 3450 j’efface
1196 3409 1228 3440 le

331 3457 481 3490 numéro
502 3456 546 3488 de
567 3456 600 3487 la
621 3453 808 3486 deuxième
829 3456 863 3484 et
884 3457 974 3485 mets
995 3453 1165 3485 l’adresse
1186 3454 1230 3485 de

331 3503 364 3535 la
384 3509 562 3542 personne
578 3503 612 3531 et
630 3496 819 3539 réexpédie
836 3498 870 3529 la
886 3498 999 3529 lettre.
1024 3498 1121 3529 Vous
1139 3507 1230 3539 pou¬

331 3555 391 3579 vez
408 3544 668 3586 correspondre
683 3551 770 3574 avec
782 3545 860 3574 tous
881 3550 945 3573 nos
967 3542 1125 3574 abonnés
1148 3551 1230 3574 sans

333 3599 418 3624 vous
436 3589 523 3621 faire
540 3589 738 3621 connaître.
778 3586 824 3618 Ce
859 3586 948 3618 n’est
980 3595 1048 3627 que
1086 3587 1230 3629 lorsque

331 3643 419 3668 vous
438 3643 543 3666 aurez
564 3633 626 3664 fait
646 3635 744 3663 votre
765 3630 884 3669 choix,
921 3639 989 3672 que
1027 3640 1114 3662 vous
1143 3640 1230 3663 vous

332 3681 468 3712 donnez
492 3677 762 3709 mutuellement
780 3678 877 3707 votre
898 3674 1068 3707 véritable
1085 3677 1229 3708 adresse

331 3727 366 3756 et
386 3732 455 3765 que
489 3732 576 3754 vous
615 3730 702 3753 vous
742 3719 913 3761 ménagez
952 3728 1021 3751 une
1060 3724 1229 3753 entrevue

332 3777 422 3810 pour
438 3766 583 3799 décider
603 3767 646 3798 de
663 3768 760 3797 votre
782 3767 866 3796 sort.

369 3821 408 3847 Le
423 3820 493 3854 prix
507 3820 540 3846 de
552 3824 631 3846 notre
645 3818 833 3844 abonnement
848 3822 887 3844 est
901 3817 933 3843 de
949 3825 985 3849 25
990 3820 1035 3850 fr.
1052 3821 1124 3852 pour
1132 3828 1151 3853 4
1161 3818 1231 3845 mois

331 3866 368 3892 45
377 3859 403 3890 f
399 3867 413 3881 r
417 3877 423 3882 -
439 3859 510 3890 pour
524 3855 543 3882 8
558 3856 641 3885 mois;
657 3854 693 3886 6$
703 3855 746 3885 fr.
763 3857 836 3887 pour
856 3863 866 3879 1
885 3863 930 3882 an,
949 3857 975 3878 et
992 3863 1060 3880 vous
1077 3863 1147 3881 avez
1157 3855 1232 3881 droit

333 3896 350 3919 à
364 3894 424 3919 être
438 3891 543 3918 inscrit
557 3889 764 3926 gratuitement
779 3898 830 3915 sur
845 3899 890 3915 ma
905 3888 982 3915 liste.

374 3927 452 3954 Vous
468 3931 561 3962 i'oye\
575 3925 693 3960 qu'avec
707 3929 781 3951 cette
796 3924 925 3959 modique
938 3933 1052 3956 somme,
1069 3935 1139 3952 vous
1155 3929 1231 3961 pou¬

332 3972 383 3991 vez
394 3972 464 3990 vous
480 3962 595 3994 marier,
609 3970 677 3988 sans
693 3960 777 3987 avoir
792 3962 808 3986 à
832 3963 933 3994 passer
961 3963 1014 3994 par
1031 3961 1078 3986 des
1107 3971 1231 3997 agences

330 3999 381 4034 qui
396 4007 426 4025 se
439 4001 502 4030 font
517 4007 614 4024 verser
628 3996 765 4024 d’avance
780 3996 812 4022 de
826 4004 939 4030 grosses
955 3996 1120 4029 provisions
1141 4001 1167 4024 et
1181 3997 1232 4032 qui

331 4037 506 4068 escomptent
518 4033 552 4059 de
566 4041 683 4068 grosses
699 4032 908 4064 commissions,
936 4035 1010 4065 pour
1032 4032 1176 4059 n’arriver
1205 4033 1232 4059 le

332 4070 399 4104 plus
414 4072 534 4096 souvent
549 4069 565 4094 à
580 4070 676 4094 hucun
690 4068 822 4094 résultat.
848 4067 930 4094 Nous
960 4067 1077 4094 n’avons
1107 4069 1170 4095 rien
1199 4068 1232 4095 de

331 4114 462 4133 commun
479 4114 548 4131 avec
565 4105 606 4130 les
621 4112 753 4139 agences,
772 4112 822 4129 car
839 4113 909 4130 nous
925 4113 959 4129 ne
974 4107 1096 4137 prenons
1120 4114 1231 4131 aucune

331 4140 515 4168 commission
529 4149 579 4166 sur
596 4140 624 4165 la
641 4135 696 4165 dot.
725 4138 768 4166 Un
798 4139 918 4165 modeste
947 4134 1134 4166 abonnement
1161 4149 1231 4167 nous

332 4185 373 4203 ser
381 4182 390 4201 t
405 4176 438 4201 de
448 4176 603 4210 paiement.

369 4211 527 4245 Lorsqu’un
544 4209 652 4236 abonné
668 4209 733 4235 s'est
741 4208 841 4243 fiancé
856 4213 882 4236 et
894 4219 929 4244 qu
936 4209 967 4235 ’il
983 4210 1027 4235 n’a
1044 4210 1111 4244 plus
1134 4210 1231 4237 besoin

330 4248 364 4274 de
375 4250 454 4273 notre
465 4255 560 4277 revue,
574 4246 599 4272 il
614 4254 684 4271 nous
696 4245 723 4271 le
732 4245 789 4276 fait
799 4246 898 4271 savoir
909 4243 968 4280 afin
980 4254 1033 4279 que
1044 4255 1114 4271 nous
1125 4255 1230 4279 rayons

329 4292 381 4310 son
397 4291 525 4308 annonce
537 4284 610 4315 pour
626 4289 660 4306 ne
673 4283 725 4314 pas
731 4281 815 4312 faire
829 4281 1033 4314 correspondre
1048 4281 1231 4308 inutilement

331 4327 381 4345 nos
397 4317 534 4344 abonnés.

370 4353 442 4379 Tout
457 4352 566 4379 abonné
581 4352 640 4378 doit
652 4350 791 4384 répondre
807 4353 823 4376 â
839 4355 929 4377 toutes
945 4351 985 4376 les
1011 4351 1108 4377 lettres
1121 4352 1171 4385 qui
1187 4352 1232 4378 lui

331 4392 392 4416 *ont
408 4388 552 4414 adressées
567 4388 573 4419 ;
592 4388 621 4413 la
636 4386 772 4421 politesse
789 4386 904 4420 l’exige,
936 4384 970 4411 rie
977 4388 1094 4418 fussent
1122 4397 1175 4421 que
1185 4396 1230 4414 ces

331 4424 402 4451 trois
420 4433 455 4450 ou
467 4428 567 4458 quatre
582 4427 652 4449 mots
663 4421 669 4447 :
687 4421 804 4453 Inutile,
815 4425 878 4448 tous
891 4430 948 4448 mes
959 4425 1081 4456 regrets.
1093 4423 1124 4449 —
1136 4423 1229 4450 N"...»

372 4476 470 4506 Pour
478 4477 603 4506 toutes
615 4475 867 4505 lesannonces
878 4474 1055 4510 ci-après,
1066 4474 1230 4506 s’adres¬

332 4525 396 4548 ser
415 4517 434 4545 à
462 4516 630 4545 Madame
648 4513 767 4544 Veuve
785 4513 997 4551 CHABAUD,
1024 4513 1229 4546 Directrice

330 4558 373 4588 de
390 4556 422 4586 la
446 4556 464 4572 “
484 4555 606 4586 Revue
625 4553 826 4585 Mensuelle
843 4553 871 4583 ’’.

369 4634 483 4662 Veuve
500 4632 537 4661 43
553 4639 625 4663 ans.
639 4638 718 4660 sans
732 4631 859 4662 enfant,
876 4629 1011 4659 fortune
1027 4629 1159 4660 300.000
1175 4633 1228 4665 tr.,

330 4680 477 4704 revenus
494 4672 606 4701 20.000
622 4670 662 4700 fr.
677 4678 738 4706 par
762 4678 816 4703 an,
841 4669 1040 4707 épouserait
1056 4671 1231 4700 monsieur

330 4715 431 4751 ayant
443 4712 527 4749 jolie
544 4710 705 4740 situation
723 4717 766 4739 ou
784 4710 930 4739 fortune.
949 4725 967 4731 -
983 4711 1010 4739 N
1017 4718 1022 4724 -
1039 4710 1127 4739 2100.

370 4770 550 4808 Disposant
581 4768 656 4797 d’un
676 4766 805 4797 certain
823 4766 943 4803 capital
972 4768 1007 4804 je
1035 4767 1230 4797 m’intéres¬

329 4810 420 4840 serai
436 4811 453 4839 à
471 4808 589 4838 affaire
603 4807 757 4837 sérieuse
776 4808 792 4835 à
809 4807 927 4844 lancer
941 4808 1087 4844 pouvr.nl
1100 4808 1230 4836 donner

328 4858 408 4888 gros
424 4849 608 4878 bénéfices.
627 4847 652 4877 Il
670 4855 712 4875 ne
725 4855 801 4875 sera
811 4846 963 4878 répondu
974 4846 1097 4882 qu’aux
1109 4847 1228 4877 le'tres

327 4889 555 4927 susceptibles
571 4888 805 4917 d’intéresser.
823 4902 842 4908 -
856 4887 899 4915 N"
914 4886 1002 4916 4947.

368 4947 534 4985 Adjudant
546 4946 646 4984 génie
662 4946 697 4974 31
717 4953 789 4978 ans,
808 4944 902 4974 Solde
918 4944 1107 4973 mensuelle
1118 4945 1177 4973 537
1187 4946 1227 4974 fr.

329 4989 441 5019 bonne
457 4986 651 5019 éducation,
671 4984 828 5014 médaille
859 4983 1030 5018 militaire,
1061 4984 1158 5013 croix
1188 4985 1228 5015 de

328 5035 466 5067 guerre,
484 5027 503 5056 2
516 5025 713 5060 citations,4
729 5024 905 5054 médailles
921 5023 1100 5053 deuxième
1113 5024 1227 5059 ordre,

328 5067 440 5100 désire
457 5066 608 5105 mariage
631 5073 673 5097 en
685 5066 835 5103 rapport.
857 5080 863 5084 -
880 5065 921 5094 N‘
945 5063 1034 5092 4962.

1313 1278 1478 1306 Brunette
1499 1276 1538 1304 22
1563 1283 1634 1310 ans,
1666 1274 1795 1307 artiste,
1823 1273 1989 1309 sérieuse,
2010 1271 2172 1303 situation

1274 1317 1364 1346 1.000
1380 1316 1420 1345 fr.
1440 1324 1500 1353 par
1517 1315 1613 1349 mois,
1631 1314 1826 1344 économies
1843 1314 1861 1343 4
1876 1314 1935 1344 000
1952 1314 1992 1343 fr.
2012 1317 2045 1343 et
2062 1312 2172 1342 mobi¬

1274 1358 1349 1392 lier,
1378 1358 1585 1395 espérances
1602 1356 1702 1393 après
1719 1356 1812 1393 père,
1845 1354 2042 1392 épouserait
2066 1355 2172 1389 jeune

1274 1397 1410 1427 homme
1426 1397 1522 1435 d’âge
1538 1399 1572 1425 et
1588 1395 1749 1425 situation
1766 1402 1807 1423 eu
1821 1397 1971 1433 rapport.
1989 1410 2006 1415 -
2024 1394 2062 1423 N-
2082 1393 2170 1422 4965.

1314 1454 1518 1485 Demoiselle
1546 1454 1585 1483 29
1609 1461 1682 1486 ans,
1713 1459 1791 1482 sans
1808 1460 2013 1486 commerce,
2031 1452 2174 1488 épouse¬

1274 1496 1341 1525 rait
1354 1502 1481 1532 garçon
1497 1494 1561 1531 âge
1576 1502 1619 1523 en
1635 1494 1787 1531 rapport,
1813 1493 1854 1522 de
1868 1492 1992 1521 beauté
2019 1491 2172 1529 exquise,

1276 1538 1371 1565 avoir
1387 1534 1518 1565 100.000
1534 1534 1573 1563 fr.
1590 1542 1631 1563 ou
1650 1532 1841 1563 s’abstenir.
1864 1549 1883 1554 -
1899 1533 1927 1562 N
1937 1542 1942 1547 -
1964 1533 2052 1562 4966.

1315 1589 1612 1619 Sous-lieutenant
1627 1586 1809 1616 infanterie
1826 1586 2006 1618 coloniale,
2024 1585 2172 1619 divorcé,

1275 1631 1314 1659 32
1329 1637 1402 1662 ans,
1428 1629 1527 1663 brun,
1558 1628 1753 1657 épouserait
1775 1628 1878 1663 jeune
1903 1626 1983 1659 fille,
2008 1633 2114 1655 veuve
2131 1633 2173 1654 ou

1278 1670 1449 1703 divorcée,
1465 1669 1504 1698 25
1521 1671 1537 1697 à
1560 1669 1599 1697 30
1614 1676 1685 1701 ans,
1705 1666 1858 1704 échange
1876 1666 2173 1704 renseignements

1277 1712 1310 1739 et
1325 1710 1429 1747 photo
1445 1709 1598 1748 premier
1613 1708 1780 1738 courrier.
1797 1723 1815 1728 -
1838 1708 1866 1737 N
1873 1716 1877 1721 -
1896 1708 1984 1736 4967.

1317 1757 1521 1789 Demoiselle
1549 1759 1588 1786 28
1604 1765 1677 1792 ans,
1708 1758 1820 1786 bonne
1837 1755 1975 1789 famille,
1992 1755 2070 1785 bien
2095 1762 2174 1784 sous

1278 1801 1354 1829 tous
1371 1801 1541 1838 rapports,
1573 1798 1629 1827 dot
1645 1800 1678 1826 et
1690 1796 1774 1834 jolie
1797 1796 1958 1825 situation
1983 1796 2023 1825 de
2039 1794 2175 1828 fortune

1279 1841 1379 1875 après
1396 1841 1547 1877 parents,
1559 1837 1755 1876 épouserait
1772 1837 1948 1866 monsieur
1961 1836 2000 1865 30
2015 1837 2033 1865 à
2048 1835 2086 1864 45
2102 1843 2174 1867 ans,

1279 1878 1524 1914 sérieux,actif,
1535 1878 1716 1907 industriel
1726 1885 1770 1907 ou
1780 1879 2024 1913 commerçant.
2036 1876 2064 1906 N
2069 1884 2076 1891 -
2085 1875 2174 1904 4970.

1318 1928 1408 1959 Veuf
1425 1929 1464 1958 59
1480 1935 1551 1960 ans,
1569 1927 1666 1961 libre,
1685 1926 1779 1956 avoir
1795 1926 1908 1955 50.000
1920 1925 1973 1960 fr.,
2001 1925 2079 1954 bien
2096 1931 2176 1952 sous

1280 1972 1355 1999 tous
1372 1969 1421 1998 les
1438 1970 1607 2007 rapports,
1637 1965 1835 2004 épouserait
1862 1973 2036 2003 personne
2050 1965 2089 1994 35
2105 1965 2122 1994 à
2140 1965 2177 1993 48

1279 2017 1351 2044 ans,
1369 2008 1540 2039 instruite,
1565 2010 1665 2044 ayant
1688 2005 1850 2036 situation
1865 2013 1908 2035 ou
1926 2006 2021 2035 avoir
2036 2012 2079 2035 en
2095 2012 2177 2042 rap¬

1279 2052 1368 2088 port.
1385 2065 1403 2071 -
1419 2050 1458 2079 N-
1477 2049 1566 2078 4973.

1320 2098 1525 2128 Lieutenant
1535 2098 1573 2126 38
1590 2105 1661 2131 ans,
1682 2097 1781 2131 brun,
1799 2095 1950 2127 sérieux,
1969 2093 2059 2128 actif,
2079 2101 2180 2130 pour¬

1280 2139 1346 2168 rait
1361 2139 1508 2176 prehdre
1523 2145 1560 2167 sa
1576 2137 1718 2167 retraite
1733 2143 1821 2175 pour
1837 2143 1873 2165 se
1889 2135 1994 2165 livrer
2016 2143 2057 2164 au
2084 2141 2178 2163 com¬

1281 2187 1408 2213 merce,
1433 2178 1544 2208 désire
1560 2178 1665 2207 union
1683 2185 1765 2206 avec
1781 2175 1977 2205 demoiselle
1994 2183 2035 2205 ou
2059 2182 2177 2209 veuve,

1281 2219 1442 2249 situation
1457 2226 1499 2248 en
1515 2220 1666 2256 rapport.
1682 2233 1699 2238 -
1717 2218 1744 2246 N
1750 2225 1758 2232 -
1774 2216 1863 2245 4974.

1320 2267 1524 2298 Demoiselle
1561 2267 1600 2296 36
1636 2274 1708 2299 ans,
1752 2265 1918 2296 sérieuse,
1957 2264 2177 2298 affectueuse,

1281 2308 1405 2338 femme
1424 2307 1632 2340 d’intérieur,
1651 2305 1855 2343 catholique,
1873 2305 2038 2343 physique
2055 2306 2180 2340 agréa¬

1281 2349 1348 2383 ble,
1365 2349 1434 2380 dot,
1465 2347 1579 2377 désire
1595 2346 1746 2382 mariage
1762 2353 1844 2375 avec
1861 2345 2039 2375 monsieur
2052 2345 2092 2373 38
2107 2345 2127 2373 à
2141 2344 2181 2373 45

1283 2397 1355 2424 ans,
1372 2391 1473 2426 ayant
1490 2387 1663 2417 situation.
1680 2402 1699 2408 -
1714 2387 1754 2415 N-
1772 2386 1859 2415 4976.

1321 2444 1429 2472 Jeune
1438 2441 1507 2471 fille
1516 2441 1554 2470 29
1570 2449 1642 2474 ans,
1661 2441 1901 2477 représentant
1917 2438 1958 2468 de
1974 2445 2178 2471 commerce,

1283 2486 1384 2520 ayant
1400 2481 1587 2521 propriété,
1605 2480 1792 2510 cherchant
1803 2478 1974 2514 affection,
1984 2487 2021 2508 se
2037 2478 2180 2507 dévoue¬

1284 2523 1349 2552 rait
1378 2524 1395 2552 à
1419 2522 1525 2560 grand
1554 2521 1666 2550 blessé
1692 2521 1732 2550 de
1748 2527 1885 2557 guerre,
1911 2527 1954 2549 ou
1972 2522 1988 2548 à
2006 2519 2181 2548 monsieur

1284 2563 1453 2599 distingué
1483 2561 1631 2596 fortuné,
1663 2559 1891 2590 recherchant
1912 2559 2014 2598 appui
2030 2558 2148 2588 moral.
2167 2574 2181 2579 -

1283 2604 1323 2633 N-
1341 2603 1429 2632 4978.

1323 2651 1496 2690 Capitaine
1512 2650 1634 2685 active,
1652 2650 1690 2679 34
1703 2658 1773 2685 ans,
1799 2656 1841 2678 au
1858 2650 1974 2678 Maroc
1990 2649 2181 2678 momenta¬

1284 2694 1434 2725 nément,
1446 2690 1559 2721 désire
1575 2689 1825 2728 correspondre
1836 2696 1921 2726 pour
1932 2688 2083 2726 mariage
2100 2695 2182 2717 avec

1280 2735 1386 2770 jeune
1404 2732 1471 2761 fille
1501 2730 1706 2767 catholique,
1734 2730 1846 2759 bonne
1863 2729 2000 2763 famille,
2020 2728 2181 2758 situation

1284 2781 1326 2802 en
1344 2774 1494 2810 rapport.
1511 2786 1530 2792 -
1546 2772 1574 2800 N
1580 2779 1586 2785 -
1603 2771 1692 2799 4981.

1322 2822 1432 2850 Jeune
1461 2820 1597 2849 homme
1611 2819 1650 2848 23
1671 2826 1744 2851 ans,
1776 2816 1926 2849 sérieux,
1958 2815 2179 2853 agriculteur,

1284 2868 1363 2890 sans
1379 2860 1528 2891 fortune,
1546 2861 1753 2895 espérances
1778 2858 1879 2895 après
1896 2858 2047 2894 parents,
2079 2857 2182 2893 épou¬

1284 2900 1390 2930 serait
1418 2898 1616 2929 demoiselle
1646 2905 1690 2928 ou
1705 2905 1825 2931 veuve,
1843 2897 1880 2926 19
1895 2898 1914 2926 à
1928 2898 1968 2926 28
1982 2905 2055 2932 ans,
2079 2898 2182 2932 ayant

1284 2940 1389 2978 petite
1406 2939 1580 2969 situation.
1598 2955 1614 2960 -
1629 2940 1669 2969 N'
1688 2939 1777 2968 4983.

1323 2988 1528 3019 Demoiselle
1543 2988 1582 3017 35
1597 2995 1669 3023 ans,
1688 2987 1811 3017 femme
1829 2986 1872 3016 du
1893 2986 2027 3020 monde,
2044 2984 2179 3020 blonde,

1285 3029 1488 3067 distinguée,
1520 3028 1631 3057 désire
1661 3028 1765 3057 union
1782 3034 1864 3057 avec
1890 3026 2066 3056 monsieur
2081 3029 2182 3062 ayant

1283 3069 1371 3100 belle
1388 3067 1560 3099 situation.
1578 3084 1596 3089 -
1611 3069 1652 3097 N-
1669 3068 1758 3097 4985.

1323 3117 1527 3148 Demoiselle
1556 3118 1594 3147 48
1618 3125 1688 3153 ans,
1718 3124 1796 3146 sans
1822 3114 2024 3153 profession,
2057 3113 2181 3143 femme

1285 3158 1495 3191 d’intérieur,
1507 3157 1619 3187 bonne
1629 3156 1820 3191 éducation,
1829 3155 1996 3193 physique
2007 3154 2179 3192 agréable,

1286 3198 1425 3237 capable
1438 3199 1479 3228 de
1496 3198 1733 3230 dévouement,
1741 3195 1940 3235 épouserait
1952 3195 2127 3224 monsieur
2139 3201 2182 3224 ou

1284 3238 1426 3268 retraité
1441 3240 1543 3275 ayant
1558 3238 1669 3267 bonne
1686 3236 1858 3266 situation.
1882 3251 1900 3257 -
1916 3237 1956 3265 N'
1973 3236 2062 3264 4986.

1325 3289 1437 3317 Veuve
1452 3287 1490 3317 35
1506 3295 1578 3320 ans,
1597 3295 1674 3315 sans
1698 3285 1824 3319 enfant,
1843 3284 2004 3314 situation
2021 3283 2114 3313 7.000
2131 3283 2180 3318 fr.,

1285 3327 1480 3357 économies
1497 3327 1607 3356 10.000
1622 3326 1676 3362 fr.,
1693 3326 1862 3355 intérieur
1878 3324 2048 3361 agréable,
2081 3328 2183 3357 épou¬

1285 3367 1390 3397 serait
1407 3367 1582 3398 monsieur
1598 3369 1697 3404 ayant
1714 3365 1875 3396 situation
1892 3364 1982 3394 sûre.
1999 3380 2019 3385 -
2034 3365 2074 3394 N-
2091 3364 2181 3393 4987.

1323 3418 1433 3447 Jeune
1471 3416 1607 3446 homme
1649 3416 1687 3445 25
1728 3423 1800 3449 ans,
1832 3413 1992 3443 situation
2023 3413 2183 3442 annuelle

1284 3457 1397 3487 60.000
1409 3456 1464 3492 fr.,
1494 3464 1536 3485 au
1552 3458 1681 3489 Maroc,
1704 3455 1799 3485 avoir
1812 3455 1852 3484 30
1866 3454 1926 3483 000
1943 3454 1982 3483 fr.
2000 3456 2036 3483 et
2051 3453 2183 3482 maison

1286 3496 1509 3529 confortable,
1540 3495 1736 3534 épouserait
1765 3496 1868 3532 jeune
1892 3493 1963 3524 fille
1980 3494 2018 3522 18
2034 3495 2052 3523 à
2067 3493 2106 3522 22
2124 3500 2184 3522 ans

1285 3537 1423 3567 voulant
1438 3536 1571 3566 habiter
1590 3537 1716 3565 Maroc.
1733 3551 1745 3556 -
1756 3536 1784 3565 N
1790 3543 1795 3548 -
1815 3535 1905 3564 4991.

1326 3590 1531 3621 Demoiselle
1552 3590 1591 3619 35
1618 3598 1690 3624 ans,
1704 3588 1799 3626 jolie,
1818 3587 2022 3625 distinguée,
2040 3586 2184 3617 affectu¬

1285 3639 1380 3666 euse,
1396 3630 1587 3665 éducation,
1606 3629 1700 3660 avoir
1721 3631 1754 3658 et.
1783 3627 1957 3663 situation,
1987 3626 2185 3666 épouserait

1286 3671 1462 3701 monsieur
1478 3671 1625 3707 sérieux,
1640 3671 1679 3699 38
1695 3671 1714 3698 à
1729 3669 1767 3698 40
1783 3676 1855 3703 ans,
1884 3667 2046 3698 situation
2073 3667 2182 3702 Paris,

1285 3713 1356 3742 très
1373 3712 1522 3741 sérieux.
1542 3727 1552 3732 -
1570 3711 1599 3740 N
1604 3718 1611 3725 -
1627 3710 1719 3739 4992.

1323 3762 1433 3791 Jeune
1445 3760 1516 3790 fille
1530 3760 1569 3788 23
1585 3767 1657 3794 ans,
1675 3758 1864 3795 employée,
1879 3757 2001 3792 brune,
2021 3756 2184 3795 physique

1286 3801 1458 3839 agréab'e,
1485 3800 1599 3830 20.000
1611 3799 1666 3833 fr.,
1698 3799 1767 3828 très
1796 3796 2018 3831 affectueuse,
2036 3799 2184 3834 épouse¬

1286 3842 1352 3871 rait
1365 3848 1538 3880 personne
1568 3839 1730 3869 situation
1750 3846 1792 3867 en
1808 3840 1961 3875 rapport.
1991 3853 2008 3859 -
2036 3837 2171 3867 N'4996

1324 3891 1432 3920 Jeune
1457 3888 1527 3919 fille
1550 3889 1589 3918 25
1617 3896 1690 3922 ans,
1703 3887 1800 3925 jolie,
1816 3886 2041 3922 musicienne,
2059 3884 2184 3915 femme

1287 3930 1328 3959 du
1346 3931 1479 3965 monde,
1496 3928 1666 3962 instruite,
1680 3927 1748 3957 fille
1765 3927 1805 3956 de
1821 3927 1904 3956 haut
1919 3925 2181 3961 fenctionnaire,

1286 3971 1482 4008 épouserait
1498 3968 1674 3998 monsieur
1684 3968 1797 3997 26à38
1808 3975 1868 3995 ans
1885 3966 2038 3996 habitant
2053 3966 2183 4004 grande

1285 4010 1364 4040 ville
1380 4012 1510 4040 France
1527 4016 1570 4039 ou
1587 4008 1749 4038 colonies.
1768 4023 1784 4029 -
1801 4008 1842 4036 N-
1860 4007 1949 4036 4997.

1324 4061 1433 4089 Jeune
1448 4059 1596 4092 homme,
1615 4058 1808 4089 sud-ouest,
1827 4055 1880 4085 fils
1897 4055 2034 4093 unique,
2052 4055 2184 4084 300.000

1286 4100 1340 4135 fr.,
1355 4100 1454 4132 brun,
1472 4107 1533 4138 pas
1550 4099 1696 4132 fumeur,
1709 4096 1904 4135 épouserait
1922 4095 2122 4126 demoiselle
2139 4102 2182 4125 ou

1286 4148 1392 4169 veuve
1409 4140 1576 4172 sérieuse,
1607 4138 1670 4176 âge
1700 4139 1733 4166 et
1749 4136 1911 4166 situation
1928 4144 1969 4166 en
1995 4137 2146 4173 rapport.
2165 4151 2182 4156 -

1286 4181 1324 4209 N-
1343 4181 1431 4209 4998.

1324 4228 1413 4258 Veuf
1423 4229 1462 4258 50
1478 4236 1549 4261 ans,
1579 4228 1598 4256 2
1613 4226 1757 4260 enfants,
1783 4225 1948 4255 demande
1965 4223 2181 4255 cultivatrice

1285 4276 1366 4298 avec
1395 4269 1499 4307 petite
1529 4268 1596 4302 dot,
1612 4267 1652 4296 30
1668 4268 1684 4295 à
1699 4266 1737 4294 40
1752 4274 1824 4301 ans,
1856 4265 2007 4299 robuste,
2037 4271 2184 4301 envoyer

1284 4308 1400 4347 photo.
1418 4310 1483 4338 -N‘
1501 4307 1592 4337 5000.

1324 4357 1409 4387 Veuf
1423 4359 1461 4387 45
1476 4365 1549 4390 ans,
1576 4357 1778 4394 protestant,
1797 4355 1809 4383 1
1829 4354 1946 4384 enfant
1961 4354 1979 4383 9
1994 4361 2066 4383 ans,
2093 4352 2182 4382 fonc¬

1285 4397 1464 4432 tionnaire,
1502 4397 1663 4426 situation
1692 4395 1785 4424 6.000
1800 4394 1854 4425 fr.,
1879 4394 1975 4423 avoir
2002 4393 2112 4422 10.000
2128 4393 2181 4426 fr.,

1285 4438 1482 4472 épouserait
1509 4436 1708 4465 demoiselle
1735 4442 1779 4464 ou
1808 4442 1917 4464 veuve
1946 4434 1984 4462 33
2015 4436 2032 4463 à
2058 4433 2096 4462 42
2116 4441 2183 4462 ans

1284 4477 1445 4507 situation
1463 4485 1504 4507 en
1522 4478 1671 4514 rapport.
1684 4491 1696 4496 -
1715 4475 1743 4504 N
1749 4483 1754 4489 -
1772 4474 1861 4504 5001.

1322 4526 1411 4556 Veuf
1422 4527 1461 4555 58
1476 4533 1548 4559 ans,
1579 4523 1782 4560 catholique,
1811 4523 1890 4552 bien
1922 4529 2002 4551 sous
2033 4524 2108 4551 tous
2134 4522 2181 4550 les

1284 4569 1453 4602 rapports,
1471 4565 1565 4595 avoir
1580 4564 1691 4594 60.000
1708 4563 1747 4593 fr.
1772 4562 1970 4600 épouserait
1988 4561 2182 4598 catholique

1283 4605 1511 4643 pratiquante,
1542 4604 1764 4639 affectueuse,
1795 4602 1893 4641 goûts
1910 4603 2062 4640 simples,
2080 4600 2183 4630 situa¬

1285 4645 1355 4674 tion
1372 4653 1414 4675 en
1432 4648 1582 4684 rapport.
1600 4645 1627 4674 N
1634 4654 1640 4659 -
1655 4644 1743 4673 5002.

1325 4699 1451 4734 Maroc,
1475 4706 1586 4729 veuve
1601 4698 1640 4727 50
1656 4705 1728 4731 ans,
1759 4696 1951 4735 paraissant
1974 4696 2048 4734 plus
2062 4695 2181 4730 jeune,

1285 4739 1354 4767 très
1389 4739 1555 4772 sérieuse,
1586 4737 1757 4772 instruite,
1789 4736 1867 4766 bien
1898 4736 2026 4770 élevée,
2058 4736 2181 4763 femme

1285 4778 1494 4812 d’intérieur,
1506 4781 1607 4815 ayant
1616 4778 1744 4814 occupé
1755 4776 1843 4806 belle
1853 4775 2026 4810 situation,
2038 4773 2183 4803 recher¬

1284 4817 1347 4847 che
1377 4819 1527 4856 mariage
1556 4826 1638 4847 avec
1655 4816 1796 4851 rentier,
1813 4816 2007 4849 industriel,
2027 4813 2179 4847 sérieux,

1285 4865 1351 4886 aux
1367 4859 1529 4888 colonies.
1548 4873 1558 4879 -
1575 4859 1613 4887 N'
1633 4857 1723 4886 4946.

1324 4906 1528 4936 Demoiselle
1550 4906 1589 4935 46
1617 4914 1689 4939 ans,
1720 4904 1926 4942 catholique,
1958 4903 2081 4932 famille
2111 4903 2182 4931 très

1285 4944 1483 4976 honorable,
1501 4947 1571 4974 très
1595 4945 1762 4980 sérieuse,
1793 4944 1883 4978 bien,
1914 4945 2037 4973 femme
2067 4941 2182 4972 d’inté¬

1285 4985 1390 5018 rieur,
1402 4985 1459 5014 dot
1467 4985 1578 5015 40.000
1589 4986 1641 5021 fr,.
1654 4985 1850 5023 épouserait
1861 4984 2018 5021 employé
2030 4982 2179 5016 sérieux,

1284 5026 1393 5061 poste,
1412 5025 1555 5059 douane,
1573 5025 1750 5060 P.-L.-M.,
1769 5023 2051 5058 administration,
2071 5021 2181 5052 même

1284 5064 1372 5093 veuf.
1389 5079 1409 5085 -
1423 5065 1451 5094 N
1458 5072 1463 5078 -
1480 5063 1569 5093 4931.

2269 1273 2473 1304 Demoiselle
2487 1275 2526 1304 26
2543 1283 2614 1311 ans,
2629 1274 2726 1313 jolie,
2745 1274 2968 1309 musicienne,
3002 1273 3127 1303 femme

2229 1314 2273 1344 du
2290 1315 2423 1349 monde,
2442 1316 2499 1345 dot
2515 1316 2572 1345 150
2588 1316 2628 1345 fr.
2646 1323 2708 1353 par
2728 1315 2824 1350 mois,
2855 1314 3027 1350 instruite,
3059 1313 3128 1343 fille

2230 1354 2270 1382 de
2286 1354 2368 1383 haut
2385 1355 2647 1388 fonctionnaire,
2665 1355 2861 1394 épouserait
2888 1353 3063 1384 monsieur
3089 1354 3128 1383 26

2229 1396 2247 1423 à
2262 1395 2301 1423 38
2317 1402 2377 1424 ans
2393 1394 2547 1426 habitant
2562 1396 2692 1434 grande
2707 1396 2797 1424 ville.
2814 1411 2833 1417 -
2850 1396 2878 1424 N
2885 1404 2890 1410 -
2908 1395 2998 1424 4997.

2267 1445 2376 1473 Jeune
2392 1443 2527 1473 homme
2539 1445 2579 1473 32
2595 1452 2667 1477 ans,
2685 1444 2879 1476 sud-ouest,
2906 1443 2957 1472 fils
2987 1443 3127 1481 unique,

2228 1483 2362 1514 300.000
2376 1483 2431 1517 fr.,
2448 1484 2548 1520 brun,
2559 1493 2620 1523 pas
2633 1484 2780 1520 fumeur,
2794 1483 2992 1523 épouserait
3003 1484 3130 1513 demoi¬

2230 1525 2314 1554 selle
2337 1531 2380 1553 ou
2404 1532 2514 1554 veuve
2544 1524 2711 1560 sérieuse,
2742 1525 2804 1563 âge
2833 1529 2867 1554 et
2894 1523 3056 1554 situation
3086 1531 3128 1554 en

2230 1567 2382 1603 rapport.
2400 1580 2418 1586 -
2434 1566 2473 1595 N'
2493 1566 2596 1596 5.004.

2269 1623 2568 1655 Sous-lieutenant
2584 1623 2791 1657 célibataire,
2805 1623 2883 1653 bien
2893 1630 2972 1652 sous
2986 1625 3062 1652 tous
3078 1622 3128 1651 les

2230 1666 2400 1702 rapports,
2444 1664 2642 1702 épouserait
2679 1665 2786 1701 jeune
2823 1663 2892 1692 fille
2921 1662 3128 1700 catholique,

2230 1705 2351 1739 brune,
2369 1704 2532 1734 situation
2549 1712 2590 1734 en
2607 1707 2758 1742 rapport.
2776 1720 2793 1725 -
2809 1705 2849 1733 N-
2865 1703 2953 1733 5004.

2268 1756 2378 1784 Jeune
2394 1753 2462 1783 fille
2477 1754 2517 1783 30
2531 1762 2605 1786 ans,
2622 1752 2749 1782 famille
2778 1751 2978 1787 honorable,
3010 1752 3131 1782 catho¬

2234 1794 2335 1832 lique,
2363 1794 2420 1823 dot
2449 1798 2482 1822 et
2512 1794 2648 1823 fortune
2677 1793 2788 1822 40.000
2817 1793 2871 1827 fr.,
2902 1792 3015 1821 désire
3045 1791 3130 1821 faire

2232 1833 2478 1864 connaissance
2506 1841 2588 1863 avec
2609 1832 2784 1863 monsieur
2799 1831 3004 1870 catholique,
3036 1840 3133 1862 com¬

2233 1877 2387 1911 merçant
2404 1882 2447 1903 ou
2464 1873 2632 1911 employé.
2652 1889 2668 1894 -
2684 1874 2724 1903 N'
2743 1873 2834 1902 5005.

2271 1923 2473 1953 Célibataire
2502 1923 2541 1952 35
2569 1930 2642 1956 ans,
2674 1922 2893 1957 cultivateur,
2937 1921 3051 1951 20.000
3078 1921 3135 1955 fr.,

2233 1963 2431 2001 épouserait
2456 1962 2656 1993 demoiselle
2685 1970 2726 1991 ou
2757 1970 2862 1992 veuve
2892 1969 2970 1992 sans
3003 1961 3133 1997 enfant,

2233 2003 2394 2034 situation
2411 2011 2454 2033 en
2470 2006 2622 2042 rapport.
2639 2019 2649 2024 -
2665 2003 2707 2032 N-
2725 2002 2815 2032 5009.

2273 2062 2370 2095 Veuf,
2382 2062 2421 2091 55
2438 2070 2510 2097 ans,
2528 2070 2607 2091 sans
2624 2060 2752 2095 enfant,
2771 2061 2856 2093 seul,
2876 2059 3026 2093 sérieux,
3043 2059 3136 2089 habi¬

2235 2106 2307 2133 tant
2318 2101 2465 2137 Algérie,
2477 2102 2634 2140 employé
2647 2101 2687 2130 de
2701 2101 2832 2136 mairie,
2851 2103 2951 2139 ayant
2965 2101 3135 2130 intérieur

2235 2146 2268 2173 et
2285 2142 2453 2176 mobilier,
2475 2142 2589 2172 désire
2618 2141 2723 2171 union
2754 2149 2836 2171 avec
2865 2140 3065 2171 demoiselle
3090 2148 3134 2170 ou

2234 2190 2342 2213 veuve
2357 2183 2396 2211 36
2412 2184 2428 2212 à
2445 2183 2483 2212 46
2499 2190 2572 2218 ans,
2588 2184 2689 2219 ayant
2703 2181 2877 2211 situation.
2893 2196 2910 2203 -
2926 2181 2965 2209 N-
2983 2181 3073 2210 5010.

2275 2240 2480 2271 Demoiselle
2495 2240 2607 2269 bonne
2624 2239 2761 2275 famille,
2786 2240 2824 2270 40
2850 2246 2923 2274 ans,
2941 2238 3136 2277 paraissant

2231 2284 2348 2319 jeune,
2369 2281 2491 2309 femme
2507 2279 2717 2315 d’intérieur,
2736 2279 2957 2313 affectueuse,
2985 2281 3135 2315 épouse¬

2235 2322 2301 2351 rait
2317 2321 2447 2352 officier
2463 2329 2508 2350 ou
2523 2320 2776 2351 fonctionnaire
2802 2320 2952 2355 sérieux,
2983 2319 3022 2349 40
3049 2321 3068 2349 à
3095 2319 3135 2348 45

2236 2370 2309 2391 ans.
2327 2377 2344 2384 -
2361 2362 2401 2390 N-
2419 2361 2509 2392 5011,

2276 2410 2515 2440 Sous-offfcier
2531 2410 2571 2439 de
2587 2409 2751 2439 carrière.
2778 2409 2818 2439 30
2839 2417 2911 2443 ans,
2930 2408 3134 2442 affectueux,

2236 2450 2392 2484 aimable,
2411 2450 2608 2480 économies
2627 2449 2736 2479 10.000
2753 2449 2806 2484 fr.,
2834 2449 2976 2479 retraite
3007 2448 3089 2477 dans
3119 2449 3137 2477 2

2236 2500 2308 2525 ans,
2327 2491 2524 2528 épouserait
2540 2489 2738 2519 demoiselle
2756 2488 2919 2519 situation
2937 2496 2978 2518 en
2996 2491 3137 2527 rapport

2236 2539 2280 2562 ou
2296 2530 2517 2561 institutrice.
2536 2546 2553 2552 -
2569 2531 2608 2559 N-
2627 2530 2716 2559 5012.

2275 2582 2384 2610 Jeune
2399 2579 2467 2609 fille
2482 2579 2522 2609 26
2538 2587 2610 2613 ans,
2627 2578 2704 2608 bien
2721 2578 2995 2617 physiquement,
3027 2577 3135 2607 douce

2236 2623 2272 2649 et
2282 2620 2450 2655 sérieuse,
2463 2619 2714 2649 fonctionnaire
2727 2609 2844 2650 d’État.
2859 2618 3136 2657 appointements

2236 2662 2255 2690 6
2270 2661 2329 2690 000
2371 2659 2426 2696 fr.,
2470 2659 2667 2689 économies
2709 2659 2801 2689 6.000
2830 2659 2885 2694 fr.,
2929 2661 3136 2695 espérances

2236 2700 2348 2731 20.000
2364 2700 2418 2735 fr.,
2450 2699 2648 2738 épouserait
2678 2699 2853 2729 monsieur
2881 2699 2919 2728 27
2947 2699 2964 2727 à
2993 2699 3032 2727 38
3062 2706 3134 2733 ans,

2238 2740 2401 2771 situation
2418 2739 2500 2770 sûre
2516 2747 2557 2769 en
2575 2741 2726 2778 rapport,
2745 2755 2762 2760 -
2777 2740 2806 2769 N
2812 2748 2818 2754 -
2835 2739 2924 2769 5013.

2276 2789 2481 2818 Demoiselle
2504 2789 2543 2818 30
2559 2796 2631 2823 sus,
2661 2788 2773 2817 bonne
2803 2787 2940 2821 famille,
2970 2786 3136 2825 physique

2237 2828 2409 2868 agréable,
2428 2828 2653 2862 musicienne,
2672 2828 2782 2857 bonne
2798 2826 3015 2860 instruction,
3033 2828 3137 2862 épou¬

2237 2869 2342 2899 serait
2358 2869 2535 2898 monsieur
2551 2868 2690 2897 sérieux
2706 2871 2806 2904 ayant
2822 2875 2889 2897 une
2904 2866 3017 2895 bonne
3035 2866 3136 2896 situa¬

2237 2909 2322 2944 tion,
2338 2908 2521 2938 industriel
2537 2916 2581 2938 ou
2598 2907 2883 2938 administration.
2900 2922 2919 2928 -
2934 2907 2963 2936 N
2969 2915 2975 2921 -
2992 2907 3081 2936 5016.

2278 2961 2519 2993 sous-officier
2535 2960 2686 2998 retraité,
2709 2961 2748 2990 50
2776 2969 2849 2994 ans,
2879 2960 2971 2990 2.200
2999 2960 3054 2992 fr.,
3083 2960 3137 2988 bel

2237 3002 2417 3036 intérieur,
2435 3010 2481 3032 un
2497 3009 2625 3040 garçon
2653 3001 2736 3031 dans
2765 3001 2971 3039 pharmacie,
3003 3000 3071 3030 fille
3101 3001 3138 3029 13

2238 3052 2298 3072 ans
2315 3050 2357 3072 en
2374 3043 2530 3081 pension,
2546 3041 2744 3080 épouserait
2756 3040 2952 3071 demoiselle
2968 3048 3012 3070 ou
3030 3048 3137 3069 veuve

2239 3084 2302 3122 âge
2319 3085 2352 3113 et
2368 3082 2529 3112 situation
2546 3091 2589 3112 en
2606 3084 2758 3120 rapport.
2775 3097 2793 3103 -
2809 3082 2848 3111 N-
2866 3080 2955 3111 5018.

2279 3140 2484 3172 Demoiselle
2499 3142 2538 3170 33
2554 3148 2625 3170 ans.
2645 3140 2701 3169 dot
2725 3139 2835 3170 15.000
2864 3139 2918 3171 fr.,
2948 3138 3026 3167 bien
3057 3145 3136 3168 sous

2238 3183 2409 3220 rapports,
2439 3180 2639 3218 épouserait
2673 3179 2923 3210 fonctionnaire
2960 3179 3067 3208 d’Elat
3093 3185 3137 3208 ou

2239 3222 2317 3252 veuf
2334 3221 2481 3256 fortuné,
2500 3221 2563 3258 âge
2580 3228 2645 3259 peu
2661 3219 2819 3258 importe.
2836 3236 2854 3242 -
2870 3220 2910 3249 N'
2927 3219 3017 3252 5019,

2279 3279 2483 3309 Demoiselle
2502 3279 2625 3309 femme
2651 3278 2692 3308 de
2714 3275 2886 3311 chambre,
2903 3277 2942 3306 34
2957 3284 3029 3312 ans,
3046 3276 3138 3306 3.000

2239 3320 2280 3349 fr.
2309 3319 2518 3352 économies,
2558 3318 2652 3348 avoir
2692 3320 2791 3355 après
2834 3319 2984 3356 parents,
3025 3316 3137 3346 désire

2239 3361 2392 3391 mariage
2434 3367 2516 3389 avec
2557 3358 2734 3389 monsieur
2771 3358 2833 3396 âge
2873 3356 3078 3387 indifférent.
3126 3372 3137 3377 -

2238 3401 2278 3429 N-
2297 3399 2387 3430 5022.

2281 3456 2494 3487 Institutrice
2509 3456 2609 3491 libre,
2625 3457 2665 3485 32
2680 3464 2752 3492 ans,
2777 3456 2987 3494 parisienne,
3019 3455 3139 3489 brune,

2239 3505 2369 3536 garçon
2385 3497 2404 3526 5
2420 3505 2492 3530 ans,
2511 3496 2700 3526 recherche
2716 3504 2802 3530 pour
2825 3495 2974 3533 mariage
3004 3495 3140 3524 homme

2240 3539 2281 3568 de
2313 3545 2419 3571 cœur,
2447 3536 2648 3566 sentiments
2676 3536 2828 3571 délicats,
2846 3535 2902 3574 qui
2925 3534 3024 3565 ferait
3040 3535 3141 3564 situa¬

2238 3579 2323 3614 tion,
2340 3577 2404 3615 âge
2419 3576 2626 3610 indifférent,
2645 3576 2860 3606 seconderait
2876 3576 2957 3605 dans
2974 3582 3140 3604 commer¬

2239 3627 2289 3653 ce,
2308 3617 2492 3648 habiterait
2509 3617 2538 3646 la
2556 3624 2754 3654 campagne.
2771 3632 2790 3638 -
2806 3617 2845 3646 N‘
2863 3615 2952 3645 5023.

2278 3679 2388 3706 Jeune
2403 3676 2539 3705 homme
2556 3675 2593 3704 23
2609 3682 2681 3709 ans,
2695 3674 2795 3709 brun,
2810 3674 2958 3705 sérieux,
2977 3673 3138 3702 situation

2237 3718 2332 3747 7.800
2347 3716 2403 3752 fr.,
2428 3715 2702 3745 administration
2732 3716 2859 3747 Maroc,
2891 3713 3004 3742 désire
3032 3713 3137 3742 union

2240 3766 2322 3787 avec
2333 3759 2441 3795 jeune
2456 3755 2525 3785 fille
2541 3756 2579 3784 18
2594 3757 2612 3784 à
2627 3755 2666 3783 23
2682 3762 2754 3789 ans,
2772 3770 2809 3775 —
2823 3755 2852 3784 N
2859 3763 2864 3768 -
2881 3753 2971 3783 5028.

2279 3814 2482 3845 Célibataire
2498 3814 2537 3843 35
2553 3821 2625 3848 ans,
2652 3812 2789 3847 aimant,
2808 3811 2957 3843 instruit,
2975 3810 3137 3840 situation

2238 3855 2382 3885 libérale
2423 3853 2689 3891 indépendante,
2721 3852 2774 3881 bel
2805 3852 2910 3885 avoir,
2942 3851 3139 3888 épouserait

2238 3902 2414 3935 personne
2430 3895 2501 3923 très
2519 3893 2678 3925 aimante,
2696 3892 2770 3928 âge.
2789 3892 2915 3926 enfant,
2934 3893 3019 3926 tare,
3039 3892 3138 3921 anté¬

2239 3937 2380 3966 cédents
2396 3933 2623 3963 indifférents.
2637 3948 2675 3953 —
2690 3933 2729 3961 N'
2748 3931 2838 3961 5006.

2277 3996 2386 4024 Jeune
2416 3992 2514 4022 dame
2541 3991 2581 4021 30
2605 3997 2679 4025 ans,
2710 3997 2836 4027 garçon
2866 3990 2884 4019 4
2912 3996 2985 4023 ans,
3015 3989 3136 4024 brune,

2238 4035 2505 4069 commerçante,
2523 4031 2686 4063 dévouée,
2704 4029 2926 4061 affectueuse,
2938 4032 3040 4066 ayant
3053 4029 3139 4059 inté¬

2240 4075 2344 4108 rieur,
2363 4081 2442 4102 sans
2459 4073 2607 4105 fortune,
2625 4069 2823 4108 épouserait
2848 4069 3024 4099 monsieur
3054 4070 3092 4098 35
3122 4071 3139 4099 à

2238 4115 2277 4144 50
2294 4122 2365 4149 ans,
2384 4115 2486 4150 ayant
2502 4111 2663 4141 situation
2681 4109 2772 4140 sûre.
2790 4126 2827 4131 —
2844 4108 2873 4139 N
2879 4118 2884 4124 -
2902 4109 2991 4139 5031.

2278 4175 2387 4202 Jeune
2414 4178 2533 4205 veuve,
2566 4170 2686 4202 douce,
2712 4167 2934 4202 affectueuse,
2952 4167 3139 4197 sentimen¬

2238 4214 2318 4247 tale,
2333 4211 2445 4241 désire
2456 4204 2709 4244 correspondre
2726 4216 2808 4238 avec
2820 4208 2995 4239 monsieur
3008 4208 3048 4237 30
3064 4215 3137 4242 ans,

2237 4253 2445 4289 gentleman,
2492 4251 2593 4286 ayant
2636 4255 2830 4278 commerce
2874 4256 2917 4279 ou
2961 4247 3137 4282 situation,

2239 4293 2375 4330 dispose
2391 4291 2526 4329 photos.
2543 4306 2581 4309 —
2595 4289 2623 4318 N
2629 4297 2635 4303 -
2649 4288 2739 4318 5032.

2280 4348 2484 4380 Demoiselle
2514 4348 2552 4376 26
2577 4355 2649 4377 ans,
2676 4346 2800 4376 femme
2817 4345 3028 4379 d’intérieur,
3046 4345 3137 4381 gaie,

2239 4389 2464 4422 musicienne,
2479 4388 2535 4416 dot
2553 4386 2683 4417 100.000
2700 4387 2754 4421 fr.,
2781 4390 3000 4425 espérances,
3031 4387 3135 4422 épou¬

2239 4430 2346 4460 serait
2365 4427 2542 4458 monsieur
2559 4426 2708 4462 sérieux,
2727 4428 2880 4463 docteur,
2897 4425 3079 4456 industriel
3096 4432 3139 4454 ou

2239 4470 2484 4505 commerçant.
2503 4485 2539 4488 —
2557 4469 2584 4498 N
2590 4477 2595 4482 -
2609 4468 2699 4497 5034.

2277 4529 2387 4556 Jeune
2415 4526 2552 4555 homme
2582 4526 2693 4555 bonne
2723 4525 2862 4560 famille,
2894 4526 2995 4560 ayant
3031 4521 3137 4554 avoir,

2238 4567 2437 4605 épouserait
2450 4568 2556 4603 jeune
2574 4566 2641 4595 fil'e
2657 4567 2695 4595 25
2713 4569 2728 4595 à
2751 4567 2788 4594 27
2814 4573 2886 4600 ans,
2920 4563 3029 4592 même
3060 4569 3138 4590 sans

2239 4606 2414 4637 situation.
2432 4623 2469 4626 —
2486 4608 2514 4636 N
2521 4615 2526 4620 -
2541 4606 2632 4636 5036.

2278 4663 2480 4694 Célibataire
2495 4665 2534 4693 32
2550 4673 2622 4698 ans,
2649 4664 2816 4701 employé,
2843 4663 2945 4698 ayant
2973 4658 3136 4688 situation

2238 4705 2330 4736 sûre,
2348 4705 2545 4734 énou-erait
2563 4704 2770 4738 demoiselle,
2789 4710 2895 4732 veuve
2908 4706 2950 4729 ou
2964 4699 3135 4728 divorcée.

2237 4762 2274 4766 —
2292 4747 2331 4775 N-
2350 4745 2441 4781 5099,

2280 4803 2448 4840 Adjudant
2477 4803 2655 4835 artillerie,
2686 4803 2724 4831 29
2753 4808 2824 4834 ans,
2858 4797 3009 4830 sérieux,
3041 4796 3135 4825 avoir

2237 4845 2276 4873 20
2291 4844 2349 4874 000
2367 4843 2405 4872 fr.
2424 4847 2456 4873 et
2473 4846 2693 4879 espérances,
2711 4838 2909 4873 épouserait
2938 4836 3136 4866 demoiselle

2240 4885 2276 4913 18
2292 4887 2308 4913 à
2325 4885 2363 4913 25
2379 4891 2453 4915 ans,
2470 4883 2489 4912 b
2507 4892 2548 4913 en
2566 4889 2646 4911 sous
2662 4884 2738 4909 tous
2754 4879 2806 4908 les
2831 4879 2999 4915 rapports,
3032 4875 3137 4904 fortu¬

2239 4926 2314 4959 née,
2333 4924 2364 4954 fil
2382 4932 2400 4953 e
2412 4923 2646 4958 commerçant
2656 4927 2698 4950 ou
2712 4917 2929 4948 institutrice.
2943 4932 2976 4936 —
2989 4916 3029 4944 N"
3047 4916 3135 4945 5100.

2278 4980 2480 5011 Célibataire
2496 4982 2535 5009 32
2560 4988 2632 5008 ans.
2651 4976 2818 5013 employé,
2848 4975 2948 5010 ayant
2973 4972 3137 5002 situation

2238 5022 2330 5055 sûre,
2344 5020 2540 5053 épouserait
2558 5016 2767 5050 demoiselle,
2780 5022 2889 5043 veuve
2905 5020 2948 5043 ou
2966 5012 3137 5043 divorcée.

2237 5078 2275 5082 —
2292 5062 2331 5091 N'
2348 5060 2438 5089 5039.
