3536 5552
1502 406 1602 455 PRIX
1655 417 1664 455 :
1725 406 1821 456 50
1878 407 2073 456 Centimes

2594 240 2621 276 1
2624 245 2651 264 er
2680 242 2923 279 .laurier
2961 243 3131 282 1923.

2804 309 2867 346 /iT
2867 318 2889 344 k.
2898 312 2976 344 ï**Vï
2995 314 3002 341 !
3015 299 3038 338 T
3052 313 3060 334 <
3087 295 3142 341 lî'
3148 313 3177 338 v

2770 382 2842 510 L

2858 412 2908 452 7V
2948 418 2960 452 i

2951 385 3004 444 /;

2946 462 2985 498 if?
3000 467 3014 498 f

3167 439 3188 472 /

3120 479 3189 513 y-.

1844 556 3164 778 ■NSUELLE

406 818 485 878 j§(
597 810 637 878 y
684 810 805 869 Dis
814 813 876 866 te
906 809 1352 866 d’Annonces
1382 807 1955 865 Matrimoniales
1987 814 2052 865 et
2081 809 2528 869 d’Annonces
2558 814 2884 875 Diverses

406 877 412 895 i
472 891 480 912 \
511 866 531 904 \
549 893 567 912 \
612 866 637 898 V
653 880 659 912 *
674 880 686 912 j
738 866 747 910 J

419 905 553 945 (Fonds
592 905 636 936 de
673 912 899 943 corpmerce,
946 904 1139 942 industrie,
1177 904 1284 934 vente
1327 902 1595 941 d’immeubles,
1640 902 1807 941 location,
1846 903 2039 943 échange).
2148 903 2184 934 —
2289 903 2533 937 Paraissant
2569 905 2605 938 le
2643 907 2701 939 1er
2734 909 2757 940 d
2761 917 2781 941 e
2824 911 2978 953 chaque
3012 913 3126 946 mois.

433 969 479 1025 \
533 965 880 1028 jalonnement
896 974 934 1011 et
952 973 999 1011 de
1020 973 1069 1012 25
1089 971 1217 1022 francs
1232 983 1338 1022 pour
1355 970 1381 1009 4
1401 972 1503 1009 mois
1504 1003 1517 1020 }
1540 971 1591 1009 45
1611 970 1737 1021 francs
1753 983 1859 1021 pour
1875 971 1904 1010 8
1921 973 2023 1010 mois
2044 974 2082 1010 et
2100 973 2149 1012 65
2169 972 2295 1025 francs
2310 987 2417 1025 pour
2437 977 2457 1014 1
2480 987 2533 1014 an
2554 977 2739 1017 donnant
2757 980 2862 1020 droit
2882 986 2906 1021 à
2925 996 3003 1023 une

380 1037 613 1091 inscription
630 1041 807 1090 gratuite
825 1051 896 1078 sur
914 1051 979 1078 ma
999 1040 1100 1078 liste.
1126 1040 1165 1078 —
1184 1040 1254 1078 Les
1269 1049 1472 1077 annonces
1485 1040 1579 1076 sont
1598 1038 1646 1076 de
1665 1040 1804 1088 quatre
1822 1040 1950 1088 lignes
1970 1041 2200 1079 maximum.
2224 1040 2262 1086 —
2288 1040 2329 1086 Les
2345 1041 2421 1100 lignes
2437 1042 2647 1100 supplémentaires
2663 1048 2715 1091 sont
2730 1053 2815 1104 payés!
2831 1051 2844 1093 à
2860 1049 2938 1096 raison
2955 1050 2980 1096 lie
2998 1050 3010 1096 3
3027 1049 3056 1097 fr.
3074 1051 3096 1097 la
3112 1051 3176 1111 ligne

881 1105 979 1136 Pour
1009 1105 1216 1144 l’Etranger
1232 1115 1239 1135 :
1278 1104 1303 1135 4
1322 1104 1426 1142 mois,
1456 1102 1512 1134 30
1542 1103 1685 1134 francs.
1727 1103 1766 1134 —
1808 1103 1832 1134 8
1856 1104 1960 1143 mois,
1978 1103 2031 1135 50
2059 1104 2202 1137 francs.
2244 1124 2283 1128 —
2329 1107 2338 1138 I
2372 1117 2430 1146 an,
2459 1107 2510 1139 70
2539 1109 2680 1142 francs.

540 1174 720 1213 Adresser
741 1173 878 1213 Lettres
894 1175 928 1213 et
947 1174 1125 1213 Mandats
1145 1174 1166 1212 à
1186 1172 1293 1211 Mme
1320 1171 1449 1211 Veuve
1469 1171 1738 1219 CHABAUD,
1761 1171 1961 1211 Directrice
1990 1173 2036 1211 de
2065 1173 2098 1215 la
2127 1173 2265 1215 Revue
2292 1176 2523 1221 Mensuelle,
2558 1179 2616 1222 18,
2651 1179 2730 1220 Rue
2759 1181 3028 1233 Sainte-Croix,

1530 1238 1773 1281 Nlontélimar
1805 1239 1976 1290 (Drôme)

416 1350 506 1377 Notre
520 1359 617 1377 œuvre
632 1359 649 1376 a
664 1352 737 1384 pour
752 1349 799 1375 but
815 1349 848 1375 de
863 1349 946 1375 venir
959 1358 992 1375 en
1007 1349 1072 1375 aide
1082 1359 1141 1375 aux
1144 1349 1280 1382 familles

380 1387 430 1420 qui
445 1386 571 1412 désirent
586 1385 693 1412 marier
709 1385 787 1411 leurs
803 1387 928 1418 enfants,
945 1394 1005 1411 aux
1022 1394 1127 1411 veuves
1142 1385 1193 1419 qui
1209 1394 1278 1411 vou¬

379 1421 493 1448 draient
508 1431 536 1448 se
551 1421 700 1452 remarier,
718 1430 777 1446 aux
805 1420 956 1454 orphelins
986 1424 1012 1446 et
1040 1430 1100 1446 aux
1127 1420 1280 1447 messieurs

380 1457 431 1492 qui
445 1460 544 1484 rêvent
559 1457 592 1483 de
606 1466 636 1483 se
642 1456 750 1489 fonder
765 1465 804 1482 un
811 1458 910 1491 foyer,
924 1465 979 1482 une
987 1456 1118 1489 famille.

415 1493 506 1520 Notre
521 1502 618 1519 œuvre
633 1502 697 1519 sera
717 1495 880 1526 approuvée
899 1495 954 1526 par
969 1496 1034 1519 tous
1064 1501 1114 1518 nos
1142 1491 1276 1522 abonnés,

382 1528 529 1563 lorsqu'ils
544 1532 667 1555 sauront
679 1527 765 1563 qu'ils
781 1531 906 1562 peuvent
921 1532 1038 1555 trouver
1063 1529 1153 1563 grâce
1169 1530 1185 1554 à
1201 1532 1280 1554 notre

380 1573 530 1597 concours,
548 1565 575 1590 le
590 1573 690 1598 moyen
705 1564 737 1590 de
752 1563 894 1590 semarier
906 1564 986 1590 selon
998 1564 1075 1590 leurs
1090 1567 1187 1599 goûts,
1203 1564 1280 1590 leurs

382 1610 450 1627 vues
466 1604 491 1626 et
505 1600 586 1626 selon
603 1600 666 1626 leur
680 1599 836 1626 condition.

417 1635 498 1663 Nous
514 1635 614 1670 prions
630 1636 670 1661 les
687 1635 786 1661 Dames
802 1639 827 1661 et
843 1635 884 1661 les
899 1635 1056 1661 Messieurs
1081 1634 1114 1661 de
1136 1644 1206 1661 nous
1231 1644 1280 1660 en¬

383 1681 469 1705 voyer
486 1672 512 1697 le
527 1671 594 1706 plus
609 1670 760 1697 d’abonnés
775 1671 912 1704 possible,
929 1669 989 1706 afin
1004 1680 1057 1705 que
1076 1674 1156 1697 notre
1183 1679 1280 1697 œuvre

381 1707 580 1742 s’agrandisse
596 1711 621 1732 et
636 1707 731 1740 puisse
741 1710 796 1741 par
810 1715 841 1733 ce
856 1716 955 1740 moyen
963 1706 1102 1738 faciliter
1118 1705 1233 1733 nombre
1248 1706 1280 1731 de

383 1743 530 1778 mariages
546 1747 571 1768 et
579 1742 662 1775 faire
679 1742 705 1768 le
719 1742 786 1776 plus
810 1741 968 1768 d'heureux
983 1741 1119 1776 possible,
1136 1751 1186 1768 car
1212 1740 1280 1768 c'est

383 1788 437 1805 une
450 1778 540 1804 bonne
557 1778 653 1804 action
668 1787 721 1812 que
734 1787 804 1804 vous
811 1780 900 1812 ferer^
928 1787 961 1803 en
990 1781 1171 1813 propageant
1202 1782 1281 1804 notre

381 1823 487 1846 œuvre,
504 1822 651 1840 vousnous
672 1813 785 1847 aiderez
803 1813 882 1839 ainsi
897 1815 913 1839 à
929 1813 1094 1840 contribuer
1106 1823 1143 1840 au
1154 1813 1281 1840 bonheur

381 1850 428 1876 des
436 1850 573 1882 familles
587 1849 637 1883 qui
646 1849 771 1875 désirent
781 1853 898 1875 trouver
908 1858 947 1875 un
958 1852 1053 1883 époux
1063 1858 1099 1875 ou
1109 1858 1164 1875 une
1175 1852 1281 1883 épouse

382 1889 454 1919 pour
475 1886 553 1911 leurs
569 1887 692 1918 enfants,
711 1894 771 1911 aux
787 1894 891 1911 veuves
911 1894 950 1910 un
965 1885 1091 1918 soutien,
1122 1887 1139 1911 à
1158 1884 1278 1919 l'orphe¬

382 1921 426 1947 lin
442 1930 480 1947 un
487 1923 577 1955 foyer
592 1925 617 1947 et
632 1930 669 1946 au
685 1921 857 1947 relèvement
871 1920 903 1946 de
920 1921 948 1946 la
964 1920 1073 1947 France
1101 1920 1151 1955 qui
1179 1921 1279 1953 donne,

381 1960 435 1991 par
451 1958 492 1983 les
507 1957 651 1992 mariages
659 1956 792 1989 féconds,
808 1956 855 1982 des
871 1956 979 1982 soldats
995 1959 1011 1982 à
1028 1957 1057 1982 la
1072 1956 1175 1983 Patrie
1190 1960 1216 1983 et
1231 1957 1281 1991 qui

379 1995 442 2024 font
457 1993 504 2018 des
518 1994 634 2023 femmes
649 1992 683 2018 de
697 1991 801 2018 bonnes
812 1994 901 2018 mères
917 1992 949 2017 de
957 1992 1089 2025 famille.

417 2027 493 2055 C'est
508 2028 578 2054 dans
593 2037 625 2054 ce
639 2027 688 2054 but
703 2037 756 2062 que
771 2036 842 2054 nous
862 2036 951 2054 avons
958 2027 1053 2061 fondé
1069 2028 1098 2054 la
1114 2027 1127 2055 «
1142 2026 1280 2055 REVUE

381 2063 623 2091 MENSUELLE
639 2070 664 2089 ».

417 2099 501 2126 Nous
517 2109 551 2125 ne
566 2103 664 2125 tenons
679 2101 732 2132 pas
747 2108 803 2125 une
815 2107 925 2134 agence
937 2099 1151 2125 matrimoniale
1171 2103 1196 2125 et
1210 2108 1280 2125 nous

382 2144 415 2161 ne
430 2139 553 2169 prenons
567 2144 677 2161 aucune
692 2135 874 2161 commission
886 2144 937 2160 sur
953 2135 982 2161 la
1001 2134 1056 2161 dot.
1093 2134 1177 2161 Voici
1204 2144 1280 2161 com¬

382 2175 455 2197 ment
471 2180 541 2197 nous
555 2171 709 2205 procédons
724 2181 729 2196 :

423 2206 499 2233 Vous
514 2215 585 2233 nous
605 2206 772 2240 indiquerez
784 2205 898 2232 d'abord
913 2210 993 2232 votre
1007 2207 1074 2241 âge,
1092 2210 1171 2233 votre
1185 2206 1280 2232 situa-

382 2242 480 2269 tionde
483 2244 616 2275 fortune,
625 2246 704 2268 votre
714 2242 886 2275 profession,
899 2242 1043 2275 votredot,
1052 2251 1101 2269 vos
1112 2245 1280 2276 espérances

382 2282 407 2304 et
421 2287 453 2304 ce
467 2287 520 2312 que
535 2278 605 2304 vous
632 2277 812 2304 désireet
841 2286 911 2303 nous
939 2287 1008 2304 vous
1037 2278 1202 2304 inscrivons
1230 2287 1280 2304 sur

382 2318 461 2340 notre
477 2313 554 2347 liste,
564 2316 637 2346 pour
648 2321 668 2347 4
683 2313 765 2346 mois,
777 2312 796 2339 8
811 2313 882 2339 mois
899 2322 937 2340 ou
955 2323 966 2339 1
979 2322 1025 2346 an,
1037 2316 1092 2348 par
1104 2323 1159 2339 une
1169 2323 1279 2340 annon¬

381 2359 412 2375 ce
426 2359 480 2384 que
486 2349 520 2385 je
528 2349 594 2382 fais
605 2349 766 2375 moi-même
777 2353 802 2375 et
812 2358 881 2375 nous
893 2357 963 2375 vous
975 2349 1103 2375 donnons
1114 2359 1152 2375 un
1164 2352 1279 2375 numéro

373 2384 492 2417 faisant
509 2385 587 2411 suite
608 2387 624 2410 à
644 2388 716 2411 cette
734 2393 870 2411 annonce.
888 2383 965 2411 C’est
978 2389 1032 2418 par
1046 2385 1071 2411 le
1085 2394 1187 2420 moyen
1201 2385 1234 2411 de
1248 2394 1280 2411 ce

380 2423 496 2447 numéro
521 2430 575 2455 que
600 2429 669 2447 vous
692 2423 803 2454 pouvez
823 2420 1030 2454 correspondre
1057 2430 1126 2447 avec
1152 2425 1214 2447 tous
1239 2421 1279 2446 les

382 2456 506 2482 abonnés
521 2456 555 2482 de
571 2460 648 2482 notre
664 2456 739 2482 liste.

414 2491 543 2526 Lorsque
560 2500 629 2518 vous
644 2491 754 2517 désirez
768 2491 972 2526 correspondre
987 2501 1057 2518 avec
1067 2501 1107 2517 un
1122 2491 1230 2518 abonné
1253 2495 1280 2517 et

378 2537 432 2561 que
447 2537 516 2554 vous
532 2537 607 2562 ave^
621 2527 719 2553 choisi
733 2527 804 2553 dans
829 2527 858 2553 la
877 2526 1003 2553 Revue
1028 2527 1225 2554 Mensuelle
1253 2527 1280 2553 le

378 2563 458 2597 parti
472 2563 523 2597 qui
531 2572 602 2590 vous
610 2563 789 2597 plaîtleplus
803 2563 881 2589 voici
895 2567 1033 2589 comment
1048 2563 1263 2597 vousprocédez
1270 2574 1278 2588 :

715 2615 906 2642 EXEMPLE
923 2628 930 2642 :

422 2663 535 2694 Jeune
552 2661 708 2701 homme,
735 2660 778 2692 30
799 2669 876 2699 ans,
898 2661 969 2693 très
998 2661 1091 2693 belle
1112 2660 1278 2693 situation

380 2706 468 2738 dans
489 2705 676 2745 industrie,
699 2708 844 2747 rapport
861 2706 902 2737 10
914 2705 932 2737 à
951 2705 1074 2737 12.000
1090 2705 1148 2746 fr.,
1162 2705 1278 2738 désire

376 2750 537 2787 mariage
555 2759 603 2777 en
622 2754 778 2785 rapport.
797 2768 840 2772 —
860 2749 980 2781 Ecrire
1000 2751 1026 2781 N
1034 2760 1040 2767 -
1066 2750 1099 2781 2.

556 2797 602 2820 ou

424 2832 635 2866 Demoiselle
662 2830 705 2862 25
741 2838 817 2870 ans,
853 2826 1020 2860 situation
1057 2825 1099 2857 de
1138 2824 1278 2856 fortune

379 2878 503 2912 25.000
522 2877 654 2914 francs,
672 2877 740 2907 etc.
763 2891 805 2896 —
824 2871 945 2904 Ecrire
961 2871 1002 2902 N-
1028 2872 1060 2902 4.

424 2932 522 2964 Vous
535 2928 584 2961 lui
595 2927 731 2961 écrivez
745 2926 972 2958 vous-même
986 2932 1032 2956 ou
1050 2921 1151 2954 faites
1166 2919 1278 2953 écrire

380 2986 444 3019 par
465 2974 659 3017 quelqu’un
690 2972 733 3003 de
760 2973 859 3003 votre
884 2968 1033 3007 famille,
1062 2976 1105 2999 en
1137 2965 1280 3007 signant

381 3022 424 3053 de
445 3023 544 3051 votre
561 3016 722 3055 numéro,
740 3018 774 3047 et
789 3023 876 3046 vous
891 3015 1017 3045 mettez
1033 3020 1093 3043 sur
1110 3010 1279 3042 l’adresse

381 3063 550 3097 cachetée
567 3064 600 3094 et
611 3060 757 3094 timbrée
770 3059 804 3091 le
817 3058 967 3090 numéro
980 3057 1023 3089 de
1038 3056 1071 3088 la
1085 3062 1277 3097 personne,

382 3108 570 3141 deuxième
590 3105 800 3146 enveloppe,
822 3111 909 3135 avec
929 3111 988 3134 ces
1000 3100 1172 3143 quelques
1189 3101 1280 3130 mots

383 3163 443 3185 sur
454 3161 522 3184 une
535 3154 632 3184 carte
646 3159 691 3182 ou
704 3158 750 3180 un
764 3149 849 3180 bout
861 3148 903 3179 de
913 3145 1037 3188 papier
1048 3144 1136 3177 ainsi
1146 3142 1278 3175 libellé:

385 3209 402 3228 «
420 3196 600 3230 Monsieur
617 3203 663 3226 ou
677 3194 853 3231 Madame,
867 3201 912 3224 ou
925 3188 1193 3223 Mademoiselle
1204 3189 1279 3220 X...

384 3242 496 3284 (votre
521 3249 603 3273 nom
620 3242 654 3271 et
674 3241 772 3270 votre
793 3234 956 3277 numéro)
971 3234 1046 3277 prie
1066 3233 1228 3265 Madame
1248 3232 1282 3263 la

385 3284 575 3318 Directrice
596 3284 639 3316 de
656 3283 690 3315 la
706 3283 824 3315 Revue
833 3282 876 3313 te
897 3279 986 3313 faire
1007 3277 1171 3320 parvenir
1190 3278 1282 3309 cette

386 3332 488 3363 lettre
505 3329 523 3361 à
544 3329 591 3361 tel
612 3327 761 3360 numéro
782 3337 800 3356 »
817 3328 852 3358 et
868 3334 954 3357 vous
975 3323 1141 3356 cachetez
1158 3323 1192 3353 et
1202 3320 1281 3353 tim¬

385 3376 465 3407 brez
493 3376 585 3406 cette
622 3371 809 3404 deuxième
840 3369 1037 3410 enveloppe
1072 3367 1091 3399 à
1127 3365 1282 3407 laquelle

385 3428 472 3451 vous
494 3421 620 3449 mettez
637 3425 719 3448 mon
742 3415 898 3452 adresse,
922 3416 955 3445 et
980 3411 1129 3445 aussitôt
1162 3418 1281 3449 reçue,

386 3463 419 3500 je
440 3462 553 3495 défais
570 3462 603 3493 la
632 3459 808 3502 première
834 3458 1044 3499 enveloppe,
1077 3455 1220 3497 j’efface
1250 3453 1283 3486 le

386 3507 535 3540 numéro
559 3506 601 3538 de
623 3505 656 3537 la
676 3504 864 3536 deuxième
884 3506 919 3534 et
939 3504 1029 3534 mets
1050 3500 1219 3532 l’adresse
1241 3498 1284 3529 de

386 3553 419 3584 la
440 3559 617 3593 personne
633 3552 668 3581 et
685 3547 874 3590 réexpédie
890 3547 925 3579 la
940 3547 1055 3578 lettre.
1077 3545 1175 3576 Vous
1193 3551 1284 3584 pou¬

386 3606 446 3628 vez
463 3594 723 3636 correspondre
738 3601 825 3624 avec
835 3596 915 3623 tous
936 3599 1000 3622 nos
1022 3587 1180 3621 abonnés
1202 3595 1285 3618 sans

388 3650 473 3673 vous
490 3639 578 3672 faire
595 3639 794 3671 connaître.
833 3636 879 3669 Ce
914 3635 1003 3667 n’est
1035 3643 1103 3676 que
1141 3632 1285 3673 lorsque

387 3694 474 3718 vous
494 3693 598 3716 aurez
620 3682 682 3715 fait
701 3685 800 3714 votre
821 3679 940 3718 choix,
976 3687 1045 3720 que
1083 3686 1170 3709 vous
1198 3684 1285 3707 vous

389 3731 524 3762 donnez
548 3727 818 3760 mutuellement
835 3728 933 3757 votre
953 3721 1125 3756 véritable
1140 3721 1285 3753 adresse

389 3777 423 3806 et
443 3782 512 3816 que
546 3781 633 3804 vous
672 3780 759 3803 vous
799 3769 969 3810 ménagez
1008 3775 1078 3799 une
1116 3768 1286 3798 entrevue

388 3827 479 3860 pour
496 3815 639 3849 décider
660 3816 702 3847 de
719 3816 817 3847 votre
837 3816 923 3846 sort.

426 3871 465 3897 Le
479 3870 550 3905 prix
565 3869 597 3895 de
608 3872 688 3895 notre
702 3868 889 3894 abonnement
904 3869 945 3892 est
957 3865 990 3892 de
1006 3872 1042 3898 25
1047 3865 1091 3897 fr.
1108 3866 1181 3898 pour
1188 3870 1206 3896 4
1216 3860 1288 3888 mois

388 3915 426 3941 44
435 3908 480 3939 fr.
495 3909 568 3939 pour
582 3904 601 3931 8
616 3905 698 3935 mois;
715 3903 750 3936 65
760 3905 804 3935 fr.
820 3906 893 3936 pour
912 3911 923 3927 /
941 3911 987 3931 an,
1006 3905 1031 3926 et
1049 3908 1117 3926 vous
1133 3907 1203 3925 avez
1213 3897 1288 3923 droit

391 3945 407 3968 à
422 3945 481 3968 être
496 3940 599 3967 inscrit
615 3939 821 3975 gratuitement
836 3947 887 3963 sur
901 3947 947 3962 ma
962 3936 1038 3962 liste.

431 3977 510 4003 Vous
526 3985 619 4010 voye\
633 3974 750 4009 qu'avec
765 3977 838 4000 cette
853 3973 983 4006 modique
996 3980 1109 4002 somme,
1127 3978 1196 3996 vous
1211 3971 1287 4002 pou¬

391 4021 441 4040 vez
452 4021 522 4039 vous
537 4011 653 4043 marier,
668 4019 735 4036 sans
751 4009 834 4035 avoir
850 4011 866 4034 à
889 4011 990 4042 passer
1017 4010 1072 4041 par
1088 4006 1136 4032 des
1164 4012 1289 4043 agences,

390 4048 440 4082 qui
454 4057 485 4074 se
497 4050 561 4079 font
576 4055 673 4073 verser
687 4045 824 4071 d’avance
838 4044 871 4069 de
884 4051 997 4077 grosses
1012 4041 1178 4075 provisions
1199 4044 1224 4065 et
1239 4039 1289 4073 qui

391 4086 563 4117 escomptent
577 4081 610 4108 de
624 4090 741 4117 grosses
758 4079 965 4111 commissions,
995 4081 1068 4112 pour
1090 4076 1234 4102 n’arriver
1262 4075 1289 4101 le

390 4120 458 4153 plus
473 4121 592 4145 souvent
608 4117 623 4144 à
639 4125 734 4143 aucun
749 4116 880 4142 résultat.
905 4114 989 4142 Nous
1016 4113 1136 4139 n’avons
1163 4112 1229 4137 rien
1256 4110 1289 4136 de

391 4164 522 4182 commun
538 4162 609 4180 avec
624 4153 664 4179 les
681 4160 812 4187 agences,
831 4160 881 4177 car
896 4159 967 4176 nous
983 4159 1017 4176 ne
1032 4153 1155 4183 prenons
1179 4155 1290 4173 aucune

391 4190 574 4217 commission
589 4198 639 4215 sur
655 4189 685 4214 la
699 4188 755 4214 dot.
783 4186 827 4215 Un
857 4186 977 4212 modeste
1006 4185 1192 4212 abonnement
1219 4191 1289 4209 nous

392 4235 431 4252 se’
440 4231 450 4252 t
464 4225 498 4251 de
507 4225 662 4260 paiement.

430 4261 588 4295 Lorsqu’un
604 4259 712 4286 abonné
727 4257 793 4285 s'est
800 4257 900 4292 fiancé
916 4261 942 4284 et
954 4257 1026 4291 qu’il
1043 4256 1087 4282 n’a
1104 4256 1170 4290 plus
1193 4254 1290 4281 besoin

392 4296 425 4322 de
436 4300 515 4323 notre
526 4305 621 4329 revue,
634 4296 659 4322 il
672 4304 744 4321 nous
757 4295 782 4321 le
793 4294 849 4326 fait
859 4294 957 4320 savoir
968 4291 1028 4328 afin
1040 4301 1093 4326 que
1104 4300 1173 4318 nous
1185 4297 1290 4324 rayons

391 4341 443 4357 son
459 4341 587 4358 annonce
599 4334 671 4366 pour
688 4340 721 4357 ne
731 4333 786 4365 pas
791 4330 876 4364 Jaire
890 4328 1094 4363 correspondre
1108 4326 1291 4354 inutilement

393 4376 443 4393 nos
459 4367 595 4393 abonnés.

432 4402 504 4428 Tout
518 4402 627 4428 abonné
642 4401 702 4428 doit
713 4400 852 4436 répondre
868 4403 884 4426 à
899 4404 990 4426 toutes
1006 4400 1046 4426 les
1070 4399 1168 4425 lettres
1181 4396 1231 4431 qui
1247 4395 1292 4422 lui

393 4441 454 4464 sont
470 4437 613 4464 adressées
628 4437 635 4468 ;
653 4437 683 4463 la
697 4437 833 4471 politesse
849 4436 965 4470 l’exige,
996 4445 1030 4461 ne
1038 4437 1156 4468 fussent
1183 4441 1236 4467 que
1245 4440 1291 4457 ces

392 4473 464 4499 trois
482 4482 517 4499 ou
528 4476 629 4507 quatre
643 4476 713 4499 mots
724 4471 730 4498 :
747 4471 866 4504 Inutile,
877 4476 939 4497 tous
952 4480 1009 4497 mes
1020 4473 1142 4506 regrets.
1154 4468 1185 4495 —
1197 4467 1227 4495 IV
1231 4473 1236 4479 -
1242 4473 1292 4493 ...»

435 4534 532 4564 Pour
541 4535 664 4563 toutes
677 4533 929 4563 lesannonces
940 4531 1119 4570 ci-après,
1128 4529 1293 4560 s’adres¬

394 4591 459 4613 ser
477 4584 497 4612 à
524 4582 693 4612 Madame
710 4581 828 4612 Veuve
847 4580 1059 4618 CHABAUD,
1085 4577 1291 4610 Directrice

394 4632 438 4662 de
455 4630 486 4661 la
509 4631 528 4648 “
547 4631 670 4662 Revue
689 4630 890 4661 Mensuelle

433 4734 548 4764 Veuve
564 4733 602 4763 43
618 4742 689 4767 ans,
704 4742 782 4763 sans
796 4734 923 4768 enfant,
938 4732 1075 4763 fortune
1091 4730 1222 4761 300.000
1237 4731 1292 4764 tr.,

394 4781 542 4803 revenus
559 4773 671 4803 20.000
687 4773 728 4803 fr.
741 4782 803 4810 par
827 4782 881 4808 an,
905 4771 1104 4810 épouserait
1120 4771 1295 4800 monsieur

395 4815 497 4851 ayant
509 4813 593 4850 jolie
610 4813 771 4843 situation
788 4821 831 4843 ou
849 4814 995 4842 fortune.
1013 4828 1032 4833 -
1048 4813 1076 4842 N
1081 4820 1087 4825 -
1104 4811 1192 4840 2100.

434 4869 639 4899 Demoiselle
667 4870 705 4899 29
731 4877 803 4903 ans,
834 4877 912 4899 sans
929 4874 1134 4902 commerce,
1152 4869 1296 4904 épouse¬

394 4910 460 4939 rait
474 4916 602 4947 garçon
618 4908 681 4946 âge
696 4917 740 4938 en
756 4911 906 4946 rapport,
934 4909 974 4938 de
989 4909 1113 4937 beauté
1139 4906 1292 4944 exquise,

395 4950 491 4978 avoir
507 4948 638 4977 100.000
653 4948 693 4977 fr.
710 4956 752 4978 ou
769 4948 960 4978 s’abstenir.
984 4964 1003 4970 -
1018 4949 1047 4977 N
1057 4957 1062 4962 -
1084 4947 1172 4976 4966.

435 5001 639 5031 Demoiselle
668 5001 706 5029 28
724 5009 796 5036 ans,
827 5002 940 5031 bonne
956 5000 1094 5034 famille,
1112 4999 1191 5030 bien
1214 5006 1294 5029 sous

395 5043 471 5071 tous
490 5043 660 5079 rapports,
692 5041 748 5070 dot
764 5044 797 5070 et
809 5041 892 5078 jolie
916 5039 1077 5070 situation
1103 5040 1142 5068 de
1158 5039 1294 5068 fortune

396 5082 498 5118 après
514 5082 666 5119 parents,
679 5081 876 5118 épouserait
891 5080 1067 5110 monsieur
1081 5079 1120 5108 30
1134 5080 1152 5108 à
1168 5079 1205 5107 45
1221 5086 1294 5111 ans,

396 5120 644 5156 sérieux,actif,
655 5119 835 5149 industriel
846 5128 889 5150 ou
900 5121 1144 5155 commerçant.
1155 5119 1184 5147 N
1188 5127 1195 5134 -
1204 5117 1293 5147 4970.

1374 1345 1608 1377 Jeunefille29
1624 1354 1696 1381 ans,
1714 1347 1953 1384 représentant
1970 1347 2011 1377 de
2027 1355 2232 1384 commerce,

1336 1389 1438 1423 ayant
1452 1386 1639 1424 propriété,
1659 1386 1845 1416 cherchant
1857 1386 2073 1424 affection,se
2090 1388 2233 1418 dévoue¬

1336 1426 1401 1456 rait
1430 1427 1448 1455 à
1471 1426 1578 1464 grand
1606 1425 1719 1456 blessé
1745 1426 1785 1456 de
1801 1434 1937 1463 guerre,
1963 1435 2006 1458 ou
2024 1430 2041 1457 à
2058 1429 2233 1459 monsieur

1336 1465 1506 1504 distingué
1536 1465 1685 1502 fortuné,
1716 1465 1944 1498 recherchant
1964 1468 2066 1506 appui
2082 1469 2202 1498 moral.
2220 1484 2233 1490 -

1334 1508 1375 1537 N-
1392 1507 1481 1536 4978.

1374 1555 1579 1586 Demoiselle
1602 1556 1640 1585 46
1670 1563 1741 1591 ans,
1773 1555 1977 1594 catholique,
2007 1557 2133 1588 famille
2161 1559 2232 1588 très

1334 1595 1535 1629 honorable,
1552 1596 1622 1624 très
1647 1596 1813 1632 sérieuse,
1844 1596 1934 1632 bien,
1963 1598 2087 1628 femme
2118 1597 2233 1628 d’inté¬

1336 1636 1441 1670 rieur,
1453 1635 1630 1665 dot40.000
1639 1635 1693 1671 fr,,
1705 1637 1901 1675 épouserait
1912 1637 2068 1676 employé
2080 1639 2230 1672 sérieux,

1334 1678 1444 1714 poste,
1463 1676 1607 1712 douane,
1625 1677 1802 1712 P.-L.-M.,
1820 1678 2102 1714 administration,
2121 1678 2232 1708 même

1335 1716 1424 1745 veuf.
1441 1732 1460 1738 -
1475 1717 1515 1746 N-
1532 1716 1620 1746 4931.

1374 1766 1482 1794 Jeune
1498 1764 1633 1795 homme
1646 1765 1685 1794 32
1701 1773 1773 1800 ans,
1791 1766 1984 1800 sud-ouest,
2011 1766 2062 1796 fils
2092 1767 2230 1805 unique,

1334 1805 1467 1835 300.000
1483 1804 1537 1839 fr.,
1554 1804 1654 1840 brun,
1665 1813 1725 1844 pas
1739 1806 1884 1842 fumeur,
1899 1807 2093 1845 épouserait
2106 1808 2232 1837 demoi¬

1336 1846 1420 1875 selle
1442 1852 1486 1875 ou
1509 1853 1618 1875 veuve
1649 1846 1815 1882 sérieuse,
1847 1847 1908 1884 âge
1937 1851 1970 1876 et
1997 1847 2158 1877 situation
2190 1856 2231 1878 en

1336 1887 1488 1924 rapport.
1504 1900 1524 1906 -
1539 1886 1578 1915 N'
1597 1885 1700 1915 5.004.

1375 1943 1580 1973 Demoiselle
1595 1944 1634 1972 33
1650 1951 1722 1973 ans.
1741 1944 1797 1974 dot
1820 1944 1929 1975 15.000
1957 1937 2022 1979 fr.,"
2043 1945 2121 1976 bien
2152 1954 2232 1976 sous

1335 1986 1505 2021 rapports,
1536 1984 1734 2021 épouserait
1769 1984 2016 2015 fonctionnaire
2056 1987 2162 2016 d’Etat
2188 1994 2231 2017 ou

1336 2023 1414 2054 veuf
1430 2023 1577 2059 fortuné,
1596 2024 1659 2061 âge
1675 2032 1740 2062 peu
1757 2024 1913 2063 importe.
1930 2041 1949 2047 -
1964 2026 1991 2055 N
1999 2034 2004 2040 -
2022 2025 2111 2060 5019,

1375 2081 1578 2112 Célibataire
1593 2083 1631 2111 35
1648 2090 1719 2118 ans,
1746 2083 1883 2118 a'mant,
1901 2083 2050 2118 instruit,
2069 2084 2232 2115 situation

1334 2121 1477 2151 libérale
1518 2122 1782 2160 indépendante,
1816 2123 1867 2153 bol
1898 2124 2003 2159 avoir,
2035 2126 2233 2162 épouserait

1334 2169 1509 2200 personne
1526 2164 1595 2191 très
1613 2161 1771 2196 aimante,
1790 2163 1863 2199 âge.
1881 2165 2008 2199 enfant,
2028 2168 2112 2200 tare,
2132 2167 2232 2195 anté¬

1336 2202 1476 2232 cédents
1491 2201 1717 2232 indifférents.
1731 2219 1768 2223 —
1784 2204 1823 2232 N'
1841 2203 1930 2233 5006.

1374 2261 1483 2289 Jeune
1510 2267 1629 2295 veuve,
1663 2261 1782 2295 douce,
1806 2260 2028 2298 affectueuse,
2047 2263 2232 2293 sentimen¬

1335 2300 1415 2335 tale,
1430 2300 1541 2330 désire
1552 2301 1803 2338 correspondre
1821 2309 1901 2332 avec
1913 2303 2088 2333 monsieur
2102 2304 2141 2333 30
2157 2312 2229 2340 ans,

1335 2340 1541 2378 gentleman,
1588 2342 1688 2377 ayant
1731 2349 1924 2371 commerce
1967 2350 2010 2372 ou
2055 2344 2229 2380 situation,

1336 2380 1472 2418 dispose
1488 2380 1620 2419 photos.
1638 2397 1676 2400 —
1690 2382 1730 2410 N'
1743 2381 1831 2410 5032.

1373 2429 1578 2459 Demoiselle
1608 2430 1646 2459 26
1671 2438 1743 2463 ans,
1770 2430 1893 2460 femme
1911 2431 2123 2467 d’intérieur,
2140 2433 2229 2471 gaie,

1335 2470 1560 2505 musicienne,
1574 2470 1631 2499 dot
1649 2470 1778 2506 100,000
1795 2471 1848 2504 fr.,
1876 2474 2095 2510 espérances,
2126 2475 2228 2512 épou¬

1335 2510 1441 2539 serait
1460 2509 1635 2539 monsieur
1652 2510 1801 2546 sérieux,
1820 2511 1971 2548 docteur,
1989 2512 2169 2543 industriel
2187 2521 2229 2543 ou

1335 2552 1577 2586 Commerçant.
1596 2567 1632 2570 —
1649 2551 1688 2580 N'
1702 2550 1790 2580 5034.

1372 2598 1542 2636 Adjudant
1570 2599 1747 2635 artillerie,
1778 2600 1816 2628 29
1844 2608 1915 2632 ans,
1947 2601 2098 2637 sérieux,
2136 2603 2231 2632 avoir

1333 2638 1445 2668 20.000
1462 2639 1502 2668 fr.
1519 2641 1553 2668 et
1568 2640 1788 2677 espérances,
1806 2641 2003 2677 épouserait
2032 2642 2229 2673 demoiselle

1336 2680 1372 2708 18
1388 2682 1404 2707 à
1418 2679 1457 2708 25
1469 2686 1540 2713 ans,
1554 2678 1631 2708 bien
1643 2687 1722 2709 sous
1736 2682 1810 2709 tous
1820 2680 1869 2710 les
1879 2682 2044 2719 repporis,
2057 2682 2227 2720 fortunée,

1333 2718 1403 2748 fille
1419 2721 1652 2755 commerçant
1663 2719 1706 2749 ou
1721 2719 1938 2759 institjDd.ee.
1957 2738 1996 2741 —
2012 2722 2052 2752 N.
2069 2722 2160 2752 5040.

1372 2767 1394 2781 rt
1400 2767 1425 2783 /1
1430 2775 1439 2780 -
1444 2766 1461 2780 î-
1489 2769 1497 2780 ’
1504 2776 1509 2781 .
1524 2767 1563 2784 ;...
1610 2768 1641 2788 <r>
1672 2776 1708 2789 an
1716 2776 1725 2782 „
1798 2763 1814 2773 '*
1997 2766 2019 2773 ■'
2048 2768 2054 2773 -

1334 2788 1473 2823 famille,
1491 2787 1578 2817 belle
1596 2788 1768 2819 situation,
1786 2785 1880 2814 avoir
1894 2783 2006 2813 30.000
2021 2783 2073 2818 fr.,
2087 2783 2230 2820 épouse¬

1335 2830 1401 2859 rait
1416 2826 1615 2858 demoiselle
1640 2833 1684 2855 ou
1715 2832 1820 2855 veuve
1849 2824 1911 2862 âge
1937 2826 1970 2853 et
1995 2821 2156 2853 situation
2186 2829 2230 2852 en

1334 2871 1486 2907 rapport.
1504 2884 1541 2887 —
1556 2867 1584 2896 N
1591 2876 1597 2881 -
1614 2866 1703 2895 5042.

1375 2915 1629 2950 Ex-industriel,
1648 2914 1785 2944 divorcé
1814 2914 1832 2943 à
1857 2920 1917 2942 son
1946 2911 2059 2951 profit,
2089 2912 2127 2941 40
2157 2919 2229 2947 ans,

1335 2959 1442 2992 santé,
1461 2957 1651 2991 caractère,
1669 2954 1834 2993 physique
1853 2952 2023 2990 agréable,
2042 2951 2173 2981 110.000
2189 2951 2228 2980 fr.

1335 3000 1369 3029 et
1383 2997 1461 3027 villa
1477 2996 1589 3026 35.000
1603 2996 1656 3030 fr.,
1688 2995 1883 3032 épouserait
1896 2995 2002 3031 jeune
2018 2991 2088 3022 fille
2102 2992 2141 3021 25
2157 2999 2228 3027 ans,

1336 3039 1393 3068 dot
1407 3037 1519 3067 50.000
1535 3037 1575 3065 fr.
1592 3052 1631 3056 —
1646 3036 1685 3064 N-
1704 3034 1792 3064 5048.

1376 3084 1614 3117 Sous-officier
1627 3085 1663 3113 31
1683 3091 1754 3118 ans,
1772 3081 1848 3120 prêt
1863 3082 1903 3111 de
1919 3081 1949 3110 la
1971 3080 2112 3110 retraite
2142 3080 2232 3110 1.800

1336 3127 1377 3157 fr.
1394 3134 1458 3165 par
1474 3133 1526 3161 an,
1545 3123 1740 3154 économies
1755 3122 1847 3152 9.000
1862 3122 1916 3156 fr.,
1934 3121 2044 3151 bonne
2071 3120 2232 3150 situation

1338 3168 1378 3197 de
1395 3165 1534 3200 famille,
1547 3163 1739 3203 épouserait
1756 3164 1858 3200 jeune
1876 3162 1941 3191 fille
1957 3163 2058 3199 ayant
2070 3160 2231 3190 situation

1338 3215 1380 3238 en
1396 3208 1548 3245 rapport.
1566 3222 1601 3226 —
1618 3205 1645 3233 N
1653 3213 1658 3218 -
1674 3203 1762 3233 5058.

1349 3288 1361 3300 ,
1377 3264 1592 3298 Lieutenant,
1610 3261 1725 3299 légion
1742 3260 1940 3290 d’honneur.
1971 3260 2009 3288 37
2039 3267 2107 3294 sus,
2141 3257 2236 3287 avoir

1339 3304 1449 3334 13.000
1460 3302 1679 3339 fr.,situation
1690 3301 1800 3330 13.000
1813 3299 2025 3334 fr.,sérieux,
2038 3299 2236 3337 épouserait

1338 3352 1511 3384 personne
1526 3343 1564 3373 20
1579 3343 1647 3372 à28
1659 3336 1814 3376 ans,bief!
1825 3345 1988 3370 sous'ous
2003 3341 2050 3369 'es
2063 3340 2234 3377 rapports,

1340 3388 1440 3423 ayant
1456 3383 1617 3414 situation
1635 3381 1938 3420 correspondante.
1956 3397 1994 3401 —
2011 3381 2039 3409 N
2046 3388 2050 3393 1
2068 3379 2160 3408 5062.

1379 3442 1583 3472 Lieutenant
1599 3440 1719 3475 active,
1736 3440 1775 3468 29
1791 3447 1861 3472 ans,
1887 3437 2058 3468 stationné
2085 3436 2165 3466 ville
2196 3436 2235 3465 de

1339 3483 1370 3512 la
1388 3481 1463 3512 côte
1480 3483 1607 3515 Maroc,
1625 3479 1738 3510 désire
1767 3479 1943 3508 ardement
1973 3478 2124 3515 mariage
2155 3483 2237 3506 avec

1341 3521 1540 3552 demoiselle
1567 3521 1607 3550 20
1631 3522 1649 3550 à
1673 3520 1711 3549 28
1730 3527 1801 3554 ans,
1832 3518 2038 3556 distinguée,
2055 3524 2138 3547 avec
2168 3516 2235 3546 dot.

1340 3580 1377 3584 —
1393 3563 1434 3592 N-
1451 3561 1541 3591 5069.

1380 3621 1489 3649 Jeune
1505 3619 1641 3649 homme
1657 3619 1692 3647 21
1711 3625 1784 3651 ans,
1811 3616 1862 3646 fils
1888 3616 2025 3654 unique,
2044 3614 2236 3653 négociant,

1341 3659 1431 3689 belle
1446 3660 1610 3689 situation
1626 3667 1678 3696 ap'
1689 3659 1726 3687 ès
1743 3656 1885 3690 service,
1913 3657 2007 3686 avoir
2038 3655 2166 3685 120.000
2181 3654 2236 3690 fr.,

1342 3699 1539 3738 épouserait
1551 3701 1656 3736 jeune
1670 3697 1739 3727 fille
1755 3696 1920 3732 sérieuse,
1934 3697 2046 3726 bonne
2063 3694 2237 3725 situation.

1342 3757 1379 3761 —
1394 3741 1435 3770 N-
1452 3739 1542 3769 5030.

1383 3797 1586 3827 Lieutenant
1603 3796 1642 3826 de
1660 3796 1842 3826 chasseurs
1859 3796 1875 3824 à
1892 3794 1981 3833 p’ed,
2006 3794 2045 3823 32
2062 3801 2134 3826 ans,
2152 3792 2240 3831 phy¬

1343 3837 1439 3875 sique
1456 3836 1616 3875 agréable
1631 3836 1746 3866 désire
1763 3837 1879 3865 entrer
1910 3842 1951 3864 en
1977 3833 2140 3864 relations
2158 3840 2240 3862 avec

1344 3877 1542 3908 demoiselle
1558 3884 1600 3905 ou
1616 3884 1724 3906 veuve
1740 3883 1818 3905 sans
1846 3874 1973 3910 enfant,
2005 3873 2167 3904 situation
2198 3879 2239 3901 en

1343 3920 1495 3956 rapport.
1512 3933 1551 3937 —
1565 3917 1594 3946 N
1600 3925 1606 3930 -
1623 3917 1713 3950 4859,

1383 3974 1584 4005 Cé'ibataire
1626 3974 1679 4003 fils
1722 3973 1858 4010 unique,
1899 3972 1938 4001 36
1975 3979 2047 4005 ans,
2079 3969 2239 3999 s'tuation

1343 4015 1455 4045 40.000
1468 4016 1506 4044 fr.
1519 4015 1595 4053 plus
1609 4014 1719 4043 15.000
1730 4013 1769 4042 fr.
1783 4021 1847 4042 ass<
1863 4013 1904 4042 ci>
1918 4015 1929 4041 t
1945 4019 1985 4041 on
2000 4010 2130 4048 grande
2143 4010 2241 4039 usine

1344 4058 1485 4094 rapport
1522 4054 1614 4084 8.000
1643 4053 1697 4088 fr.,
1740 4054 1936 4091 épouserait
1966 4051 2089 4081 femme
2117 4050 2239 4084 brune,

1345 4095 1507 4126 situation
1523 4102 1566 4125 en
1582 4096 1734 4133 rapport.
1752 4110 1789 4114 —
1804 4093 1833 4122 N
1839 4101 1844 4106 -
1862 4093 1950 4121 4557.

1384 4152 1589 4183 Demoiselle
1624 4153 1662 4181 33
1703 4159 1776 4184 ans,
1818 4148 2025 4180 institutrice
2066 4147 2240 4186 publique,

1343 4194 1465 4229 brune,
1502 4193 1668 4231 physique
1704 4189 1875 4229 agréable,
1920 4189 2099 4219 caractère
2140 4187 2241 4223 doux,

1344 4234 1544 4266 épouserait
1571 4231 1823 4261 fonctionnaire
1852 4237 1896 4260 ou
1916 4229 2071 4268 employé
2090 4227 2130 4257 de
2148 4235 2243 4257 com¬

1346 4281 1473 4304 merce.
1491 4289 1528 4294 —
1544 4272 1572 4302 N
1579 4280 1584 4287 -
1603 4271 1691 4301 5079.

2329 1351 2446 1380 Veuve
2461 1352 2499 1380 48
2516 1360 2586 1388 ans,
2605 1360 2733 1384 revenu
2760 1357 2884 1387 annuel
2916 1358 3026 1389 10.000
3055 1360 3095 1390 fr.
3123 1362 3186 1398 joli

2288 1389 2469 1425 intérieur,
2486 1391 2598 1422 désire
2614 1394 2718 1424 union
2741 1403 2823 1426 avec
2850 1397 2987 1429 homme
3004 1399 3046 1430 du
3062 1401 3186 1432 monde

2289 1437 2368 1459 sans
2392 1432 2519 1466 enfant,
2550 1433 2659 1464 même
2689 1434 2763 1473 âge,
2795 1436 2955 1468 situation
2986 1444 3137 1473 rapport.
3168 1458 3187 1464 -

2288 1471 2328 1499 N-
2359 1458 2449 1501 5093.
3052 1458 3069 1479 v

2328 1533 2533 1564 Demoiselle
2550 1536 2586 1564 18
2601 1544 2672 1572 ans,
2687 1537 2783 1575 jolie,
2801 1538 2900 1576 forte,
2918 1540 2996 1571 bien
3011 1550 3091 1573 sous
3107 1545 3184 1574 tous

2288 1576 2459 1611 rapports,
2484 1574 2551 1605 fille
2578 1576 2715 1614 unique,
2748 1578 2883 1609 fortune
2913 1583 3014 1619 après
3043 1587 3184 1622 parents

2288 1612 2346 1642 500
2361 1613 2420 1642 000
2436 1614 2489 1649 fr.,
2508 1616 2705 1653 épouserait
2719 1618 2872 1654 docteur,
2890 1621 3033 1657 notaire,
3052 1631 3094 1653 ou
3106 1632 3184 1662 pro¬

2287 1652 2452 1690 priétaire
2468 1656 2689 1692 agriculteur,
2721 1658 2851 1688 officier
2882 1667 2925 1690 ou
2955 1661 3147 1694 industriel.
3164 1681 3183 1686 -

2287 1693 2481 1724 S’adresser
2494 1696 2513 1724 à
2529 1695 2560 1725 la
2578 1696 2759 1728 directrice
2785 1699 2825 1729 de
2854 1700 2885 1731 la
2915 1703 3028 1732 Revue
3055 1704 3111 1741 qui
3140 1713 3182 1735 ne

2288 1737 2411 1763 mettra
2427 1742 2469 1764 en
2486 1739 2625 1774 rapport
2652 1745 2716 1774 que
2746 1739 2774 1768 si
2803 1743 2951 1775 proposé
2979 1745 3136 1774 convient
3166 1761 3182 1767 -

2287 1773 2327 1802 N-
2345 1774 2435 1803 2651.

2328 1832 2532 1863 Demoiselle
2548 1834 2586 1863 40
2602 1842 2674 1870 ans,
2698 1835 2775 1866 bien
2793 1845 2872 1868 sous
2902 1840 2978 1869 fous
3009 1844 3180 1881 rapports,

2288 1874 2389 1908 ayant
2406 1872 2503 1902 avoir
2519 1877 2552 1903 et
2568 1877 2785 1913 espérances,
2804 1882 3084 1918 correspondrait
3101 1891 3183 1913 avec

2288 1912 2465 1942 monsieur
2493 1913 2631 1945 sérieux
2661 1919 2761 1953 ayant
2788 1917 2900 1949 bonne
2931 1921 3105 1952 situation.
3147 1940 3186 1944 —

2288 1952 2328 1981 N-
2344 1952 2435 1982 5099.

2327 2014 2566 2045 Sous-officier
2591 2017 2631 2047 de
2656 2019 2820 2050 carrière.
2849 2022 2889 2051 26
2917 2030 2990 2058 ans,
3020 2024 3187 2063 physique

2288 2054 2460 2091 agréable,
2478 2056 2675 2088 traitement
2690 2059 2782 2089 6.000
2797 2060 2851 2096 fr.,
2870 2064 3067 2100 épouserait
3079 2067 3186 2103 jeune

2287 2092 2355 2123 fille
2373 2095 2408 2123 17
2425 2096 2442 2124 à
2457 2096 2496 2125 23
2512 2104 2584 2133 ans,
2603 2098 2765 2129 situation
2781 2108 2823 2130 en
2839 2106 2990 2141 rapport.
3003 2120 3021 2126 -
3035 2105 3076 2134 N-
3094 2105 3183 2136 6002.

2327 2151 2529 2184 Célibataire
2557 2156 2595 2184 29
2624 2164 2696 2192 ans,
2731 2158 3046 2198 Alsacien-Lorain,
3091 2171 3186 2194 sous-

2287 2191 2420 2222 officier
2431 2193 2471 2223 de
2487 2196 2738 2232 gendarmerie,
2757 2199 2969 2237 cultivateur,
2989 2203 3094 2240 petite
3112 2204 3184 2233 for¬

2287 2234 2379 2266 tune,
2399 2233 2512 2264 désire
2528 2236 2679 2274 mariage
2695 2245 2776 2268 avec
2793 2239 2991 2271 demoiselle
3015 2250 3058 2273 ou
3075 2251 3183 2275 veuve

2286 2272 2454 2310 posédant
2469 2276 2643 2313 propriété
2660 2277 2820 2315 agricole.
2838 2296 2848 2301 -
2864 2281 2906 2310 N-
2923 2281 3013 2311 6003.

2326 2330 2565 2362 Sous-officier
2593 2333 2808 2367 d’infanterie
2839 2338 3016 2376 coloniale,
3050 2341 3090 2370 26
3114 2350 3185 2372 ans.

2286 2368 2399 2400 donne
2415 2372 2576 2402 situation
2594 2375 2633 2403 de
2650 2374 2785 2413 famille,
2803 2379 2999 2409 économies
3017 2380 3054 2409 10
3069 2381 3128 2411 000
3140 2383 3180 2412 fr.

2286 2411 2484 2447 épouserait
2528 2413 2725 2446 demoiselle
2756 2418 2919 2456 sérieuse,
2949 2419 3110 2451 situation
3140 2430 3182 2452 en

2286 2453 2438 2488 rapport.
2456 2467 2474 2473 -
2489 2453 2519 2483 N
2524 2461 2530 2467 -
2548 2454 2634 2484 6004.

2325 2513 2433 2543 Jeune
2450 2514 2586 2545 homme
2610 2518 2649 2547 24
2665 2525 2736 2555 ans,
2754 2519 2872 2550 mutilé
2890 2521 2929 2550 de
2946 2530 3084 2559 guerre,
3102 2532 3184 2561 pen¬

2286 2551 2358 2581 sion
2377 2555 2538 2585 annuelle
2561 2557 2653 2587 3.500
2668 2557 2719 2595 fr.,
2736 2559 2791 2588 dot
2807 2560 2894 2590 8.000
2910 2560 2961 2598 fr.,
2987 2564 3184 2600 épouserait

2281 2592 2388 2629 jeune
2405 2592 2472 2624 fille
2488 2602 2532 2625 ou
2547 2604 2655 2627 veuve
2671 2606 2750 2628 sans
2766 2598 2913 2631 fortune.
2931 2618 2944 2623 -
2964 2603 3004 2633 N’
3022 2603 3109 2633 6005.

2326 2651 2527 2690 Ex-officier,
2555 2654 2594 2683 30
2616 2663 2685 2692 ans,
2702 2657 2826 2695 Légion
2853 2658 3053 2697 d’honneur,
3070 2661 3184 2693 indus¬

2285 2690 2373 2727 triel,
2403 2691 2515 2723 50.000
2531 2694 2570 2723 fr.
2585 2703 2648 2733 par
2660 2704 2712 2732 an,
2737 2700 2825 2735 auto,
2854 2700 3052 2737 épouserait
3077 2704 3182 2739 jeune

2285 2728 2355 2760 fille
2372 2731 2574 2770 distinguée,
2604 2736 2828 2774 musicienne,
2858 2740 3020 2770 situation
3042 2749 3084 2772 en
3101 2751 3182 2776 rap-

2328 2800 2416 2830 Veuf
2422 2801 2461 2830 44
2470 2808 2541 2836 ans,
2552 2801 2620 2831 très
2632 2800 2743 2830 bonne
2753 2799 2890 2837 famille,
2908 2799 3043 2831 fortune
3056 2801 3182 2831 150.000

2286 2843 2340 2879 fr.,
2370 2841 2531 2871 situation
2574 2840 2715 2870 libérale
2744 2842 2762 2870 â
2778 2842 2878 2878 Lyon,
2915 2844 3056 2879 rapport
3070 2842 3183 2872 25.000

2286 2884 2327 2913 fr.
2357 2881 2553 2920 épouserait
2562 2888 2668 2910 veuve
2683 2888 2726 2910 ou
2737 2881 2944 2911 demoiselle,
2955 2881 3017 2919 âge
3025 2884 3059 2912 et
3075 2882 3184 2912 situa¬

2286 2924 2356 2954 tion
2373 2930 2415 2952 en
2430 2924 2580 2960 rapport.
2598 2937 2609 2942 -
2621 2922 2648 2951 N
2655 2930 2660 2935 -
2677 2920 2766 2956 6007,

2326 2984 2462 3015 Officier
2490 2984 2531 3013 de
2560 2983 2742 3020 cavalerie,
2771 2986 2881 3013 comte
2898 2983 3131 3022 authentique,
3147 2985 3185 3013 42

2288 3034 2360 3062 ans,
2376 3024 2466 3054 3.000
2481 3023 2522 3052 fr.
2536 3024 2678 3061 pension
2693 3026 2726 3053 et
2741 3023 2903 3053 situation
2919 3023 3183 3062 indépendante,

2288 3064 2554 3104 physique'très
2583 3063 2751 3102 agréable,
2782 3063 2963 3101 distingué,
2988 3064 3125 3094 homme
3141 3064 3184 3094 du

2289 3106 2421 3141 monde,
2453 3104 2564 3133 désire
2593 3103 2743 3141 mariage
2774 3112 2854 3133 avec
2884 3105 2980 3133 dame
2997 3111 3040 3134 ou
3069 3112 3185 3141 veuve,

2290 3145 2402 3176 même
2419 3145 2513 3182 âgée,
2529 3146 2628 3182 ayant
2645 3144 2710 3174 dot.
2724 3145 2764 3174 N'
2779 3144 2866 3173 6008.

2329 3201 2534 3233 Demoiselle
2549 3202 2588 3230 57
2603 3209 2675 3236 ans,
2694 3203 2789 3232 santé
2805 3200 2961 3240 parfaite,
2993 3202 3186 3240 paraissant

2289 3244 2328 3273 45
2343 3251 2415 3278 ans,
2433 3242 2634 3271 immeubles
2647 3242 2688 3271 de
2704 3242 2790 3279 prix,
2801 3249 2881 3279 gros
2898 3244 3038 3279 rapport
3052 3245 3184 3279 argent,

2290 3284 2543 3319 commerçante
2572 3281 2611 3310 de
2640 3285 2773 3315 nature,
2800 3281 2997 3320 épouserait
3012 3282 3188 3312 monsieur

2291 3324 2374 3352 dans
2391 3323 2422 3352 le
2439 3329 2632 3351 commerce
2648 3329 2691 3351 ou
2708 3321 2848 3357 rentier,
2867 3321 3028 3352 situation
3045 3330 3088 3351 en
3105 3330 3186 3361 rap¬

2290 3365 2378 3402 port.
2397 3378 2408 3384 -
2424 3362 2464 3391 N'
2481 3362 2571 3391 6013.

2331 3424 2468 3461 Dactylo
2480 3424 2519 3452 25
2529 3431 2598 3453 ans.
2611 3423 2964 3462 intelligente,femme
2982 3423 3192 3462 d’intérieur,

2292 3464 2405 3494 désire
2422 3464 2573 3500 mariage
2590 3472 2671 3493 avec
2694 3464 2922 3494 sous-officier
2938 3465 2978 3495 de
2995 3465 3146 3495 carrière
3164 3467 3192 3495 si

2293 3504 2453 3544 possible.
2471 3520 2486 3525 -
2503 3504 2532 3532 N
2539 3512 2544 3518 -
2569 3503 2658 3533 6014.

2332 3568 2447 3597 Veuve
2472 3573 2551 3595 sans
2582 3565 2705 3599 enfant,
2734 3565 2773 3595 60
2789 3574 2857 3602 ans,
2875 3575 2917 3596 ne
2933 3567 2982 3596 les
3000 3567 3194 3605 paraissant

2292 3615 2362 3646 pas,
2377 3606 2490 3636 bonne
2507 3604 2698 3641 éducation,
2728 3606 2798 3634 très
2829 3606 3029 3644 distinguée,
3040 3607 3134 3637 6.000
3150 3608 3192 3637 fr.

2294 3649 2334 3677 de
2361 3648 2487 3682 rentes,
2517 3647 2714 3683 épouserait
2743 3647 2886 3676 rétraité
2915 3654 2959 3683 op
2987 3647 3120 3677 rentier
3151 3648 3192 3678 de

2293 3688 2406 3718 bonne
2423 3684 2614 3716 éducation.
2628 3701 2646 3706 -
2661 3685 2701 3714 N.
2717 3685 2806 3714 6015.

2333 3748 2550 3783 Demoiselle,
2571 3748 2610 3777 39
2626 3755 2698 3781 ans,
2724 3746 2985 3784 fonctionnaire,
3011 3749 3121 3780 10.000
3147 3751 3189 3780 fr.

2295 3789 2611 3828 d’appointements,
2628 3787 2740 3817 bonne
2750 3787 2886 3824 famille,
2897 3787 3068 3825 instruite,
3088 3791 3191 3828 épou¬

2295 3832 2401 3860 serait
2416 3828 2592 3859 monsieur
2608 3827 2648 3857 de
2660 3828 2698 3856 45
2714 3828 2730 3856 à
2746 3827 2785 3856 50
2800 3835 2872 3862 ans,
2891 3827 3051 3859 situation
3064 3829 3145 3860 faite
3157 3833 3192 3861 et

2296 3870 2441 3908 quelque
2459 3868 2606 3899 fortune.
2624 3884 2662 3888 —
2677 3869 2716 3897 N-
2734 3867 2824 3897 6016.

2335 3931 2550 3966 Demoiselle,
2580 3931 2618 3960 35
2656 3937 2727 3960 ans,
2759 3929 2968 3965 charmante,
2999 3931 3192 3969 paraissant

2295 3972 2371 4009 plus
2398 3973 2512 4007 jeune,
2544 3970 2709 4005 sérieuse,
2740 3969 2864 4000 femme
2894 3970 3104 4006 d’intérieur,
3137 3972 3193 4001 dot

2296 4011 2407 4040 10.000
2428 4011 2481 4045 fr.,
2512 4010 2708 4049 épouserait
2735 4010 2909 4041 monsieur
2939 4011 3088 4046 sérieux,
3120 4012 3158 4041 36
3174 4013 3193 4042 à

2296 4052 2335 4080 42
2376 4059 2448 4084 ans,
2492 4050 2742 4081 fonctionnaire
2781 4058 2825 4080 ou
2853 4050 2974 4080 travail
3004 4053 3137 4081 assuré.
3154 4069 3192 4073 —

2296 4092 2338 4121 N°
2353 4091 2443 4120 6017.

2337 4151 2569 4190 Propriétaire
2598 4151 2818 4189 agriculteur,
2848 4151 2988 4189 Afrique
3027 4152 3070 4183 du
3095 4154 3192 4190 nord,

2296 4192 2384 4229 veuf,
2399 4193 2417 4221 3
2433 4191 2578 4225 enfants,
2594 4190 2683 4220 belle
2707 4191 2879 4226 situation,
2906 4192 3095 4222 recherche
3121 4202 3194 4224 ma¬

2297 4234 2392 4269 riage
2409 4233 2512 4268 jeune
2536 4230 2604 4260 fille
2633 4230 2852 4267 affectueuse,
2883 4232 2922 4260 25
2952 4233 2968 4261 à
2997 4232 3034 4261 35
3066 4241 3137 4263 ans.
3155 4251 3194 4255 —

2298 4274 2337 4303 N-
2355 4272 2446 4302 6018.

1386 4329 1587 4361 Célibataire
1598 4330 1635 4358 49
1645 4336 1717 4365 ans,
1730 4327 1842 4358 60.000
1858 4326 1897 4356 fr.
1916 4325 2123 4358 économies,
2141 4323 2244 4354 situa¬

1346 4371 1417 4402 tion
1447 4370 1558 4400 10.000
1588 4370 1627 4398 fr.
1664 4377 1726 4406 par
1754 4376 1808 4401 an,
1840 4367 1952 4397 désire
1981 4367 2132 4403 mariage
2163 4372 2244 4393 avec

1347 4410 1546 4441 demoiselle
1563 4417 1606 4439 ou
1622 4416 1729 4438 veuve
1746 4410 1843 4445 ayant
1861 4407 1970 4437 12.000
1981 4407 2019 4436 fr.
2036 4406 2077 4435 de
2089 4407 2187 4435 rente
2201 4411 2244 4434 ou

1347 4451 1551 4490 propriétés.
1569 4466 1587 4471 -
1602 4451 1640 4479 N'
1659 4449 1747 4478 5081.

1387 4503 1592 4534 Demoiselle
1619 4502 1659 4531 30
1683 4509 1756 4535 ans,
1795 4501 1934 4538 grande,
1980 4499 2078 4531 forte,
2122 4497 2244 4526 femme

1349 4544 1561 4577 d’intérieur,
1611 4542 1832 4574 musicienne,
1872 4540 2000 4569 famille
2043 4536 2244 4569 honorable,

1349 4584 1453 4619 aisée,
1486 4583 1543 4612 dot
1576 4582 1688 4612 30.000
1713 4581 1767 4616 fr.,
1812 4584 2019 4619 espérances
2060 4576 2244 4610 certaines,

1349 4624 1547 4662 épouserait
1562 4622 1738 4652 monsieur
1755 4619 1905 4655 sérieux,
1923 4618 2052 4657 grande
2069 4616 2242 4646 situation.

1349 4680 1365 4685 -
1382 4665 1422 4693 N'
1439 4663 1529 4692 5083.

1388 4722 1497 4750 Jeune
1512 4720 1649 4750 homme
1664 4719 1703 4748 30
1719 4726 1791 4753 ans,
1808 4717 1897 4748 belle
1919 4714 2092 4748 situation,
2123 4712 2247 4752 capital

1351 4761 1482 4790 100.000
1500 4762 1551 4795 tr.,
1569 4759 1682 4789 désire
1697 4759 1802 4788 union
1819 4766 1901 4787 avec
1923 4754 2122 4786 demoiselle
2147 4753 2248 4782 musi¬

1351 4802 1472 4831 cienne
1489 4800 1529 4829 de
1545 4799 1759 4838 préférence,
1776 4798 1832 4827 dot
1848 4806 1889 4827 en
1906 4798 2056 4835 rapport.
2070 4811 2088 4816 -
2101 4794 2142 4823 N'
2156 4793 2245 4822 4767.

1391 4859 1724 4901 Expert-comptable
1737 4861 1775 4889 46
1792 4867 1862 4893 ans,
1887 4859 2037 4893 sérieux,
2055 4856 2249 4886 affectueux

1351 4902 1477 4932 aimant
1492 4902 1545 4931 vie
1562 4901 1602 4930 de
1619 4900 1755 4934 famille,
1777 4899 1884 4928 15.000
1909 4898 1948 4927 fr.
1980 4905 2042 4936 par
2070 4904 2123 4929 an,
2156 4895 2250 4925 avoir

1350 4942 1462 4972 25.000
1479 4941 1532 4977 fr.,
1550 4941 1747 4979 épouserait
1761 4938 1958 4968 demoiselle
1970 4945 2010 4966 o«
2026 4943 2131 4966 veuve
2149 4937 2249 4972 ayant

1352 4982 1513 5013 situation
1530 4989 1573 5011 ou
1590 4981 1737 5010 fortune.
1755 4995 1770 5001 -
1788 4979 1827 5008 N'
1845 4977 1934 5008 5020.

1391 5034 1594 5065 Demoiselle
1605 5033 1642 5062 40
1655 5041 1727 5067 ans,
1742 5031 1817 5061 bien
1832 5040 1912 5060 sous
1927 5034 2002 5061 tous
2016 5029 2064 5059 les
2079 5031 2248 5067 rapports,

1352 5076 1513 5104 situation
1538 5073 1629 5102 7.000
1644 5072 1698 5107 fr.,
1726 5072 1922 5110 épouserait
1953 5069 2128 5100 monsieur
2158 5069 2249 5103 bien,

1352 5117 1453 5150 ayant
1468 5113 1628 5143 situation
1646 5120 1689 5142 ou
1705 5112 1852 5146 fortune,
1863 5112 1902 5141 40
1913 5112 1930 5141 à
1942 5111 1980 5140 50
1992 5118 2064 5140 ans.
2078 5125 2096 5131 -
2107 5109 2148 5138 N-
2159 5109 2248 5139 5086.

2339 4333 2554 4368 Demoiselle,
2584 4333 2619 4361 31
2651 4340 2722 4368 ans,
2754 4333 2985 4369 travailleuse,
3014 4336 3194 4370 économe,

2299 4374 2464 4404 demande
2480 4375 2581 4410 jeune
2597 4373 2733 4402 homme
2750 4381 2792 4402 ou
2810 4373 2892 4403 veuf
2903 4382 2981 4404 sans
3008 4376 3134 4412 enfant,
3157 4377 3197 4406 30

2299 4417 2317 4445 à
2334 4415 2372 4443 40
2388 4422 2459 4443 ans.
2476 4429 2515 4433 —
2530 4413 2570 4441 N-
2587 4412 2675 4441 6019.

2343 4464 2442 4492 Dame
2457 4462 2496 4491 50
2512 4469 2583 4497 ans,
2601 4469 2679 4490 sans
2697 4461 2835 4498 famille,
2854 4462 3076 4501 affectueuse,
3093 4469 3196 4503 ayant

2300 4502 2461 4532 situation
2477 4509 2558 4539 gros
2582 4504 2721 4539 rapport
2751 4505 2784 4532 et
2813 4503 2916 4538 avoir,
2950 4505 3061 4534 desire
3093 4506 3196 4537 union

2300 4551 2382 4572 avec
2399 4541 2575 4571 monsieur
2590 4549 2632 4571 en
2649 4544 2799 4580 rapport,
2817 4551 2883 4572 aux
2900 4545 3100 4575 sentiments
3124 4546 3198 4577 éle¬

2301 4584 2371 4617 vés,
2387 4582 2500 4612 bonne
2517 4581 2689 4611 situation.
2703 4599 2741 4602 —
2756 4584 2799 4613 N'
2820 4583 2909 4614 6022.

2342 4634 2438 4669 Veuf,
2455 4635 2492 4664 48
2509 4643 2581 4668 ans,
2598 4635 2838 4673 propriétaire,
2855 4644 2922 4667 une
2939 4637 3058 4669 fillette
3084 4640 3101 4668 8
3125 4648 3198 4675 ans,

2300 4675 2414 4705 50.000
2429 4675 2483 4709 fr.,
2509 4674 2621 4705 désire
2639 4675 2789 4713 mariage
2816 4684 2897 4707 avec
2920 4685 3026 4708 veuve
3049 4687 3090 4709 en
3118 4688 3199 4718 rap¬

2302 4718 2391 4754 port,
2409 4715 2564 4753 pourrait
2580 4722 2616 4744 se
2642 4715 2811 4754 déplacer,
2839 4716 2987 4748 cherche
3010 4726 3198 4759 compagne

2301 4764 2390 4795 pour
2406 4755 2499 4785 vivre
2513 4755 2681 4785 heureux.
2700 4773 2738 4776 —
2753 4757 2792 4786 N'
2810 4756 2900 4786 6023.

2342 4820 2452 4848 Jeune
2468 4818 2604 4847 homme
2621 4818 2778 4855 français,
2795 4819 2834 4849 30
2849 4828 2921 4853 ans,
2948 4822 3117 4861 orphelin,
3144 4824 3202 4853 sé¬

2304 4858 2415 4891 rieux,
2432 4858 2545 4888 20.000
2560 4858 2599 4887 fr.
2618 4861 2750 4896 argent,
2769 4861 2975 4898 espérances
3005 4863 3043 4892 50
3058 4863 3117 4892 000
3145 4862 3199 4899 fr.,

2305 4907 2346 4928 au
2365 4900 2491 4931 Maroc,
2510 4898 2622 4928 désire
2641 4901 2776 4928 rentrer
2789 4907 2832 4929 en
2843 4901 2971 4931 France
2984 4909 3071 4940 pour
3083 4903 3202 4932 maria¬

2305 4946 2346 4976 ge
2359 4946 2440 4968 avec
2456 4940 2559 4976 jeune
2576 4937 2643 4968 fille
2658 4938 2771 4969 bonne
2797 4940 2968 4970 situation.
2992 4942 3084 4971 —N'
3109 4942 3199 4972 6024.

2347 4993 2460 5022 Veuve
2476 4992 2515 5020 42
2531 4999 2602 5026 ans,
2614 4992 2807 5030 paraissant
2817 4992 2993 5030 beaucoup
3008 4994 3082 5031 plus
3096 4996 3202 5032 jeune

2306 5034 2409 5069 ayant
2438 5031 2555 5061 fillette
2577 5032 2616 5061 de
2648 5032 2684 5062 10
2700 5040 2772 5067 ans,
2803 5033 3001 5069 épouserait
3028 5035 3203 5064 monsieur

2305 5071 2418 5101 bonne
2434 5071 2594 5102 situation
2612 5079 2655 5103 ou
2670 5072 2818 5107 fortune,
2836 5072 2876 5101 de
2897 5073 2935 5102 43
2961 5075 2979 5102 à
3009 5073 3047 5102 60
3077 5082 3146 5104 ans.
3164 5091 3203 5096 —

2306 5112 2347 5140 N-
2364 5111 2455 5140 6025.
