3536 5552
2489 396 2511 412 M

362 486 453 518 Jeune
466 484 583 511 homme
599 490 632 517 29
648 490 710 512 ans,
726 477 831 514 grand,
852 476 940 506 brun,
960 469 1104 499 situation
1128 474 1226 501 14.000

327 522 377 555 fr.,
405 519 500 549 désire
529 517 656 551 mariage
685 524 752 543 avec
778 519 921 548 personne
949 507 1060 544 grande
1075 511 1102 532 et
1122 504 1224 534 brune,

330 556 475 594 physique
500 554 642 589 agréable,
667 549 808 579 situation
831 557 865 574 en
895 549 1014 579 rapport
1043 546 1070 569 et
1099 540 1230 573 pouvant

331 593 413 621 venir
429 602 464 619 au
476 591 575 618 Maroc
588 600 595 623 ;
612 591 680 622 âgée
695 587 730 614 de
745 595 777 620 25
793 590 809 611 à
825 592 859 618 30
876 590 939 610 ans.
955 594 990 599 —
1005 577 1040 607 N‘
1055 574 1125 604 6227
1130 596 1136 602 .

369 651 458 683 Jeune
474 649 591 676 homme
608 656 639 681 33
652 655 714 678 ans,
730 644 795 672 bien
808 650 876 670 sous
886 647 951 668 tous
966 641 1113 671 rapports,
1124 630 1233 659 famille

336 685 505 717 honorable,
527 691 686 711 commerce
708 690 743 708 en
767 685 937 711 campagne,
953 673 1034 701 avoir
1069 678 1168 697 20.000
1185 666 1232 700 fr.,

337 722 431 750 désire
456 720 584 754 mariage
609 728 676 745 avec
699 712 865 743 demoiselle
890 721 926 739 ou
948 718 1037 738 veuve
1058 704 1234 737 catholique,

337 758 437 792 douce,
454 756 637 787 affectueuse,
655 751 796 781 situation
812 758 847 776 en
863 751 994 782 rapport.
1011 759 1044 763 —
1060 741 1095 770 N'
1112 739 1183 768 6228
1187 760 1192 766 .

376 816 476 843 Veuve
490 815 525 842 de
540 822 653 848 guerre,
673 820 704 844 50
720 819 782 841 ans,
800 808 936 838 honnête,
953 813 993 831 un
1009 801 1056 829 fils
1073 800 1108 827 de
1127 807 1155 832 15
1172 805 1237 826 ans,

341 850 503 880 économies
519 858 599 884 5.000
614 848 650 875 fr.
666 852 694 874 et
709 843 853 876 mobilier,
869 840 962 869 désire
980 837 1069 865 union
1086 843 1153 862 avec
1172 830 1242 860 veuf

342 889 377 916 de
392 896 423 922 50
439 890 453 914 à
469 888 504 913 60
519 895 582 916 ansi
600 884 656 911 bon
673 881 851 911 travailleur,
868 878 902 904 de
914 874 1076 911 préférence
1092 874 1106 898 à
1121 870 1147 897 la
1162 877 1241 896 cam¬

344 932 447 959 pagne.
465 930 538 956 pour
553 920 594 948 lui
610 919 689 947 aider
703 918 777 945 dans
791 915 915 943 culture.
932 927 944 931 -
959 910 995 938 N'
1010 908 1080 936 6229
1085 929 1090 935 .

382 979 558 1009 Célibataire
586 988 621 1013 49
648 985 711 1010 ans,
742 984 777 1001 au
808 973 840 1000 P.
859 971 891 998 L.
909 970 961 1004 M.,
979 977 1061 1002 7.000
1074 965 1110 992 fr.
1127 972 1179 997 par
1195 970 1243 992 an,

346 1017 428 1045 avoir
453 1025 553 1050 25.000
576 1014 612 1041 fr.
635 1011 729 1040 désire
753 1008 881 1043 mariage
904 1003 1071 1033 demoiselle
1091 1010 1129 1027 ou
1153 1006 1245 1025 veuve

347 1062 416 1081 sans
433 1056 558 1084 en'ants,
575 1050 755 1079 charmante,
772 1055 839 1073 avec
856 1041 947 1074 avoir,
964 1044 1085 1074 rapport
1099 1035 1191 1068 d’âge.
1213 1046 1245 1051 —

348 1089 385 1117 N-
400 1088 470 1116 6230
475 1109 480 1114 .

386 1143 587 1174 Sous-officier
602 1139 785 1170 d’infanterie
801 1136 949 1168 coloniale,
968 1144 1002 1169 34
1017 1141 1080 1164 ans,
1095 1128 1167 1158 veuf
1178 1134 1248 1154 sans

351 1182 461 1214 enfant,
478 1179 636 1215 possédant
651 1174 870 1205 établissement
891 1172 962 1200 dans
988 1167 1098 1204 grande
1122 1164 1189 1193 ville
1209 1162 1248 1189 du

353 1218 459 1250 Maroc,
482 1216 565 1244 fonds
589 1213 780 1248 disponibles,
807 1209 901 1237 désire
926 1206 1054 1238 mariage
1077 1211 1144 1229 avec
1168 1200 1250 1232 jeune

351 1254 410 1282 fille
424 1253 459 1280 de
476 1262 508 1287 24
523 1255 538 1278 à
556 1261 587 1285 27
601 1259 653 1278 ans
670 1259 705 1276 ou
726 1256 817 1276 veuve
841 1253 910 1272 sans
940 1241 1050 1272 enfant,
1068 1240 1160 1266 même
1185 1237 1250 1268 âge,

353 1292 534 1323 compétente
549 1296 623 1321 pour
639 1285 714 1312 tenir
730 1282 818 1315 hôtel,
835 1279 978 1309 situation
995 1286 1029 1304 en
1050 1277 1181 1308 rapport,
1199 1277 1251 1304 pas

354 1326 465 1353 sérieux
483 1322 647 1351 s'abstenir.
665 1335 698 1340 —
714 1319 748 1347 N'
765 1317 836 1345 6195
839 1339 846 1345 .

392 1381 567 1411 Célibataire
584 1382 616 1415 36
633 1389 694 1411 ans,
719 1381 893 1412 protestant,
917 1371 1020 1407 grand,
1043 1368 1167 1398 sérieux,
1189 1366 1254 1398 pré¬

356 1424 473 1448 sentant
489 1418 566 1450 bien,
583 1417 640 1443 bon
657 1414 768 1447 métier,
797 1421 849 1449 900
866 1410 901 1438 fr.
931 1417 982 1443 par
1000 1405 1083 1438 mois,
1101 1410 1200 1437 25.000
1216 1399 1254 1426 fr.

355 1453 528 1487 économies,
545 1452 640 1480 désire
655 1450 783 1483 mariage
801 1457 869 1475 avec
889 1446 971 1479 jeune
993 1441 1050 1469 fille
1066 1439 1204 1470 sérieuse,
1220 1434 1255 1462 de

357 1499 389 1526 25
403 1493 418 1518 à
434 1500 467 1525 30
483 1498 547 1517 ans.
564 1502 595 1508 —
612 1487 647 1515 N'
664 1485 734 1513 6218
739 1509 742 1512 .

393 1547 568 1576 Demoiselle
597 1555 630 1581 35
653 1553 715 1577 ans,
733 1541 909 1575 catholique,
938 1536 1075 1569 sérieuse,
1105 1530 1255 1563 instruite,

358 1591 447 1620 ayant
461 1583 522 1616 dot,
539 1580 704 1616 épouserait
719 1577 867 1606 monsieur
882 1573 1005 1603 instruit
1027 1578 1054 1598 et
1077 1570 1143 1597 bien
1167 1567 1256 1598 élevé,

358 1627 447 1655 ayant
462 1619 605 1647 situation
620 1621 635 1645 à
655 1618 682 1643 la
706 1615 783 1648 ville,
808 1622 861 1647 pas
888 1611 1002 1639 sérieux
1029 1604 1197 1634 s’abstenir.
1225 1615 1256 1620 —

359 1657 394 1686 N'
411 1655 478 1684 6231
485 1677 490 1682 .

396 1711 572 1743 Célibataire
589 1710 661 1744 seul,
679 1719 711 1745 39
725 1718 788 1741 ans,
810 1707 931 1741 peintre,
949 1703 1021 1732 beau
1035 1709 1153 1737 garçon,
1172 1698 1257 1729 brun,

360 1761 412 1786 pas
424 1749 552 1782 fumeur,
569 1756 673 1775 10.000
689 1747 723 1773 fr.
741 1742 913 1775 économies,
930 1737 1097 1775 épouserait
1108 1737 1191 1769 jeune
1202 1733 1260 1760 fille

360 1797 397 1816 ou
413 1785 497 1820 jeune
511 1793 603 1812 veuve
619 1782 695 1816 jolie,
711 1779 901 1813 intelligente,
929 1785 1044 1811 propre,
1073 1771 1203 1806 gentille,
1225 1778 1259 1796 ne

361 1822 518 1857 regardant
534 1829 584 1853 pas
601 1822 616 1846 à
633 1818 659 1846 la
675 1815 817 1845 situation
833 1814 867 1841 de
883 1813 1007 1840 fortune.
1026 1825 1059 1829 —
1075 1808 1110 1836 N'
1125 1806 1195 1835 6232
1199 1827 1204 1832 .

397 1878 547 1908 Monsieur
563 1877 686 1909 sérieux,
704 1876 737 1910 36
765 1882 828 1906 ans,
845 1872 911 1900 bien
925 1869 1163 1905 physiquement,
1187 1864 1260 1891 deux

363 1915 450 1952 petits
463 1923 586 1950 garçons
603 1914 619 1940 6
635 1918 661 1939 et
677 1922 691 1946 7
708 1919 771 1942 ans,
784 1909 819 1937 de
834 1910 976 1936 caractère
986 1907 1043 1932 très
1055 1903 1143 1935 doux,
1158 1904 1261 1928 écono¬

363 1953 436 1981 mies
453 1959 554 1978 20.000
568 1948 618 1981 fr.,
633 1951 737 1982 gérant
751 1945 822 1973 d’un
834 1942 929 1978 grand
945 1939 1092 1975 magasin,
1108 1935 1261 1972 appointe¬

365 1994 458 2016 ments
470 1994 562 2020 15.000
574 1984 621 2018 fr.,
632 1983 725 2011 désire
736 1980 863 2014 mariage
873 1988 939 2006 avec
948 1974 1114 2005 demoiselle
1124 1972 1259 2002 sérieuse,

365 2024 430 2052 bien
446 2021 684 2057 physiquement,
710 2027 783 2053 pour
803 2016 828 2043 le
850 2013 988 2043 seconder
1007 2012 1081 2039 dans
1106 2018 1158 2037 son
1184 2016 1263 2035 com¬

365 2068 467 2088 merce.
484 2072 513 2077 —
532 2056 567 2084 N’
584 2055 655 2083 6233

400 2121 493 2149 Dame
508 2118 641 2147 divorcée
650 2127 687 2144 en
701 2126 733 2144 sa
746 2115 858 2148 faveur,
874 2112 941 2140 bien
951 2120 1021 2139 sous
1034 2115 1099 2137 tous
1115 2111 1263 2141 rapports,

366 2168 401 2194 47
412 2167 477 2190 ans,
493 2156 543 2183 dot
557 2155 658 2182 80.000
673 2152 722 2185 fr.,
739 2156 841 2186 argent
857 2156 883 2177 et
900 2147 1073 2182 propriétés,
1100 2139 1266 2178 épouserait

368 2193 516 2221 monsieur
528 2191 594 2218 bien
606 2198 674 2217 sous
687 2194 751 2216 tous
763 2188 803 2214 les
814 2190 960 2219 rapports,
971 2182 1089 2209 retraité
1100 2189 1136 2207 ou
1147 2177 1264 2206 rentier.

371 2245 402 2249 -
418 2228 453 2257 N'
470 2226 542 2255 6234
546 2249 552 2254 .

405 2299 538 2330 Divorcé,
557 2297 632 2330 bien,
650 2295 731 2328 libre,
753 2292 860 2321 famille
876 2290 1044 2321 honorable,
1070 2287 1153 2315 sobre
1183 2284 1268 2313 affec¬

370 2342 469 2368 tueux,
486 2335 581 2362 bonne
596 2335 690 2364 santé,
706 2327 912 2365 physionomie
937 2325 1081 2361 agréable,
1112 2320 1269 2350 immeuble

370 2372 439 2399 d’un
457 2375 576 2404 rapport
592 2368 626 2395 de
643 2376 723 2402 3.400
740 2366 775 2393 fr.
793 2370 851 2398 net,
869 2361 1035 2397 épouserait
1051 2368 1141 2387 veuve
1162 2367 1198 2384 ou
1224 2355 1269 2383 di¬

372 2410 472 2435 vorcée
488 2416 523 2432 ou
541 2403 709 2432 demoiselle
724 2402 759 2429 de
774 2401 808 2436 48
825 2404 837 2426 à
862 2409 892 2433 55
918 2408 981 2431 ans,
1010 2398 1092 2424 santé
1122 2400 1148 2421 et
1176 2393 1271 2420 bonne

373 2449 468 2473 tenue,
484 2441 589 2468 femme
604 2437 786 2470 d’intérieur,
803 2441 892 2471 ayant
907 2434 999 2466 avoir,
1015 2431 1042 2460 si
1057 2429 1187 2465 possible
1202 2437 1271 2455 sans

373 2479 483 2512 enfant,
502 2476 568 2504 ville
583 2485 620 2503 ou
633 2482 801 2508 campagne,
815 2471 977 2505 préférence
989 2463 1127 2495 hrune.—
1141 2465 1176 2492 N.
1190 2463 1260 2491 6236
1265 2485 1270 2490 .

410 2530 584 2560 Demoiselle
596 2538 628 2562 35
641 2538 703 2560 ans,
716 2525 895 2554 institutrice
905 2522 1054 2557 publique,
1063 2520 1160 2555 petite,
1170 2519 1271 2550 brune,

376 2567 521 2603 physique
548 2564 694 2599 agréable,
723 2563 813 2589 douce
842 2567 870 2588 et
898 2558 1081 2589 affectueuse,
1108 2553 1275 2588 épouserait

376 2603 525 2632 monsieur
544 2603 596 2635 âge
616 2609 652 2627 en
671 2603 801 2632 rapport,
827 2593 1051 2625 fonctionnaire,
1077 2590 1214 2619 militaire
1240 2588 1274 2616 de

377 2638 547 2674 préférence,
565 2646 600 2663 ou
617 2636 748 2669 employé
763 2634 797 2660 de
812 2633 930 2660 bureau.
947 2644 980 2649 —
997 2628 1034 2657 N"
1052 2626 1121 2655 6237
1126 2649 1132 2654 .

415 2690 590 2720 Célibataire
626 2698 659 2724 44
689 2697 752 2721 ans,
785 2682 1021 2717 sous-brigadier
1054 2682 1104 2708 des
1135 2679 1275 2710 douanes,

379 2729 464 2759 brun,
486 2725 610 2758 sérieux,
633 2724 712 2751 avoir
734 2731 832 2757 30.000
852 2720 897 2751 fr.,
921 2718 1085 2753 épouserait
1110 2713 1277 2743 demoiselle

378 2774 416 2791 ou
443 2771 534 2790 veuve
555 2769 624 2788 sans
645 2759 754 2792 enfant,
779 2758 814 2785 de
839 2765 871 2790 32
894 2759 908 2782 à
930 2765 963 2789 40
985 2763 1048 2786 ans,
1076 2752 1213 2780 sérieuse.
1245 2763 1277 2769 —

380 2800 412 2827 N-
429 2798 500 2825 6238
505 2820 510 2824 .

418 2849 592 2880 Célibataire
610 2858 642 2879 30
658 2857 720 2879 ans,
738 2850 932 2878 commerçant
947 2852 982 2870 en
1000 2841 1120 2874 Guinée,
1143 2849 1176 2866 en
1203 2836 1279 2865 train

380 2888 415 2915 de
444 2889 579 2921 préparer
613 2882 740 2918 grandes
766 2880 948 2916 plantations
976 2878 1011 2905 de
1037 2876 1167 2904 caféiers,
1198 2872 1280 2901 avoir

382 2933 474 2958 15.000
493 2922 539 2954 fr.,
557 2920 650 2948 désire
668 2918 795 2951 mariage
812 2926 846 2943 en
864 2920 994 2950 rapport.
1011 2927 1044 2933 —
1062 2912 1096 2940 N'
1115 2911 1185 2938 6239
1189 2932 1194 2937 .

419 2973 622 3004 Sous-officier
638 2972 672 3000 de
687 2970 819 3002 carrière,
833 2971 866 2997 28
876 2978 939 3001 ans,
952 2967 1130 2998 traitement,
1145 2964 1233 2997 7.600
1245 2962 1280 2989 fr.

383 3021 434 3047 par
468 3020 516 3043 an,
550 3006 784 3041 correspondrait
818 3015 884 3032 avec
916 3002 1094 3031 institutrice
1127 3009 1164 3027 ou
1200 3004 1282 3025 autre

383 3045 490 3082 emploi
505 3041 539 3073 de
554 3055 588 3072 20
598 3047 614 3071 à
632 3044 664 3071 28
679 3052 742 3070 ans.
756 3056 792 3062 -—
808 3041 842 3069 N'
859 3039 930 3067 6168
935 3061 940 3066 .

420 3099 537 3129 Officier
552 3098 586 3125 de
601 3096 685 3131 génie
699 3095 734 3124 de
757 3095 874 3123 l’armée
902 3092 1005 3123 active,
1037 3100 1068 3124 3?
1094 3098 1157 3121 ans,
1189 3087 1285 3115 désire

385 3135 513 3170 mariage
528 3144 595 3162 avec
612 3133 694 3166 jeune
709 3132 767 3159 fille
783 3140 819 3158 ou
835 3130 918 3163 jeune
933 3137 1024 3155 veuve
1034 3125 1119 3153 aisée.
1135 3139 1143 3144 -
1154 3124 1189 3152 N'
1202 3124 1283 3158 6240.

421 3189 560 3223 Employé
586 3187 636 3214 des
661 3186 771 3217 Postes,
798 3194 830 3219 34
853 3192 916 3216 ans,
940 3181 1043 3215 grand,
1075 3179 1160 3210 brun,
1192 3177 1286 3211 plutôt

387 3226 489 3259 mince,
509 3232 607 3251 20.000
623 3223 670 3256 fr.,
691 3219 856 3254 épouserait
880 3218 1005 3246 honnête
1030 3223 1172 3250 personne
1197 3217 1287 3247 ayant

385 3260 512 3296 qualités
526 3259 561 3287 de
573 3268 662 3286 cœur.
679 3271 690 3276 -
704 3256 739 3285 N"
756 3255 824 3283 6241
830 3277 836 3282 .

423 3313 609 3342 Cultivateur
635 3309 793 3344 distingué,
821 3306 996 3340 catholique,
1026 3307 1084 3333 très
1114 3302 1286 3334 affectueux,

386 3350 462 3382 veuf,
480 3349 554 3377 deux
570 3347 685 3374 enfants
702 3345 806 3379 placés,
824 3343 895 3371 belle
912 3342 1024 3370 maison
1054 3340 1087 3367 de
1116 3346 1286 3372 campagne,

387 3386 527 3420 quelques
541 3389 648 3416 rentes,
665 3382 690 3409 le
705 3386 769 3408 tout
785 3389 885 3414 75.000
907 3380 943 3405 fr.
985 3375 1151 3411 épouserait
1176 3371 1287 3400 demoi¬

387 3421 456 3449 selle
479 3430 516 3448 ou
548 3428 640 3445 veuve
663 3426 732 3444 sans
755 3415 865 3448 enfant,
893 3412 1069 3446 catholique,
1101 3410 1285 3438 affectueuse,

388 3458 422 3485 de
434 3466 469 3492 45
487 3465 538 3483 ans
555 3453 687 3481 environ.
704 3466 717 3472 -
734 3452 768 3480 N'
785 3450 855 3478 6242
860 3472 865 3478 .

424 3508 504 3537 Veuf
517 3518 548 3543 50
564 3516 626 3535 ans.
644 3504 826 3538 cordonnier,
845 3512 914 3532 sans
943 3501 1052 3532 enfant,
1070 3509 1138 3527 sans
1162 3497 1287 3528 fortune,

389 3547 531 3573 caractère
559 3543 647 3576 doux,
679 3540 857 3573 travailleur,
896 3543 986 3574 ayant
1013 3534 1164 3567 intérieur,
1194 3532 1290 3560 désire

390 3580 479 3609 union
497 3589 563 3607 avec
578 3577 744 3606 demoiselle
759 3586 795 3604 ou
813 3584 902 3603 veuve
925 3582 992 3602 sans
1021 3572 1130 3601 enfant,
1161 3570 1195 3596 de
1225 3577 1258 3600 70
1274 3570 1289 3594 à

389 3627 423 3652 40
438 3626 501 3649 ans,
516 3615 591 3648 jolie,
608 3614 708 3646 douce,
726 3612 836 3640 aimant
853 3620 905 3638 son
922 3608 1072 3637 intérieur.
1091 3622 1098 3626 -
1120 3605 1155 3634 N'
1172 3603 1243 3632 6243
1247 3626 1252 3631 .

427 3670 530 3699 Comte
547 3677 580 3702 34
595 3677 659 3701 ans,
676 3677 684 3693 1
705 3676 743 3693 m.
756 3676 799 3700 71,
814 3668 872 3692 très
882 3663 946 3691 bien
959 3661 1195 3697 physiquement,
1209 3656 1291 3685 avoir

391 3716 490 3745 50.000
515 3704 564 3733 fr..
579 3702 756 3736 catholique,
781 3699 925 3728 situation
949 3697 1174 3731 indépendante,
1200 3696 1291 3726 épou¬

389 3741 477 3769 serait
496 3740 576 3773 jeune
593 3739 650 3766 fille
666 3737 760 3770 noble,
779 3735 853 3769 jolie,
873 3734 1049 3768 distinguée,
1069 3732 1173 3759 femme
1188 3728 1291 3757 d’inté¬

390 3777 479 3809 rieur,
493 3775 603 3803 aimant
615 3782 774 3807 campagne
785 3779 813 3800 et
822 3777 930 3805 sports,
942 3767 1101 3797 discrétion
1114 3767 1290 3794 d’honneur.

389 3828 423 3832 —
440 3811 474 3840 N'
502 3810 572 3837 6244
576 3832 581 3838 .

427 3864 612 3896 Demoiselle,
631 3872 665 3899 29
690 3871 753 3895 ans,
781 3860 919 3891 sérieuse,
944 3858 1066 3893 grande,
1096 3855 1179 3887 belle,
1206 3853 1290 3885 forte,

389 3902 493 3933 brune,
511 3899 579 3927 chef
594 3896 844 3929 administration,
863 3895 1030 3923 traitement
1045 3894 1127 3927 6.500
1143 3891 1190 3921 fr.,
1211 3888 1292 3916 avoir

392 3947 488 3965 10.000
504 3935 552 3968 fr.,
569 3933 734 3969 épouserait
750 3931 925 3963 célibataire,
943 3928 1166 3958 fonctionnaire,
1184 3925 1290 3953 indus¬

389 3973 464 4003 triel,
480 3971 600 4003 officier,
616 3970 744 4002 retraité,
759 3978 792 4002 30
807 3971 823 3995 à
837 3977 873 4000 40
888 3975 951 3998 ans,
977 3964 1072 3998 grand
1098 3970 1126 3990 et
1154 3961 1232 3989 bien.
1259 3974 1292 3979 —

388 4009 423 4036 N'
441 4008 511 4035 6245
515 4029 520 4034 .

424 4060 484 4089 Fils
503 4059 621 4093 unique,
640 4056 839 4092 propriétaire,
859 4065 891 4088 23
907 4064 970 4082 ans,
990 4051 1168 4081 travailleur,
1186 4049 1288 4077 catho-

368 4127 372 4133 ,
386 4097 474 4132 lique,
492 4096 578 4126 doux,
597 4094 718 4127 aimant,
734 4092 899 4125 s’occupant
923 4088 1141 4123 d’agriculture,
1167 4088 1289 4119 épouse¬

387 4133 445 4160 rait
460 4132 544 4165 jeune
561 4130 617 4157 fille
633 4129 707 4162 jolie,
724 4127 909 4159 affectueuse,
926 4124 1091 4158 catholique
1107 4122 1132 4149 si
1149 4120 1288 4154 possible,

387 4174 475 4204 ayant
491 4167 541 4195 dot
557 4172 583 4193 et
599 4164 822 4193 connaissances
835 4161 990 4197 agricoles.
1011 4174 1045 4179 —
1062 4158 1096 4187 N'
1113 4156 1184 4184 6246
1190 4179 1194 4184 .

423 4225 513 4255 Veuf
525 4225 560 4260 48
570 4234 635 4257 ans,
648 4223 722 4251 deux
738 4221 864 4255 enfants,
882 4230 921 4247 un
942 4229 968 4246 11
993 4227 1056 4250 ans,
1073 4217 1175 4244 l’autre
1199 4215 1215 4242 6
1239 4222 1291 4241 ans

389 4262 484 4290 bonne
501 4261 652 4293 situation,
683 4257 841 4293 propriétés
873 4263 899 4284 et
928 4254 1080 4287 intérieur,
1111 4259 1212 4287 40.000
1243 4249 1292 4281 fr.,

388 4299 484 4327 désire
500 4296 629 4329 mariage
644 4305 711 4322 avec
726 4293 892 4321 demoiselle
906 4301 944 4319 ou
959 4299 1052 4317 veuve
1065 4298 1097 4323 35
1122 4292 1136 4314 à
1166 4296 1200 4321 45
1228 4294 1293 4317 ans,

388 4334 572 4362 affectueuse,
591 4336 679 4364 ayant
696 4332 785 4357 même
801 4329 888 4363 goûts
905 4336 939 4354 en
965 4331 1086 4359 rapport
1101 4334 1108 4357 ;
1136 4322 1226 4350 écrire
1256 4319 1291 4347 de

387 4370 472 4398 suite.
494 4383 522 4389 —
543 4367 577 4395 N'
594 4364 665 4393 6247
671 4387 677 4393 .

422 4421 584 4453 Monsieur,
601 4419 717 4446 divorcé
741 4422 756 4445 à
781 4426 833 4444 son
848 4415 948 4450 profit,
963 4416 999 4450 46
1014 4423 1077 4447 ans,
1094 4421 1165 4440 sans
1183 4410 1296 4443 enfant,

387 4457 514 4488 sérieux,
531 4454 674 4484 situation
690 4454 763 4481 dans
780 4452 896 4480 chemin
912 4451 946 4478 de
964 4451 1015 4484 fer,
1042 4448 1147 4476 salaire
1179 4456 1231 4481 300
1259 4445 1295 4472 fr.

388 4504 440 4529 par
458 4492 542 4526 mois,
560 4488 733 4521 économies,
750 4497 833 4523 4.000
850 4487 896 4519 fr.,
912 4486 977 4520 plus
994 4484 1082 4519 petite
1095 4484 1210 4511 maison
1228 4490 1297 4508 avec

388 4529 483 4564 jardin
501 4529 576 4555 dans
592 4525 710 4558 village,
727 4525 828 4550 valeur
851 4531 933 4556 3.000
962 4521 1010 4553 fr.,
1040 4520 1136 4548 désire
1166 4517 1298 4551 mariage

388 4576 457 4597 avec
471 4573 562 4592 veuve
578 4571 648 4590 sans
663 4560 773 4592 enfant,
790 4558 824 4585 de
841 4567 874 4592 35
890 4560 905 4584 à
921 4566 954 4591 40
980 4566 1043 4583 ans.
1075 4559 1163 4590 ayant
1191 4553 1297 4588 petites

389 4600 556 4633 économies
572 4608 608 4625 ou
627 4596 714 4631 petite
731 4593 887 4629 propriété.
903 4607 937 4612 —
953 4592 989 4619 N'
1004 4590 1074 4617 6248
1078 4612 1083 4618 .

424 4663 524 4691 Veuve
541 4670 608 4689 sans
626 4658 735 4690 enfant,
751 4667 784 4692 45
812 4665 875 4685 ans,
900 4653 1067 4687 catholique
1090 4650 1289 4686 pratiquante,

389 4698 548 4727 honorable
563 4695 683 4727 famille,
701 4692 846 4729 physique
863 4689 1007 4725 agréable,
1025 4696 1148 4715 revenus
1158 4695 1242 4720 7.000
1253 4686 1290 4712 fr.

388 4745 456 4762 avec
470 4732 587 4766 capital,
613 4730 708 4758 désire
735 4728 862 4762 mariage
887 4735 953 4752 avec
984 4724 1053 4752 veuf
1080 4732 1148 4750 sans
1180 4720 1291 4752 enfant,

389 4765 547 4798 honorable
565 4767 684 4798 famille,
701 4767 735 4793 de
749 4774 781 4800 45
798 4767 813 4791 à
832 4773 862 4797 52
879 4771 943 4793 ans,
968 4760 1076 4787 rentier
1097 4767 1134 4786 ou
1162 4757 1291 4787 retraité,

388 4805 461 4837 seul,
489 4803 628 4832 habitant
648 4801 736 4835 petite
760 4800 837 4832 ville,
869 4796 1014 4825 situation
1039 4804 1074 4822 en
1100 4798 1233 4827 rapport.
1260 4806 1294 4811 —

387 4841 423 4870 N'
442 4839 512 4868 6249
516 4860 522 4867 .

424 4901 563 4934 Retraité,
590 4909 624 4934 57
649 4907 713 4930 ans,
740 4897 835 4932 légion
859 4896 1034 4926 d’honneur,
1062 4892 1135 4924 seul,
1165 4890 1300 4920 divorcé,

387 4937 510 4972 pension
524 4937 607 4967 6,000
626 4934 672 4966 fr.,
690 4933 762 4967 petit
778 4931 883 4966 capital
906 4942 939 4959 en
962 4939 1023 4961 sus,
1050 4928 1174 4958 sérieux,
1206 4925 1294 4953 affec¬

387 4982 483 5010 tueux,
503 4968 740 5004 correspondrait
755 4977 822 4995 avec
838 4976 982 4999 personne
998 4975 1032 4992 en
1059 4968 1188 4998 rapport,
1222 4969 1291 4988 sans

384 5027 398 5045 e
401 5008 495 5040 nfant,
512 5005 656 5034 situation
673 5004 758 5031 aisée.
776 5017 807 5022 —
825 5001 860 5030 N'
877 5001 957 5029 6250.

426 5067 606 5103 Célibataire
621 5075 654 5102 45
672 5075 737 5097 ans,
751 5064 820 5092 bien
835 5072 905 5090 sous
932 5069 998 5090 tous
1012 5067 1160 5096 rapports,
1178 5058 1300 5087 catholi-

384 5114 400 5140 9
416 5115 460 5137 ue,
478 5103 667 5138 agriculteur,
685 5101 766 5131 libre,
785 5099 866 5127 avoir
885 5106 1000 5126 100.000
1012 5098 1047 5125 fr.
1071 5104 1098 5124 et
1114 5099 1296 5131 espérances,

380 5139 555 5175 épouserait
583 5140 668 5165 dame
692 5146 728 5164 ou
754 5134 922 5163 demoiselle
952 5136 1005 5166 âge
1035 5138 1063 5160 et
1088 5132 1232 5160 situation
1262 5140 1297 5158 en

378 5181 518 5211 rapport.
539 5188 569 5194 —
586 5172 667 5200 6251.

1318 459 1494 492 Célibataire
1533 459 1566 492 63
1608 465 1672 488 ans,
1716 457 1782 488 port
1820 450 1914 484 jeune,
1956 442 2180 474 fonctionnaire,

1286 0 1382 533 15.000
1398 497 1494 524 francs
1511 503 1562 528 par
1575 502 1622 524 an,
1641 489 1735 521 Paris,
1757 484 1922 521 épouserait
1950 480 2117 510 demoiselle
2147 486 2182 504 ou

1283 544 1384 566 veuve,
1400 532 1488 564 seule,
1505 527 1682 561 catholique,
1709 523 1854 559 physique
1882 517 2028 554 agréable,
2058 513 2183 549 qualités

1286 570 1410 598 morales
1426 573 1454 596 et
1464 575 1599 594 revenus.
1616 577 1648 581 —
1665 561 1699 589 N’
1717 558 1797 588 6252.

1325 623 1548 657 Fonctionnaire
1567 622 1602 649 27
1622 630 1685 653 ans,
1707 617 1831 648 sérieux,
1858 615 1914 641 bon
1943 612 2097 642 caractère,
2121 606 2186 633 bien

1289 674 1358 693 sous
1379 670 1444 690 tous
1470 662 1510 688 les
1531 663 1676 692 rapports,
1703 652 1876 682 sentiments
1908 646 2089 680 artistiques,
2118 641 2188 670 belle

1291 699 1432 728 situation
1453 695 1573 725 actuelle
1591 699 1618 720 et
1636 690 1777 722 d’avenir,
1797 695 1914 722 grosses
1934 685 2116 718 espérances,
2140 676 2189 705 fils

1290 736 1325 763 de
1345 731 1552 769 propriétaires
1582 727 1717 759 rentiers,
1742 724 1837 752 désire
1863 720 1965 752 union,
1990 717 2050 745 fille
2070 713 2188 747 unique,

1292 770 1457 799 demoiselle
1472 778 1508 795 ou
1520 775 1610 794 veuve
1624 769 1712 798 ayant
1731 762 1823 788 bonne
1845 755 1997 786 situation,
2014 748 2192 780 institutrice

1292 808 1327 835 de
1344 805 1504 841 préférence
1523 808 1551 830 et
1566 800 1750 828 affectueuse.
1765 793 1846 823 6256.

1330 869 1431 897 Veuve
1451 866 1485 893 de
1508 873 1622 899 guerre,
1646 861 1681 888 38
1705 869 1769 892 ans,
1795 865 1863 885 sans
1888 853 1998 885 enfant,
2027 849 2079 877 800
2095 848 2136 875 1rs
2159 845 2194 873 de

1297 904 1420 940 pension
1437 909 1465 930 et
1489 901 1590 928 45.000
1614 896 1730 931 capital,
1758 895 1860 924 brune,
1878 888 2024 925 physique
2048 881 2193 920 agréable,

1298 940 1392 968 désire
1409 938 1535 971 mariage
1557 944 1624 963 avec
1648 930 1795 960 monsieur
1815 932 1904 962 ayant
1926 929 2019 952 bonne
2041 919 2194 949 situation.

1299 976 1385 1004 0257:

1338 1032 1512 1063 Demoiselle
1533 1031 1602 1064 âgée
1628 1027 1662 1054 de
1683 1024 1718 1052 40
1740 1032 1803 1056 ans,
1827 1021 1922 1049 bonne
1956 1014 2098 1046 situation
2123 1012 2197 1039 dans

1301 1069 1550 1103 l’enseignement,
1577 1062 1659 1092 avoir
1677 1067 1706 1088 et
1727 1062 1896 1094 espérances
1917 1054 2071 1083 sérieuses,
2094 1050 2198 1077 femme

1302 1105 1481 1135 d’intérieur,
1507 1095 1742 1134 correspondrait
1767 1103 1835 1122 avec
1860 1089 2006 1118 monsieur
2018 1086 2094 1122 loyal
2110 1090 2137 1111 et
2152 1085 2197 1111 sé¬

1304 1143 1396 1176 rieux,
1415 1141 1526 1167 aimant
1544 1135 1590 1164 vie
1605 1134 1641 1162 de
1652 1131 1771 1165 famille,
1783 1129 1817 1157 de
1828 1129 1924 1156 bonne
1934 1123 2100 1154 éducation,
2112 1124 2201 1154 ayant

1303 1177 1386 1207 avoir
1400 1186 1438 1204 ou
1453 1172 1581 1202 retraite.
1596 1170 1679 1198 6258.

1341 1229 1516 1260 Demoiselle
1529 1226 1564 1253 29
1581 1234 1645 1258 ans,
1661 1220 1836 1254 catholique,
1852 1218 1940 1252 goûts
1955 1213 2087 1247 simples,
2104 1210 2198 1238 bonne

1305 1266 1493 1298 instruction,
1518 1256 1753 1294 correspondrait
1777 1263 1844 1283 avec
1869 1251 2018 1280 monsieur
2034 1247 2147 1276 sérieux
2164 1244 2198 1271 de

1307 1304 1341 1331 30
1357 1307 1371 1330 à
1386 1301 1421 1329 39
1436 1310 1499 1330 ans,
1515 1297 1647 1325 désirant
1662 1304 1691 1322 se
1707 1295 1785 1320 créer
1799 1290 1879 1325 foyer
1896 1288 2023 1315 heureux
2040 1283 2149 1311 France
2165 1289 2202 1307 ou

1308 1338 1445 1367 colonies.
1470 1334 1549 1363 6260.

1347 1390 1522 1420 Demoiselle
1541 1387 1575 1415 35
1590 1394 1655 1418 ans,
1672 1381 1809 1413 sérieuse,
1831 1376 1982 1412 orpheline
2005 1372 2152 1407 employée
2173 1368 2207 1395 de

1310 1428 1411 1461 l’Etat,
1430 1424 1587 1461 possédant
1603 1419 1742 1448 intérieur
1757 1422 1784 1444 et
1802 1414 1904 1450 petites
1920 1409 2093 1440 économies,
2111 1404 2206 1434 désire

1311 1464 1439 1497 mariage
1461 1470 1528 1489 avec
1552 1456 1700 1486 monsieur
1727 1456 1780 1487 âge
1803 1457 1832 1479 et
1855 1447 1997 1477 situation
2015 1455 2051 1472 en
2077 1447 2208 1477 rapport.

1311 1499 1391 1528 6261.

1348 1550 1524 1581 Demoiselle
1544 1547 1578 1575 36
1600 1555 1652 1574 ans
1669 1542 1835 1579 paraissant
1862 1538 1928 1566 bien
1954 1536 2020 1570 plus
2044 1534 2136 1567 jeune,
2163 1539 2210 1558 or¬

1313 1589 1438 1624 pheline,
1466 1582 1659 1614 honorabilité
1685 1578 1816 1614 parfaite,
1848 1576 1942 1602 bonne
1969 1570 2098 1610 famille,_
2117 1568 2212 1594 bonne

1313 1623 1477 1653 éducation,
1503 1619 1612 1648 certain
1636 1615 1718 1645 avoir
1739 1621 1767 1641 et
1783 1611 1926 1644 mobilier,
1949 1604 2115 1642 épouserait
2130 1611 2213 1630 mon¬

1314 1662 1393 1689 sieur
1408 1658 1520 1687 sérieux
1535 1659 1624 1691 ayant
1635 1649 1786 1680 situation.
1805 1647 1883 1675 6262.

1352 1710 1557 1742 Lous-officier
1564 1704 1772 1743 gestionnaire,
1781 1700 1889 1730 service
1897 1699 1930 1725 de
1944 1699 2036 1729 santé,
2044 1693 2079 1722 32
2094 1702 2158 1726 ans,
2168 1701 2214 1718 ca¬

1316 1750 1456 1783 tholique,
1474 1742 1641 1775 traitement
1656 1742 1672 1768 6
1685 1739 1737 1767 000
1753 1739 1803 1766 frs.
1820 1738 1870 1764 dot
1885 1733 1984 1761 15.000
1999 1732 2054 1759 1rs.
2079 1731 2215 1763 espéran¬

1316 1797 1362 1815 ces
1379 1784 1479 1813 20.000
1500 1781 1553 1810 frs.
1573 1776 1739 1814 épouserait
1762 1771 1928 1802 demoiselle
1942 1769 1978 1796 23
1994 1770 2010 1795 à
2024 1766 2058 1794 30
2073 1774 2137 1797 ans,
2154 1764 2216 1790 ins¬

1316 1822 1416 1855 truite,
1426 1819 1602 1851 distinguée,
1621 1816 1728 1841 mêmes
1745 1808 1928 1838 sentiments,
1946 1803 2088 1833 situation
2103 1810 2138 1828 en
2154 1808 2215 1832 rap¬

1317 1864 1392 1893 port,
1408 1857 1535 1889 échange
1551 1852 1651 1887 photo.
1667 1847 1746 1876 6263.

1352 1909 1433 1938 Veuf
1444 1908 1479 1936 52
1496 1916 1559 1939 ans,
1577 1900 1777 1939 propriétaire,
1796 1908 1834 1925 un
1851 1904 1957 1931 garçon
1973 1894 2008 1920 de
2023 1892 2072 1919 dix
2088 1899 2151 1922 ans,
2167 1888 2218 1916 dé¬

1316 1946 1433 1975 sirerait
1457 1945 1607 1972 connaître
1621 1948 1712 1967 veuve
1727 1936 1761 1964 de
1775 1934 1810 1961 40
1825 1937 1840 1961 à
1861 1932 1896 1958 45
1912 1940 1965 1959 ans
1989 1937 2064 1963 pour
2079 1925 2216 1958 mariage,

1318 1991 1459 2018 personne
1475 1978 1613 2009 sérieuse,
1626 1975 1660 2002 de
1676 1972 1837 2008 préférence
1852 1969 1886 1995 de
1904 1967 1929 1994 la
1952 1972 2111 1998 campagne
2139 1959 2218 1987 6264.

1356 2033 1540 2065 Demoiselle,
1566 2033 1634 2064 âgée
1656 2028 1689 2055 de
1713 2026 1747 2053 40
1771 2033 1822 2052 ans
1846 2021 1999 2049 excellente
2016 2016 2133 2047 famille,
2151 2013 2220 2041 édu¬

1319 2072 1414 2100 cation
1431 2077 1457 2097 et
1482 2066 1658 2096 instruction
1675 2061 1822 2097 parfaites,
1842 2056 1894 2086 dot
1915 2056 1949 2083 10
1962 2053 2014 2081 000
2035 2052 2088 2080 frs.
2117 2050 2222 2077 femme

1319 2106 1499 2138 d’intérieur,
1511 2102 1658 2139 physique
1668 2097 1811 2133 agréable,
1827 2093 1921 2122 désire
1936 2094 2058 2123 épouser
2074 2085 2222 2114 monsieur

1320 2145 1354 2172 de
1369 2144 1464 2171 bonne
1479 2137 1631 2168 éducation
1646 2140 1734 2170 ayant
1749 2129 1900 2160 situation.
1917 2126 1996 2154 6265.

1361 2197 1535 2229 Demoiselle
1550 2196 1585 2223 26
1601 2203 1662 2224 ans,
1679 2191 1792 2223 blonde,
1811 2188 1885 2222 jolie,
1907 2184 2071 2219 distinguée
2096 2181 2224 2208 instruc¬

1323 2238 1385 2266 tion
1402 2242 1429 2264 et
1444 2233 1596 2262 éducation
1613 2228 1760 2265 parfaites,
1775 2219 1835 2253 fille
1851 2222 1970 2256 unique,
1987 2223 2105 2254 parents
2121 2215 2225 2243 indus¬

1323 2273 1416 2305 triels,
1427 2279 1530 2306 grosse
1545 2265 1688 2295 situation
1705 2264 1740 2290 de
1759 2262 1884 2292 fortune,
1895 2254 2059 2292 épouserait
2076 2251 2225 2280 monsieur

1324 2314 1412 2345 ayant
1438 2305 1580 2334 situation
1607 2311 1643 2329 ou
1674 2297 1820 2327 monsieur
1849 2294 1899 2329 qui
1927 2290 2063 2320 voudrait
2103 2286 2224 2323 prendre

1325 2346 1351 2373 la
1368 2343 1443 2372 suite
1458 2342 1507 2369 des
1525 2344 1652 2374 parents.
1671 2334 1751 2363 6266.

1363 2405 1441 2434 Veuf
1448 2404 1482 2431 55
1494 2412 1556 2431 ans.
1567 2401 1653 2433 brun,
1667 2398 1732 2429 fort,
1747 2395 1874 2426 robuste,
1888 2401 1928 2420 un
1940 2389 2040 2418 enfant
2053 2391 2067 2415 à
2079 2397 2110 2415 sa
2121 2385 2227 2418 charge

1326 2444 1343 2471 9
1366 2451 1429 2474 ans,
1451 2438 1609 2474 possédant
1629 2434 1712 2462 usine
1734 2432 1806 2460 dans
1827 2428 1900 2464 petit
1920 2427 2027 2459 village
2042 2423 2108 2451 bien
2123 2421 2225 2454 située,

1327 2476 1428 2507 valeur
1443 2474 1543 2503 20.000
1559 2473 1611 2500 frs.
1629 2468 1770 2498 demande
1787 2476 1820 2494 en
1841 2463 1969 2497 mariage
1984 2469 2073 2488 veuve
2094 2467 2161 2486 sans
2177 2465 2227 2482 en¬

1329 2515 1401 2547 fant,
1421 2513 1515 2540 bonne
1531 2510 1692 2542 ménagère,
1710 2505 1810 2536 brune,
1826 2502 1862 2529 de
1880 2499 2042 2534 préférence
2056 2494 2092 2523 dé
2107 2496 2135 2522 la
2151 2502 2228 2520 cam¬

1329 2559 1433 2585 pagne,
1449 2547 1484 2575 de
1494 2546 1528 2573 40
1544 2549 1558 2572 à
1573 2544 1609 2571 50
1624 2552 1677 2570 ans
1695 2563 1700 2568 .
1715 2538 1794 2567 6267.

1367 2611 1469 2639 Mutilé
1483 2609 1518 2636 de
1531 2615 1644 2642 guerre,
1657 2604 1692 2631 26
1708 2611 1770 2632 ans,
1786 2601 1904 2634 amputé
1919 2597 1958 2624 du
1975 2594 2039 2630 pied
2054 2592 2144 2625 droit,
2160 2590 2230 2618 2000

1330 2649 1383 2676 frs.
1406 2647 1441 2675 de
1461 2644 1594 2680 pension,
1610 2639 1768 2675 possédant
1789 2636 1860 2671 petit
1877 2641 2035 2661 commerce
2050 2628 2231 2657 d’alimenta¬

1332 2686 1393 2712 tion
1409 2681 1503 2710 désire
1520 2678 1647 2711 mariage
1663 2684 1729 2703 avec
1745 2673 1825 2707 jeune
1841 2670 1899 2698 fille
1915 2669 1949 2696 de
1966 2667 1998 2693 18
2013 2669 2027 2694 à
2044 2665 2078 2692 25
2092 2673 2155 2696 ans,
2174 2665 2231 2690 très

1333 2719 1470 2752 sérieuse,
1488 2721 1553 2750 apte
1570 2723 1606 2741 au
1623 2718 1790 2741 commerce,
1805 2712 1895 2742 ayant
1909 2703 1982 2739 petit
1997 2702 2088 2730 avoir.
2110 2698 2190 2727 6268.

2273 442 2433 475 Monsieur,
2461 450 2492 475 55
2514 450 2578 476 ans,
2601 440 2646 467 bel
2671 438 2798 468 homme,
2824 433 2969 469 physique
2993 429 3137 465 agréable,

2238 487 2395 506 commerce
2422 477 2456 504 de
2482 477 2544 504 bois
2570 486 2636 504 avec
2661 471 2806 508 propriété
2830 477 2857 497 et
2884 469 2974 502 avoir,
2998 464 3139 494 demande

2239 513 2330 542 union
2345 523 2413 540 avec
2427 512 2593 541 demoiselle
2608 512 2692 544 jeune
2706 519 2743 536 ou
2759 507 2892 535 divorcée
2906 514 2942 533 en
2957 514 2989 532 sa
3004 503 3116 530 faveur.
3127 513 3141 519 -

2240 551 2276 578 N”
2291 548 2373 578 6281.

2386 707 2533 762 Avis
2573 722 2690 762 aux
2724 700 3000 759 Abonnés

2289 873 2386 900 Nous
2415 870 2618 898 conseillons
2645 875 2720 898 aux
2747 869 2937 902 personnes
2950 859 3107 896 pouvant
3121 859 3150 887 le

2249 911 2353 946 faire,
2382 911 2421 938 de
2448 911 2623 938 souscrire
2638 916 2687 939 un
2710 903 2944 937 abonnement
2958 898 2999 931 dé
3012 902 3034 929 8
3050 899 3150 931 mois,

2250 951 2284 980 et
2297 952 2339 980 de
2350 949 2557 984 préférence
2581 952 2594 979 1
2612 956 2671 978 an.
2688 950 2779 978 Elles
2801 947 2932 976 auront
2953 940 3151 974 l'avantage

2252 992 2291 1020 de
2306 998 2350 1019 ne
2363 996 2427 1024 pas
2440 991 2567 1023 perdre
2589 990 2629 1019 de
2650 996 2716 1018 vue
2739 995 2789 1018 un
2808 986 2881 1016 seul
2897 982 3032 1014 abonné
3058 980 3090 1009 et
3113 980 3153 1007 de

2252 1031 2400 1060 réaliser
2415 1036 2484 1059 une
2499 1030 2674 1059 économie
2690 1030 2729 1058 de
2745 1030 2791 1058 20
2805 1027 2854 1062 %.

2297 1169 2401 1200 AVIS.
2435 1185 2470 1190 —
2499 1169 2561 1197 Les
2591 1168 2748 1198 Abonnés
2774 1166 2815 1195 de
2844 1164 2875 1194 la
2893 1162 3032 1193 REVUE
3048 1159 3159 1188 MEN¬

2259 1209 2426 1244 SUELLE,
2453 1208 2605 1238 désirant
2633 1207 2792 1237 recevoir
2815 1205 2846 1234 la
2873 1204 3054 1233 «Revue»
3078 1206 3157 1228 sous

2260 1250 2468 1287 enveloppes
2498 1248 2644 1278 fermées
2674 1249 2753 1278 sont
2786 1245 2877 1283 priés
2906 1243 3098 1272 d’adresser
3127 1238 3156 1268 la

2262 1297 2392 1320 somme
2409 1290 2449 1318 de
2464 1290 2484 1318 2
2499 1288 2539 1317 fr.
2556 1296 2597 1317 en
2614 1288 2690 1326 plus
2708 1294 2794 1326 pour
2818 1285 2868 1314 les
2899 1283 2980 1312 frais
3011 1282 3051 1310 de
3078 1279 3158 1310 tim¬

2262 1330 2342 1360 bres
2358 1338 2365 1365 ;
2399 1329 2448 1358 les
2473 1328 2624 1358 abonnés
2653 1330 2730 1357 sont
2759 1325 2953 1363 également
2981 1322 3074 1360 priés
3119 1319 3159 1348 de

2264 1370 2407 1400 timbrer
2437 1371 2528 1398 leurs
2560 1369 2677 1398 lettres
2709 1368 2725 1398 à
2755 1367 2793 1396 25
2810 1367 2897 1396 cent,
2927 1370 3012 1402 pour
3028 1367 3160 1391 corres¬

2263 1411 2395 1450 pondre
2405 1411 2503 1439 entre
2519 1408 2681 1438 abonnés.

2307 1576 2431 1603 Jeunes
2451 1578 2534 1607 gens
2539 1572 2544 1607 ,
2565 1572 2692 1606 jeunes
2719 1570 2804 1605 filles
2832 1569 2864 1598 et
2892 1573 2976 1597 vous
3006 1566 3081 1594 tous
3109 1563 3168 1598 qui

2267 1615 2399 1644 désirez
2437 1619 2523 1642 vous
2560 1613 2708 1644 marier,
2747 1609 2940 1639 demandez
2976 1608 3006 1635 le
3035 1603 3169 1635 GUIDE

2270 1654 2496 1685 PRATIQUE
2529 1653 2593 1681 DU
2624 1651 2838 1681 BONHEUR
2870 1649 2934 1678 EN
2968 1637 3169 1675 MÉNAGE,

2270 1694 2459 1725 contenant
2473 1694 2530 1722 des
2545 1692 2688 1721 conseils
2703 1693 2770 1720 1res
2785 1691 2885 1718 utiles
2895 1694 2987 1722 pour
2996 1687 3025 1714 le
3036 1684 3171 1715 maria¬

2270 1742 2322 1772 ge,
2340 1736 2368 1763 le
2384 1736 2521 1764 volume
2531 1739 2603 1767 par
2617 1733 2646 1760 J.
2667 1723 2897 1761 PÉLISSIER
2919 1726 3078 1762 pouvant
3098 1721 3172 1753 être

2271 1778 2307 1805 lu
2319 1782 2390 1810 par
2405 1774 2479 1803 tout
2494 1773 2524 1801 le
2535 1773 2670 1802 monde.

2311 1813 2482 1845 Adressez
2497 1814 2532 1841 la
2545 1817 2678 1841 somme
2690 1813 2730 1840 de
2740 1813 2762 1840 3
2772 1810 2821 1844 fr.
2839 1811 2885 1839 50
2900 1807 2922 1837 à
2936 1808 2970 1836 la
2985 1804 3173 1836 Directrice

2272 1857 2312 1885 de
2327 1856 2361 1884 la
2377 1854 2526 1884 REVUE
2541 1851 2820 1883 MENSUELLE,
2838 1850 2897 1885 qui
2918 1853 3002 1878 vous
3030 1843 3174 1875 l'adres¬

2272 1902 2353 1926 sera
2368 1896 2496 1929 franco
2512 1895 2551 1922 de
2562 1893 2654 1926 port.

2317 2047 2382 2076 Les
2409 2049 2588 2074 annonces
2614 2043 2703 2072 dans
2730 2041 2766 2069 la
2781 2041 2798 2069 «
2814 2040 2927 2069 Revue
2943 2043 2960 2065 »
2986 2035 3066 2065 sont
3096 2035 3136 2063 de
3155 2034 3178 2063 4

2278 2087 2390 2121 lignes
2404 2091 2452 2114 au
2466 2084 2665 2113 maximun.
2682 2083 2940 2115 Lespersonnes
2955 2077 3014 2112 qui
3028 2074 3179 2104 désirent

2278 2128 2355 2156 leur
2381 2130 2542 2154 annonce
2565 2124 2642 2156 plus
2658 2123 2784 2157 longue
2796 2119 2961 2154 paieront
2975 2123 3025 2145 un
3040 2115 3179 2149 supplé¬

2279 2166 2375 2197 ment
2388 2166 2428 2195 de
2443 2166 2464 2194 3
2478 2164 2527 2199 fr.
2545 2164 2580 2192 la
2595 2163 2697 2197 ligne.

2323 2321 2372 2350 La
2387 2321 2404 2348 «
2415 2320 2530 2348 Revue
2546 2317 2730 2347 Mensuelle
2738 2324 2755 2340 »
2771 2313 2908 2347 accepte
2924 2311 3033 2341 toutes
3048 2315 3183 2340 annon¬

2282 2367 2336 2391 ces
2363 2359 2625 2389 commerciales
2650 2362 2697 2385 ou
2711 2356 2832 2384 autres
2836 2360 2843 2387 ,
2859 2353 2924 2382 soit
2935 2352 3064 2383 ventes,
3081 2349 3184 2384 fonds

2283 2402 2322 2430 de
2335 2405 2528 2430 commerce
2543 2404 2588 2427 ou
2602 2396 2783 2425 industrie.

2313 2590 2724 2650 ANNONCES
2780 2582 3160 2642 DIVERSES

1372 2780 1545 2809 Instituteur
1557 2774 1721 2806 honoraire,
1733 2771 1841 2803 58sns,
1854 2767 1929 2800 veuf,
1942 2766 2008 2793 bien
2021 2767 2149 2798 portant,
2164 2769 2233 2787 sans

1334 2818 1468 2851 charges,
1485 2812 1608 2848 pension
1622 2808 1755 2837 annuelle
1771 2807 1805 2833 de
1819 2803 1901 2832 4.450
1917 2803 1963 2833 fr.,
1980 2796 2145 2834 épouserait
2165 2804 2234 2823 veu¬

1333 2864 1369 2881 ve
1384 2854 1418 2880 de
1434 2859 1537 2886 guerre
1553 2857 1589 2875 ou
1613 2844 1871 2878 d’enseignement,
1892 2838 1927 2866 de
1946 2836 1981 2864 40
2002 2839 2017 2863 à
2042 2834 2076 2861 55
2098 2842 2161 2864 ans,
2185 2831 2232 2857 de¬

1337 2888 1465 2917 moiselle
1488 2894 1524 2912 ou
1544 2884 1628 2910 dame
1651 2881 1782 2908 divorcée
1802 2880 1818 2903 à
1839 2885 1891 2904 son
1913 2872 2012 2908 profit,
2035 2867 2177 2898 situation
2199 2874 2235 2892 en

1336 2929 1466 2959 rapport.
1489 2921 1513 2948 N
1515 2924 1525 2935 0
1539 2918 1620 2946 6253.

1373 2977 1474 3004 Veuve
1490 2972 1598 3001 officier
1613 2968 1774 3003 supérieur,
1791 2976 1822 3001 33
1833 2974 1897 2996 ans,
1909 2963 1983 2990 deux
1996 2960 2110 2987 fillettes
2122 2959 2234 2985 entrées

1339 3013 1449 3047 Légion
1463 3010 1638 3040 d’honneur,
1655 3006 1688 3032 de
1705 3014 1728 3031 11
1747 3009 1774 3030 et
1789 3011 1816 3029 10
1832 3010 1896 3033 ans,
1924 2996 2046 3032 pension
2076 3003 2158 3028 3.500
2187 2991 2233 3025 fr.,

1339 3055 1435 3080 rentes
1455 3054 1530 3080 1.500
1556 3044 1605 3075 fr.,
1635 3048 1668 3072 et.
1690 3039 1870 3073 espérances,
1897 3038 1956 3062 très
1983 3032 2062 3059 riche
2091 3027 2235 3061 mobilier,

1337 3083 1459 3120 grande,
1475 3080 1592 3111 blonde,
1609 3076 1673 3111 jolie
1687 3074 1863 3108 distinguée,
1876 3073 1934 3098 très
1955 3066 2104 3098 instruite,
2121 3064 2236 3092 recher¬

1339 3121 1390 3148 che
1405 3117 1532 3151 mariage
1541 3114 1646 3143 officier
1662 3121 1696 3139 en
1712 3110 1838 3142 activité,
1852 3102 2064 3134 fonctionnaire
2079 3101 2113 3129 de
2125 3100 2235 3128 France

1340 3166 1376 3184 ou
1393 3153 1530 3182 colonies.
1546 3166 1580 3170 —
1595 3147 1631 3177 N'
1648 3147 1717 3181 6255
1723 3168 1728 3174 .

1375 3205 1466 3237 Jeune
1482 3203 1599 3232 homme
1614 3207 1647 3232 30
1660 3205 1724 3227 ans,
1741 3192 1898 3228 possédant
1910 3200 1950 3217 un
1961 3187 2042 3216 avoir
2050 3188 2086 3221 de
2097 3195 2175 3221 5.000
2185 3184 2234 3218 fr.,

1341 3240 1461 3269 cherche
1478 3238 1581 3265 femme
1597 3235 1630 3261 de
1645 3232 1679 3259 25
1695 3231 1709 3257 à
1726 3231 1759 3258 30
1775 3238 1837 3262 ans,
1849 3236 1938 3254 veuve
1948 3234 1984 3252 ou
1994 3223 2135 3252 divorcée,
2149 3223 2238 3248 même

1341 3286 1408 3305 avec
1424 3274 1531 3305 enfant,
1551 3280 1623 3306 pour
1638 3266 1753 3296 habiter
1767 3266 1793 3292 la
1805 3271 1964 3297 campagne
1974 3256 2152 3293 disposerait
2163 3256 2239 3291 pho¬

1341 3320 1381 3341 to.
1400 3326 1430 3331 -
1447 3311 1481 3338 N'
1499 3308 1569 3335 6269

1378 3357 1556 3389 Célibataire
1578 3354 1612 3383 31
1636 3362 1700 3386 ans,
1726 3360 1794 3379 sans
1810 3352 1939 3383 parents,
1956 3343 2058 3372 mutilé
2073 3343 2108 3370 de
2122 3350 2239 3377 guerre,

1342 3394 1463 3432 pension
1477 3392 1558 3421 8.000
1575 3390 1608 3418 fr.
1619 3399 1670 3424 par
1686 3397 1733 3420 an,
1749 3387 1815 3416 bon,
1833 3384 1920 3413 doux,
1935 3379 2105 3412 affectueux,
2120 3380 2240 3411 épouse¬

1343 3432 1399 3461 rait
1409 3428 1576 3459 demoiselle
1591 3436 1627 3454 ou
1644 3433 1734 3452 veuve
1747 3420 1874 3456 gentille,
1907 3417 1964 3445 bon
1991 3424 2081 3448 cœur,
2104 3414 2240 3446 dévouée,

1343 3478 1407 3497 sera
1427 3467 1568 3494 heureuse
1586 3483 1593 3489 .
1608 3475 1641 3481 —
1658 3459 1692 3487 N'
1710 3457 1789 3485 6270.

1379 3511 1458 3539 Veuf
1470 3509 1504 3537 42
1519 3517 1582 3541 ans,
1601 3510 1688 3541 ayant
1704 3503 1760 3530 bon
1774 3497 1878 3533 emploi
1894 3498 1927 3524 de
1943 3496 1995 3523 500
2012 3494 2046 3522 fr.
2072 3503 2123 3529 par
2151 3492 2235 3525 mois,

1344 3548 1410 3583 plus
1427 3544 1587 3574 économies
1601 3548 1628 3569 et
1644 3538 1756 3567 maison
1769 3533 1964 3564 d'habitation
1977 3541 2043 3558 avec
2054 3529 2159 3563 jardin,
2173 3531 2238 3562 près

1344 3585 1379 3612 de
1395 3584 1422 3610 la
1437 3581 1518 3614 ville,
1534 3579 1634 3607 valeur
1649 3575 1749 3602 30.000
1764 3574 1789 3600 fr
1804 3594 1811 3606 ,
1831 3566 1996 3604 épouserait
2024 3564 2190 3593 demoiselle
2206 3572 2241 3590 ou

1344 3628 1435 3647 veuve
1463 3621 1552 3652 ayant
1581 3611 1724 3641 situation
1752 3619 1788 3635 ou
1817 3613 1976 3634 commerce
2005 3612 2041 3630 ou
2067 3600 2212 3635 propriété
2226 3602 2240 3626 à

1346 3654 1496 3689 exploiter.
1513 3666 1545 3671 —
1561 3649 1597 3678 N'
1613 3646 1694 3675 6271.

1383 3701 1563 3732 Institutrice
1582 3709 1590 3725 1
1595 3702 1614 3712 "
1629 3696 1730 3727 classe,
1751 3692 1787 3719 57
1806 3699 1871 3723 ans,
1887 3699 1923 3716 ne
1937 3688 1979 3715 les
1995 3686 2165 3721 paraissant
2179 3693 2243 3718 pas,

1347 3739 1473 3773 Algérie,
1489 3736 1619 3764 divorcée
1642 3734 1657 3758 à
1682 3739 1735 3758 son
1764 3727 1851 3763 profit
1877 3724 1980 3757 depuis
2003 3732 2033 3758 14
2049 3731 2112 3754 ans,
2130 3720 2244 3748 affectu¬

1346 3785 1423 3808 euse,
1440 3774 1542 3801 vivant
1558 3769 1646 3801 seule,
1657 3765 1830 3796 traitement
1846 3760 1944 3788 11.250
1966 3758 2014 3793 fr.,
2037 3757 2132 3785 désire
2156 3754 2244 3783 union

1347 3821 1414 3839 avec
1430 3808 1579 3836 monsieur
1593 3814 1628 3832 en
1644 3806 1773 3836 rapport,
1797 3800 1891 3828 bonne
1911 3797 2005 3828 santé,
2023 3793 2079 3822 bon
2095 3793 2243 3820 caractère.

1347 3847 1381 3875 N'
1397 3845 1476 3873 6272.

2295 2777 2314 2819 A
2353 2775 2357 2818 I
2383 2774 2418 2818 fil
2433 2773 2504 2817 II-R
2552 2774 2604 2796 ma
2607 2764 2619 2794 i
2622 2772 2682 2795 son
2703 2762 2922 2793 d’habitation
2953 2762 2971 2790 à
2997 2760 3030 2789 la
3060 2765 3191 2796 campa¬

2293 2801 2316 2831 it
2353 2798 2505 2844 LUULn
2551 2812 2630 2843 gne,
2648 2805 2689 2835 de
2700 2805 2720 2834 6
2734 2804 2754 2833 à
2768 2803 2788 2840 8
2803 2801 2920 2840 pièces
2945 2799 3095 2837 garnies,
3123 2800 3193 2834 jar¬

2290 2848 2357 2882 din,
2372 2846 2531 2878 banlieue
2547 2845 2646 2875 d’une
2667 2844 2772 2882 petite
2793 2842 2886 2878 ville,
2899 2848 2979 2880 pays
3005 2840 3045 2870 de
3071 2837 3192 2869 chasse

2291 2892 2325 2918 et
2341 2889 2381 2917 de
2398 2887 2517 2927 pêche.
2535 2902 2554 2908 -
2570 2887 2609 2916 N-
2629 2885 2677 2915 10.

2297 2984 2312 3011 A
2353 2984 2357 3028 |
2384 2982 2408 3028 fl
2418 2984 2422 3027 I
2437 2984 2442 3027 !
2451 2981 2475 3027 F
2485 2982 2509 3026 R
2556 2982 2573 3004 a
2577 2982 2621 3012 PP
2625 2974 2797 3003 ar,eaient
2831 2971 2849 3001 4
2880 2970 2996 3009 pièces
3039 2967 3192 3007 garnies,

2293 3010 2316 3040 M
2353 3009 2509 3044 LUULn
2555 3015 2575 3044 2
2590 3013 2784 3047 chambres,
2801 3011 2887 3041 salle
2903 3013 2921 3039 à
2937 3016 3092 3046 manger,
3119 3007 3194 3037 cui¬

2292 3058 2377 3091 sine,
2398 3055 2575 3090 vestibule,
2585 3053 2831 3086 water-closet,
2843 3050 2978 3081 cabinet
2994 3049 3034 3079 de
3051 3048 3193 3078 toilette.

2292 3113 2309 3119 -
2326 3098 2365 3128 N-
2385 3097 2433 3126 11.

2298 3200 2318 3244 A
2359 3200 2383 3243 V
2393 3199 2414 3243 F
2425 3200 2450 3242 l\l
2462 3198 2486 3241 n
2496 3198 2519 3241 R
2529 3197 2552 3240 F
2598 3188 2728 3228 grande
2761 3185 2938 3226 propriété
2971 3184 3197 3223 comprenant

2297 3227 2319 3255 H
2365 3226 2378 3253 V
2394 3227 2415 3255 L
2426 3225 2450 3254 INI
2463 3224 2486 3253 U
2497 3223 2518 3253 n
2530 3226 2552 3253 L.
2600 3230 2751 3259 maisons
2766 3228 2806 3257 de
2816 3226 2938 3256 maître
2949 3227 2982 3254 et
2992 3224 3033 3255 de
3042 3222 3194 3254 fermier.

2295 3273 2374 3303 Prix
2392 3273 2409 3303 à
2426 3272 2593 3302 débattre.
2609 3285 2628 3292 -
2643 3270 2671 3299 N
2678 3277 2683 3282 -
2704 3268 2751 3298 12.

2300 3371 2320 3412 A
2362 3370 2386 3405 W
2396 3369 2418 3411 F
2429 3370 2454 3410 M
2466 3368 2489 3409 n
2499 3368 2522 3409 R
2532 3367 2556 3408 F
2600 3368 2621 3398 P
2625 3358 2709 3388 etite
2737 3356 2847 3386 ferme
2877 3355 3104 3391 comprenant
3132 3354 3201 3382 ter-

2299 3396 2322 3424 A
2368 3398 2417 3425 VL
2430 3401 2454 3424 11
2467 3392 2556 3422 UnL
2602 3398 2696 3428 rains
2713 3399 2747 3427 et
2763 3396 2894 3425 maison
2921 3392 3142 3424 d’habitation
3158 3391 3200 3422 de

2297 3443 2449 3474 fermier.
2468 3440 2549 3471 Prix
2566 3447 2574 3470 :
2590 3439 2628 3469 20
2643 3437 2703 3468 000
2717 3437 2757 3466 fr.
2776 3451 2795 3458 -
2809 3436 2839 3466 N
2845 3444 2851 3450 -
2870 3435 2918 3465 13.

2302 3533 2322 3577 A
2366 3531 2559 3576 VFNFlRF
2605 3522 2737 3552 maison
2747 3519 2966 3550 d’habitation
2975 3518 3058 3548 dans
3065 3517 3202 3554 village,

2301 3560 2323 3589 A
2401 3561 2421 3589 L
2434 3558 2457 3588 IV
2471 3557 2494 3587 U
2504 3556 2526 3587 H
2537 3560 2560 3587 L
2606 3570 2691 3593 avec
2705 3563 2724 3591 4
2737 3562 2758 3590 à
2771 3560 2790 3590 5
2804 3560 2965 3591 hectares
2981 3559 3024 3588 de
3039 3557 3200 3588 terrains.

2299 3607 2380 3638 Prix
2397 3608 2413 3637 à
2431 3605 2596 3636 débattre.
2613 3619 2632 3626 -
2648 3604 2676 3632 N
2708 3602 2755 3631 14.

2303 3697 2497 3756 GRANDS
2527 3694 2634 3751 VINS
2669 3689 2933 3750 MOUSSEUX

2301 3780 2385 3803 avec
2409 3771 2459 3801 les
2484 3770 2559 3808 plus
2590 3766 2715 3805 grands
2746 3765 2989 3802 champagnes.
3022 3759 3102 3793 Prix
3133 3763 3204 3793 très

2302 3813 2469 3843 modérés.
2488 3826 2507 3832 -
2522 3810 2562 3839 N‘
2583 3809 2630 3838 15.

1383 3899 1607 3931 Fonctionnaire
1624 3896 1718 3929 Paris,
1734 3894 1767 3921 45
1777 3902 1841 3925 ans,
1853 3888 2030 3922 célibataire,
2044 3887 2139 3914 bonne
2151 3886 2243 3917 santé,

1349 3938 1515 3968 traitement
1530 3937 1547 3963 8
1560 3934 1612 3962 500
1626 3933 1672 3960 fr..
1704 3931 1769 3964 plus
1799 3926 1921 3964 pension
1949 3923 2056 3952 officier
2086 3921 2167 3948 2.800
2195 3919 2243 3954 fr.,

1348 3975 1494 4011 propriété
1508 3973 1582 4000 dans
1598 3970 1623 3996 le
1648 3966 1730 4000 midi,
1749 3964 1843 3993 désire
1868 3960 1997 3994 mariage
2022 3959 2126 3986 femme
2139 3956 2243 3983 d’inté¬

1348 4011 1426 4039 rieur
1442 4010 1578 4041 honnête,
1595 4008 1646 4039 âge
1660 4009 1687 4030 et
1703 4001 1844 4029 situation
1859 4008 1894 4026 en
1910 4000 2041 4030 rapport.
2054 4008 2088 4013 —
2111 3991 2147 4020 N'
2163 3990 2244 4018 6273.

1385 4064 1608 4095 Fonctionnaire
1625 4062 1657 4089 P.
1674 4061 1706 4088 T.
1724 4060 1756 4088 T.
1776 4055 1937 4087 Indochine,
1965 4050 2140 4083 célibataire,
2165 4048 2247 4076 avoir

1348 4103 1447 4132 50.000
1467 4102 1513 4135 fr.,
1531 4098 1624 4128 désire
1640 4093 1848 4129 correspondre
1863 4100 1930 4120 avec
1948 4087 2115 4117 demoiselle
2131 4086 2165 4113 de
2178 4084 2214 4111 20
2230 4087 2245 4110 à

1347 4141 1383 4168 30
1394 4148 1456 4170 ans,
1474 4135 1616 4165 situation
1631 4143 1667 4161 en
1681 4137 1811 4166 rapport,
1828 4126 1991 4162 préférence
2008 4129 2098 4158 ayant
2113 4119 2246 4155 proprié¬

1350 4179 1403 4208 tés,
1420 4173 1551 4202 désirant
1565 4169 1648 4198 venir
1664 4171 1679 4195 à
1695 4167 1722 4194 la
1737 4164 1855 4194 colonie.
1873 4177 1904 4181 —
1922 4160 1957 4188 N'
1975 4158 2055 4186 6274.

2306 3909 2325 3949 A
2367 3899 2561 3948 VFIMIARF
2606 3895 2757 3927 ferfafes
2777 3901 2866 3933 pour
2893 3893 2925 3923 la
2954 3892 3202 3924 construction.

2305 3937 2328 3963 A
2374 3936 2387 3963 V
2402 3935 2423 3963 L
2435 3935 2459 3962 l\
2472 3934 2495 3961 U
2505 3933 2527 3961 n
2538 3933 2561 3961 L
2606 3934 2905 3974 Paris-Plage,site
2921 3935 3102 3964 ravissant.
3115 3934 3145 3964 N
3163 3933 3201 3963 16

2308 4037 2326 4079 A
2373 4038 2396 4078 \/
2406 4037 2428 4078 F
2439 4036 2463 4077 l\l
2475 4036 2498 4076 n
2509 4034 2531 4076 R
2542 4034 2565 4075 F
2611 4026 2828 4057 lotissement
2844 4024 2884 4054 de
2899 4023 3047 4054 terrains
3072 4024 3090 4052 à
3104 4023 3207 4053 Arca-

2306 4065 2329 4093 A
2377 4062 2568 4093 VLIVunL
2611 4067 2711 4097 chon.
2729 4082 2767 4088 —
2781 4064 2977 4095 S’adresser
2991 4065 3011 4094 à
3032 4065 3122 4093 Mme
3138 4064 3206 4092 Vve

2302 4110 2505 4140 GHABAUD.

1387 4228 1457 4255 Fille
1475 4225 1582 4260 unique
1597 4223 1631 4249 36
1647 4231 1710 4254 ans,
1725 4218 1879 4248 excellente
1896 4213 2015 4245 famille,
2032 4211 2082 4238 dot
2098 4209 2197 4237 30.000
2212 4208 2244 4235 fr.

1350 4271 1377 4293 et
1390 4266 1558 4298 espérances
1575 4259 1706 4289 directes,
1724 4256 1816 4283 désire
1831 4256 1996 4280 rencontrer
2006 4258 2040 4275 en
2053 4257 2108 4274 vue
2121 4245 2248 4278 mariage

1350 4302 1467 4329 homme
1481 4298 1520 4325 du
1540 4294 1651 4324 monde,
1664 4292 1837 4320 sentiments
1849 4287 1942 4314 élevés
1952 4290 1980 4311 et
1988 4281 2119 4316 délicats,
2134 4289 2248 4315 pourvu

1351 4334 1492 4365 situation
1509 4332 1617 4359 France
1632 4338 1668 4356 ou
1684 4327 1809 4355 colonies
1842 4338 1864 4343 —
1886 4322 1921 4349 N'
1935 4319 2018 4347 6275.

2309 4206 2327 4247 A
2370 4206 2394 4246 V
2404 4205 2426 4246 F
2437 4204 2461 4245 N
2473 4204 2497 4244 n
2507 4203 2529 4244 R
2540 4203 2563 4243 F
2606 4195 2696 4226 be'le
2725 4194 2880 4225 carrière
2916 4194 2957 4224 de
2992 4193 3127 4233 pierres
3166 4193 3207 4222 de

2307 4235 2330 4262 A
2376 4232 2565 4261 VLDUI1L
2605 4235 2700 4265 taille
2716 4235 2758 4265 de
2767 4234 2856 4264 belle
2866 4234 3002 4272 qualité.
3012 4234 3207 4264 S’adresser

2304 4281 2323 4309 à
2351 4277 2540 4309 Directrice
2567 4278 2683 4307 Revue
2715 4277 2910 4311 Mensuelle,
2941 4275 2960 4304 à
2988 4273 3209 4304 Montélimar

2304 4318 2466 4358 (Drôme).

1387 4399 1477 4431 Jeune
1490 4395 1607 4422 homme
1620 4390 1655 4418 33
1666 4399 1729 4421 ans,
1745 4387 1905 4420 distingué,
1919 4382 2090 4412 affectueux,
2104 4377 2247 4407 situation

1350 4435 1385 4462 50
1399 4435 1450 4461 000
1468 4432 1501 4459 fr.
1519 4439 1570 4465 par
1586 4437 1632 4459 an,
1650 4425 1812 4460 épouserait
1828 4418 1997 4449 demoiselle
2008 4426 2043 4443 ou
2058 4424 2159 4447 veuve,
2175 4413 2249 4447 jolie,

1353 4469 1536 4499 affectueuse,
1554 4469 1642 4499 ayant
1658 4471 1696 4488 un
1719 4459 1799 4488 avoir
1820 4459 1855 4485 de
1877 4456 1913 4482 50
1937 4453 1952 4480 à
1976 4451 2095 4478 100.000
2113 4450 2148 4477 fr.
2166 4463 2197 4468 —
2214 4448 2249 4477 N'

1353 4505 1433 4533 6276.

1390 4563 1564 4594 Demoiselle
1579 4559 1614 4588 24
1628 4568 1691 4592 ans,
1712 4555 1888 4589 catholique,
1910 4549 2019 4579 famille
2042 4551 2101 4574 très
2127 4545 2252 4573 honora¬

1354 4604 1408 4635 ble,
1440 4598 1588 4630 instruite,
1619 4596 1714 4623 bonne
1743 4590 1906 4620 éducation,
1936 4586 1986 4613 dot
2016 4589 2042 4611 et
2071 4585 2251 4616 espérances,

1354 4635 1518 4673 épouserait
1534 4634 1618 4668 jeune
1632 4631 1749 4658 homme
1765 4630 1817 4663 âge
1834 4632 1861 4653 et
1876 4620 2020 4651 situation
2035 4628 2070 4646 en
2085 4622 2216 4652 rapport.
2240 4630 2254 4636 -

1354 4675 1388 4703 N'
1406 4672 1487 4701 6277.

1390 4728 1612 4763 Jeune*homme
1626 4723 1661 4751 32
1676 4731 1740 4754 ans,
1767 4719 1839 4747 belle
1863 4714 2006 4745 situation
2027 4711 2061 4746 de
2089 4719 2186 4745 50.000
2211 4709 2249 4737 fr.

1355 4777 1406 4801 par
1429 4775 1475 4797 an,
1493 4771 1560 4790 avec
1582 4759 1697 4793 capital,
1715 4756 1807 4784 désire
1824 4753 1914 4782 union
1941 4759 2009 4777 avec
2033 4745 2199 4774 demoiselle
2221 4745 2254 4771 de

1354 4804 1449 4830 bonne
1463 4796 1617 4827 éducation
1633 4799 1722 4828 ayant
1736 4792 1788 4820 dot
1802 4801 1837 4818 en
1854 4792 1985 4822 rapport.
2002 4799 2016 4803 -
2031 4782 2066 4811 N’
2083 4781 2167 4809 6278.

1392 4856 1567 4889 Célibataire
1583 4854 1617 4889 48
1632 4861 1695 4885 ans,
1718 4847 1882 4882 catholique
1899 4843 2082 4879 pratiquant,
2104 4838 2169 4866 bien
2185 4847 2254 4865 sous

1354 4902 1421 4924 tous
1437 4894 1480 4920 les
1496 4895 1642 4925 rapports,
1668 4886 1756 4920 petite
1779 4881 1923 4919 propriété
1938 4885 1966 4907 et
1981 4875 2087 4911 emploi
2103 4874 2136 4908 de
2154 4882 2203 4907 300
2219 4873 2253 4900 fr.

1355 4940 1407 4966 par
1424 4928 1507 4961 mois,
1533 4923 1697 4959 épouserait
1720 4918 1884 4950 demoiselle
1903 4925 1938 4943 ou
1966 4921 2055 4941 veuve
2071 4915 2159 4946 ayant
2174 4908 2255 4937 avoir

1355 4972 1382 4994 et
1399 4968 1504 4993 mêmes
1522 4960 1696 4990 sentiments
1713 4956 1867 4984 chrétiens.
1882 4952 1917 4979 N'
1934 4948 2015 4976 6279.

2309 4420 2413 4463 Vfllll
2441 4411 2645 4461 F7-\/niK
2690 4411 2833 4439 trouver
2861 4417 2905 4438 un
2935 4409 3110 4447 logement
3137 4408 3153 4437 à
3178 4407 3209 4436 la

2315 4448 2497 4475 VUULLL
2528 4447 2646 4472 ïuuj
2691 4457 2880 4487 campagne
2921 4457 2966 4479 ou
3007 4456 3050 4479 en
3088 4445 3211 4477 ville?

2308 4494 2578 4522 Adressez-vous
2601 4490 2620 4519 à
2647 4489 2732 4520 Mme
2765 4492 2831 4519 Vve
2854 4489 3059 4524 CHABAUD,
3089 4487 3207 4517 Direc¬

2308 4533 2394 4562 trice
2423 4532 2464 4561 de
2492 4531 2521 4560 la
2551 4532 2568 4561 «
2594 4532 2708 4561 Revue
2720 4532 2905 4561 Mensuelle
2928 4540 2946 4557 »
2988 4529 3045 4567 qui
3084 4534 3211 4565 pourra

2309 4573 2487 4609 s’occuper
2504 4573 2709 4608 moyennant
2724 4570 2942 4606 rétribution,
2961 4569 3001 4599 de
3018 4575 3101 4598 vous
3112 4571 3211 4597 trou¬

2307 4620 2369 4642 ver
2384 4620 2428 4642 un
2445 4611 2630 4648 logement.

2311 4711 2395 4778 U
2432 4711 2493 4755 ni
2504 4710 2538 4754 R
2552 4711 2587 4753 17
2597 4710 2677 4752 PT
2687 4711 2720 4751 D
2733 4711 2749 4750 T
2759 4710 2838 4749 fü
2887 4703 2926 4733 <fe
2958 4702 2987 4730 la
3024 4697 3212 4731 "Revue"

2435 4738 2489 4776 U1
2504 4736 2587 4777 nu
2598 4741 2633 4777 U
2652 4743 2664 4777 I
2686 4744 2723 4777 rv
2733 4733 2748 4776 1
2759 4733 2794 4776 Li
2804 4734 2838 4775 EL
2886 4744 2987 4778 ayant
3030 4741 3106 4770 loué
3144 4745 3212 4768 une

2312 4786 2389 4815 vilia
2406 4787 2422 4815 à
2440 4786 2472 4815 la
2495 4793 2682 4824 campagne
2697 4793 2779 4815 avec
2795 4783 2903 4822 grand
2914 4781 3043 4819 jardin,
3060 4780 3125 4809 site
3141 4779 3211 4808 très

2310 4825 2485 4864 agîéable,
2514 4834 2598 4864 pays
2628 4825 2669 4855 de
2697 4825 2819 4854 chasse
2844 4825 2879 4852 et
2908 4827 2949 4851 ne
2975 4821 3092 4857 pêche.
3106 4820 3212 4848 Sous-

2311 4866 2456 4896 louerait
2474 4868 2713 4904 appartement
2727 4863 2826 4903 garni
2845 4871 2851 4899 ;
2870 4860 3077 4892 détaillerait
3094 4859 3211 4897 pièces

1390 5024 1480 5056 Jeune
1493 5021 1609 5047 homme
1621 5016 1656 5043 27
1671 5025 1734 5046 ans,
1751 5013 1797 5042 fils
1814 5011 1933 5045 unique,
1950 5005 2074 5034 réformé
2089 5003 2124 5032 de
2138 5012 2254 5038 guerre,

1353 5060 1539 5088 cultivateur,
1556 5052 1698 5081 situation
1713 5050 1748 5076 25
1752 5059 1813 5077 .000
1829 5047 1865 5074 fr.
1891 5046 1974 5078 après
1997 5045 2128 5076 parents,
2152 5039 2254 5074 physi¬

1353 5106 1409 5131 que
1424 5092 1568 5128 agréable,
1585 5089 1677 5116 bonne
1693 5085 1856 5114 éducation,
1874 5077 2040 5114 épouserait
2056 5077 2140 5109 jeune
2152 5075 2208 5102 fille
2218 5084 2254 5102 ou

1353 5140 1444 5160 veuve
1459 5137 1528 5157 sans
1544 5124 1670 5156 enfants,
1685 5122 1721 5148 de
1736 5120 1770 5147 18
1784 5123 1800 5148 à
1814 5118 1849 5146 25
1863 5126 1928 5148 ans,
1950 5112 2134 5144 affectueuse,
2161 5111 2254 5137 bonne

1353 5165 1516 5197 éducation,
1533 5165 1622 5196 ayant
1636 5159 1686 5186 dot
1700 5165 1737 5184 ou
1754 5153 1895 5184 situation
1909 5160 1943 5178 en
1958 5154 2087 5183 rapport.
2100 5141 2113 5175 -
2124 5140 2160 5175 N'
2173 5145 2252 5173 6280.

2352 5034 2395 5062 La
2411 5030 2770 5062 Directrice-Gérante
2787 5035 2794 5057 :
2832 5026 2946 5055 Veuve
2971 5023 3172 5052 CHABAUD.
