3536 5552
1564 284 1592 302 ■*

422 369 637 403 Fille-mère,
648 367 688 397 30
701 373 774 401 ans,
784 362 981 394 économies
997 361 1089 392 1.500
1099 361 1154 396 fr.,
1170 359 1284 390 bonne

384 409 509 440 femme
526 408 737 442 d’imérieur,
755 404 948 444 orpheline,
966 403 1165 441 épouserait
1176 402 1284 438 jeune

384 452 521 481 homme
533 448 743 482 travailleur,
756 444 918 479 honnête,
933 444 1033 473 ferait
1043 449 1105 472 son
1119 440 1286 471 bonheur.

386 492 426 521 N-
444 491 493 520 85.

428 568 642 604 Célibataire,
668 567 706 597 40
734 573 805 603 ans,
819 560 1288 605 propriétaire-cultivateur,

389 610 516 641 famille
532 609 603 639 très
633 611 800 642 sérieuse,
826 605 1024 644 épouserait
1044 609 1153 632 veuve
1176 607 1220 630 ou
1237 600 1291 628 de¬

390 649 545 680 moiselle
571 648 611 678 30
633 652 649 678 â
672 648 711 677 35
725 656 796 684 ans,
812 649 978 681 sérieuse,
993 644 1129 674 fortune
1145 649 1205 680 pas
1222 640 1291 670 exi¬

391 693 466 730 gée.
483 691 524 720 N-
541 689 590 719 86.

433 782 636 812 Lieutenant
659 778 832 809 artillerie
861 776 982 807 active.
1008 774 1048 804 29
1091 781 1162 810 ans,
1197 772 1293 809 large

394 823 532 857 d’idées,
545 822 658 851 désire
674 820 778 849 union
794 825 877 848 avec
893 822 1066 856 personne
1082 814 1119 843 18
1135 815 1154 843 à
1168 812 1208 841 29
1223 820 1295 849 ans,

395 861 617 897 affectueuse,
656 868 690 890 in
708 860 882 897 elligeute,
916 857 1027 887 bonne
1051 857 1232 884 éducauon
1261 857 1296 882 et

395 905 437 934 do
452 925 463 940 ,
480 903 549 932 très
564 906 711 938 sérieux,
728 899 864 937 dispose
880 897 996 936 photo.
1014 911 1031 918 -
1045 897 1072 925 N
1079 903 1084 909 -
1102 896 1152 924 87.

437 985 641 1017 Demoiselle
664 987 702 1015 25
726 993 799 1019 ans,
825 982 922 1022 jolie,
953 980 1098 1018 dactylo,
1127 982 1228 1016 ayant
1251 985 1296 1007 un

397 1028 514 1059 enfant
530 1031 569 1057 de
587 1036 630 1056 un
643 1034 697 1061 an,
725 1026 837 1054 désire
853 1022 1003 1060 mariage
1019 1028 1101 1050 avec
1120 1019 1296 1049 monsieur

398 1072 498 1107 ayant
513 1068 687 1102 situation,
705 1066 767 1103 âge
782 1062 991 1094 indifférent.
1013 1077 1026 1083 -
1048 1061 1077 1090 N
1083 1069 1088 1075 -
1107 1060 1156 1090 88.

439 1163 676 1194 Sous-offlc’.er
698 1162 900 1192 abandonné
924 1160 1007 1190 dans
1035 1159 1067 1189 le
1089 1157 1189 1188 bledd
1225 1164 1299 1185 ma¬

399 1206 529 1240 rocain,
546 1206 644 1234 franc
659 1210 692 1233 et
710 1206 811 1240 loyal,
829 1201 935 1232 serait
957 1201 1115 1230 heureux
1144 1202 1184 1228 de
1200 1199 1299 1227 trou¬

398 1253 459 1275 ver
481 1253 548 1276 une
564 1245 640 1274 âme
656 1252 746 1274 sœur
758 1247 793 1273 et
808 1242 908 1281 digne
925 1241 1084 1271 d’amitié.
1102 1255 1114 1261 -
1129 1240 1156 1268 N
1164 1246 1169 1253 -
1194 1237 1245 1267 89.

439 1325 641 1356 Célibataire
659 1325 818 1361 français,
843 1321 923 1353 chef
944 1322 985 1351 de
1010 1323 1107 1360 poste
1137 1318 1228 1349 mine
1258 1317 1299 1346 de

399 1366 599 1406 pho.-phate,
626 1365 883 1404 appointement
910 1361 999 1392 8.000
1029 1360 1077 1397 fr.,
1104 1358 1300 1390 économies

399 1407 489 1436 6.000
502 1408 542 1436 fr.
555 1405 812 1443 sérieux,goûis
824 1404 975 1442 simples,
985 1400 1184 1441 épouserait
1194 1401 1300 1436 jeune

401 1446 470 1477 fine
497 1455 541 1477 ou
564 1451 671 1475 veuve
699 1446 738 1474 28
763 1447 781 1474 à
811 1445 850 1473 35
876 1451 949 1480 ans,
978 1442 1146 1476 sérieuse,
1176 1440 1301 1468 femme

401 1488 613 1522 d’intérieur,
629 1495 689 1525 pas
706 1489 847 1515 sérieux
864 1482 1050 1514 s’abs.enir.
1065 1497 1083 1503 -
1099 1482 1126 1511 N
1130 1489 1137 1495 -
1153 1480 1200 1510 90.

442 1815 618 1845 Monsieur
631 1815 671 1844 30
686 1821 756 1850 ans,
771 1811 900 1843 famille
915 1810 1116 1846 honorable,
1141 1807 1303 1845 honnête,

403 1856 553 1892 sérieux,
571 1855 639 1885 bon
667 1854 872 1891 catholique,
898 1850 1104 1882 instruction
1127 1850 1302 1888 primaire,

404 1899 460 1926 dot
476 1897 581 1926 15.000
597 1900 635 1925 ir.
651 1899 685 1925 et
701 1896 887 1933 propriété,
904 1894 1102 1931 épouserait
1117 1892 1224 1928 jeune
1233 1889 1303 1918 fille

403 1938 625 1972 musicienne,
642 1935 804 1965 situation
820 1942 862 1964 en
880 1934 1030 1971 rapport.
1045 1947 1056 1952 -
1072 1931 1110 1960 N'
1122 1931 1170 1960 92.

1380 358 1557 390 Monsieur
1583 357 1623 388 40
1652 364 1725 393 ans,
1750 354 1850 391 brun,
1880 353 2083 384 sentiments
2112 352 2240 387 élevé?,

1340 403 1594 438 entrepreneur
1622 400 1766 426 travaux
1794 396 1877 432 Etat,
1904 393 2102 432 épouserait
2118 391 2244 422 demoi¬

1342 442 1426 471 selle
1441 440 1481 469 25
1496 441 1514 469 à
1529 440 1568 468 35
1593 445 1665 474 ans,
1695 436 1917 467 affectueuse,
1947 434 2149 472 distinguée,
2178 440 2245 461 ins¬

1342 481 1458 517 truite,
1476 479 1603 512 famille
1615 477 1814 512 honorable,
1825 484 1903 506 sans
1918 475 2066 504 fortune.
2080 474 2125 503 -N
2133 482 2137 487 1
2153 471 2242 501 6010.

1385 560 1649 592 Fonctionnaire
1666 560 1781 588 Maroc
1794 557 1833 586 37
1849 564 1919 593 ans,
1948 554 2108 585 situa'ion
2139 552 2247 584 12.500

1346 601 1399 638 fr.,
1426 600 1630 635 affectueux,
1661 597 1858 637 épouserait
1898 594 2098 625 demoiselle
2137 601 2247 624 veuve

1347 650 1391 672 ou
1410 642 1579 677 divorcée,
1594 639 1793 674 honorable,
1816 638 1941 667 femme
1969 635 2179 670 d’intérieur,
2208 632 2248 663 30

1349 685 1367 712 à
1381 683 1421 712 37
1437 689 1508 718 ans,
1525 683 1626 719 ayant
1641 681 1726 718 petit
1742 678 1848 708 avoir.
1864 693 1882 699 -
1897 677 1939 707 N-
1956 676 2046 706 6011.

1389 761 1594 793 Demoiselle
1609 761 1648 790 57
1664 768 1737 794 ans,
1755 760 1851 789 santé
1865 756 2025 797 parfaite,
2055 756 2250 795 paraissant

1349 804 1389 833 45
1404 812 1477 838 ans,
1493 802 1696 832 immeubles
1709 800 1750 830 de
1765 800 1853 837 prix,
1863 805 1943 836 gros
1961 798 2102 835 rapport
2116 797 2247 832 argent,

1351 846 1605 879 commerçante
1632 841 1673 870 de
1702 844 1836 873 nature,
1862 837 2060 878 épouserait
2076 835 2252 865 monsieur

1352 885 1435 914 dans
1453 885 1483 912 le
1500 888 1694 912 commerce
1710 889 1753 911 ou
1770 880 1912 915 rentier,
1931 879 2092 908 situation
2110 884 2153 905 en
2170 883 2251 914 rap¬

1351 929 1439 963 port.
1457 939 1468 945 -
1484 924 1510 952 N
1519 932 1524 937 -
1541 923 1632 952 6013.

1393 1013 1531 1050 Dactylo
1542 1013 1581 1042 25
1590 1019 1661 1042 ans.
1672 1008 2027 1048 intelligente,femme
2044 1006 2254 1042 d’intérieur,

1353 1055 1467 1084 désire
1483 1054 1635 1091 mariage
1652 1060 1734 1081 avec
1756 1049 1985 1081 sous-officier
2000 1049 2040 1079 de
2057 1047 2209 1078 carrière
2226 1048 2255 1075 si

1353 1094 1515 1133 possible.
1533 1110 1551 1116 -
1566 1094 1594 1123 N
1601 1102 1607 1108 -
1631 1092 1721 1121 6014.

1393 1169 1509 1197 Veuve
1535 1173 1614 1195 sans
1644 1164 1769 1199 enfant,
1797 1163 1836 1192 60
1852 1171 1921 1200 ans,
1938 1170 1981 1191 ne
1996 1161 2046 1191 les
2062 1159 2257 1199 paraissant

1354 1217 1424 1246 pas,
1439 1207 1553 1237 bonne
1569 1205 1761 1242 éducation,
1791 1205 1861 1233 très
1891 1203 2093 1239 distinguée,
2103 1200 2197 1229 6.000
2214 1199 2254 1228 fr.

1356 1250 1396 1278 de
1423 1250 1551 1283 rentes,
1579 1247 1778 1284 épouserait
1806 1244 1949 1273 rôtraité
1979 1250 2022 1272 ou
2051 1241 2184 1271 rentier
2213 1239 2254 1269 de

1355 1288 1469 1319 bonne
1485 1285 1678 1317 éducation.
1691 1302 1709 1307 -
1724 1286 1766 1315 N.
1780 1284 1869 1313 6015.

1396 1362 1613 1398 Demoiselle,
1634 1362 1673 1391 39
1688 1370 1761 1393 ans,
1788 1358 2050 1393 fonctionnaire,
2076 1356 2186 1387 10.000
2213 1355 2254 1386 fr.

1358 1403 1678 1443 d’appointements,
1694 1402 1807 1431 bonne
1816 1400 1953 1436 famille,
1962 1398 2136 1432 instruite,
2154 1400 2256 1435 épou¬

1358 1447 1464 1474 serait
1479 1444 1657 1476 monsieur
1672 1443 1713 1472 de
1724 1443 1763 1471 45
1778 1443 1795 1470 à
1811 1441 1850 1470 50
1865 1448 1938 1475 ans,
1956 1440 2117 1469 situation
2130 1437 2211 1467 faite
2224 1439 2258 1466 et

1359 1486 1504 1523 quelque
1521 1483 1670 1514 fortune.
1687 1499 1725 1503 —
1741 1483 1769 1513 N
1775 1491 1780 1496 -
1798 1481 1887 1510 6016.

1405 1797 1638 1836 Propriétaire
1667 1795 1889 1834 agriculteur,
1911 1793 2052 1831 Afrique
2092 1792 2135 1822 du
2160 1791 2256 1826 nord,

1357 1839 1445 1876 veuf,
1459 1839 1478 1868 3
1494 1837 1640 1870 enfants,
1657 1836 1746 1866 be'le
1769 1835 1942 1870 situation,
1970 1833 2160 1863 recherche
2185 1840 2259 1862 ma¬

1359 1881 1454 1916 riage
1466 1880 1574 1917 jeune
1598 1876 1667 1907 fille
1697 1876 1918 1911 affectueuse,
1947 1875 1987 1903 25
2015 1875 2034 1904 à
2060 1873 2100 1903 35
2129 1881 2259 1902 ans.—

1359 1921 1399 1950 N-
1417 1920 1506 1949 6018.

2439 375 2588 431 Avis
2630 389 2747 430 aux
2780 373 3057 431 Abonnés

2340 501 2437 528 Nous
2466 498 2671 528 conseillons
2697 505 2772 527 aux
2797 501 2990 533 personnes
3004 493 3161 529 pouvant
3174 493 3204 520 le

2300 539 2403 574 faire,
2431 540 2471 567 de
2498 539 2674 568 souscrire
2702 539 2742 566 de
2755 538 2961 573 préférence
2976 543 3026 565 un
3049 535 3202 564 abonne¬

2301 582 2397 609 ment
2412 577 2452 608 dê
2466 581 2488 608 6
2503 580 2602 608 mois.
2626 578 2714 606 Elles
2737 583 2868 608 auront
2892 577 3091 611 Vavantage
3107 575 3146 603 de
3161 580 3205 601 ne

2298 625 2364 654 pas
2377 620 2505 653 perdre
2520 619 2560 647 de
2574 625 2639 647 vue
2655 625 2704 647 un
2714 621 2787 648 seul
2802 619 2939 649 abonné
2953 618 2985 647 et
3001 617 3041 645 de
3056 615 3205 644 réaliser

2303 666 2372 689 une
2387 659 2564 689 économie
2578 660 2619 687 de
2633 660 2680 688 20
2694 659 2743 693 “/„.

2345 788 2448 817 AVIS.
2481 802 2516 807 —
2546 787 2608 814 Les
2638 784 2794 814 Abonnés
2821 786 2862 815 de
2890 785 2923 815 la
2941 784 3079 815 REVUE
3096 781 3207 811 MEN¬

2306 828 2473 863 SUELLE,
2500 825 2652 856 désirant
2682 826 2839 855 recevoir
2862 826 2893 855 la
2920 837 2937 853 «
2953 826 3070 855 Revue
3085 833 3102 849 »
3126 828 3205 850 sous

2307 868 2513 905 enveloppes
2544 866 2691 895 fermées
2721 868 2798 895 sont
2833 866 2924 902 priés
2953 864 3145 894 d’adresser
3174 860 3204 889 la

2308 915 2437 939 somme
2454 908 2495 936 de
2510 907 2529 937 2
2545 906 2584 935 fr.
2601 914 2642 934 en
2660 905 2736 943 plus
2754 913 2839 943 pour
2864 906 2914 941 le^
2945 905 3027 934 frais
3058 904 3099 932 de
3126 902 3206 931 tim¬

2308 949 2387 978 bres
2403 955 2412 983 ;
2442 948 2492 976 les
2518 946 2670 975 abonnés
2699 948 2775 975 sont
2805 947 2999 983 également
3028 944 3119 982 priés
3165 942 3206 969 de

2309 988 2453 1018 timbrer
2483 990 2574 1017 leurs
2605 987 2724 1015 lettres
2755 986 2773 1015 à
2800 986 2839 1016 25
2855 989 2944 1016 cent,
2971 992 3058 1023 pour
3073 988 3206 1013 corres¬

2309 1029 2440 1068 pondre
2450 1030 2550 1057 entre
2565 1026 2728 1056 abonnés.

2350 1130 2475 1158 Jeunes
2494 1133 2588 1162 gens,
2607 1127 2736 1161 jeunes
2761 1126 2847 1160 filles
2874 1127 2907 1156 et
2936 1131 3020 1155 vous
3048 1125 3124 1153 tous
3152 1121 3211 1157 qui

2311 1169 2440 1198 désirez
2479 1173 2565 1197 vous
2601 1166 2740 1196 marier
2744 1168 2750 1198 ,
2790 1168 2982 1196 demandez
3020 1166 3049 1193 le
3078 1163 3155 1193 OUI
3155 1162 3212 1190 DE

2311 1208 2536 1240 PRATIQUE
2571 1208 2634 1236 DU
2666 1206 2877 1235 BONHEUR
2911 1207 2975 1235 EN
3010 1196 3210 1234 MÉNAGE,

2311 1249 2500 1278 contenant
2514 1248 2572 1276 des
2586 1247 2730 1276 conseils
2744 1248 2811 1275 1res
2826 1248 2926 1276 utiles
2936 1252 3029 1282 pour
3037 1247 3066 1273 le
3076 1242 3211 1273 maria¬

2311 1296 2363 1325 ge,
2380 1290 2409 1317 le
2423 1290 2561 1318 volume
2572 1294 2644 1322 par
2658 1287 2687 1316 J.
2709 1278 2937 1317 PÉLISSIER
2959 1283 3118 1321 pouvant
3138 1280 3212 1311 être

2312 1332 2348 1359 lu
2359 1336 2430 1364 par
2445 1329 2519 1358 tout
2534 1329 2563 1356 le
2576 1328 2711 1356 monde.

2352 1371 2521 1399 Adressez
2536 1369 2571 1396 la
2584 1373 2717 1396 somme
2730 1367 2769 1395 de
2779 1368 2800 1396 3
2812 1366 2859 1401 fr.
2878 1368 2923 1397 50
2939 1366 2960 1396 à
2974 1367 3009 1395 la
3024 1363 3213 1394 Directrice

2311 1411 2352 1438 de
2366 1411 2401 1438 la
2415 1409 2566 1438 REVUE
2579 1407 2859 1439 MENSUELLE,
2876 1408 2936 1442 qui
2955 1412 3042 1436 vous
3069 1403 3212 1434 l’adres¬

2312 1457 2392 1479 sera
2407 1451 2535 1484 franco
2550 1449 2589 1476 de
2600 1447 2693 1482 port.

2354 1551 2416 1579 Les
2444 1553 2621 1577 annonces
2649 1547 2737 1575 dans
2765 1547 2799 1575 la
2814 1547 2831 1575 «
2848 1547 2994 1575 Revue-»
3021 1544 3100 1573 sont
3132 1543 3171 1571 de
3192 1542 3213 1570 4

2315 1591 2425 1625 lignes
2440 1595 2488 1618 au
2503 1588 2703 1618 maximun.
2718 1587 2976 1621 Lespersonnes
2992 1586 3051 1620 qui
3065 1582 3215 1613 désirent

2314 1632 2390 1659 leur
2416 1634 2576 1658 annonce
2601 1628 2680 1661 plus
2695 1627 2820 1662 longue
2831 1626 2997 1660 paieront
3010 1631 3060 1653 un
3074 1623 3212 1657 supplé¬

2313 1670 2409 1699 ment
2422 1670 2461 1698 de
2477 1671 2498 1697 3
2514 1667 2562 1702 fr.
2581 1668 2615 1696 la
2631 1667 2731 1702 ligne.

2354 1773 2404 1802 La
2418 1781 2435 1798 «
2448 1773 2562 1800 Revue
2577 1770 2760 1799 Mensuelle
2769 1777 2785 1799 »
2802 1770 2939 1803 accepte
2955 1769 3064 1797 toutes
3080 1772 3214 1796 annon¬

2314 1818 2367 1842 ces
2394 1811 2656 1841 commerciales
2682 1816 2727 1838 ou
2742 1810 2874 1844 autres,
2889 1810 2956 1839 soit
2965 1810 3094 1841 ventes,
3112 1806 3214 1843 fonds

2314 1855 2353 1882 de
2365 1858 2560 1882 commerce
2574 1857 2620 1880 ou
2633 1851 2816 1879 industrie.

440 1570 551 1599 Jeune
565 1567 635 1597 fille
647 1567 769 1602 brune,
785 1565 991 1603 distinguée,
1007 1562 1103 1593 avoir
1130 1560 1239 1591 25.000
1255 1560 1303 1596 fr.,

403 1612 567 1645 sérieuse,
591 1612 721 1643 brevet,
750 1607 864 1637 bonne
893 1606 1086 1640 éducation,
1104 1601 1303 1641 épouserait

402 1652 652 1680 fonctionnaire
669 1655 713 1678 ou
725 1647 855 1677 officier
869 1646 907 1675 28
923 1649 942 1675 à
957 1646 997 1675 32
1008 1652 1081 1680 ans,
1097 1641 1301 1679 intelligent,

402 1689 562 1726 honnête,
575 1689 709 1724 délicat,
728 1688 938 1722 travailleur,
955 1686 1117 1715 situation
1135 1682 1302 1713 sérieuse.

402 1745 420 1752 -
435 1730 474 1759 N-
488 1730 537 1759 91.

1333 1588 1340 1597 .
1397 1559 1614 1595 Demoiselle,
1643 1560 1683 1589 35
1719 1566 1792 1589 ans,
1823 1557 2034 1591 charmante,
2063 1554 2259 1595 paraissant

1358 1602 1434 1640 plus
1456 1602 1576 1638 jeune,
1607 1600 1773 1633 sérieuse,
1804 1597 1929 1627 femme
1959 1595 2170 1629 d’intérieur,
2202 1594 2259 1623 dot

1358 1641 1469 1671 10.000
1490 1641 1544 1674 fr.,
1575 1640 1772 1679 épouserait
1799 1638 1974 1668 monsieur
2003 1635 2154 1670 sérieux,
2185 1634 2224 1664 36
2239 1635 2258 1663 à

1357 1683 1397 1711 42
1438 1689 1510 1713 ans,
1555 1681 1807 1711 fonctionnaire
1846 1686 1889 1708 ou
1919 1678 2039 1707 travail
2069 1677 2202 1705 assuré.
2220 1690 2257 1695 —

1359 1724 1402 1752 N°
1415 1722 1506 1752 6017.

443 2018 628 2055 Ingéni-ur
642 2015 805 2054 agricole,
819 2015 859 2043 38
874 2021 947 2050 ans,
964 2011 1126 2043 situation
1142 2010 1249 2040 15.000
1264 2009 1304 2039 fr.

403 2059 531 2094 Maroc,
558 2058 755 2095 épouserait
784 2057 887 2091 jeune
903 2055 972 2083 fille
1001 2053 1040 2083 25
1064 2054 1083 2081 à
1103 2052 1142 2081 30
1167 2059 1238 2087 ans,
1263 2051 1304 2080 de

403 2097 606 2137 préférence
622 2097 783 2126 habituée
799 2097 818 2125 à
830 2095 991 2132 l’Afrique
1007 2097 1050 2123 du
1065 2093 1225 2123 Nord.-N
1234 2100 1239 2106 -
1256 2091 1304 2120 51.

446 2175 768 2212 Ex-entrepreneur,
797 2172 885 2208 veuf,
905 2172 944 2201 53
973 2179 1044 2206 ans,
1069 2177 1149 2199 sans
1172 2169 1300 2204 enfant,

405 2213 487 2251 aise,
515 2214 743 2244 honorabilité
780 2213 933 2251 parfaite,
975 2211 1074 2250 goûts
1113 2210 1299 2243 modestes,

404 2258 532 2284 aimant
558 2256 737 2290 intérieur,
768 2254 880 2284 désire
906 2256 1013 2282 s’unir
1028 2258 1111 2281 avec
1126 2256 1301 2288 personne

403 2295 442 2324 30
458 2299 475 2324 à
489 2295 528 2324 35
544 2304 614 2331 ans,
629 2295 753 2325 femme
775 2294 909 2324 d’ordre
926 2296 960 2323 et
983 2294 1002 2322 d
1014 2291 1192 2326 intérieur,
1215 2290 1301 2318 bon¬

405 2342 465 2364 nes
476 2338 630 2373 qualités,
641 2336 806 2373 physique
820 2333 991 2372 agréable,
1004 2331 1130 2362 famille
1140 2330 1302 2364 honnête,

406 2375 557 2412 franche,
575 2376 698 2413 loyaie,
716 2375 893 2414 pasricne,
911 2376 995 2403 mais
1007 2372 1193 2413 possédant
1209 2377 1304 2399 avoir

405 2424 474 2452 sur,
489 2417 537 2446 lui
550 2418 759 2455 permettant
781 2416 821 2445 de
843 2413 936 2444 vivre
953 2421 1035 2444 avec
1064 2413 1214 2446 aisance,
1232 2412 1303 2440 très

406 2464 555 2487 seneux.
570 2473 581 2478 -
598 2458 636 2486 N'
650 2457 699 2485 93.

447 2536 564 2566 Mutilé
581 2534 622 2563 de
637 2541 775 2573 guerre,
805 2533 903 2564 1.800
930 2532 971 2562 fr.
992 2533 1032 2562 de
1050 2532 1205 2570 pension,
1223 2538 1305 2561 aura

407 2575 545 2613 emploi,
562 2575 709 2613 diplômé
722 2574 762 2603 de
778 2574 1020 2614 comptabilité,
1036 2573 1113 2602 bien
1131 2579 1211 2602 sous
1228 2573 1305 2601 tous

408 2621 577 2654 rapports,
593 2615 792 2655 épouserait
806 2614 1006 2645 demoiselle
1017 2621 1062 2644 ou
1078 2620 1188 2643 veuve
1204 2615 1308 2649 ayant

409 2655 583 2692 situation,
600 2655 724 2686 femme
741 2656 952 2689 d’intérieur,
981 2653 1142 2684 honnête.
1164 2668 1182 2674 -
1197 2653 1238 2682 N'
1255 2653 1304 2681 94.

447 2733 535 2764 Veuf
548 2740 627 2762 sans
647 2732 776 2766 enfant,
792 2731 831 2760 37
847 2729 984 2766 ans,200
999 2729 1040 2758 fr.
1055 2728 1096 2761 de
1111 2730 1228 2758 rentes
1244 2735 1307 2766 par

410 2773 507 2808 mois,
524 2771 685 2802 situation
699 2771 812 2801 14.000
824 2770 865 2800 fr.
893 2778 956 2809 par
971 2777 1013 2799 an
1028 2769 1111 2798 dans
1125 2767 1306 2802 industrie,

409 2813 607 2851 épouserait
647 2811 845 2841 demoiselle
874 2817 918 2840 ou
945 2817 1053 2839 veuve
1082 2817 1161 2838 sans
1191 2807 1308 2837 enfant

409 2856 510 2891 ayant
525 2853 582 2883 dot
597 2860 640 2882 ou
656 2852 745 2882 belle
761 2850 934 2881 situation.
951 2866 969 2871 -
984 2851 1025 2880 N'
1042 2849 1089 2878 95.

448 2922 558 2950 Jeune
571 2919 709 2949 homme
727 2918 768 2948 30
782 2926 857 2954 ans,
871 2917 984 2947 bonne
1000 2916 1136 2952 famille,
1162 2915 1309 2946 catholi¬

410 2969 486 3000 que,
501 2960 553 2990 fils
570 2963 610 2989 de
625 2959 866 2999 propriétaire,
885 2958 952 2987 suit
968 2965 1069 2987 cours
1085 2956 1200 2993 Pigier
1223 2963 1309 2993 pour

410 3001 536 3040 emploi
551 3001 633 3029 dans
650 3001 793 3037 banque,
810 2999 1088 3035 drmandejeune
1104 2996 1221 3026 fille22
1238 2999 1252 3025 à
1270 2996 1309 3024 28

410 3049 470 3071 ans
483 3049 570 3080 pour
583 3040 669 3070 faire
686 3047 837 3077 mariage
854 3039 1017 3068 d'amour.
1035 3053 1054 3058 -
1069 3037 1109 3066 N-
1127 3037 1176 3066 96.

451 3113 611 3143 Réformé
627 3112 668 3141 de
684 3111 869 3148 guerre,27
881 3118 953 3145 ans,
964 3109 1076 3140 bonne
1092 3107 1310 3144 instruction,

411 3155 505 3183 avoir
520 3154 558 3182 25
574 3153 593 3182 â
607 3151 720 3181 30.000
735 3150 776 3180 fr.
794 3152 892 3181 titres
904 3157 947 3180 ou
963 3149 1172 3180 numéraire,
1191 3151 1309 3178 autant

411 3202 454 3224 en
469 3192 672 3222 immeubles
686 3192 762 3230 plus
779 3191 865 3227 tard,
882 3190 1034 3220 désirant
1049 3188 1135 3219 faire
1151 3196 1195 3219 un
1213 3196 1308 3218 com¬

412 3241 538 3269 merce,
554 3232 751 3270 épouserait
762 3233 870 3268 jeune
894 3229 963 3260 fille
980 3230 1191 3260 convenable
1208 3232 1309 3266 ayant

411 3273 509 3313 goûts
524 3273 673 3310 simples,
688 3271 892 3310 catholique,
908 3274 1007 3308 ayant
1017 3270 1073 3300 dot
1089 3277 1131 3300 ou
1149 3268 1309 3300 situation

412 3312 663 3344 commerciale.
680 3328 693 3334 -
707 3312 736 3342 N
739 3320 745 3326 -
760 3312 812 3341 97.

451 3381 655 3414 Demoiselle
683 3382 723 3411 33
738 3389 808 3417 ans,
836 3383 936 3419 ayant
950 3380 1121 3416 situation,
1134 3379 1212 3409 bien
1229 3386 1309 3408 sous

412 3426 488 3454 tous
504 3423 554 3453 les
569 3426 737 3461 rapports,
759 3423 830 3451 très
861 3419 1083 3456 affectueuse,
1112 3420 1309 3457 épouserait

412 3463 587 3494 monsieur
615 3466 716 3500 ayant
738 3462 822 3499 jolie
852 3461 1022 3497 situation,
1036 3462 1107 3490 très
1123 3459 1273 3490 sérieux.
1291 3475 1310 3481 -

411 3505 450 3534 N-
467 3504 518 3533 98.

451 3571 656 3602 Demoiselle
684 3570 723 3600 40
750 3578 820 3606 ans,
849 3569 1045 3600 économies
1062 3567 1174 3598 15.000
1189 3566 1231 3596 fr.
1253 3567 1309 3596 im¬

411 3612 547 3643 meuble
561 3611 653 3642 6.000
669 3610 709 3640 fr.
727 3613 760 3639 et
776 3617 978 3646 commerce,
1008 3608 1120 3638 désire
1136 3615 1309 3646 personne

411 3652 633 3688 affectueuse,
661 3650 865 3688 catholique,
890 3650 1053 3679 situation
1069 3652 1104 3678 et
1118 3648 1216 3678 avoir
1230 3655 1309 3677 sans

410 3693 633 3731 importance.
650 3708 666 3714 -
693 3693 731 3722 N'
745 3691 795 3720 99.

448 3760 558 3790 Jeune
587 3758 724 3788 homme
752 3758 791 3787 22
806 3765 876 3795 ans,
892 3756 944 3786 fils
961 3757 1099 3794 unique,
1115 3756 1170 3787 bel
1188 3757 1310 3786 avenir

411 3801 512 3838 après
527 3802 677 3838 parents,
685 3800 884 3837 épouserait
890 3799 998 3835 jeune
1011 3795 1082 3827 fille
1099 3798 1135 3826 17
1151 3800 1170 3828 â
1184 3797 1225 3826 22
1239 3805 1310 3835 ans,

412 3841 576 3876 sérieuse,
590 3838 715 3869 femme
732 3838 941 3873 d'intérieur,
955 3837 1034 3868 bien
1045 3845 1124 3867 sous
1140 3839 1217 3867 tous
1236 3845 1310 3876 rap¬

411 3883 517 3919 ports.
534 3895 553 3902 -
568 3880 608 3910 N'
627 3879 695 3908 100.

450 3957 688 3988 8ous-officier
717 3956 933 3986 d’infanterie
963 3955 1141 3991 coloniale,
1175 3955 1216 3983 26
1239 3963 1310 3984 ans.

410 3998 522 4028 bonne
539 3997 699 4028 situation
718 3998 756 4026 de
773 3995 910 4032 famille,
926 3995 1122 4025 économies
1141 3994 1253 4024 10.000
1266 3996 1305 4024 fr.

410 4038 609 4077 épouserait
650 4036 850 4067 demoiselle
879 4040 1044 4071 sérieuse,
1074 4035 1235 4064 situation
1266 4043 1307 4064 en

409 4082 560 4118 rapport.
578 4094 596 4099 -
612 4079 641 4108 N
646 4087 651 4092 -
670 4077 756 4108 6004.

448 4147 557 4177 Jeune
573 4146 710 4176 homme
733 4146 772 4175 24
787 4153 859 4182 ans,
876 4144 994 4174 mutilé
1011 4144 1052 4173 de
1068 4150 1207 4182 guerre,
1227 4151 1308 4182 pen¬

410 4185 483 4215 sion
500 4187 661 4217 annuelle
684 4185 777 4216 3.500
792 4185 844 4222 fr.,
860 4185 915 4214 dot
931 4184 1019 4214 8.000
1035 4183 1086 4221 fr.,
1112 4184 1310 4222 épouserait

403 4228 511 4264 jeune
527 4226 594 4256 fille
610 4234 653 4257 ou
669 4233 777 4257 veuve
794 4234 873 4255 sans
890 4224 1038 4254 fortune.
1053 4240 1067 4248 -
1088 4225 1128 4254 N-
1146 4224 1234 4254 6005.

450 4303 650 4340 Ex-officier,
678 4303 718 4333 30
739 4311 809 4339 ans,
825 4301 948 4340 Légion
979 4301 1178 4337 d’honneur,
1195 4300 1309 4330 indus¬

408 4343 497 4380 triel,
525 4344 637 4374 50.000
654 4345 692 4373 fr.
708 4351 771 4383 par
784 4350 836 4378 an,
861 4345 948 4378 auto,
978 4341 1177 4378 épouserait
1202 4343 1308 4377 jeune

408 4382 478 4412 fille
494 4383 696 4422 distinguée,
727 4383 951 4417 musicienne,
982 4381 1144 4411 situation
1167 4388 1209 4411 en
1226 4389 1308 4420 rap¬

407 4425 497 4461 port.
513 4439 532 4446 -
548 4425 588 4454 N-
606 4424 696 4455 6006.

451 4482 742 4518 Veuf44ans,trô“
754 4481 866 4510 bonne
877 4480 957 4509 fami
973 4480 1015 4516 le,
1033 4478 1169 4509 fortune
1183 4478 1308 4508 150.000

407 4525 461 4560 fr.,
488 4522 649 4552 situation
693 4521 835 4551 libérale
865 4522 881 4550 à
899 4522 1000 4557 Lyon,
1038 4520 1179 4557 rapport
1194 4519 1233 4548 25
1248 4520 1308 4550 000

407 4566 462 4600 fr.,
478 4563 676 4601 épouserait
683 4569 792 4591 veuve
805 4569 850 4590 ou
860 4560 1068 4590 demoiselle,
1077 4559 1141 4597 âge
1149 4561 1183 4589 et
1198 4560 1308 4589 situa¬

407 4605 478 4635 tion
494 4611 535 4633 en
551 4604 701 4640 rapport.
719 4617 731 4623 -
742 4602 781 4631 N'
799 4601 888 4636 6007,

446 4670 581 4700 Officier
610 4669 650 4697 de
680 4667 863 4704 cavalerie,
892 4670 1003 4697 comte
1019 4666 1253 4703 authentique,
1270 4667 1309 4695 42

406 4720 480 4748 ans,
494 4710 585 4741 3.000
599 4708 640 4738 fr.
654 4707 797 4746 pension
812 4711 847 4737 et
861 4707 1024 4737 situation
1040 4706 1306 4745 indépendante,

406 4751 574 4791 physique
603 4749 674 4779 très
701 4747 871 4786 agréable,
903 4747 1084 4784 distingué,
1110 4747 1246 4777 homme
1263 4746 1306 4776 du

407 4793 540 4827 monde,
570 4790 682 4820 désire
712 4788 862 4825 mariage
893 4794 974 4816 avec
1003 4789 1101 4817 dame
1117 4795 1160 4817 ou
1189 4794 1306 4823 veuve,

406 4831 518 4862 même
535 4831 628 4869 âgée,
644 4830 745 4867 ayant
761 4827 827 4857 dot.
841 4828 881 4857 N'
896 4826 983 4855 6008.

446 4907 542 4941 Veuf,
558 4906 597 4936 52
613 4914 684 4936 ans.
704 4903 910 4936 affectueux,
924 4902 1173 4940 sympathique,
1190 4902 1304 4932 bonne

405 4947 567 4978 situation
584 4949 618 4975 et
632 4944 777 4984 parfaite
795 4944 902 4972 santé.
917 4942 976 4972 Lui
993 4941 1106 4972 écrire
1121 4950 1210 4980 pour
1226 4950 1304 4971 con¬

403 4987 515 5018 naître
531 4989 607 5017 tous
625 4985 921 5022 renseignement?
934 4983 1150 5012 nécessaires
1163 4989 1304 5012 concer¬

402 5030 487 5058 nant
502 5027 534 5057 la
551 5027 724 5056 situation.
742 5041 780 5045 —
802 5025 844 5053 N°
858 5022 947 5052 6009.

1399 2008 1616 2042 Demoiselle,
1645 2008 1680 2036 31
1712 2014 1785 2040 ans,
1815 2004 2048 2038 travailleuse,
2075 2005 2257 2036 économe,

1360 2049 1525 2079 demande
1542 2050 1644 2084 jeune
1659 2047 1796 2076 homme
1812 2053 1855 2075 ou
1872 2044 1954 2075 veuf
1967 2052 2045 2074 sans
2071 2043 2198 2079 enfant,
2221 2041 2261 2071 30

1361 2092 1379 2119 à
1395 2089 1434 2119 40
1449 2097 1521 2119 ans.
1539 2088 1578 2117 —
1592 2087 1633 2117 N-
1650 2087 1738 2116 6019.

1397 2197 1600 2227 Lieutenant
1615 2194 1745 2225 bientôt
1759 2193 1941 2231 capitaine,
1958 2193 1996 2222 44
2008 2200 2081 2225 ans,
2096 2191 2256 2221 situation

1358 2237 1469 2268 10.000
1485 2237 1525 2266 fr.
1544 2236 1658 2266 désire
1675 2235 1839 2265 connaîre
1859 2235 1967 2271 jeune
1991 2232 2059 2263 fille
2084 2239 2128 2262 ou
2151 2238 2259 2261 veuve

1358 2287 1436 2308 sans
1454 2277 1581 2312 enfant,
1597 2276 1636 2306 35
1652 2277 1670 2305 à
1686 2275 1725 2305 40
1740 2282 1812 2304 ans.
1830 2291 1868 2294 —
1881 2275 1921 2304 N'
1939 2273 2028 2303 6020.

1398 2365 1507 2393 Jeune
1523 2362 1671 2396 homme,
1696 2361 1735 2390 23
1756 2367 1828 2393 ans,
1859 2366 1938 2389 sans
1967 2359 2114 2392 fortune,
2145 2357 2258 2387 bonne

1360 2406 1469 2439 santé,
1487 2402 1708 2433 connaissant
1732 2402 1763 2430 la
1793 2401 1938 2435 culture,
1966 2399 2079 2428 désire
2104 2398 2258 2435 mariage

1360 2452 1442 2474 avec
1455 2446 1561 2480 jeune
1579 2442 1645 2472 fille
1670 2440 1781 2471 même
1810 2442 1885 2478 âge,
1910 2447 2007 2469 assez
2031 2439 2201 2468 fortunée.
2221 2453 2259 2458 —

1360 2485 1402 2514 N-
1421 2483 1512 2513 6021.

1406 2557 1505 2585 Dame
1520 2555 1560 2584 50
1575 2562 1647 2589 ans,
1666 2562 1745 2583 sans
1762 2552 1901 2588 famille,
1919 2551 2142 2585 affectueuse,
2160 2551 2263 2588 ayant

1361 2595 1523 2626 situation
1539 2602 1620 2633 gros
1644 2596 1784 2632 rapport
1813 2596 1846 2622 et
1875 2591 1981 2627 avoir,
2012 2591 2125 2621 desire
2157 2591 2261 2619 union

1362 2643 1445 2666 avec
1461 2636 1638 2666 monsieur
1654 2642 1695 2663 en
1712 2635 1862 2672 rapport,
1881 2640 1948 2662 aux
1964 2631 2167 2661 sentiments
2191 2629 2264 2660 éle¬

1362 2678 1432 2712 vés,
1449 2676 1562 2706 bonne
1579 2675 1752 2704 situation.
1768 2689 1803 2696 —
1819 2674 1847 2704 N
1856 2681 1862 2687 -
1883 2671 1973 2702 6022.

1403 2771 1499 2805 Veuf,
1515 2773 1554 2801 48
1571 2780 1643 2804 ans,
1660 2769 1901 2809 propriétaire,
1918 2776 1986 2799 une
2001 2768 2122 2798 fillette
2147 2767 2165 2795 8
2188 2773 2262 2800 ans,

1362 2813 1402 2842 50
1416 2812 1475 2843 000
1490 2812 1545 2847 fr.,
1571 2811 1684 2841 désire
1700 2810 1852 2847 mariage
1878 2817 1960 2839 avec
1982 2816 2090 2838 veuve
2113 2815 2155 2837 en
2182 2814 2263 2843 rap¬

1362 2856 1452 2891 port,
1470 2852 1628 2891 pourrait
1642 2859 1678 2880 se
1704 2850 1873 2889 déplacer,
1901 2848 2050 2879 cherche
2072 2854 2262 2886 compagne

1362 2901 1451 2932 pour
1467 2892 1561 2922 vivre
1575 2892 1743 2922 heureux.
1761 2907 1799 2912 —
1815 2892 1853 2920 N-
1871 2890 1961 2920 6023.

1403 2989 1512 3016 Jeune
1528 2987 1664 3015 homme
1682 2984 1840 3022 français,
1857 2985 1896 3013 30
1912 2991 1984 3016 ans,
2011 2982 2181 3022 orphelin,
2208 2983 2266 3010 sé¬

1364 3028 1475 3057 rieux.
1492 3024 1605 3056 20.000
1621 3026 1661 3055 fr.
1679 3028 1811 3063 argent,
1829 3026 2036 3063 espérances
2065 3022 2178 3052 50.000
2207 3021 2263 3057 fr.,

1365 3076 1407 3097 au
1423 3069 1552 3100 Maroc,
1570 3066 1684 3095 desire
1700 3068 1838 3094 rentrer
1849 3072 1893 3094 en
1902 3064 2033 3093 France
2044 3070 2133 3102 pour
2144 3062 2266 3091 maria¬

1364 3115 1406 3145 ge
1419 3115 1500 3137 avec
1516 3107 1619 3145 jeune
1636 3105 1704 3136 fille
1719 3105 1832 3135 bonne
1857 3103 2031 3134 situation.
2052 3103 2147 3132 —N-
2172 3102 2262 3132 6024.

1403 3207 1518 3236 Veuve
1532 3206 1572 3234 42
1587 3212 1660 3239 ans,
1670 3203 2050 3242 paraissantbeaucoup
2062 3201 2138 3240 plus
2144 3203 2263 3238 jeune,

1365 3250 1468 3283 ayant
1496 3245 1614 3275 fillette
1636 3246 1676 3274 de
1707 3244 1744 3273 10
1760 3251 1832 3278 ans,
1863 3243 2061 3281 épouserait
2088 3242 2266 3271 monsieur

1364 3287 1476 3316 bonne
1493 3286 1655 3315 situation
1672 3292 1715 3314 ou
1730 3285 1878 3318 fortune,
1897 3284 1938 3312 de
1955 3282 1993 3311 43
2022 3285 2039 3312 à
2068 3281 2107 3311 60
2138 3289 2208 3311 ans.
2226 3297 2265 3302 —

1364 3327 1406 3356 N-
1422 3326 1513 3356 6025.

1404 3435 1508 3463 Dame
1538 3433 1697 3462 divorcée
1734 3433 1752 3461 à
1784 3439 1846 3461 son
1881 3429 1995 3470 profit,
2031 3430 2070 3458 47
2107 3437 2179 3464 ans,
2209 3429 2266 3458 dot

1363 3473 1476 3503 80.000
1492 3473 1546 3507 fr.,
1565 3475 1697 3510 argent,
1714 3472 1821 3501 belles
1834 3473 2052 3509 espérances,
2068 3469 2266 3507 épouserait

1365 3516 1542 3543 monsieur
1554 3513 1632 3542 bien
1650 3519 1730 3541 sous
1745 3515 1823 3543 tous
1851 3513 2012 3550 rapports
2040 3509 2161 3540 même,
2183 3517 2266 3539 avec

1365 3553 1496 3584 enfant.
1517 3569 1555 3573 —
1570 3554 1610 3582 N-
1628 3552 1718 3581 6026.

1405 3660 1582 3690 Monsieur
1609 3659 1696 3694 seul,
1721 3659 1761 3688 38
1787 3666 1861 3694 ans,
1894 3659 2140 3694 commerçant,
2171 3654 2267 3686 avoir

1364 3700 1478 3730 40.000
1493 3700 1547 3732 fr.,
1565 3699 1719 3730 bénéfice
1736 3703 1803 3734 net,
1822 3699 1912 3730 1.500
1929 3699 1966 3727 fr.
1978 3706 2040 3735 par
2049 3697 2145 3733 mois,
2157 3698 2267 3734 épou¬

1365 3743 1472 3770 serait
1487 3739 1687 3770 demoiselle
1704 3747 1747 3769 ou
1763 3746 1869 3769 veuve
1886 3742 1926 3768 de
1941 3738 1980 3767 24
1997 3739 2016 3767 à
2030 3738 2069 3767 34
2097 3744 2168 3772 ans,
2184 3738 2265 3774 pré¬

1365 3784 1501 3810 sentant
1528 3781 1614 3814 bien,
1644 3781 1745 3817 ayant
1771 3779 1855 3818 petit
1884 3778 1990 3812 avoir,
2030 3776 2196 3807 sérieuse.
2227 3792 2267 3795 —

1365 3822 1407 3851 N-
1423 3821 1514 3850 6027.

1394 3921 1680 3958 ^Fonctionnaire,
1696 3922 1733 3951 40
1749 3929 1821 3958 ans,
1845 3923 2048 3960 présentant
2077 3919 2167 3954 bien,
2199 3919 2265 3948 bon

1364 3965 1554 3995 carac'ère,
1571 3962 1777 3999 catholique,
1794 3962 1921 3992 famille
1937 3960 2137 3995 honorable,
2163 3960 2266 3990 situa¬

1364 4004 1447 4038 tion,
1464 4002 1552 4031 7.000
1568 4002 1620 4037 fr.,
1639 4003 1734 4031 avoir
1748 4002 1859 4032 20.000
1877 4004 1917 4032 fr.
1947 4007 1980 4031 et
2009 4000 2121 4030 40.000
2150 4001 2190 4029 fr.
2222 4008 2264 4029 en

1364 4044 1512 4077 valeurs,
1530 4041 1617 4078 veuf,
1633 4042 1722 4071 deux
1738 4041 1872 4072 enfants
1894 4043 1930 4071 12
1946 4044 1979 4071 et
1992 4043 2011 4070 8
2027 4049 2088 4070 ans
2103 4049 2163 4078 pas
2185 4042 2203 4069 à
2228 4048 2264 4068 sa

1364 4082 1502 4120 charge,
1521 4082 1718 4120 épouserait
1743 4082 1955 4114 demoiselle,
1971 4088 2080 4110 veuve
2092 4088 2136 4109 ou
2152 4080 2261 4109 divor¬

1365 4127 1436 4158 cée,
1455 4123 1566 4153 même
1583 4125 1658 4160 plus
1674 4122 1771 4159 âgée,
1790 4130 1832 4152 en
1848 4123 2002 4160 rapport.
2021 4137 2059 4141 —
2073 4121 2114 4149 N-
2131 4120 2222 4149 6028.

1403 4183 1513 4210 Jeune
1523 4181 1660 4210 homme
1675 4180 1714 4209 29
1729 4188 1801 4215 ans,
1815 4179 1983 4217 ayantdot
1999 4182 2033 4208 et
2042 4181 2262 4216 espérances,

1364 4222 1585 4251 connaissant
1618 4219 1650 4249 la
1686 4220 1867 4257 pâtisserie
1901 4222 1935 4250 et
1964 4220 1995 4248 la
2024 4217 2261 4255 boulangerie,

1363 4262 1563 4300 épouserait
1591 4260 1790 4292 demoiselle
1815 4268 1859 4290 ou
1886 4267 1995 4290 veuve
2018 4260 2102 4289 dans
2119 4260 2151 4288 le
2166 4265 2264 4287 com¬

1364 4309 1490 4332 merce.
1511 4317 1519 4321 -
1535 4301 1575 4330 N-
1591 4299 1682 4329 6029.

1402 4394 1490 4424 Jolie
1519 4393 1643 4422 blonde
1669 4394 1708 4422 40
1733 4402 1805 4423 ans.
1832 4401 1875 4423 ne
1904 4393 1955 4422 les
1979 4391 2174 4431 paraissant
2189 4399 2263 4430 pas,

1364 4434 1489 4464 femme
1528 4433 1740 4469 d’intérieur,
1771 4433 1883 4463 80.000
1907 4434 1948 4462 fr.
1976 4437 2109 4470 argent,
2150 4435 2262 4465 titres,

1363 4483 1493 4504 maison
1526 4476 1559 4503 et
1576 4473 1670 4502 riche
1686 4473 1855 4508 mobilier,
1887 4480 2025 4511 grosses
2042 4475 2262 4510 espérances,

1363 4513 1561 4553 épouserait
1590 4514 1767 4543 monsieur
1799 4522 1900 4552 ayant
1923 4513 2009 4550 jolie
2039 4515 2213 4542 situation.
2245 4528 2265 4533 -

1362 4557 1402 4585 N-
1420 4553 1510 4584 6030.

1404 4650 1497 4678 Deux
1528 4646 1775 4677 millionnaires
1805 4646 2011 4676 américains
2041 4648 2081 4677 de
2110 4647 2150 4677 30
2178 4650 2212 4677 et
2225 4648 2266 4677 50

1363 4696 1436 4723 ans,
1454 4687 1606 4717 désirent
1621 4687 1799 4716 connaitre
1811 4689 1937 4724 jeunes
1955 4688 2055 4723 filles,
2078 4696 2203 4718 veuves
2220 4696 2264 4718 ou

1363 4728 1552 4761 divorcées,
1585 4727 1763 4761 aimantes,
1790 4727 2032 4764 affectueuses,
2050 4729 2266 4767 passeraient

1361 4769 1380 4797 6
1396 4770 1481 4798 mois
1497 4775 1541 4797 en
1557 4768 1686 4796 France
1702 4767 1834 4806 chaque
1851 4769 1972 4797 armée.
1994 4784 2007 4789 -
2029 4770 2056 4799 N
2063 4778 2069 4784 -
2086 4769 2160 4798 6031

1399 4863 1509 4890 Jeune
1539 4859 1693 4897 anglaise
1708 4861 1747 4889 25
1763 4869 1836 4896 ans,
1864 4861 1936 4890 très
1951 4860 2122 4897 fortunée,
2148 4863 2262 4893 désire

1360 4901 1465 4929 union
1483 4907 1566 4929 avec
1583 4903 1643 4929 Irai
1659 4901 1730 4936 çais
1746 4909 1790 4931 ou
1806 4903 1917 4935 autre,
1950 4902 2077 4932 aimant
2100 4909 2261 4940 voyage?,

1359 4938 1509 4974 inst'uit,
1548 4940 1589 4968 de
1623 4939 1653 4968 b<
1669 4948 1736 4970 nne
1775 4941 1968 4971 éducation.
2009 4942 2060 4972 Ne
2091 4944 2261 4981 répondra

1359 4979 1484 5014 qu’aux
1525 4987 1714 5018 personnes
1744 4981 1971 5018 susceptibles
2002 4983 2042 5011 de
2072 4981 2193 5016 plaire.
2222 5000 2261 5004 —

1359 5021 1399 5049 N-
1416 5019 1506 5048 6032.

2341 2022 2753 2080 ANNONCES
2809 2017 3191 2076 DIVERSES

2319 2156 2342 2209 A
2378 2155 2383 2176 i
2407 2153 2444 2193 fil
2458 2154 2496 2193 |U
2507 2153 2529 2182 D
2577 2145 2708 2175 maison
2729 2143 2947 2173 d’habitation
2979 2145 2996 2171 à
3025 2142 3057 2171 la
3087 2148 3217 2178 campa-

2378 2175 2530 2210 LUUtln
2577 2193 2655 2223 gne,
2674 2185 2745 2214 de6
2760 2186 2777 2214 à
2794 2185 2812 2213 8
2830 2184 2945 2221 pièces
2971 2182 3121 2219 garnies,
3150 2183 3219 2217 jar¬

2317 2227 2384 2263 din,
2399 2227 2558 2257 banlieue
2574 2226 2672 2255 d’une
2695 2225 2798 2262 petite
2820 2224 2911 2259 ville,
2925 2231 3006 2262 pays
3033 2223 3072 2251 de
3098 2221 3219 2251 chasse

2317 2272 2350 2298 et
2366 2269 2406 2297 de
2421 2268 2542 2306 pêche.
2561 2282 2579 2288 -
2596 2268 2635 2296 N'
2655 2265 2703 2295 10.

2319 2343 2341 2396 A
2378 2342 2382 2380 |
2408 2340 2447 2380 fil
2461 2340 2532 2380 IFR
2580 2333 2819 2371 appartement
2854 2331 2872 2359 4
2904 2329 3020 2367 pièces
3063 2327 3215 2366 garnies.

2378 2363 2533 2397 LuULn
2578 2374 2597 2402 2
2613 2372 2806 2406 chamb'-es,
2824 2371 2908 2399 salle
2926 2375 2942 2398 a
2960 2376 3113 2406 manger,
3142 2367 3217 2396 cui¬

2317 2416 2402 2450 sine,
2422 2414 2598 2449 vestibule,
2608 2412 2853 2445 water-closet,
2866 2410 3001 2440 cabinet
3018 2411 3058 2439 de
3074 2405 3216 2439 toilette.

2317 2472 2334 2478 -
2350 2456 2390 2486 N-
2409 2456 2458 2483 11.

2342 2529 2357 2584 A
2384 2529 2406 2567 \/
2416 2528 2437 2567 F
2449 2529 2473 2567 M
2486 2528 2510 2567 R
2519 2528 2541 2566 R
2553 2527 2574 2566 F
2622 2519 2752 2558 scande
2784 2516 2961 2557 propriété
2996 2516 3220 2553 comprenant

2388 2550 2402 2581 V
2417 2556 2439 2583 L
2450 2550 2473 2583 11
2486 2550 2542 2583 L)n
2553 2557 2576 2582 L
2623 2560 2773 2589 maisons
2788 2559 2828 2589 de
2839 2558 2961 2587 maître
2972 2559 3006 2586 et
3016 2556 3057 2585 de
3067 2555 3217 2585 fermier.

2319 2602 2398 2632 Prix
2413 2603 2432 2631 à
2449 2602 2615 2631 débattre.
2631 2616 2650 2622 -
2666 2600 2705 2628 N-
2725 2600 2774 2628 12.

2326 2677 2343 2715 A
2386 2675 2440 2714 VF
2452 2675 2544 2714 MÛR
2556 2674 2578 2713 F
2624 2665 2731 2705 Pàw
2760 2665 2869 2695 ferme
2899 2664 3125 2700 comprenant
3154 2664 3222 2691 ter-

2324 2697 2346 2729 A
2391 2697 2578 2729 VLlMUnL
2625 2707 2717 2734 rains
2735 2710 2766 2734 et
2784 2711 2915 2733 ma’son
2943 2701 3161 2731 d’habitation
3180 2701 3220 2729 de

2319 2747 2470 2778 fermier.
2489 2745 2569 2776 Prix
2586 2754 2592 2774 :
2610 2744 2724 2775 20.000
2737 2745 2776 2773 fr.
2796 2759 2815 2765 -
2830 2744 2871 2772 N'
2890 2744 2939 2772 13.

2326 2822 2343 2861 A
2388 2821 2412 2860 \/
2421 2820 2442 2860 F
2454 2821 2477 2860 M
2490 2820 2514 2860 n
2523 2819 2545 2859 R
2557 2819 2579 2859 F
2627 2811 2758 2841 maison
2767 2809 2986 2840 d’habitation
2996 2808 3078 2837 dans
3086 2806 3221 2844 village,

2323 2842 2345 2876 M
2392 2842 2406 2865 u
2421 2842 2580 2875 LlMUnL
2627 2859 2709 2882 avec
2724 2852 2744 2880 4
2757 2852 2775 2880 à
2789 2851 2808 2880 5
2824 2850 2984 2879 hectares
3001 2848 3042 2878 de
3058 2847 3218 2878 terrains.

2320 2894 2400 2924 Prix
2416 2896 2432 2923 à
2450 2893 2614 2923 débattre.
2631 2908 2650 2914 -
2666 2891 2706 2920 N-
2725 2892 2771 2920 14.

2323 2967 2516 3024 GRANDS
2546 2965 2652 3021 VINS
2688 2963 2951 3020 MOUSSEUX

2321 3049 2402 3072 avec
2426 3041 2476 3070 les
2503 3040 2577 3078 plus
2606 3039 2731 3076 grands
2761 3038 3006 3075 champagnes.
3039 3036 3119 3065 Prix
3149 3036 3220 3063 très

2322 3082 2488 3112 modérés.
2507 3096 2525 3102 -
2540 3080 2567 3108 N
2574 3088 2580 3094 -
2600 3080 2648 3109 15.

2324 3156 2345 3210 A
2386 3153 2578 3210 VENDRE

2321 3230 2361 3259 N-
2380 3229 2426 3257 16.

2323 3303 2345 3358 A
2389 3300 2582 3357 VENDRE

2320 3375 2522 3405 CHABAUD.

2323 3445 2658 3504 VOULEZ-VOUS

2625 3144 2772 3175 terrains
2794 3150 2882 3181 pour
2910 3143 2940 3171 la
2971 3140 3217 3171 construction.

2624 3184 2853 3222 Paris-Plage,
2893 3183 2957 3213 site
2987 3183 3168 3211 ravissant.
3202 3197 3221 3202 -

2628 3291 2843 3322 lotissement
2859 3290 2899 3319 de
2915 3289 3064 3319 terrains
3088 3290 3107 3318 à
3122 3290 3223 3318 Arca-

2628 3332 2726 3362 chon.
2745 3348 2781 3352 —
2798 3330 2993 3360 S’adresser
3009 3331 3027 3358 à
3049 3331 3137 3358 Mme
3155 3329 3221 3357 Vve

2704 3441 2845 3467 trouver
2874 3445 2918 3466 un
2948 3437 3123 3473 logement
3150 3436 3167 3464 à
3192 3434 3220 3463 la

2704 3485 2892 3514 campagne
2935 3484 2978 3506 ou
3021 3484 3063 3505 en
3103 3475 3181 3504 ville
3203 3473 3223 3503 ?

2322 3523 2592 3552 Adressez-vous
2614 3520 2633 3548 à
2660 3518 2746 3547 Mme
2776 3519 2844 3546 Vve
2867 3517 3072 3552 CHABAUD,
3103 3515 3220 3544 Direc¬

2321 3562 2406 3592 trice
2436 3562 2476 3590 de
2504 3561 2532 3589 la
2565 3562 2580 3589 «
2605 3562 2719 3589 Revue
2733 3559 2916 3588 Mensuelle
2941 3567 2957 3584 »
3001 3557 3057 3593 qui
3097 3562 3222 3593 pourra

2322 3602 2499 3640 s’occuper
2516 3601 2721 3636 moyennant
2737 3596 2954 3632 rétribution,
2973 3596 3014 3626 de
3029 3603 3113 3626 vous
3123 3598 3223 3625 trou¬

2321 3650 2381 3672 ver
2396 3650 2440 3671 un
2458 3641 2642 3678 logement.

2325 3732 2835 3804 APPARTEMENT
2867 3731 3075 3798 GARNI
3123 3724 3163 3794 1
3203 3724 3223 3792 ?

2321 3811 2447 3850 pièces,
2462 3817 2545 3840 avec
2557 3808 2683 3847 jardin,
2698 3808 2763 3838 sîte
2774 3807 2946 3846 agréable,
2957 3807 3013 3835 vie
3028 3807 3046 3835 à
3060 3806 3120 3834 bas
3135 3803 3222 3842 prix,

2323 3852 2404 3881 dans
2422 3851 2557 3881 localité
2574 3849 2752 3878 desservie
2778 3855 2840 3886 par
2855 3847 2944 3876 deux
2961 3845 3070 3882 lignes
3088 3846 3128 3875 de
3144 3844 3224 3873 che¬

2323 3893 2389 3921 min
2408 3891 2448 3920 de
2466 3892 2527 3920 fer.
2544 3906 2563 3911 -
2588 3889 2782 3919 S’adresser
2805 3891 2821 3917 â
2839 3888 2929 3916 Mme
2947 3888 2975 3916 la
2992 3884 3221 3924 propriétaire

2321 3933 2363 3962 du
2379 3932 2453 3961 Clos
2469 3930 2636 3967 Chabaud,
2652 3930 2671 3960 à
2686 3927 2957 3966 Pont-St-Esprit
2976 3926 3104 3964 (Gard).

2323 4018 2455 4057 TjMü
2494 4016 2714 4055 DfU'JMU
2763 4012 2815 4038 est
2829 4007 3017 4038 demandée
3043 4013 3130 4045 pour
3146 4012 3221 4033 ser-

2327 4047 2358 4087 U
2422 4046 2457 4084 H
2494 4045 2716 4085 DUrll*LJ
2762 4049 2836 4079 vice
2872 4050 2912 4077 de
2950 4047 3041 4076 deux
3075 4051 3221 4083 person¬

2320 4101 2394 4122 nes.
2411 4109 2419 4113 -
2436 4093 2631 4121 S’adresser
2647 4092 2665 4119 à
2680 4091 2768 4118 Mme
2784 4090 2816 4118 la
2840 4086 3070 4126 progriétaire
3086 4086 3128 4115 du
3145 4083 3219 4112 Clos

2319 4133 2484 4168 Chabaud,
2502 4135 2517 4161 à
2534 4130 2806 4168 Pont-St-Esprit
2821 4127 2947 4167 (Gard).

2320 4218 2404 4286 U
2441 4217 2546 4257 HTD
2562 4216 2727 4256 FTTD
2743 4209 2845 4255 Tfï7
2895 4209 2935 4238 de
2965 4207 2996 4236 la
3031 4207 3053 4235 “
3068 4207 3136 4235 Rev
3139 4197 3164 4232 ^
3164 4209 3182 4231 e
3202 4201 3219 4213 ”

2442 4240 2642 4284 UlfUlLi
2658 4249 2674 4284 1
2693 4238 2847 4283 rvluH
2893 4249 2996 4284 ayant
3037 4246 3131 4280 loué,
3151 4248 3220 4270 une

2320 4292 2397 4322 villa
2414 4294 2432 4321 à
2447 4292 2479 4322 la
2503 4299 2690 4328 campagne
2704 4298 2786 4320 avec
2801 4289 2911 4328 grand
2923 4285 3050 4326 jardin,
3068 4285 3132 4312 sîte
3148 4282 3218 4309 très

2320 4332 2492 4371 agréable,
2522 4340 2605 4369 pays
2636 4331 2677 4360 de
2704 4331 2825 4359 cha?se
2851 4331 2886 4358 et
2915 4335 2955 4357 ne
2983 4325 3098 4361 pêcne.
3114 4321 3220 4350 Snùs-

2319 4374 2465 4404 louerait
2481 4374 2720 4412 appartement
2733 4369 2831 4408 garni
2849 4377 2856 4405 ;
2875 4364 3081 4398 détaillerait
3102 4362 3218 4399 pièces

2485 4513 2547 4548 .A.
2552 4513 2646 4547 vis
2696 4505 3060 4555 Important

2360 4622 2521 4651 Madame
2543 4620 2607 4648 Vve
2624 4616 2836 4648 CHABAUD
2851 4613 2901 4641 est
2917 4610 3008 4639 seule
3023 4605 3219 4635 directrice-

2363 4657 2720 4695 opriétaire-gérante
2735 4658 2774 4684 de
2790 4656 2824 4683 la
2833 4653 2973 4681 «-Revue
2990 4645 3173 4676 Mensuelle
3188 4653 3216 4670 ».

2362 4703 2391 4730 le
2404 4700 2463 4730 n'a
2473 4706 2539 4735 pas
2553 4701 2593 4728 de
2606 4696 2807 4727 succursale
2811 4699 2817 4726 ,
2833 4693 2867 4720 et
2881 4690 2973 4719 toute
2988 4686 3164 4714 imitation
3179 4685 3219 4711 de

2361 4743 2403 4771 tte
2444 4743 2559 4770 Revue
2602 4743 2685 4767 sera
2718 4731 2922 4769 poursuivie
2950 4733 3025 4756 aux
3052 4725 3163 4760 règles
3188 4723 3220 4752 et

2361 4788 2483 4816 lueurs
2498 4782 2537 4809 de
2553 4780 2587 4808 la
2603 4778 2658 4806 loi.

2357 4932 2402 4961 La
2418 4924 2775 4958 Directrice-Gérante
2793 4928 2799 4948 :
2837 4918 2952 4946 Veuve
2976 4915 3179 4944 CHABAUD.
