3536 5552
403 495 528 523 Jeunes
546 494 631 525 gens
635 487 641 522 ,
661 487 788 521 jeunes
814 481 900 517 filles
926 480 959 508 et
986 482 1072 507 vous
1101 475 1177 503 tous
1205 471 1265 508 qui

365 543 496 573 désirez
535 544 620 569 vous
656 534 794 565 marier
799 532 804 566 ,
844 528 1036 560 demandez
1073 526 1103 554 le
1132 522 1266 553 GUIDE

368 589 592 622 PRATIQUE
626 586 690 615 DU
720 579 933 613 BONHEUR
967 578 1030 605 EN
1064 565 1266 603 MÉNAGE,

369 638 558 671 contenant
572 638 629 665 des
644 632 786 664 conseils
799 629 868 659 très
883 628 982 657 utiles
992 630 1084 660 pour
1092 623 1122 652 le
1132 620 1269 651 maria¬

370 696 422 726 ge,
439 690 467 717 le
483 688 620 716 volume
630 689 701 718 par
715 683 744 710 J.
765 672 994 709 PÉLISSIER
1016 670 1175 707 pouvant
1196 666 1270 698 être

372 741 407 769 lu
419 744 490 773 par
505 735 578 765 tout
594 735 623 763 le
635 732 770 762 monde.

412 787 581 817 Adressez
597 784 631 812 la
644 785 776 811 somme
790 779 828 806 de
839 778 859 805 3
871 775 919 810 fr.
937 775 982 803 50
997 770 1020 801 à
1034 772 1067 800 la
1083 766 1273 799 Directrice

373 837 414 866 de
428 837 463 865 la
478 832 627 864 REVUE
642 825 920 859 MENSUELLE,
937 822 996 858 qui
1016 825 1101 849 vous
1129 815 1274 847 l’adres¬

374 891 456 915 sera
469 883 598 919 franco
612 882 653 910 de
663 878 757 913 port.

421 1042 681 1082 Appartements
698 1039 730 1067 et
747 1034 926 1066 chambres
952 1035 1089 1069 garnies
1119 1028 1138 1056 à
1165 1026 1276 1056 louer.

381 1085 574 1116 S’adresser
603 1080 621 1110 à
651 1080 738 1109 Mme
766 1074 901 1107 DENIS,
945 1070 1016 1101 clos
1044 1065 1214 1101 Ghabaud,
1260 1065 1280 1093 à

382 1119 660 1159 Pont-St-Esprit
674 1116 802 1155 (Gard).

392 1305 641 1334 DAMiMn
655 1297 688 1328 n
725 1294 997 1325 Etreheureuse,
1009 1287 1140 1319 réussir
1147 1294 1190 1317 en
1200 1286 1286 1320 tout,

392 1329 594 1378 UUIViirl
607 1328 694 1371 H1\
725 1335 825 1366 rêves
841 1331 1040 1363 réalisables
1056 1328 1160 1368 grâce
1175 1334 1219 1356 au

465 1406 744 1449 SACHET
773 1403 909 1441 DES
939 1394 1214 1436 FAKIRS

394 1475 526 1517 parfum
543 1472 646 1503 astral
664 1467 893 1507 magnétique,
918 1466 990 1494 très
1011 1459 1209 1502 personnel,
1236 1456 1293 1496 qui

394 1518 469 1549 aide
484 1516 503 1546 à
518 1513 678 1551 acquérir
690 1509 860 1542 bonheur,
871 1507 980 1540 santé,
991 1502 1139 1533 réussite
1148 1508 1190 1530 en
1199 1501 1288 1529 tout.

394 1556 515 1589 Notice
529 1554 550 1584 0
564 1552 605 1582 fr.
621 1552 671 1582 60,
690 1551 779 1580 Mme
793 1549 832 1578 X.
851 1545 993 1580 Miarka,
1019 1543 1086 1577 131,
1104 1547 1237 1571 avenue
1254 1539 1295 1568 de

395 1596 502 1631 Paris,
519 1590 751 1624 Saint-Mandé
764 1585 906 1627 (Seine).

515 1763 571 1793 p»
593 1764 633 1788 A
650 1761 694 1790 T
710 1760 730 1789 T
774 1761 787 1787 t

519 1810 786 1823 _
845 1778 988 1809 Curieuse
1032 1775 1133 1804 Notice
1179 1781 1231 1800 sur
1259 1771 1299 1797 les

576 1826 752 1853 Parfums
793 1816 1135 1856 hypnoplanétaires
1168 1819 1197 1840 et
1237 1812 1300 1838 leur

567 1868 663 1895 action
685 1863 796 1892 occulte
823 1863 896 1889 dans
920 1859 947 1887 la
971 1858 1127 1887 Séduction
1131 1857 1137 1890 ,
1155 1856 1182 1883 le
1195 1854 1302 1883 Succès

574 1914 601 1937 et
621 1909 651 1935 la
671 1907 789 1933 chance.
805 1918 820 1922 -
833 1900 930 1930 Ecrire
958 1903 974 1926 à
993 1899 1020 1926 la
1047 1892 1305 1924 PARFUMERIE

573 1945 764 1979 MAURICE,
781 1943 797 1971 à
812 1943 898 1970 Nice.

168 4536 175 4545 '
