3536 5552
2777 303 2843 348 .Y;:

1485 434 1586 482 PRIX
1640 433 1648 483 :
1710 433 1807 483 50
1865 433 2061 482 Centimes

2546 441 2575 478 1
2577 445 2605 464 er
2634 437 2944 482 Décembre

3169 423 3201 457 /

389 570 1287 794 REVUE
1501 578 3159 801 MENSUELLE

662 833 853 890 Liste
884 834 928 890 d
954 835 1330 893 Annonces
1361 835 1936 893 Matrimoniales
1967 841 2032 893 et
2062 837 2509 898 d’Annonces
2539 842 2865 904 Diverses

395 926 528 965 (Fonds
567 927 612 957 de
649 935 876 967 commerce,
922 930 1115 970 industrie,
1153 933 1260 962 vente
1304 931 1573 970 d’immeubles,
1618 932 1786 971 location,
1825 931 2019 971 échange).
2129 931 2164 963 —
2269 932 2513 967 Paraissant
2550 935 2586 968 le
2624 937 2642 969 1
2649 943 2682 961 er
2716 938 2762 970 de
2805 939 2960 982 chaque
2994 942 3107 975 mois.

409 993 721 1034 UAbonnement
735 998 774 1035 et
792 997 839 1035 de
858 996 970 1042 TRENTE
992 997 1103 1050 FRANCS
1117 1012 1225 1050 pour
1240 1000 1268 1038 3
1287 1002 1402 1049 mois,
1424 998 1581 1056 QUARANTE
1599 998 1711 1050 FRANCS
1727 1011 1834 1050 pour
1850 999 1876 1038 4
1895 1002 1997 1038 mois
2019 1003 2057 1039 et
2074 999 2235 1059 CINQUANTE
2253 1002 2365 1054 FRANCS
2379 1015 2486 1054 pour
2503 1006 2530 1044 6
2549 1009 2650 1046 mois
2670 1009 2856 1048 donnant
2871 1011 2979 1051 droit
2996 1016 3022 1053 à
3041 1026 3119 1053 une

356 1063 588 1112 inscription
606 1065 784 1112 gratuite
803 1076 874 1102 sur
892 1077 957 1103 ma
977 1066 1077 1105 liste.
1104 1067 1142 1104 —
1162 1067 1232 1105 Les
1247 1078 1449 1106 annonces
1463 1068 1558 1105 sont
1577 1067 1625 1105 de
1644 1069 1783 1118 quatre
1803 1069 1932 1117 lignes
1952 1070 2183 1107 maximum.
2207 1092 2244 1097 —
2267 1070 2308 1114 Les
2324 1069 2400 1129 lignes
2416 1071 2627 1129 supplémentaires
2643 1078 2694 1121 sont
2709 1083 2795 1134 payées
2811 1080 2825 1122 à
2840 1078 2918 1124 raison
2934 1079 2959 1124 de
2976 1079 2988 1125 3
3005 1079 3035 1127 fr-
3051 1080 3075 1127 la
3090 1081 3166 1141 ligne.

823 1129 922 1160 Pour
951 1130 1160 1172 l’Etranger
1176 1143 1183 1162 :
1211 1130 1234 1163 3
1268 1133 1372 1171 mois,
1402 1130 1456 1163 35
1486 1132 1629 1164 francs.
1672 1151 1711 1155 —
1751 1132 1777 1163 4
1802 1133 1907 1172 mois,
1924 1132 1977 1164 45
2007 1133 2151 1166 francs.
2194 1153 2233 1157 —
2277 1135 2299 1167 6
2327 1137 2432 1175 mois,
2475 1136 2526 1168 55
2555 1138 2698 1172 francs.

783 1198 963 1238 Adresser
984 1199 1121 1239 Lettres
1136 1202 1171 1239 et
1191 1200 1369 1240 Mandats
1389 1201 1410 1239 à
1430 1200 1538 1239 Mme
1565 1201 1695 1240 Veuve
1728 1190 1997 1249 CHABÂUD,
2020 1202 2222 1242 Directrice
2241 1204 2289 1242 de
2309 1204 2342 1247 la
2362 1205 2500 1247 Revue
2519 1202 2741 1249 Mensuelle

1276 1268 1335 1313 18,
1373 1268 1453 1308 Rue
1473 1268 1742 1315 Sainte-Croix,
1762 1268 2006 1312 Montêlilïiar
2039 1269 2212 1321 (Drôme)

387 1369 479 1396 Notre
493 1379 590 1398 œuvre
606 1381 622 1397 a
637 1374 710 1405 pour
725 1372 773 1400 but
789 1373 821 1400 de
837 1374 921 1407 venir
934 1384 967 1401 en
982 1375 1047 1402 aide
1057 1385 1116 1403 aux
1119 1376 1255 1409 familles

352 1405 403 1440 qui
417 1405 543 1432 désirent
557 1407 665 1433 marier
681 1408 759 1434 leurs
776 1411 900 1443 enfants,
919 1419 979 1437 aux
996 1421 1101 1438 veuves
1116 1413 1167 1447 qui
1183 1422 1253 1439 vou¬

352 1440 466 1468 draient
481 1451 510 1468 se
524 1443 674 1475 remarier,
692 1453 752 1470 aux
779 1445 932 1479 orphelins
962 1450 987 1472 et
1015 1456 1075 1473 aux
1102 1448 1256 1475 messieurs

352 1476 404 1511 qui
417 1480 517 1504 révent
530 1477 564 1504 de
578 1487 608 1504 se
615 1479 723 1511 fonder
737 1488 777 1506 un
785 1482 884 1515 foyer,
898 1491 954 1507 une
961 1483 1092 1514 famille.

388 1520 478 1548 Notre
493 1531 591 1549 œuvre
606 1531 671 1550 sera
690 1524 857 1558 apptouvé'e
873 1528 928 1560 par
943 1529 1008 1553 tous
1038 1536 1088 1553 nos
1117 1528 1252 1558 abonnés,

355 1556 502 1591 lorsqu'ils
517 1562 640 1585 sauront
652 1558 739 1594 qu'ils
755 1563 880 1595 peuvent
895 1566 1012 1589 trouver
1036 1564 1128 1599 grâce
1143 1566 1160 1590 à
1176 1568 1255 1591 notre

351 1601 502 1626 concours,
520 1594 547 1621 le
561 1604 663 1629 moyen
677 1596 710 1622 de
724 1597 868 1623 semarier
880 1598 960 1624 selon
972 1598 1049 1625 leurs
1064 1602 1151 1634 goûts
1155 1600 1161 1634 ,
1177 1600 1255 1627 leurs

354 1638 422 1655 vues
438 1633 464 1656 et
477 1630 558 1656 selon
575 1631 638 1657 leur
652 1632 810 1659 condition.

388 1673 470 1700 Nous
484 1674 586 1708 prions
602 1676 642 1702 les
658 1676 759 1703 Dames
775 1682 802 1704 et
817 1678 858 1704 les
873 1677 1030 1706 Messieurs
1056 1679 1088 1706 de
1110 1690 1181 1707 nous
1206 1690 1254 1707 en¬

354 1718 441 1743 voyer
457 1710 483 1736 le
498 1710 565 1744 plus
581 1711 732 1738 d’abonnés
747 1713 884 1748 possible,
901 1713 962 1750 afin
977 1724 1030 1750 que
1050 1719 1129 1743 notre
1157 1725 1255 1744 œuvre

352 1745 552 1779 s’agrandisse
567 1751 593 1773 et
608 1747 703 1781 puisse
713 1751 768 1782 par
783 1759 814 1775 ce
828 1759 929 1784 moyen
937 1751 1076 1783 faciliter
1091 1752 1208 1779 nombre
1223 1754 1255 1779 de

354 1781 501 1817 mariages
517 1786 542 1808 et
551 1782 634 1815 faire
650 1783 678 1810 le
692 1784 759 1818 plus
783 1784 942 1812 d'heureux
956 1787 1093 1820 possible,
1109 1797 1160 1814 car
1188 1787 1255 1815 c'est

353 1825 408 1842 une
420 1816 510 1843 bonne
527 1818 624 1845 action
638 1828 692 1853 que
704 1829 775 1847 vous
783 1823 872 1856 fere\
900 1831 934 1848 en
962 1825 1144 1858 propageant
1175 1828 1255 1851 notre

352 1861 456 1886 œuvre,
474 1862 543 1880 vous
552 1863 622 1880 nous
642 1855 757 1890 aiderez
775 1856 854 1882 ainsi
870 1858 885 1883 à
900 1858 1066 1885 contribuer
1078 1868 1116 1885 au
1127 1859 1254 1886 bonheur

351 1888 399 1914 des
406 1889 543 1921 familles
558 1890 608 1924 qui
618 1890 743 1917 désirent
753 1895 870 1919 trouver
881 1902 920 1919 un
930 1896 1025 1927 époux
1036 1904 1071 1921 ou
1081 1904 1137 1921 une
1148 1899 1255 1930 épouse

351 1927 425 1957 pour
445 1925 523 1951 leurs
539 1927 662 1959 enfants,
681 1936 741 1952 aux
756 1936 862 1954 veuves
881 1938 921 1954 un
936 1930 1061 1963 soutien,
1092 1933 1110 1958 à
1129 1931 1250 1966 l'orphe¬

352 1959 396 1985 lin
411 1969 450 1986 un
457 1962 546 1995 foyer
562 1965 588 1987 et
603 1970 639 1987 au
655 1963 828 1990 relèvement
842 1964 875 1990 de
891 1965 920 1990 la
936 1965 1046 1992 France
1073 1967 1124 2000 qui
1152 1967 1252 2001 donne,

351 1998 406 2030 par
422 1996 462 2023 les
477 1996 623 2032 mariages
630 1998 763 2030 féconds,
780 1999 827 2025 des
843 1999 952 2027 soldats
967 2003 984 2027 à
1000 2002 1029 2028 la
1044 2002 1148 2029 Patrie
1164 2007 1190 2030 et
1204 2004 1254 2038 qui

348 2033 413 2062 font
427 2031 474 2058 des
486 2034 605 2064 femmes
619 2033 653 2059 de
667 2033 773 2061 bonnes
783 2038 873 2062 mères
888 2036 922 2062 de
929 2038 1061 2069 famille.

387 2074 464 2103 C'est
478 2077 549 2104 dans
564 2086 595 2103 ce
611 2077 659 2104 but
674 2088 727 2113 que
742 2088 814 2106 nous
833 2089 923 2107 avons
931 2082 1024 2113 fondé
1041 2083 1070 2108 la
1085 2082 1099 2110 «
1114 2082 1253 2111 REVUE

351 2111 595 2140 MENSUELLE
611 2120 636 2140 ».

385 2155 470 2184 Nous
486 2166 521 2183 ne
535 2161 634 2184 tenons
649 2161 702 2193 pas
717 2168 773 2186 une
786 2169 895 2196 agence
908 2161 1123 2190 matrimoniale
1142 2167 1169 2190 et
1182 2173 1253 2191 nous

351 2201 386 2218 ne
399 2195 523 2226 prenons
536 2202 647 2220 aucune
661 2195 845 2222 commission
857 2205 908 2223 sur
924 2197 954 2223 la
973 2197 1027 2225 dot.
1065 2198 1149 2226 Voici
1177 2209 1253 2227 com¬

351 2232 427 2254 ment
442 2238 513 2255 nous
526 2230 682 2264 procédons
696 2241 701 2257 :

391 2271 467 2299 Vous
483 2282 554 2300 nous
574 2274 741 2309 indiquerez
754 2274 869 2302 d'abord
883 2281 964 2303 votre
978 2279 1045 2314 âge,
1062 2282 1142 2305 votre
1157 2280 1251 2307 situa-

351 2308 450 2335 tionde
453 2311 585 2342 fortune,
594 2314 674 2337 votre
684 2312 857 2345 profession,
870 2313 1072 2347 votredot,vos
1083 2319 1252 2350 espérances

350 2348 376 2370 et
391 2353 422 2370 ce
435 2354 490 2379 que
504 2345 575 2372 vous
602 2345 783 2374 désireet
812 2357 882 2374 nous
910 2358 980 2375 vous
1008 2350 1174 2378 inscrivons
1202 2361 1253 2379 sur

350 2384 430 2407 notre
445 2380 522 2414 liste,
539 2383 612 2414 pour
624 2382 696 2409 trois
711 2382 793 2415 mois,
804 2386 860 2418 par
871 2393 927 2410 une
942 2394 1070 2412 annonce
1084 2395 1137 2421 que
1144 2388 1179 2423 je
1186 2388 1252 2421 fais

348 2415 511 2443 moi-même
524 2420 549 2443 et
565 2426 635 2443 nous
651 2427 722 2444 vous
734 2418 861 2446 donnons
877 2430 916 2446 un
928 2425 1044 2448 numéro
1046 2422 1164 2454 faisant
1176 2424 1252 2451 suite

350 2453 366 2477 à
382 2455 453 2478 cette
465 2461 603 2479 annonce.
622 2451 698 2480 C'est
711 2458 764 2487 par
778 2455 805 2481 le
819 2464 920 2490 moyen
935 2456 968 2482 de
995 2467 1027 2484 ce
1055 2461 1171 2486 numéro
1198 2468 1252 2494 que

350 2496 420 2514 vous
436 2491 546 2522 pouvez
561 2489 769 2524 correspondre
782 2499 852 2518 avec
865 2495 927 2518 tous
939 2493 980 2518 les
996 2493 1119 2521 abonnés
1130 2495 1163 2521 de
1175 2500 1252 2522 notre

349 2523 426 2549 liste.

383 2567 512 2602 Lorsque
528 2577 599 2596 vous
614 2568 724 2595 désirez
739 2572 944 2605 correspondre
960 2582 1028 2600 avec
1039 2583 1078 2600 un
1093 2574 1202 2601 abonné
1226 2579 1252 2602 et

347 2612 401 2637 que
416 2612 486 2630 vous
501 2613 576 2640 ave^
590 2604 689 2631 choisi
703 2605 774 2633 dans
800 2607 828 2632 la
848 2606 974 2635 Revue
999 2609 1197 2638 Mensuelle
1225 2612 1251 2638 le

348 2639 428 2673 parti
442 2639 492 2674 qui
501 2649 570 2667 vous
579 2641 760 2675 plaîtleplus
773 2642 852 2669 voici
867 2649 1004 2671 comment
1019 2646 1236 2681 vousprocédez
1243 2659 1250 2673 :

684 2703 877 2732 EXEMPLE
892 2717 900 2732 :

392 2753 505 2784 Jeune
520 2751 678 2792 homme,
705 2752 748 2784 30
769 2762 846 2791 ans,
869 2755 940 2787 très
969 2755 1061 2789 belle
1082 2757 1249 2792 situation

348 2796 438 2828 dans
456 2795 645 2836 industrie,
667 2802 814 2839 rapport
830 2799 873 2830 10
883 2800 902 2831 à
921 2800 999 2832 12.0
1001 2802 1045 2832 00
1053 2802 1091 2832 Ir
1095 2827 1117 2833 ..
1132 2802 1249 2836 désire

348 2840 506 2881 mariage
526 2849 570 2872 en
591 2845 748 2883 rapport.
766 2861 810 2865 —
829 2843 950 2876 Ecrire
970 2835 1015 2876 N*
1036 2845 1069 2877 2.

524 2901 570 2925 ou

391 2945 603 2978 Demoiselle
630 2946 673 2979 25
709 2956 787 2990 ans,
822 2948 990 2983 situation
1025 2952 1068 2984 de
1107 2953 1248 2986 fortune

345 2990 469 3022 25.000
490 2990 622 3031 francs,
640 2995 708 3024 etc.
731 3010 773 3015 —
794 2992 914 3026 Ecrire
931 2995 972 3026 N-
997 2998 1029 3028 4.

389 3044 489 3076 Vous
501 3043 552 3076 lui
563 3043 699 3077 écrivez
711 3048 941 3080 vous-même
955 3057 1000 3081 ou
1017 3049 1120 3082 faites
1134 3050 1247 3084 écrire

346 3097 410 3129 par
432 3088 625 3131 quelqu’un
656 3090 700 3122 de
727 3094 826 3123 votre
853 3091 1000 3133 famille,
1030 3104 1073 3126 en
1104 3095 1248 3137 signant

346 3133 390 3164 de
410 3136 510 3165 votre
526 3133 690 3173 numéro,
706 3137 741 3166 et
756 3144 844 3167 vous
859 3140 986 3170 mettez
1000 3147 1062 3170 sur
1076 3138 1248 3174 l’adresse

345 3176 515 3210 cachetée
531 3181 565 3210 et
576 3177 722 3211 timbrée
736 3179 769 3212 le
784 3181 934 3214 numéro
947 3182 989 3215 de
1004 3183 1037 3215 la
1052 3192 1243 3226 personne,

346 3221 534 3254 deuxième
555 3222 765 3265 enveloppe,
788 3233 874 3258 avec
894 3235 953 3258 ces
966 3228 1137 3269 quelques
1156 3234 1246 3262 mots

346 3274 407 3297 sur
417 3275 485 3298 une
498 3270 595 3299 carte
610 3275 653 3299 ou
669 3277 713 3299 un
728 3268 814 3301 bout
825 3270 868 3301 de
878 3271 1001 3312 papier
1011 3273 1101 3305 ainsi
1111 3274 1243 3307 libellé:

347 3321 365 3340 «
382 3311 564 3343 Monsieur
580 3320 625 3343 ou
639 3312 816 3352 Madame,
830 3323 876 3346 ou
888 3316 1157 3350 Mademoiselle
1169 3320 1243 3351 X...

345 3354 458 3395 (votre
482 3364 565 3387 nom
581 3359 617 3387 et
635 3360 734 3389 votre
755 3358 920 3402 numéro)
933 3360 1008 3401 prie
1028 3362 1191 3395 Madame
1211 3364 1246 3396 la

344 3398 535 3431 Directrice
557 3401 601 3432 de
618 3400 650 3433 la
667 3401 786 3434 Revue
795 3404 838 3435 de
859 3403 948 3436 faire
970 3407 1133 3446 parvenir
1153 3410 1245 3441 cette

345 3443 448 3475 lettre
464 3443 483 3475 à
504 3445 550 3476 tel
572 3446 721 3477 numéro
743 3457 761 3476 »
779 3450 813 3479 et
829 3457 916 3480 vous
937 3450 1103 3483 cachetez
1120 3456 1154 3484 et
1165 3451 1244 3484 tim¬

343 3488 425 3520 brez
452 3491 544 3520 cette
581 3489 769 3522 deuxième
801 3493 997 3535 enveloppe
1032 3495 1052 3527 à
1087 3496 1243 3538 laquelle

343 3540 431 3564 vous
453 3534 579 3564 mettez
596 3542 678 3566 mon
701 3535 859 3574 adresse,
881 3540 915 3569 et
941 3538 1088 3571 aussitôt
1122 3550 1242 3582 reçue,

343 3575 378 3612 ie
398 3576 512 3608 défais
529 3577 561 3609 la
591 3578 767 3618 première
793 3582 1003 3623 enveloppe,
1035 3583 1181 3625 j’efface
1210 3586 1243 3619 le

344 3621 493 3653 numéro
516 3621 559 3653 de
581 3621 614 3652 la
634 3622 822 3656 deuxième
843 3628 878 3657 et
898 3631 988 3659 mets
1008 3628 1178 3662 l’adresse
1200 3631 1243 3663 de

343 3664 377 3697 la
397 3674 575 3706 personne
591 3669 625 3697 et
642 3667 831 3708 réexpédie
849 3669 883 3702 la
897 3671 1013 3704 lettre.
1036 3673 1134 3705 Vous
1151 3684 1243 3716 pou¬

343 3719 403 3741 vez
420 3711 680 3751 correspondre
695 3720 782 3745 avec
793 3717 872 3746 tous
893 3724 957 3747 nos
980 3717 1137 3750 abonnés
1160 3728 1242 3752 sans

344 3762 430 3785 vous
447 3753 534 3786 faire
552 3757 750 3788 connaître.
790 3758 836 3790 Ce
871 3759 961 3791 n’est
993 3771 1060 3803 que
1098 3763 1242 3805 lorsque

343 3806 431 3829 vous
449 3806 554 3830 aurez
576 3798 638 3830 fait
657 3803 756 3832 votre
776 3801 896 3842 choix,
931 3814 1001 3845 que
1038 3815 1127 3839 vous
1153 3817 1242 3841 vous

343 3842 479 3874 donnez
502 3843 773 3877 mutuellement
791 3850 888 3880 votre
910 3848 1079 3883 véritable
1096 3852 1241 3885 adresse

342 3889 377 3918 et
396 3895 464 3927 que
499 3895 587 3918 vous
626 3897 712 3920 vous
753 3890 924 3934 ménagez
964 3902 1033 3926 une
1071 3899 1241 3929 entrevue

340 3939 432 3972 pour
448 3929 592 3963 décider
612 3932 655 3964 de
672 3936 771 3966 votre
791 3938 876 3968 sort.

376 4001 416 4027 Le
431 4001 501 4036 prix
531 4001 564 4028 de
575 4006 654 4030 notre
683 4003 872 4032 abonnement
901 4011 942 4034 est
967 4008 1000 4034 de
1021 4013 1112 4037 trente
1134 4014 1241 4045 francs

337 4040 413 4071 pour
439 4036 510 4063 trois
525 4038 597 4064 mois
624 4042 649 4064 et
669 4039 823 4073 cinquante
826 4043 934 4073 francs
956 4046 1030 4077 pour
1051 4046 1101 4072 six
1124 4047 1196 4073 mois
1215 4053 1241 4074 et

339 4081 409 4099 vous
421 4081 491 4099 avez
501 4072 576 4099 droit
591 4076 608 4099 à
623 4076 682 4100 être
696 4074 801 4102 inscrit
815 4078 1022 4112 gratuitement
1036 4089 1087 4106 sur
1101 4091 1147 4108 ma
1162 4082 1238 4110 liste.

380 4115 458 4143 Vous
474 4126 546 4150 x'oye
551 4127 569 4152 ^
583 4117 701 4151 qu'avec
715 4123 789 4146 cette
804 4121 935 4156 modique
948 4132 1061 4156 somme,
1078 4134 1148 4152 vous
1163 4129 1240 4161 pou¬

339 4161 391 4179 vez
400 4161 471 4178 vous
485 4153 602 4186 marier,
617 4162 685 4180 sans
701 4156 786 4182 avoir
800 4158 818 4182 à
840 4160 943 4190 passer
969 4162 1024 4194 par
1039 4161 1087 4186 des
1115 4171 1240 4198 agences

337 4187 389 4222 qui
402 4196 433 4213 se
445 4190 508 4220 font
524 4197 622 4215 verser
635 4189 773 4218 d’avance
788 4192 820 4218 de
833 4200 948 4226 grosses
963 4196 1129 4229 provisions
1150 4202 1176 4224 et
1190 4200 1240 4233 qui

339 4226 510 4257 escomptent
525 4223 558 4250 de
573 4234 690 4260 grosses
707 4228 915 4262 commissions,
946 4233 1018 4265 pour
1041 4232 1184 4260 n’arriver
1214 4235 1240 4261 le

337 4258 406 4293 plus
420 4264 541 4286 souvent
555 4260 572 4286 à
586 4269 683 4287 aucun
697 4264 828 4290 résultat.
855 4264 938 4292 Nous
966 4267 1085 4294 n’avons
1114 4270 1179 4296 rien
1206 4271 1240 4297 de

337 4303 467 4320 commun
485 4304 555 4321 avec
571 4296 612 4321 les
627 4305 759 4331 agences,
778 4308 828 4324 car
845 4309 915 4327 nous
932 4311 966 4328 ne
982 4306 1104 4337 prenons
1127 4315 1239 4333 aucune

337 4330 520 4356 commission
535 4340 585 4357 sur
602 4331 631 4357 la
646 4333 703 4359 dot.
731 4332 775 4361 Un
805 4335 926 4363 modeste
954 4337 1142 4368 abonnement
1168 4351 1239 4369 nous

336 4370 396 4392 se-t
410 4365 444 4391 de
453 4366 610 4399 paiement.

372 4409 532 4444 Lorsqu’un
549 4410 657 4437 abonné
673 4411 739 4438 s'est
747 4411 848 4448 fiancé
864 4420 889 4442 et
901 4417 975 4450 qu’il
991 4419 1035 4445 n’a
1051 4420 1118 4454 plus
1140 4421 1238 4449 besoin

335 4445 368 4471 de
379 4449 458 4471 notre
468 4454 566 4479 revue,
579 4446 605 4472 il
619 4455 691 4473 nous
703 4448 729 4474 le
739 4449 796 4480 fait
807 4453 905 4477 savoir
916 4451 976 4487 afin
988 4464 1040 4488 que
1051 4465 1121 4483 nous
1132 4467 1238 4491 rayons

333 4490 386 4506 son
400 4489 530 4507 annonce
541 4484 616 4515 pour
631 4491 666 4508 ne
678 4486 731 4517 pas
736 4485 822 4517 faire
835 4491 1040 4522 correspondre
1053 4491 1238 4521 inutilement

336 4525 387 4542 nos
402 4516 540 4544 abonnés.

374 4559 446 4586 Tout
461 4560 570 4587 abonné
585 4560 645 4588 doit
658 4562 797 4596 répondre
813 4567 828 4590 à
845 4569 935 4594 toutes
951 4568 991 4595 les
1016 4570 1113 4598 lettres
1126 4572 1177 4606 qui
1192 4573 1237 4600 lui

334 4599 398 4622 sont
413 4595 557 4622 adressées
572 4596 580 4628 ;
597 4596 627 4622 la
641 4597 779 4631 politesse
795 4599 910 4635 l’exige,
941 4612 976 4630 ne
982 4607 1099 4637 fussent
1127 4617 1180 4642 que
1189 4610 1235 4636 cès

334 4631 408 4658 trois
426 4641 460 4658 ou
472 4636 574 4666 quatre
588 4635 658 4659 mots
670 4643 675 4658 :
692 4632 811 4667 Inutile,
822 4639 884 4663 tous
897 4647 955 4664 mes
965 4645 1086 4676 regrets.
1097 4643 1129 4670 —
1141 4643 1235 4672 N'...))

376 4691 474 4723 Pour
482 4694 608 4723 toutes
619 4692 672 4724 les
681 4702 872 4726 annonces
883 4698 1061 4738 ci-après,
1070 4703 1235 4736 s’adres¬

334 4749 399 4771 ser
418 4742 438 4770 à
465 4741 634 4771 Madame
653 4741 772 4774 Veuve
790 4743 1001 4786 CHABAUD,
1027 4749 1233 4785 Directrice

333 4790 377 4820 de
394 4789 425 4820 la
449 4790 467 4807 “
487 4790 610 4821 Revue
630 4790 831 4823 Mensuelle
847 4792 876 4824 ”.

370 4890 483 4919 Veuve
500 4889 538 4918 43
554 4897 626 4920 ans,
641 4898 720 4919 sans
734 4891 861 4924 enfant,
878 4892 1013 4924 fortune
1028 4896 1161 4928 280.000
1177 4901 1230 4936 tr.,

331 4937 477 4959 revenus
494 4929 608 4959 20.000
624 4928 664 4958 fr.
679 4938 741 4966 par
764 4939 818 4966 an,
842 4933 1042 4970 épouserait
1057 4940 1234 4970 monsieur

331 4972 431 5006 ayant
444 4969 527 5007 jolie
544 4969 707 4999 situation
724 4977 767 5000 ou
785 4971 932 5002 fortune.
950 4989 968 4995 -
984 4976 1023 5004 N-
1040 4976 1129 5007 2100.

370 5026 550 5065 Disposant
581 5027 657 5056 d’un
676 5028 807 5058 certain
823 5029 946 5066 capital
972 5032 1009 5068 je
1036 5032 1230 5065 m’intéres¬

331 5066 421 5095 serai
438 5068 455 5096 à
471 5065 590 5096 affaire
604 5067 759 5097 sérieuse
776 5070 793 5097 à
810 5068 928 5101 lancer
942 5076 1089 5108 pouvant
1100 5074 1231 5106 donner

331 5113 411 5145 gros
426 5105 610 5136 bénéfices.
628 5107 654 5136 Il
671 5115 713 5136 ne
726 5115 803 5137 sera
813 5110 965 5146 répondu
976 5112 1097 5148 qu’aux
1110 5115 1229 5147 lettres

331 5145 557 5185 susceptibles
573 5145 808 5178 d’intéresser.
823 5164 842 5170 -
856 5149 899 5179 N°
914 5150 1004 5181 4947.

1350 1377 1459 1406 Jeune
1482 1376 1619 1406 homme
1646 1377 1683 1406 31
1701 1384 1772 1411 ans,
1792 1376 2009 1414 cultivateur,
2029 1377 2084 1408 dot
2102 1377 2214 1408 15.000

1312 1416 1352 1445 fr.
1371 1418 1404 1445 et
1420 1416 1543 1453 petites
1560 1417 1778 1454 espérances,
1796 1417 1994 1455 épouserait
2011 1418 2211 1448 demoiselle

1312 1463 1356 1486 ou
1371 1463 1482 1486 veuve
1498 1457 1716 1487 connaissant
1745 1456 1776 1490 la
1799 1458 1934 1488 culture
1950 1465 1992 1487 ou
2019 1460 2120 1496 ayant
2135 1467 2212 1498 pro¬

1310 1496 1420 1535 priété
1437 1497 1455 1526 à
1471 1496 1652 1535 exploiter.
1670 1513 1679 1519 -
1695 1498 1740 1527 N°
1757 1497 1843 1527 4948.

1351 1553 1512 1592 Employé
1530 1554 1588 1584 des
1605 1555 1756 1586 douanes
1773 1555 1983 1587 célibataire.
1993 1557 2032 1586 28
2045 1565 2116 1593 ans,
2133 1558 2213 1588 trai¬

1310 1596 1441 1625 tement
1465 1595 1559 1625 5.100
1580 1594 1635 1629 fr.,
1661 1595 1827 1634 physique
1857 1597 2031 1634 agréable,
2058 1598 2209 1633 sérieux,

1311 1634 1509 1673 épouserait
1528 1636 1634 1673 jeune
1664 1636 1733 1666 fille
1744 1636 1842 1674 jolie,
1864 1636 2026 1672 honnête,
2052 1637 2155 1674 aisée,
2174 1639 2212 1668 18

1311 1675 1329 1704 à
1344 1675 1382 1704 25
1399 1683 1471 1705 ans.
1483 1691 1496 1698 -
1512 1677 1555 1706 N°
1568 1676 1657 1705 4949.

1350 1732 1552 1764 Célibataire
1580 1735 1619 1763 44
1648 1742 1720 1770 ans,
1747 1734 1860 1765 bonne
1896 1737 2004 1772 santé,
2047 1736 2211 1767 situation

1310 1773 1422 1802 25.000
1451 1773 1505 1808 fr.,
1550 1775 1747 1813 épouserait
1782 1776 1982 1806 demoiselle
2018 1784 2062 1807 ou
2104 1786 2211 1807 veuve

1310 1813 1434 1843 femme
1450 1814 1556 1850 d’int.,
1575 1814 1738 1845 situation
1767 1822 1811 1845 en
1831 1819 1983 1855 rapport.
2014 1833 2033 1839 -
2060 1817 2207 1847 N°4951.

1350 1871 1510 1910 Employé
1551 1874 1723 1907 P.-L.-M.,
1758 1874 1796 1904 28
1824 1882 1895 1911 ans,
1926 1875 1985 1904 400
2020 1884 2083 1914 par
2111 1876 2210 1912 mois,

1310 1913 1507 1950 épouserait
1521 1912 1729 1943 institutrice
1744 1922 1788 1944 ou
1803 1922 1977 1953 personne
1993 1919 2094 1954 ayant
2109 1917 2212 1946 situa¬

1309 1950 1392 1987 tion,
1410 1952 1535 1982 femme
1551 1953 1763 1990 d’intérieur,
1782 1957 1883 1992 ayant
1899 1956 1966 1985 dot.
1988 1971 2007 1978 -
2022 1958 2065 1987 N°
2079 1957 2168 1987 4952.

1348 2010 1492 2041 Divorcé
1508 2012 1526 2041 à
1543 2019 1604 2041 son
1618 2012 1733 2050 profit,
1749 2021 1876 2050 garçon
1901 2015 1938 2043 13
1954 2022 2026 2050 ans,
2045 2023 2122 2044 sans
2139 2015 2212 2045 for¬

1311 2052 1404 2086 tune,
1423 2050 1536 2081 désire
1552 2053 1703 2091 mariage
1720 2061 1801 2084 avec
1818 2062 1936 2090 veuve,
1955 2054 2154 2085 demoiselle
2167 2063 2210 2085 ou

1310 2090 1479 2121 divorcée.
1504 2107 1521 2113 -
1543 2091 1586 2121 N°
1600 2093 1689 2123 4953.

1347 2150 1457 2180 Jeune
1472 2150 1610 2181 homme
1637 2152 1677 2181 28
1701 2160 1773 2188 ans,
1797 2152 1966 2189 orphelin,
1989 2153 2084 2185 avoir
2098 2155 2212 2184 35.000

1309 2188 1364 2225 fr.,
1402 2190 1620 2227 automobile,
1658 2196 1807 2230 gagnant
1837 2193 1928 2223 1.000
1950 2194 1990 2223 fr.
2023 2203 2084 2232 par
2110 2195 2209 2231 mois,

1309 2231 1506 2268 épouserait
1535 2230 1735 2262 demoiselle
1764 2240 1808 2263 ou
1824 2242 1931 2264 veuve
1948 2235 2018 2264 très
2046 2235 2209 2271 honnête,

1308 2272 1408 2307 ayant
1424 2270 1600 2302 situation.
1619 2288 1637 2294 -
1659 2274 1701 2302 N°
1713 2273 1802 2303 4954.

1346 2329 1456 2359 Jeune
1473 2329 1610 2360 homme
1624 2331 1661 2360 31
1680 2339 1753 2366 ans,
1779 2332 2070 2363 situation’12.000
2090 2333 2130 2364 fr.
2148 2342 2211 2372 par

1307 2376 1361 2404 an,
1380 2368 1494 2399 désire
1509 2377 1681 2408 personne
1696 2371 1829 2411 simple,
1844 2373 2014 2411 agréable.
2032 2391 2044 2396 -
2059 2375 2089 2405 N
2094 2383 2101 2389 -
2118 2375 2207 2404 4955.

1347 2427 1524 2457 Monsieur
1538 2429 1619 2458 veuf
1633 2437 1712 2459 sans
1730 2431 1857 2465 enfant,
1873 2431 1912 2461 46
1928 2439 1999 2466 ans,
2024 2434 2210 2471 possédant

1305 2468 1392 2506 petit
1416 2475 1611 2499 commerce
1637 2470 1809 2508 agréable,
1834 2471 1990 2502 s’unirait
2000 2474 2020 2502 à
2035 2481 2208 2512 personne

1306 2507 1345 2537 36
1370 2509 1387 2536 à
1403 2507 1442 2537 40
1455 2516 1527 2542 ans,
1552 2508 1774 2546 affectueuse,
1793 2510 1962 2548 divorcée,
1986 2516 2086 2551 ayant
2103 2514 2209 2544 10.000

1308 2547 1348 2576 fr.
1362 2563 1380 2569 -
1396 2548 1436 2577 N-
1454 2548 1543 2578 4957.

1346 2605 1588 2637 Sous-officier
1625 2615 1668 2638 en
1704 2609 1858 2644 retraite,
1899 2612 1937 2640 38
1967 2619 2040 2647 ans,
2077 2620 2208 2643 revenu

1308 2645 1418 2675 12.000
1440 2645 1481 2676 fr.
1512 2655 1574 2685 par
1603 2656 1658 2684 an,
1690 2650 1887 2687 épouserait
1916 2652 2116 2683 demoiselle
2163 2661 2207 2683 ou

1306 2693 1419 2716 veuve
1433 2689 1536 2724 ayant
1551 2688 1617 2723 dot,
1632 2688 1671 2718 25
1687 2690 1705 2719 à
1719 2690 1758 2718 38
1773 2698 1846 2720 ans.
1863 2706 1874 2711 -
1890 2692 1919 2721 N
1928 2700 1933 2705 -
1954 2692 2047 2722 4958.

1345 2745 1454 2774 Jeune
1485 2745 1622 2775 homme
1635 2747 1674 2776 25
1691 2755 1762 2781 ans,
1788 2747 1902 2778 bonne
1920 2749 2059 2784 famille,
2078 2750 2205 2785 Suisse,

1307 2783 1510 2822 catholique,
1529 2785 1685 2816 sérieuse
1713 2786 1887 2824 situation,
1919 2790 2117 2825 épouserait
2146 2792 2207 2821 de¬

1305 2823 1459 2853 moiselle
1489 2831 1531 2853 ou
1562 2833 1670 2856 veuve
1696 2828 1919 2863 afiectueuse,
1942 2829 2066 2859 femme
2083 2829 2207 2860 d’inté¬

1304 2862 1410 2893 rieur.
1425 2878 1445 2885 -
1459 2864 1489 2893 N
1494 2872 1500 2878 -
1518 2863 1607 2894 4959.

1343 2920 1548 2952 Célibataire
1575 2923 1615 2952 38
1643 2931 1716 2959 ans,
1743 2924 1840 2955 avoir
1853 2924 1966 2956 40.000
1982 2924 2024 2956 fr.
2046 2927 2125 2965 gain
2142 2936 2207 2958 an¬

1305 2960 1396 2996 nuel,
1416 2961 1526 2991 10.000
1537 2962 1577 2992 fr.
1597 2963 1679 2993 dans
1696 2972 1889 2996 commerce
1906 2967 2078 3005 agréable,
2097 2969 2207 3006 épou¬

1305 3001 1412 3031 serait
1425 3009 1600 3041 personne
1621 3003 1811 3036 honorable
1828 3010 1929 3044 ayant
1944 3007 2012 3037 dot.
2030 3024 2042 3029 -
2056 3009 2097 3038 N-
2114 3009 2204 3039 4960.

1342 3060 1580 3091 Sous-officier
1596 3061 1636 3091 de
1653 3062 1817 3098 carrière,
1837 3064 1996 3102 aviation,
2022 3066 2061 3096 29
2077 3074 2149 3102 ans,
2169 3067 2206 3096 10

1305 3106 1365 3129 ans
1404 3099 1444 3130 de
1482 3101 1626 3137 service,
1658 3104 1855 3133 économies
1883 3105 1976 3134 7.000
2006 3106 2060 3140 fr.,
2091 3106 2204 3136 désire

1303 3139 1468 3170 relations
1496 3148 1586 3178 pour
1608 3143 1716 3173 union
1751 3151 1835 3174 avec
1856 3145 1965 3182 jeune
1993 3145 2063 3176 fille
2079 3147 2117 3176 18
2132 3148 2152 3177 à
2165 3147 2206 3177 26

1304 3187 1376 3216 ans,
1393 3188 1454 3219 pas
1472 3181 1613 3212 sérieux
1629 3182 1822 3214 s'abstenir.
1845 3201 1863 3206 -
1878 3186 1920 3216 X'
1941 3185 2032 3216 4961.

1342 3238 1510 3275 Adjudant
1521 3240 1621 3277 génie
1636 3241 1672 3271 31
1691 3249 1763 3275 ans,
1782 3242 1877 3272 solde
1892 3245 2082 3275 mensuelle
2093 3245 2152 3275 537
2162 3246 2202 3276 fr.

1303 3277 1415 3308 bonne
1431 3279 1625 3314 éducation,
1644 3282 1802 3312 médaille
1832 3283 2003 3319 militaire,
2036 3285 2133 3315 croix
2163 3286 2203 3315 de

1303 3325 1440 3356 guerre,
1457 3320 1477 3348 2
1490 3320 1687 3357 citations,4
1703 3323 1878 3352 médailles
1894 3324 2074 3355 deuxième
2087 3326 2202 3362 ordre,

1303 3358 1416 3388 désire
1431 3360 1583 3398 mariage
1606 3368 1647 3390 en
1659 3366 1811 3400 rapport.
1831 3379 1840 3385 -
1854 3364 1884 3394 N
1890 3372 1896 3378 -
1919 3365 2009 3394 4962.

1340 3417 1449 3447 Jeune
1466 3417 1625 3448 militaire
1643 3418 1766 3450 faisant
1780 3429 1840 3450 son
1864 3422 1996 3453 service
2014 3431 2056 3452 au
2073 3424 2201 3460 Maroc,

1301 3456 1340 3485 22
1355 3464 1427 3492 ans,
1436 3457 1527 3487 belle
1543 3458 1715 3495 situation,
1734 3460 1790 3491 dot
1804 3461 1913 3492 20.000
1926 3461 1966 3491 fr.
1992 3463 2087 3493 avoir
2101 3466 2202 3502 après

1301 3499 1452 3534 parents,
1478 3499 1677 3536 épouserait
1693 3501 1893 3532 demoiselle
1908 3505 2010 3540 ayant
2039 3503 2202 3535 situation

1301 3543 1343 3566 en
1359 3542 1511 3576 rapport.
1527 3553 1545 3561 -
1561 3539 1701 3570 N’4964.

1338 3596 1505 3626 Brunette
1526 3597 1566 3626 22
1590 3606 1662 3634 ans,
1693 3599 1823 3633 artiste,
1852 3601 2018 3639 sérieuse,
2039 3603 2203 3634 situation

1302 3635 1391 3664 1.000
1407 3634 1447 3665 fr.
1466 3644 1528 3674 par
1544 3638 1640 3672 mois,
1659 3640 1855 3670 économies
1871 3641 1889 3670 4
1905 3642 1963 3672 000
1980 3643 2020 3672 fr.
2040 3646 2073 3673 et
2090 3643 2201 3674 mobi¬

1301 3674 1375 3710 lier,
1406 3678 1612 3714 espérances
1629 3680 1730 3717 après
1746 3682 1840 3719 père,
1872 3683 2070 3721 épouserait
2095 3685 2201 3722 jeune

1299 3714 1435 3746 homme
1450 3716 1547 3755 d’âge
1563 3721 1598 3747 et
1613 3718 1775 3749 situation
1792 3728 1832 3750 en
1846 3725 1997 3761 rapport.
2015 3740 2033 3745 -
2050 3725 2089 3753 N-
2109 3725 2198 3754 4965.

1338 3774 1543 3805 Demoiselle
1571 3777 1610 3805 29
1634 3784 1708 3811 ans,
1738 3785 1816 3808 sans
1833 3787 2039 3817 commerce,
2057 3783 2201 3820 épouse¬

1297 3813 1365 3844 rait
1376 3822 1505 3851 garçon
1521 3815 1585 3853 âge
1600 3824 1643 3846 en
1659 3821 1810 3855 rapport,
1837 3820 1878 3850 de
1893 3820 2017 3851 beauté
2044 3823 2197 3861 exquise,

1299 3855 1394 3883 avoir
1410 3854 1541 3885 100.000
1555 3855 1596 3885 fr.
1612 3864 1655 3887 ou
1673 3857 1864 3889 s’abstenir.
1888 3877 1907 3882 -
1922 3861 1966 3890 N-
1988 3862 2076 3891 4966.

1337 3912 1635 3944 Sous-lieutenant
1650 3915 1832 3947 infanterie
1850 3918 2030 3952 coloniale,
2048 3920 2197 3955 divorcé,

1296 3951 1335 3980 32
1350 3959 1423 3985 ans,
1448 3953 1548 3990 brun,
1579 3956 1775 3987 épouserait
1798 3959 1901 3993 jeune
1925 3958 2006 3993 fille,
2031 3967 2138 3990 veuve
2154 3968 2197 3991 ou

1298 3991 1470 4026 divorcée,
1486 3993 1525 4022 25
1542 3997 1559 4024 à
1581 3995 1620 4024 30
1635 4003 1708 4030 ans,
1726 3996 1880 4035 échange
1897 3999 2197 4037 renseignements

1298 4032 1331 4060 et
1345 4031 1449 4068 photo
1464 4034 1618 4071 premier
1632 4036 1802 4067 courrier.
1817 4053 1837 4059 -
1858 4039 1888 4069 N
1894 4048 1899 4053 -
1917 4039 2006 4068 4967.

1337 4092 1449 4123 Mutilé
1467 4094 1507 4124 de
1523 4103 1650 4133 guerre
1666 4098 1704 4127 42
1720 4106 1792 4134 ans,
1810 4101 1950 4131 ouvrier
1966 4110 2099 4139 maçon,
2117 4111 2195 4133 sans

1296 4129 1443 4169 fortune,
1473 4134 1586 4165 désire
1615 4144 1726 4168 veuve
1746 4139 1786 4168 de
1811 4148 1951 4177 guerre.
1960 4141 1999 4172 30
2015 4143 2034 4172 à
2062 4143 2101 4173 45
2122 4151 2196 4178 ans,

1296 4171 1406 4203 même
1421 4181 1503 4205 avec
1519 4176 1646 4206 enfant.
1671 4179 1741 4208 -N-
1759 4179 1848 4209 4968.

1335 4236 1539 4269 Demoiselle
1568 4240 1607 4268 28
1623 4247 1695 4276 ans,
1727 4241 1840 4271 bonne
1857 4242 1994 4279 famille,
2012 4244 2091 4274 bien
2115 4254 2195 4276 sous

1295 4276 1370 4305 tous
1387 4281 1558 4316 rapports,
1590 4280 1647 4309 dot
1662 4284 1696 4310 et
1707 4281 1791 4318 jolie
1814 4282 1976 4313 situation
2001 4285 2041 4314 de
2059 4284 2195 4316 fortune

1296 4317 1395 4352 après
1412 4321 1564 4356 parents,
1576 4321 1773 4358 épouserait
1790 4324 1965 4353 monsieur
1980 4324 2019 4354 30
2033 4326 2051 4354 à
2066 4325 2106 4355 45
2120 4335 2192 4359 ans,

1294 4356 1540 4394 sérieux,actif,
1551 4359 1732 4391 industriel
1743 4369 1786 4392 ou
1797 4367 2042 4400 commerçant.
2054 4366 2095 4395 N*
2104 4367 2192 4397 4970.

1334 4414 1494 4453 Employé
1505 4417 1545 4447 de
1557 4418 1707 4456 Banque,
1720 4420 1758 4448 28
1770 4428 1841 4454 ans,
1857 4421 2017 4452 situation
2030 4423 2191 4461 d’avenir,

1293 4454 1385 4484 6.000
1414 4454 1467 4491 fr.,
1499 4458 1609 4493 grand
1637 4467 1742 4494 cœur,
1762 4459 1968 4494 affectueux,
1994 4465 2192 4500 épouserait

1293 4494 1493 4526 demoiselle
1507 4496 1547 4526 20
1561 4498 1580 4526 à
1594 4498 1634 4527 25
1656 4507 1728 4535 ans,
1742 4500 1838 4537 jolie,
1864 4500 2068 4540 distinguée,
2092 4507 2195 4542 ayant

1292 4535 1386 4564 avoir
1402 4542 1445 4566 ou
1462 4543 1657 4567 commerce
1672 4537 1861 4577 papeterie.
1877 4558 1889 4563 -
1902 4542 1930 4572 N
1937 4550 1942 4556 -
1960 4542 2049 4572 4971.

1331 4589 1439 4619 Jeune
1455 4589 1592 4620 homme
1607 4591 1646 4620 30
1667 4600 1741 4628 ans,
1762 4594 1982 4629 cordonnier,
2003 4604 2083 4626 sans
2119 4597 2193 4628 for¬

1292 4629 1384 4662 tune,
1416 4629 1529 4659 désire
1553 4633 1704 4670 mariage
1736 4641 1818 4663 avec
1847 4635 1949 4669 jeune
1973 4635 2042 4666 fille
2057 4638 2096 4667 24
2119 4639 2137 4667 à
2153 4638 2192 4667 30

1292 4675 1365 4697 ans.
1383 4684 1391 4689 -
1410 4670 1449 4699 N-
1468 4670 1558 4701 4972.

1329 4725 1420 4756 Veuf
1435 4727 1476 4757 59
1491 4735 1562 4764 ans,
1580 4728 1678 4766 libre,
1697 4730 1792 4761 avoir
1807 4732 1848 4761 50
1861 4732 1921 4762 000
1932 4732 1986 4769 fr.,
2013 4734 2092 4763 bien
2109 4741 2188 4763 sous

1291 4767 1366 4795 tous
1383 4766 1432 4796 les
1448 4771 1619 4806 rapports,
1649 4771 1847 4808 épouserait
1874 4780 2049 4811 personne
2063 4774 2103 4803 35
2118 4775 2135 4803 à
2151 4774 2190 4802 48

1290 4813 1362 4841 ans,
1379 4806 1551 4842 instruite,
1576 4813 1677 4846 ayant
1700 4810 1863 4842 situation
1878 4820 1922 4843 ou
1938 4814 2034 4843 avoir
2049 4821 2092 4843 en
2109 4821 2190 4851 rap¬

1289 4848 1377 4884 port.
1394 4862 1413 4867 -
1429 4848 1468 4877 N-
1487 4848 1575 4878 4973.

1328 4904 1582 4936 Lieutenant38
1599 4915 1671 4943 ans,
1691 4908 1792 4944 brun,
1809 4910 1960 4944 sérieux,
1980 4909 2070 4944 actif,
2089 4917 2190 4948 pour¬

1288 4944 1355 4974 rait
1368 4945 1517 4982 prendre
1531 4953 1568 4975 sa
1584 4949 1727 4978 retraite
1741 4956 1830 4987 pour
1845 4958 1881 4980 se
1897 4950 2003 4980 livrer
2024 4958 2067 4979 au
2093 4957 2188 4979 com¬

1289 4990 1415 5018 merce,
1440 4985 1552 5015 désire
1568 4987 1673 5018 union
1690 4996 1773 5018 avec
1789 4989 1986 5019 demoiselle
2002 4996 2044 5019 ou
2067 4996 2185 5025 veuve,

1288 5021 1448 5055 situation
1463 5032 1506 5053 en
1521 5030 1674 5064 rapport.
1690 5044 1708 5050 -
1725 5029 1752 5058 N
1759 5038 1765 5044 -
1782 5029 1872 5060 4974.

1327 5081 1443 5112 Suisse
1459 5082 1498 5112 45
1509 5091 1582 5120 ans,
1594 5086 1688 5115 avoir
1705 5086 1816 5116 12.000
1831 5087 1883 5122 fr.,
1898 5086 2188 5125 cuisinier,épou¬

1288 5121 1393 5151 serait
1397 5123 1505 5159 jeune
1515 5122 1585 5154 fille
1595 5124 1765 5163 française
1774 5134 1817 5156 ou
1832 5125 1901 5157 fille
1916 5125 2051 5161 d’hôtel,
2062 5126 2187 5157 femme

1287 5160 1496 5199 d’intérieur,
1510 5163 1591 5194 bien
1604 5172 1685 5195 sous
1700 5169 1777 5197 tous
1786 5166 1835 5196 les
1849 5168 2066 5205 rapports.-N
2071 5175 2077 5181 -
2094 5168 2183 5197 4975.

2307 1380 2511 1411 Demoiselle
2549 1383 2587 1413 36
2623 1392 2694 1420 ans,
2739 1386 2906 1420 sérieuse,
2943 1388 3165 1428 affectueuse,

2269 1419 2393 1450 femme
2411 1421 2620 1458 d’intérieur,
2638 1426 2842 1466 catholique,
2860 1428 3026 1466 physique
3042 1433 3167 1468 agréa¬

2267 1459 2334 1495 ble,
2353 1463 2421 1496 dot,
2452 1462 2565 1493 désire
2582 1464 2732 1503 mariage
2748 1475 2831 1497 avec
2847 1469 3025 1500 monsieur
3036 1470 3077 1500 38
3093 1473 3112 1501 à
3126 1473 3166 1502 45

2268 1509 2340 1537 ans,
2359 1505 2460 1539 ayant
2477 1504 2650 1535 situation.
2667 1521 2685 1528 -
2700 1507 2729 1536 N
2735 1515 2741 1521 -
2757 1507 2847 1538 4976.

2306 1560 2416 1589 Jeune
2445 1560 2581 1592 homme
2610 1564 2648 1592 24
2673 1572 2745 1601 ans,
2777 1566 2927 1602 sérieux,
2953 1569 3108 1607 employé
3125 1571 3165 1601 de

2267 1598 2402 1628 chemin
2441 1600 2481 1630 de
2521 1601 2584 1638 fer,
2613 1607 2716 1640 ayant
2751 1606 2939 1644 propriété,
2968 1610 3166 1647 épouserait

2268 1639 2467 1670 demoiselle
2496 1649 2540 1672 ou
2556 1651 2664 1674 veuve
2679 1645 2717 1674 19
2733 1646 2752 1675 à
2766 1646 2805 1676 27
2828 1655 2899 1684 ans,
2928 1652 3030 1685 ayant
3058 1650 3163 1688 petite

2268 1679 2335 1709 dot.
2353 1696 2367 1702 -
2381 1681 2528 1711 N-4977.

2305 1738 2540 1769 Jeunefille29
2555 1748 2626 1777 ans,
2645 1744 2885 1780 représentant
2902 1746 2942 1776 de
2958 1754 3164 1784 commerce,

2267 1781 2369 1815 ayant
2384 1780 2571 1820 propriété,
2590 1781 2777 1812 cherchant
2788 1783 2959 1822 affection,
2969 1795 3005 1818 se
3022 1789 3166 1819 dévoue¬

2267 1818 2334 1848 rait
2362 1820 2381 1848 à
2403 1821 2510 1857 grand
2537 1820 2652 1851 blessé
2676 1823 2716 1852 de
2732 1831 2869 1861 guerre,
2895 1834 2938 1857 ou
2956 1830 2973 1857 à
2990 1829 3166 1860 monsieur

2268 1857 2437 1896 distingué
2468 1860 2616 1897 fortuné,
2648 1863 2876 1895 recherchant
2896 1868 2998 1904 appui
3015 1869 3133 1899 moral.
3152 1886 3166 1891 -

2268 1899 2307 1927 N-
2325 1898 2415 1928 4978.

2306 1962 2416 1992 Jeune
2432 1964 2669 2001 sous-officier,
2700 1967 2739 1995 26
2754 1974 2826 2003 ans,
2845 1970 3033 2001 secrétaire
3050 1972 3167 2003 d’état-

2267 2003 2389 2040 major,
2420 2005 2616 2041 épouserait
2640 2007 2746 2042 jeune
2762 2006 2832 2038 fille
2848 2009 3019 2048 instruite,
3036 2012 3168 2043 intelli¬

2266 2045 2381 2079 gente,
2400 2042 2463 2080 âge
2479 2052 2520 2073 en
2537 2048 2688 2083 rapport.
2705 2063 2717 2068 -
2733 2048 2774 2077 N-
2792 2049 2881 2079 4980.

2307 2104 2480 2143 Capitaine
2496 2106 2618 2142 active,
2636 2108 2674 2137 34
2687 2117 2759 2145 ans,
2785 2119 2827 2141 au
2845 2113 2960 2143 Maroc
2976 2119 3169 2146 momenta¬

2266 2145 2417 2178 nément,
2429 2145 2543 2176 désire
2559 2150 2810 2188 correspondre
2819 2159 2907 2189 pour
2917 2154 3069 2193 mariage
3085 2164 3169 2187 avec

2262 2185 2369 2221 jeune
2386 2185 2455 2216 fille
2484 2188 2689 2225 catholique,
2717 2190 2831 2222 bonne
2847 2192 2985 2230 famille,
3005 2195 3167 2227 situation

2267 2232 2309 2254 en
2325 2229 2478 2264 rapport.
2494 2242 2513 2248 -
2528 2228 2558 2258 N
2563 2236 2569 2242 -
2587 2229 2676 2260 4981.

2305 2288 2414 2318 Jeune
2429 2288 2566 2319 homme
2581 2291 2620 2319 24
2650 2299 2722 2328 ans,
2750 2292 2932 2326 industriel
2963 2304 3006 2327 au
3037 2299 3164 2334 Maroc,

2267 2326 2428 2358 situation
2446 2329 2557 2359 16.000
2571 2330 2626 2364 fr.,
2658 2333 2856 2370 épouserait
2877 2335 3076 2368 demoiselle
3094 2339 3130 2369 16
3147 2341 3166 2369 à

2263 2367 2304 2396 20
2319 2375 2391 2404 ans,
2410 2368 2572 2400 situation
2587 2379 2630 2401 en
2653 2377 2804 2411 rapport.
2822 2391 2835 2396 -
2849 2376 2890 2405 N‘
2908 2377 2996 2406 4982.

2303 2431 2414 2461 Jeune
2442 2432 2578 2463 homme
2592 2434 2631 2463 23
2654 2442 2726 2470 ans,
2759 2436 2910 2473 sérieux,
2941 2441 3164 2479 agriculteur,

2266 2478 2344 2500 sans
2361 2471 2510 2505 fortune,
2528 2476 2736 2511 espérances
2760 2479 2863 2515 après
2877 2482 3031 2517 parents,
3062 2483 3167 2520 épou¬

2264 2512 2370 2540 serait
2399 2511 2597 2543 demoiselle
2627 2521 2670 2545 ou
2685 2524 2805 2551 veuve,
2826 2518 2862 2547 19
2878 2519 2896 2548 à
2912 2520 2950 2548 28
2967 2528 3038 2557 ans,
3063 2526 3166 2558 ayant

2265 2550 2372 2588 petite
2389 2552 2563 2584 situation.
2580 2570 2597 2576 -
2611 2556 2652 2585 N-
2670 2556 2759 2585 4983.

2304 2613 2507 2644 Célibataire
2522 2616 2561 2645 35
2579 2624 2652 2650 ans,
2682 2618 2935 2652 fonctionnaire
2965 2630 3007 2653 au
3035 2625 3162 2661 Maroc,

2264 2653 2425 2684 situation
2453 2655 2545 2684 9.000
2559 2656 2613 2691 fr.,
2632 2657 2746 2689 désire
2764 2660 2916 2699 mariage
2933 2670 3015 2693 avec
3033 2664 3165 2695 demoi¬

2264 2693 2348 2724 selle
2364 2702 2409 2724 ou
2424 2703 2532 2725 veuve
2546 2697 2585 2726 25
2600 2698 2619 2727 à
2633 2697 2673 2727 30
2688 2707 2761 2732 ans,
2779 2704 2882 2737 ayant
2898 2702 3061 2735 situation
3078 2712 3086 2740 ;
3102 2713 3164 2744 pas

2263 2733 2404 2764 sérieux
2419 2734 2609 2766 s’abstenir.
2626 2753 2646 2759 -
2660 2738 2700 2769 N’
2718 2739 2807 2770 4984.

2304 2796 2507 2832 Demoiselle
2523 2799 2562 2828 35
2577 2807 2650 2834 ans,
2669 2800 2792 2831 femme
2809 2803 2852 2832 du
2874 2805 3009 2840 monde,
3027 2806 3161 2842 blonde,

2263 2834 2467 2873 distinguée,
2498 2838 2610 2868 désire
2639 2840 2744 2870 union
2761 2848 2843 2872 avec
2868 2845 3046 2876 monsieur
3061 2851 3163 2884 ayant

2261 2874 2351 2905 belle
2368 2876 2540 2907 situation.
2557 2894 2576 2900 -
2591 2879 2631 2907 N-
2649 2879 2738 2909 4985.

2301 2937 2506 2969 Demoiselle
2534 2940 2574 2970 48
2598 2949 2668 2979 ans,
2697 2950 2775 2973 sans
2801 2943 3003 2981 profession,
3037 2947 3161 2979 femme

2263 2977 2474 3012 d’intérieur,
2486 2979 2597 3010 bonne
2608 2982 2798 3018 éducation,
2808 2984 2975 3023 physique
2985 2989 3158 3025 agréable,

2263 3018 2403 3056 capable
2418 3018 2458 3049 de
2475 3020 2711 3056 dévouement,
2721 3025 2918 3061 épouserait
2929 3028 3105 3059 monsieur
3117 3038 3160 3060 ou

2260 3058 2403 3088 retraité
2419 3062 2520 3096 ayant
2535 3060 2647 3091 bonne
2663 3062 2835 3094 situation.
2859 3080 2876 3086 -
2893 3067 2921 3096 N
2927 3074 2933 3080 -
2951 3067 3040 3097 4986.

2302 3117 2414 3146 Veuve
2429 3117 2468 3147 35
2483 3126 2555 3151 ans,
2574 3127 2652 3149 sans
2675 3120 2801 3155 enfant,
2820 3122 2981 3154 situation
2997 3126 3091 3156 7.000
3108 3127 3159 3164 fr.,

2261 3156 2458 3187 économies
2475 3158 2585 3189 10.000
2599 3159 2654 3195 fr.,
2670 3160 2841 3192 intérieur
2855 3164 3026 3202 agréable,
3057 3171 3160 3201 épou¬

2261 3196 2367 3227 serait
2383 3198 2559 3228 monsieur
2575 3203 2674 3237 ayant
2690 3200 2851 3233 situation
2868 3203 2959 3234 sûre.
2976 3221 2995 3227 -
3011 3208 3040 3237 N
3044 3215 3050 3221 -
3067 3208 3157 3237 4987.

2300 3256 2409 3285 Jeune
2425 3255 2561 3287 homme
2571 3258 2692 3294 36ans,
2703 3260 2930 3297 propriétaire
2947 3264 3160 3300 agriculteur

2259 3294 2422 3326 situation
2437 3299 2590 3331 assurée,
2609 3298 2721 3329 désire
2741 3299 2827 3330 faire
2852 3304 3098 3335 connaissance
3116 3307 3156 3337 de

2260 3335 2459 3366 demoiselle
2488 3344 2532 3367 ou
2554 3346 2662 3369 veuve
2685 3340 2723 3369 25
2740 3341 2757 3369 à
2772 3341 2811 3370 30
2836 3349 2908 3377 ans,
2928 3343 2983 3380 qui
2999 3346 3159 3376 voudrait

2259 3375 2345 3405 aller
2367 3384 2410 3406 au
2439 3377 2582 3412 Canada,
2600 3379 2736 3410 fortune
2752 3389 2811 3413 pas
2828 3381 2949 3420 exigée
2970 3384 3054 3414 mais
3071 3393 3157 3416 con¬

2259 3414 2350 3445 duite
2371 3416 2630 3455 irréprochable
2645 3435 2658 3440 -
2678 3421 2707 3450 N
2713 3429 2718 3435 -
2743 3421 2832 3450 4988.

2297 3474 2407 3504 Jeune
2423 3474 2559 3506 homme
2574 3476 2745 3515 indigène,
2769 3479 2808 3509 23
2825 3487 2896 3515 ans,
2913 3482 3157 3519 propriétaire-

2259 3514 2475 3548 cultivateur,
2503 3516 2615 3545 bonne
2645 3517 2783 3554 famille,
2822 3519 2986 3550 demande
3003 3523 3155 3561 mariage

2254 3554 2361 3590 jeune
2376 3554 2445 3585 fille
2464 3556 2499 3584 18
2521 3557 2540 3585 à
2555 3557 2593 3586 25
2609 3565 2681 3592 ans,
2712 3561 2814 3595 ayant
2841 3559 2987 3596 fortune,
3006 3570 3157 3602 envoyer

2257 3593 2373 3631 photo.
2390 3610 2409 3616 -
2423 3596 2453 3626 N
2459 3604 2465 3610 -
2481 3596 2570 3626 4920.

2296 3652 2411 3682 Veuve
2439 3653 2611 3690 d’officier,
2630 3664 2707 3686 sans
2731 3656 2858 3693 enfant,
2875 3658 2914 3687 35
2930 3666 3002 3694 ans,
3021 3659 3156 3698 blonde,

2257 3691 2462 3731 distinguée,
2479 3694 2557 3724 bien
2572 3696 2845 3734 physiquement,
2869 3698 2992 3728 femme
3009 3700 3153 3736 d’ordre,

2255 3732 2348 3762 2.400
2365 3735 2405 3762 de
2418 3737 2544 3769 rentes,
2558 3735 2621 3773 joli
2645 3735 2825 3769 intérieur,
2844 3740 3039 3776 épouserait
3055 3748 3155 3771 mon¬

2256 3772 2350 3802 sieur
2366 3772 2570 3810 affectueux,
2589 3776 2716 3806 officier
2743 3784 2787 3807 ou
2802 3777 2963 3808 situation
2981 3787 3155 3811 convena¬

2255 3812 2320 3841 ble.
2337 3814 2367 3843 N
2401 3814 2484 3844 4989.

2293 3871 2653 3905 Adjuuantinfanterie
2669 3874 2849 3907 coloniale,
2860 3875 2981 3911 28ans,
2994 3879 3152 3910 médaille

2254 3910 2426 3945 militaire,
2444 3913 2641 3950 épouserait
2652 3914 2759 3951 jeune
2775 3914 2842 3943 fille
2857 3922 2901 3945 ou
2917 3924 3024 3947 veuve
3040 3918 3151 3950 même

2252 3958 2334 3980 avec
2351 3952 2478 3989 enfant,
2494 3953 2534 3982 20
2549 3955 2567 3984 à
2582 3953 2621 3983 30
2635 3961 2707 3989 ans,
2726 3953 2887 3984 situation
2910 3963 2952 3985 en
2968 3962 3118 3996 rapport.
3132 3976 3151 3982 -

2253 3992 2293 4021 N-
2312 3991 2370 4021 49»

2291 4050 2402 4081 Jeune
2438 4051 2575 4081 homme
2615 4051 2656 4080 25
2694 4059 2767 4087 ans,
2798 4051 2960 4083 situation
2989 4058 3150 4088 annuelle

2251 4089 2363 4121 60.000
2376 4090 2430 4124 fr.,
2462 4100 2502 4121 au
2520 4093 2573 4121 Ma
2579 4100 2588 4112 r
2596 4099 2648 4124 oc,
2670 4092 2765 4121 avoir
2778 4092 2818 4121 30
2833 4092 2891 4121 000
2909 4094 2947 4122 fr.
2966 4097 3000 4124 et
3017 4096 3147 4127 maison

2252 4130 2477 4165 confortable,
2507 4131 2703 4169 épouserait
2731 4132 2835 4168 jeune
2859 4131 2929 4163 fille
2946 4134 2983 4163 18
2999 4136 3019 4164 à
3032 4136 3072 4165 22
3087 4144 3148 4167 ans

2251 4171 2390 4201 voulant
2404 4171 2538 4201 habiter
2555 4172 2681 4201 Maroc.
2698 4187 2710 4192 -
2721 4171 2762 4200 N'
2779 4172 2868 4200 4991.

2292 4228 2496 4259 Demoiselle
2518 4228 2557 4258 35
2584 4236 2656 4264 ans,
2670 4227 2765 4266 jolie,
2785 4228 2987 4268 distinguée,
3006 4232 3149 4265 affectu¬

2250 4276 2344 4303 euse,
2360 4269 2552 4304 éducation,
2571 4267 2666 4297 avoir
2685 4271 2718 4297 et
2748 4267 2921 4306 situation,
2952 4273 3151 4310 épouserait

2250 4309 2427 4339 monsieur
2443 4308 2590 4344 sérieux,
2605 4308 2644 4336 38
2661 4309 2678 4337 à
2694 4307 2733 4337 40
2748 4315 2820 4344 ans,
2848 4309 3011 4342 situation
3038 4315 3146 4350 Paris,

2251 4349 2322 4379 très
2339 4349 2488 4379 sérieux.
2506 4364 2518 4369 -
2534 4347 2563 4377 N
2569 4356 2575 4362 -
2592 4347 2682 4377 4992.

2289 4410 2491 4440 Célibataire
2517 4410 2555 4439 45
2572 4418 2644 4442 ans,
2675 4410 2825 4446 sérieux,
2856 4412 3017 4451 honnête,
3052 4420 3147 4447 avoir

2247 4451 2360 4481 20.000
2376 4449 2431 4485 fr.,
2450 4449 2626 4484 musicien,
2645 4449 2780 4485 cultivé,
2803 4454 3000 4489 épouserait
3017 4456 3147 4488 demoi¬

2248 4491 2334 4520 selle
2346 4498 2391 4520 ou
2407 4497 2517 4519 veuve
2528 4497 2607 4518 sans
2623 4489 2751 4526 enfant,
2769 4491 2833 4529 âge
2848 4494 2883 4522 et
2897 4493 3034 4526 fortune
3047 4496 3147 4527 indif¬

2248 4531 2370 4560 férent.
2388 4545 2406 4551 -
2421 4530 2462 4559 N‘
2479 4529 2568 4558 4994.

2287 4588 2397 4617 Jeune
2410 4586 2478 4616 fille
2493 4587 2531 4614 23
2548 4595 2619 4621 ans,
2638 4587 2825 4626 employée,
2843 4589 2962 4627 brune,
2981 4594 3146 4633 physique

2248 4627 2420 4664 agréable,
2448 4626 2560 4656 20.000
2573 4626 2626 4661 fr.,
2660 4628 2728 4658 très
2758 4628 2978 4666 affectueuse,
2996 4636 3145 4672 épouse¬

2247 4667 2314 4696 rait
2328 4673 2499 4705 personne
2530 4667 2691 4698 situation
2712 4676 2754 4697 en
2771 4675 2921 4708 rapport.
2952 4689 2969 4694 -
2996 4676 3035 4705 N-
3052 4676 3131 4707 4996

2285 4724 2395 4754 Jeune
2418 4722 2488 4753 fille
2511 4724 2551 4754 25
2578 4732 2651 4757 ans,
2664 4726 2761 4763 jolie,
2777 4728 3000 4768 musicienne,
3019 4732 3143 4764 femme

2247 4764 2290 4793 du
2307 4764 2440 4799 monde,
2457 4764 2626 4800 instruite,
2641 4765 2709 4795 fille
2726 4766 2766 4796 de
2782 4767 2863 4798 haut
2879 4769 3140 4810 fenctionnaire,

2247 4804 2444 4847 épouserait
2460 4805 2635 4835 monsieur
2646 4805 2684 4835 26
2694 4809 2707 4835 à
2719 4807 2757 4835 38
2769 4816 2829 4837 ans
2845 4809 2998 4843 habitant
3014 4816 3142 4852 grande

2244 4843 2325 4874 ville
2341 4845 2471 4874 France
2487 4852 2530 4874 ou
2547 4845 2710 4876 colonies.
2728 4862 2744 4868 -
2761 4847 2801 4877 N-
2819 4849 2908 4880 4997.

2285 4911 2395 4940 Jeune
2410 4911 2546 4941 homme
2565 4913 2604 4942 24
2632 4921 2704 4947 ans,
2730 4913 2828 4952 brun,
2853 4917 2947 4948 avoir
2959 4918 3071 4948 20.000
3088 4918 3142 4955 fr.,

2246 4949 2409 4981 situation
2425 4951 2578 4988 libérale,
2597 4953 2762 4983 demande
2772 4957 2874 4992 jeune
2891 4957 2962 4987 fille
2978 4966 3022 4988 ou
3033 4967 3142 4989 veuve

2246 4990 2409 5020 situation
2426 4999 2469 5021 en
2485 4994 2635 5031 rapport.
2654 5010 2666 5015 -
2679 4995 2721 5024 N-
2739 4995 2828 5027 4862.

2284 5049 2393 5079 Jeune
2408 5048 2557 5086 homme,
2574 5051 2767 5088 sud-ouest,
2787 5053 2841 5083 fils
2855 5054 2992 5092 unique,
3009 5055 3069 5084 300
3082 5055 3142 5085 000

2246 5088 2301 5123 fr.,
2316 5088 2416 5122 brun,
2432 5098 2493 5128 pas
2510 5090 2657 5128 fumeur,
2669 5093 2864 5132 épouserait
2881 5093 3078 5124 demoiselle
3095 5103 3139 5125 ou

2245 5136 2352 5159 veuve
2369 5130 2536 5164 sérieuse,
2567 5131 2629 5169 âge
2660 5136 2693 5163 et
2708 5133 2869 5163 situation
2886 5142 2927 5165 en
2953 5138 3103 5173 rapport.
3122 5152 3140 5158 -

2242 5170 2285 5199 N-
2301 5168 2391 5199 4998.
