3536 5552
2452 348 2537 387 LO
2588 342 2824 385 Février
2878 340 3021 379 1921

314 530 1220 745 REVUE
1434 499 3076 728 MENSUELLE

450 806 641 863 Liste
663 803 1110 859 d’Annonces
1132 790 1706 853 Matrimoniales
1722 785 2142 861 paraissant
2167 781 2227 838 le
2248 779 2348 836 20
2367 777 2452 833 de
2473 776 2740 847 chaque
2762 772 2944 829 mois

578 922 890 961 LAbonnement
904 921 942 957 et
957 919 1004 956 de
1023 915 1134 962 TRENTE
1157 912 1270 964 FRANCS
1285 924 1391 963 pour
1408 911 1546 960 quatre
1566 909 1667 946 mois
1689 909 1727 945 et
1743 903 1899 963 QUARANTE
1917 900 2029 952 FRANCS
2044 912 2151 952 pour
2168 901 2234 938 six
2253 899 2355 936 mois
2374 896 2562 934 donnant
2578 892 2685 931 droit
2703 893 2728 930 à
2747 902 2827 929 une

789 986 1023 1036 inscription
1040 983 1217 1033 gratuite
1236 991 1307 1019 sur
1326 990 1391 1017 ma
1411 977 1513 1015 liste.
1543 975 1581 1013 —
1608 975 1678 1014 Les
1698 982 1900 1012 annonces
1919 970 2013 1009 sont
2032 968 2081 1006 de
2100 968 2240 1018 quatre
2260 967 2389 1016 lignes
2409 962 2640 1001 maximum.

379 1068 652 1101 Abonnements
690 1075 784 1105 pour
823 1064 1034 1103 l’Etranger
1070 1067 1079 1092 :
1114 1055 1408 1094 TRENTE-CINQ
1445 1055 1577 1085 francs
1615 1061 1709 1093 pour
1746 1052 1880 1091 quatre
1919 1048 2013 1079 mois
2050 1048 2086 1078 et
2125 1040 2483 1082 QUARANTE-CINQ
2520 1039 2651 1070 francs
2690 1045 2784 1077 pour
2820 1035 2875 1067 six
2914 1034 3017 1066 mois.

696 1134 877 1173 Adresser
897 1131 1034 1170 Lettres
1049 1132 1085 1168 et
1103 1127 1282 1167 Mandats
1301 1126 1324 1164 à
1343 1124 1450 1163 Mme
1461 1123 1601 1174 Jeanne
1620 1116 1963 1164 PENCHENIER,
1985 1114 2189 1154 Directrice
2208 1112 2256 1152 de
2274 1112 2309 1153 la
2329 1111 2466 1153 Revue
2484 1106 2704 1147 Mensuelle

1256 1192 1337 1234 Rue
1358 1191 1478 1230 Pierre
1497 1186 1667 1233 Taillant,
1691 1184 1982 1234 Pont-St-Esprit
2003 1182 2140 1233 (Gard)

333 1352 425 1380 Notre
439 1360 536 1378 œuvre
551 1359 567 1377 a,
582 1353 655 1384 pour
670 1348 718 1375 but
734 1348 766 1375 de
782 1347 865 1375 venir
878 1356 911 1373 en
927 1345 991 1372 aide
1001 1354 1061 1372 aux
1063 1343 1200 1377 familles

300 1389 351 1424 qui
364 1388 491 1414 désirent
505 1385 612 1413 marier
627 1385 707 1411 leurs
722 1386 848 1416 enfants,
864 1391 926 1409 aux
941 1389 1047 1408 veuves
1062 1379 1114 1414 qui
1128 1388 1200 1406 vou¬

300 1424 413 1451 draient
428 1431 458 1450 se
471 1421 620 1452 remarier,
638 1429 697 1447 aux
726 1418 877 1453 orphelins
907 1421 932 1444 et
960 1426 1021 1443 aux
1048 1415 1201 1442 messieurs

300 1460 351 1496 qui
365 1462 463 1486 rêvent
477 1458 510 1484 de
524 1467 554 1484 se
561 1456 669 1489 fonder
683 1464 723 1481 un
730 1456 830 1490 foyer,
844 1463 899 1480 une
906 1452 1038 1486 famille.

335 1503 428 1531 Notre
441 1511 540 1529 œuvre
553 1509 619 1528 sera
637 1502 802 1535 approuvée
820 1501 875 1532 par
890 1502 957 1524 tous
984 1505 1035 1522 nos
1063 1494 1199 1523 abonnés,

302 1538 449 1574 lorsqu'ils
464 1540 586 1565 sauront
598 1535 684 1571 qu'ils
699 1538 825 1569 peuvent
840 1538 957 1560 trouver
982 1534 1072 1568 grâce
1087 1533 1104 1557 à
1120 1533 1201 1557 notre

301 1583 452 1606 concours,
470 1574 496 1600 le
510 1582 612 1608 moyen
626 1572 659 1598 de
673 1580 703 1598 se
709 1571 816 1597 marier
828 1569 908 1596 selon
919 1568 996 1596 leurs
1011 1569 1108 1603 goûts,
1124 1566 1202 1592 leurs

303 1620 372 1639 vues
389 1615 414 1637 et
429 1610 508 1637 selon
525 1610 603 1636 leurs
617 1607 790 1634 conditions.

340 1655 421 1683 Nous
436 1654 536 1689 prions
552 1653 594 1680 les
609 1652 709 1679 Dames
725 1655 751 1677 et
766 1652 807 1677 les
822 1649 980 1676 Messieurs
1005 1648 1037 1674 de
1058 1655 1129 1673 nous
1154 1654 1203 1672 en¬

306 1700 393 1725 voyer
409 1692 435 1718 le
449 1690 516 1724 plus
531 1688 682 1716 d’abonnés
697 1686 835 1721 possible,
852 1684 912 1720 afin
926 1693 980 1718 que
1000 1686 1078 1710 notre
1106 1689 1204 1708 œuvre

304 1726 503 1762 s’agrandisse
518 1729 544 1752 et
559 1724 654 1758 puisse
664 1726 719 1758 par
733 1731 764 1749 ce
778 1730 878 1755 moyen
886 1720 1025 1753 faciliter
1041 1717 1156 1745 nombre
1171 1716 1204 1742 de

305 1763 440 1798 mariage
455 1765 481 1788 et
488 1760 571 1794 faire
588 1760 614 1786 le
628 1760 696 1794 plus
720 1757 878 1784 d'heureux
893 1755 1029 1791 possible,
1059 1763 1110 1780 car
1138 1752 1205 1779 c'est

306 1807 362 1825 une
374 1798 464 1824 bonne
480 1797 577 1823 action
591 1805 645 1830 que
657 1803 728 1822 vous
735 1796 824 1828 fere\
852 1802 885 1818 en
913 1794 1095 1827 propageant
1126 1792 1206 1815 notre

306 1843 411 1866 œuvre,
428 1842 497 1860 vous
505 1841 575 1859 nous
596 1831 710 1864 aiderez
727 1829 807 1856 ainsi
821 1831 838 1854 à
852 1827 1018 1855 contribuer
1030 1835 1067 1853 au
1078 1824 1205 1852 bonheur

305 1869 354 1896 des
360 1869 497 1902 familles
510 1867 562 1903 qui
570 1867 696 1894 désirent
705 1870 823 1893 trouver
833 1874 872 1890 un
881 1867 978 1898 époux
987 1872 1024 1889 ou
1033 1871 1089 1888 une
1098 1864 1207 1895 épouse

306 1908 380 1940 pour
400 1906 478 1932 leurs
493 1906 616 1938 enfants,
635 1911 695 1929 aux
710 1909 815 1928 veuves
835 1909 874 1926 un
889 1899 1015 1931 soutien,
1046 1898 1063 1924 à
1082 1896 1203 1931 l'orphe¬

307 1940 351 1968 lin
367 1950 406 1967 un
413 1942 501 1974 foyer
517 1944 543 1966 et
557 1948 594 1966 au
610 1939 782 1965 relèvement
796 1936 829 1963 de
845 1936 873 1961 la
890 1936 999 1962 France
1027 1933 1077 1968 qui
1104 1932 1205 1964 donne,

306 1979 363 2011 par
378 1977 419 2003 les
433 1976 579 2010 mariages
585 1973 719 2007 féconds,
735 1973 783 1999 des
797 1971 907 1999 soldats
921 1973 939 1997 à
953 1971 983 1997 la
998 1968 1101 1996 Patrie
1116 1972 1142 1994 et
1156 1967 1207 2002 qui

300 2013 369 2046 font
383 2012 430 2038 des
444 2013 559 2042 femmes
575 2010 608 2036 de
623 2009 728 2036 bonnes
738 2011 828 2034 mères
844 2008 876 2033 de
884 2006 1016 2040 famille.

344 2055 420 2083 C'est
435 2055 504 2081 dans
520 2064 551 2081 ce
566 2053 615 2080 but
630 2062 682 2088 que
698 2062 768 2079 nous
788 2061 878 2079 avons
885 2050 980 2084 fondé
995 2050 1025 2076 la
1040 2048 1053 2075 «
1069 2046 1208 2075 REVUE

308 2090 551 2119 MENSUELLE
567 2097 592 2116 ».

344 2136 430 2163 Nous
446 2144 480 2161 ne
494 2139 593 2162 tenons
607 2136 660 2168 pas
675 2142 731 2160 une
743 2141 853 2168 agence
865 2129 1080 2158 matrimoniale
1099 2132 1125 2155 et
1138 2136 1209 2154 nous

309 2181 344 2199 ne
357 2175 481 2206 prenons
494 2179 605 2197 aucune
619 2168 802 2196 commission
815 2176 864 2194 sur
881 2168 911 2194 la
929 2166 984 2193 dot.
1020 2164 1105 2192 Voici
1132 2172 1209 2191 com¬

309 2212 384 2235 ment
400 2216 471 2234 nous
483 2205 639 2241 procédons
653 2215 659 2233 :

351 2254 427 2278 Vous
443 2259 513 2277 nous
533 2249 700 2284 indiquerez
713 2246 828 2275 d'abord
842 2250 922 2274 votre
936 2247 1003 2282 âge,
1021 2248 1100 2273 votre
1114 2244 1209 2271 situa-

312 2288 411 2315 tionde
414 2289 546 2320 fortune,
555 2289 634 2313 votre
644 2284 817 2319 profession,
830 2281 1031 2314 votredot,vos
1041 2283 1210 2314 espérances

311 2327 337 2350 et
351 2332 383 2350 ce
396 2331 450 2358 que
464 2322 534 2349 vous
562 2320 742 2348 désireet
770 2327 842 2346 nous
868 2326 938 2345 vous
967 2316 1132 2343 inscrivons
1159 2323 1210 2342 sur

311 2363 391 2386 notre
406 2358 483 2391 liste,
498 2360 572 2391 pour
585 2355 657 2383 trois
671 2355 753 2387 mois,
764 2358 820 2390 par
832 2363 888 2380 une
902 2361 1030 2380 annonce
1043 2361 1097 2387 que
1103 2350 1138 2387 je
1144 2349 1212 2384 fais

311 2394 472 2422 moi-même
485 2397 511 2420 et
526 2401 597 2420 nous
613 2400 682 2419 vous
695 2391 823 2417 donnons
838 2398 876 2415 un
889 2391 1004 2415 numéro
1006 2387 1124 2420 faisant
1135 2386 1212 2413 suite

312 2432 328 2457 à
344 2434 415 2456 cette
427 2438 564 2456 annonce.
583 2426 659 2455 C'est
671 2430 725 2461 par
739 2427 765 2452 le
780 2433 880 2459 moyen
895 2424 928 2451 de
955 2433 988 2450 ce
1015 2425 1130 2449 numéro
1158 2430 1212 2457 que

312 2475 383 2493 vous
398 2469 509 2500 pouvez
522 2462 731 2497 correspondre
743 2469 814 2488 avec
826 2465 889 2487 tous
899 2461 940 2487 les
955 2459 1080 2486 abonnés
1089 2458 1123 2485 de
1133 2461 1213 2484 notre

313 2501 390 2528 liste.

348 2544 477 2579 Lorsque
493 2553 562 2571 vous
577 2542 688 2569 désirez
702 2539 906 2576 correspondre
921 2548 990 2567 avec
1001 2549 1039 2565 un
1055 2538 1163 2565 abonné
1187 2540 1214 2563 et

312 2590 367 2616 que
380 2589 453 2608 vous
467 2589 542 2615 ave\
555 2578 654 2606 choisi
667 2577 739 2604 dans
762 2577 793 2604 la
812 2576 938 2603 Revue
961 2573 1160 2601 Mensuelle
1188 2573 1215 2599 le

313 2616 394 2652 parti
408 2615 459 2651 qui
468 2624 538 2643 vous
545 2613 725 2650 plaitleplus
739 2612 817 2640 voici
832 2615 968 2639 comment
983 2609 1199 2644 vousprocédez
1206 2619 1214 2634 :

651 2699 843 2729 EXEMPLE
858 2711 866 2727 :

361 2769 474 2800 Jeune
488 2765 646 2805 homme,
671 2763 715 2796 30
735 2772 812 2801 ans,
835 2762 906 2794 très
934 2761 1027 2794 belle
1047 2758 1214 2792 situation

317 2812 407 2845 dans
426 2808 614 2849 industrie,
636 2811 781 2851 rapport
797 2807 839 2839 10
850 2806 867 2839 à
887 2805 1010 2839 12.000
1026 2806 1084 2845 fr.,
1098 2802 1214 2837 désire

317 2855 476 2897 mariage
495 2864 539 2886 en
560 2856 718 2894 rapport.
734 2870 773 2874 —
798 2850 918 2883 Ecrire
938 2850 979 2881 N*
1005 2850 1037 2881 2.

493 2915 539 2939 ou

360 2958 573 2993 Demoiselle
598 2958 643 2991 25
678 2966 755 2999 ans,
791 2955 958 2989 situation
992 2955 1036 2987 de
1075 2954 1216 2986 fortune

316 3005 441 3038 25.000
460 3004 592 3043 francs,
610 3005 677 3036 etc.
701 3020 742 3025 —
762 3000 883 3034 Ecrire
899 3000 941 3032 N-
966 3001 998 3032 4.

362 3059 462 3091 Vous
474 3056 524 3089 lui
534 3055 670 3089 écrivez
683 3055 913 3087 vous-même
924 3061 971 3086 ou
988 3052 1090 3085 faites
1103 3050 1218 3084 écrire

319 3112 383 3146 par
405 3101 598 3145 quelqu’un
629 3100 672 3133 de
699 3102 798 3132 votre
824 3097 972 3137 famille,
1001 3107 1044 3129 en
1075 3095 1218 3138 signant

320 3148 364 3180 de
384 3149 483 3179 votre
499 3144 662 3184 numéro,
679 3146 713 3177 et
728 3151 816 3176 vous
830 3145 957 3174 mettez
972 3150 1032 3173 sur
1046 3139 1218 3173 l’adresse

318 3190 489 3224 cachetée
504 3193 540 3223 et
549 3188 696 3222 timbrée
709 3188 742 3220 le
754 3186 906 3219 numéro
917 3186 962 3218 de
975 3185 1010 3217 la
1023 3193 1215 3227 personne,

320 3235 507 3269 deuxième
528 3233 738 3275 enveloppe,
760 3240 847 3264 avec
866 3240 925 3263 ces
938 3230 1110 3272 quelques
1127 3231 1218 3261 mots

321 3289 382 3313 sur
392 3288 460 3312 une
473 3282 570 3311 carte
585 3287 630 3310 ou
643 3285 688 3309 un
701 3277 787 3309 bout
799 3275 842 3308 de
850 3274 975 3317 papier
985 3273 1075 3306 ainsi
1084 3272 1216 3305 libellé:

322 3336 341 3355 «
358 3323 539 3357 Monsieur
555 3331 601 3354 ou
614 3321 791 3359 Madame,
805 3328 850 3352 ou
862 3318 1131 3352 Mademoiselle
1141 3318 1217 3350 X...

321 3369 433 3411 (votre
458 3377 540 3400 nom
556 3369 591 3400 et
610 3368 709 3398 votre
730 3363 894 3406 numéro)
908 3362 983 3405 prie
1003 3362 1165 3395 Madame
1185 3361 1220 3394 la

321 3411 511 3446 Directrice
533 3412 576 3443 de
594 3411 626 3442 la
643 3411 760 3442 Revue
770 3410 813 3441 de
834 3407 922 3440 faire
943 3406 1107 3448 parvenir
1127 3408 1219 3439 cette

321 3458 424 3490 lettre
441 3456 461 3488 à
480 3456 527 3488 tel
548 3454 698 3487 numéro
719 3464 737 3483 »
754 3455 789 3485 et
804 3461 891 3484 vous
912 3451 1079 3484 cachetez
1095 3453 1129 3483 et
1140 3450 1219 3483 tim¬

321 3502 403 3535 brez
430 3503 521 3533 cette
558 3498 746 3531 deuxième
777 3496 973 3538 enveloppe
1009 3496 1028 3527 à
1064 3494 1219 3537 laquelle

321 3554 410 3578 vous
430 3547 556 3577 mettez
573 3552 656 3574 mon
677 3542 836 3579 adresse,
857 3543 893 3572 et
916 3539 1066 3572 aussitôt
1098 3548 1219 3579 reçue,

323 3589 359 3632 je
379 3588 492 3622 défais
508 3588 542 3620 la
571 3586 747 3628 première
772 3585 981 3627 enveloppe,
1014 3583 1158 3626 j’efface
1188 3583 1221 3615 le

324 3633 473 3667 numéro
495 3632 539 3664 de
560 3631 594 3663 la
613 3629 801 3663 deuxième
822 3632 856 3661 et
876 3632 967 3661 mets
987 3628 1156 3661 l’adresse
1178 3628 1221 3660 de

324 3678 360 3710 la
378 3685 556 3719 personne
570 3678 606 3707 et
621 3673 812 3716 réexpédie
828 3673 863 3706 la
876 3674 993 3706 lettre.
1015 3674 1113 3706 Vous
1129 3681 1222 3714 pou¬

325 3731 386 3754 vez
403 3719 661 3762 correspondre
676 3727 763 3751 avec
774 3722 853 3751 tous
874 3726 938 3750 nos
960 3717 1117 3750 abonnés
1140 3725 1222 3750 sans

327 3775 413 3798 vous
429 3764 517 3798 faire
534 3765 732 3797 connaître.
771 3763 818 3796 Ce
851 3762 941 3795 n’est
973 3772 1039 3804 que
1079 3762 1222 3804 lorsque

326 3819 414 3843 vous
432 3818 537 3842 aurez
558 3807 620 3840 fait
639 3810 738 3840 votre
758 3806 878 3846 choix,
913 3816 982 3849 que
1021 3815 1108 3839 vous
1136 3814 1222 3838 vous

328 3855 464 3887 donnez
486 3852 756 3884 mutuellement
773 3854 870 3884 votre
892 3850 1062 3884 véritable
1079 3851 1223 3882 adresse

327 3902 363 3932 et
382 3906 451 3940 que
485 3905 572 3929 vous
610 3905 698 3929 vous
736 3896 908 3937 ménagez
946 3904 1016 3927 une
1053 3898 1224 3927 entrevue

327 3951 418 3986 pour
434 3940 578 3974 décider
599 3941 642 3972 de
658 3942 755 3973 votre
776 3943 861 3973 sort.

363 4039 405 4066 Le
418 4038 489 4074 prix
502 4038 536 4064 de
547 4041 627 4064 notre
640 4037 830 4064 abonnement
843 4040 884 4062 est
891 4036 924 4062 de
938 4039 1029 4062 trente
1034 4037 1141 4068 francs
1153 4037 1227 4069 pour

327 4079 428 4110 quatre
439 4073 513 4100 mois
528 4078 553 4100 et
562 4077 703 4108 quarante
708 4075 815 4105 francs
838 4075 911 4105 pour
937 4071 987 4097 six
1013 4070 1084 4098 mois
1103 4075 1128 4097 et
1157 4079 1227 4097 vous

329 4119 400 4138 avez
415 4109 489 4136 droit
505 4111 521 4135 à
536 4111 595 4136 être
609 4107 715 4135 inscrit
728 4107 936 4143 gratuitement
951 4115 1002 4132 sur
1017 4114 1061 4133 ma
1078 4106 1154 4133 liste.

370 4154 450 4182 Vous
466 4163 558 4189 voye\
571 4152 690 4187 qu'avec
703 4156 777 4179 cette
791 4152 922 4186 modique
932 4159 1046 4183 somme,
1064 4160 1135 4177 vous
1150 4154 1227 4185 pou¬

331 4200 382 4217 vez
393 4199 463 4217 vous
478 4191 594 4222 marier,
608 4198 675 4215 sans
691 4189 774 4215 avoir
789 4191 806 4214 à
830 4190 930 4221 passer
958 4190 1012 4221 par
1028 4187 1076 4212 des
1104 4194 1228 4222 agences

330 4225 381 4260 qui
395 4235 425 4252 se
437 4228 499 4258 font
515 4234 612 4252 verser
626 4224 763 4251 d’avance
778 4224 810 4250 de
824 4230 937 4257 grosses
952 4221 1117 4256 provisions
1138 4226 1164 4248 et
1178 4221 1228 4255 qui

331 4264 503 4296 escomptent
517 4261 550 4287 de
562 4269 679 4296 grosses
696 4260 905 4292 commissions,
934 4261 1008 4292 pour
1029 4257 1172 4284 n’arriver
1202 4257 1228 4283 le

331 4297 398 4331 plus
413 4300 533 4323 souvent
546 4296 563 4323 à
578 4305 672 4322 aucun
688 4296 820 4322 résultat.
845 4294 928 4322 Nous
957 4294 1074 4321 n’avons
1103 4294 1168 4320 rien
1196 4293 1229 4319 de

331 4341 462 4359 commun
478 4341 547 4358 avec
563 4332 604 4358 les
619 4340 751 4367 agences,
769 4340 821 4357 car
837 4340 907 4356 nous
922 4339 956 4356 ne
971 4333 1094 4364 prenons
1117 4338 1228 4356 aucune

331 4367 513 4394 commission
527 4377 577 4394 sur
594 4368 623 4393 la
638 4368 694 4394 dot.
723 4366 767 4394 Un
795 4366 916 4392 modeste
945 4366 1132 4393 abonnement
1158 4374 1228 4392 nous

335 4408 393 4429 sert
407 4403 441 4429 de
450 4403 604 4437 paiement.

368 4438 527 4473 Lorsqu’un
543 4438 652 4464 abonné
666 4437 732 4464 s'est
739 4436 840 4471 fiancé
854 4441 881 4463 et
893 4436 966 4471 qu’il
982 4436 1027 4462 n’a
1041 4436 1109 4470 plus
1132 4434 1229 4461 besoin

331 4474 365 4500 de
375 4478 454 4500 notre
465 4483 560 4506 revue,
573 4473 599 4499 il
613 4483 683 4499 nous
696 4473 723 4498 le
732 4473 789 4504 fait
799 4473 898 4498 savoir
908 4470 968 4506 afin
980 4480 1032 4505 que
1043 4479 1112 4497 nous
1123 4479 1229 4504 rayons

331 4518 382 4535 son
397 4518 526 4536 annonce
538 4512 611 4543 pour
626 4518 661 4534 ne
671 4512 726 4542 pas
731 4508 816 4540 faire
829 4506 1034 4541 correspondre
1046 4506 1230 4533 inutilement

334 4554 384 4571 nos
400 4545 536 4572 abonnés.

371 4588 444 4616 Tout
459 4588 566 4615 abonné
582 4587 642 4614 doit
655 4586 792 4621 répondre
808 4588 825 4612 à
840 4589 930 4612 toutes
946 4585 987 4611 les
1012 4585 1108 4616 lettres
1121 4585 1172 4618 qui
1187 4584 1232 4610 lui

332 4628 396 4650 sont
411 4625 554 4651 adressées
568 4623 576 4656 ;
594 4623 624 4649 la
638 4622 774 4657 politesse
790 4621 907 4655 l'exige,
937 4630 972 4646 ne
978 4622 1095 4653 fussent
1123 4629 1176 4654 que
1185 4629 1232 4646 ces

335 4660 406 4686 trois
424 4669 460 4686 ou
471 4664 571 4694 quatre
586 4662 656 4685 mots
667 4658 672 4684 :
689 4657 808 4689 Inutile,
819 4660 882 4683 tous
895 4665 951 4683 mes
963 4659 1084 4692 regrets.
1095 4669 1126 4673 —
1138 4656 1231 4683 jV'...»

371 4802 448 4829 Pour
473 4800 594 4828 faciliter
620 4800 660 4827 les
695 4799 824 4826 abonnés
852 4798 886 4825 de
915 4798 941 4825 la
981 4797 1118 4825 REVUE
1160 4806 1232 4824 nous

334 4836 396 4864 leur
409 4836 574 4863 donnerons
585 4835 624 4862 les
638 4835 769 4862 adresses
779 4833 829 4860 des
845 4836 982 4860 numéros
994 4843 1023 4860 se
1037 4832 1233 4866 rapprochant

333 4872 369 4899 de
384 4873 446 4899 leur
461 4871 604 4897 situation
618 4870 653 4897 de
667 4872 793 4897 fortune.
812 4867 849 4895 Ils
858 4869 994 4895 n’auront
1010 4877 1084 4902 pour
1097 4868 1156 4894 cela
1167 4867 1233 4901 qu’à

336 4917 409 4935 nous
426 4905 560 4939 indiquer
577 4905 616 4932 les
634 4907 771 4933 numéros
789 4903 838 4938 qui
854 4904 916 4930 leur
929 4903 1131 4930 conviennent.
1153 4903 1233 4931 Cha¬

335 4952 390 4975 que
405 4941 546 4968 demande
560 4940 595 4968 de
610 4950 640 4967 ce
655 4950 743 4974 genre
757 4940 845 4966 devra
860 4941 919 4966 être
931 4941 1137 4972 accompagnée
1148 4938 1233 4966 d’une

335 4977 492 5010 enveloppe
509 4976 630 5004 timbrée
646 4985 720 5010 pour
735 4975 760 5002 la
778 4978 910 5009 réponse.

372 5019 426 5048 Les
436 5021 563 5048 abonnés
575 5019 706 5047 désirant
714 5020 818 5052 garder
831 5018 998 5054 l’incognito
1011 5018 1157 5046 voudront
1168 5017 1233 5046 bien

336 5065 410 5083 nous
433 5057 458 5084 le
474 5056 544 5083 faire
569 5055 676 5088 savoir,
703 5054 760 5081 afin
783 5065 838 5088 que
862 5064 935 5082 nous
966 5065 1000 5082 ne
1030 5054 1152 5082 livrions
1182 5064 1232 5087 pas

336 5091 414 5118 leurs
431 5091 573 5120 adresses.

1297 1338 1394 1370 Pour
1418 1338 1543 1368 toutes
1569 1336 1623 1366 les
1651 1339 1841 1364 annonces
1872 1329 2043 1370 oi-après
2080 1329 2155 1359 s’a¬

1255 1387 1417 1419 dresser
1458 1385 1479 1416 à
1524 1385 1556 1415 la
1602 1382 1807 1415 Directrice
1848 1381 1895 1412 de
1933 1379 1964 1409 la
1995 1388 2014 1408 «
2032 1377 2155 1408 Revue

1258 1434 1461 1467 Mensuelle
1483 1446 1511 1464 ».

1295 1558 1410 1587 Veuve
1425 1556 1464 1585 42
1479 1563 1551 1590 ans,
1570 1553 1706 1584 fortune
1721 1550 1853 1582 300,000
1887 1549 1942 1584 fr.,
1973 1547 2084 1578 12.000
2114 1546 2155 1577 fr.

1258 1604 1416 1629 revenus,
1441 1595 1530 1625 belle
1561 1593 1735 1632 propriété
1765 1589 1928 1628 agricole,
1959 1588 2158 1626 épouserait

1259 1636 1435 1668 Monsieur
1449 1635 1487 1665 40
1505 1637 1522 1665 à
1538 1634 1577 1663 60
1592 1641 1664 1668 ans,
1683 1635 1783 1670 ayant
1809 1630 1893 1668 jolie
1922 1628 2085 1659 situation
2115 1634 2159 1658 ou

1259 1678 1407 1708 fortune.
1425 1692 1437 1698 -
1452 1677 1480 1706 N
1486 1684 1492 1690 -
1511 1674 1590 1705 2630

1298 1798 1408 1827 Jeune
1436 1795 1572 1825 homme
1598 1793 1637 1822 25
1653 1799 1725 1827 ans,
1743 1791 1854 1821 bonne
1871 1788 2010 1823 famille,
2029 1787 2158 1822 Suisse,

1261 1836 1466 1875 catholique,
1524 1834 1679 1863 sérieuse
1735 1831 1907 1865 situation,
1962 1826 2160 1867 épouserait

1262 1876 1461 1908 demoiselle
1477 1883 1521 1905 ou
1541 1881 1647 1904 veuve
1664 1871 1885 1907 affectueuse,
1902 1869 2028 1899 femme
2044 1867 2161 1897 d’inté¬

1262 1917 1366 1948 rieur.
1385 1932 1403 1939 -
1417 1917 1446 1946 N
1453 1925 1458 1931 -
1476 1915 1566 1945 4959.

1302 2035 1595 2067 Sous-lieutenant
1609 2032 1792 2064 infanterie
1813 2030 1993 2064 coloniale,
2012 2029 2160 2061 divorcé,

1262 2078 1300 2108 32
1314 2085 1385 2112 ans,
1403 2076 1502 2109 brun,
1520 2073 1717 2109 épouserait
1742 2075 1848 2110 jeune
1877 2070 1958 2105 fille,
1987 2077 2095 2100 veuve
2119 2075 2161 2097 ou

1264 2116 1435 2151 divorcée,
1450 2115 1489 2144 25
1505 2116 1524 2144 à
1538 2114 1578 2144 30
1593 2121 1665 2148 ans,
1683 2113 1835 2150 échange
1866 2110 2163 2148 renseignements

1264 2159 1297 2188 et
1312 2156 1415 2196 photo
1433 2154 1586 2194 premier
1600 2153 1768 2184 courrier.
1785 2168 1803 2174 -
1818 2152 1846 2182 N
1852 2160 1858 2166 -
1873 2151 1962 2181 4967.

1305 2275 1422 2306 Mutilé
1440 2275 1480 2304 de
1495 2281 1622 2312 guerre
1639 2274 1676 2303 42
1692 2281 1764 2308 ans,
1776 2272 1915 2302 ouvrier
1933 2277 2066 2307 maçon,
2085 2277 2164 2298 sans

1265 2317 1412 2349 fortune,
1429 2315 1542 2345 désire
1558 2321 1665 2344 veuve
1687 2314 1727 2343 de
1756 2320 1882 2351 guerre
1911 2311 1951 2340 30
1979 2312 1997 2340 à
2024 2310 2063 2338 45
2092 2316 2164 2344 ans,

1267 2357 1378 2387 même
1394 2363 1476 2386 avec
1491 2361 1536 2385 un
1554 2354 1682 2384 enfant.
1701 2370 1716 2376 -
1731 2354 1761 2384 N
1767 2360 1772 2367 -
1788 2353 1879 2382 4968.

1305 2470 1510 2502 Demoiselle
1538 2470 1578 2498 28
1612 2476 1685 2504 ans,
1724 2468 1836 2499 bonne
1878 2466 2053 2501 fammille,
2087 2465 2166 2495 bien
2181 2462 2186 2466 '

1268 2519 1348 2542 sous
1364 2516 1440 2542 tous
1456 2511 1506 2540 les
1536 2511 1707 2548 rapports,
1724 2509 1780 2538 dot
1795 2510 1830 2537 et
1843 2506 1928 2545 jolie
1947 2505 2110 2536 situation
2127 2505 2167 2534 de

1268 2552 1404 2583 fortune
1421 2551 1522 2589 après
1537 2551 1690 2588 parents,
1720 2546 1917 2587 épouserait
1937 2545 2115 2577 monsieur
2129 2544 2169 2573 30

1268 2594 1286 2623 à
1301 2593 1341 2621 45
1357 2599 1429 2623 ans,
1448 2591 1598 2625 sérieux,
1616 2588 1707 2624 actif,
1733 2587 1914 2618 industriel
1935 2594 1978 2616 ou
2003 2592 2169 2616 commer¬

1270 2634 1358 2670 çant.
1375 2648 1392 2654 -
1408 2631 1448 2660 N-
1462 2629 1550 2660 4970.

1310 2743 1471 2781 Employé
1487 2742 1529 2772 de
1544 2740 1690 2778 banque,
1703 2740 1741 2769 28
1751 2747 1822 2775 ans,
1835 2738 1996 2769 situation
2006 2734 2167 2767 d’avenir.

1270 2783 1288 2813 6
1303 2783 1362 2812 000
1378 2783 1433 2815 fr.,
1461 2780 1569 2819 grand
1599 2787 1705 2815 cœur,
1736 2778 1941 2813 affectueux,
1972 2775 2170 2816 épouserait

1271 2821 1471 2853 demoiselle
1485 2821 1526 2850 20
1541 2821 1613 2849 tz.25
1627 2827 1701 2853 ans,
1724 2818 1822 2856 joiie,
1838 2817 2044 2854 distinguée,
2069 2818 2171 2854 ayant

1272 2862 1367 2892 avoir
1381 2868 1424 2891 ou
1442 2867 1636 2890 commerce
1651 2857 1837 2896 papeterie.
1854 2873 1873 2879 -
1890 2857 1929 2886 N-
1947 2856 2035 2885 4971.

1310 2973 1418 3002 Jeune
1434 2970 1571 3001 homme
1586 2970 1625 2999 30
1641 2976 1712 3004 ans,
1732 2967 1951 3003 cordonnier,
1969 2974 2047 2996 sans
2065 2965 2170 2996 fortu¬

1272 3019 1327 3046 ne,
1345 3011 1459 3042 désire
1484 3009 1637 3048 mariage
1653 3017 1734 3039 avec
1747 3011 1853 3047 jeune
1871 3006 1938 3038 fille
1953 3008 1991 3036 24
2009 3008 2025 3037 à
2041 3006 2081 3035 30
2097 3013 2169 3036 ans.

1271 3068 1289 3075 -
1305 3053 1345 3082 N-
1363 3052 1453 3081 4972.

1311 3162 1401 3193 Veuf
1411 3162 1451 3191 59
1466 3170 1539 3197 ans,
1556 3161 1655 3197 libre,
1671 3161 1767 3191 avoir
1781 3159 1894 3189 50.000
1909 3158 1964 3190 fr..
1995 3157 2074 3188 bien
2092 3166 2172 3189 sous

1274 3206 1350 3234 tous
1367 3205 1537 3242 rapports,
1555 3200 1754 3240 épouserait
1770 3207 1942 3239 personne
1957 3199 1995 3228 35
2012 3199 2029 3228 à
2045 3199 2084 3227 48
2099 3206 2171 3233 ans,

1272 3243 1444 3276 instruite,
1462 3245 1562 3280 ayant
1587 3241 1750 3272 situation
1767 3247 1809 3270 ou
1826 3238 1920 3270 avoir
1945 3247 1987 3269 en
2019 3240 2170 3277 rapport.

1273 3299 1290 3306 -
1320 3284 1360 3313 N-
1393 3283 1481 3312 4973.

1314 3393 1517 3423 Lieutenant
1531 3394 1569 3422 38
1585 3400 1656 3428 ans,
1674 3391 1774 3425 brun,
1791 3391 1942 3426 sérieux,
1964 3388 2055 3424 actif,
2072 3397 2173 3427 pour¬

1275 3432 1340 3463 rait
1355 3433 1503 3472 prendre
1520 3441 1556 3462 sa
1573 3431 1714 3462 retraite
1729 3438 1818 3470 pour
1841 3439 1878 3461 se
1906 3430 2012 3461 livrer
2026 3437 2068 3459 au
2086 3437 2174 3459 com¬

1276 3481 1402 3507 merce,
1420 3474 1532 3503 désire
1549 3472 1653 3502 union
1670 3480 1752 3502 avec
1775 3471 1973 3502 demoiselle
2002 3477 2045 3500 ou
2066 3476 2174 3499 veuve

1275 3513 1437 3543 situation
1453 3521 1495 3543 en
1512 3514 1663 3551 rapport.
1681 3528 1700 3533 -
1711 3513 1739 3542 N
1745 3520 1750 3526 -
1765 3512 1854 3542 4971.

1316 3623 1431 3654 Suisse
1459 3624 1497 3653 45
1527 3631 1599 3658 ans,
1631 3622 1725 3654 avoir
1753 3622 1864 3652 12.000
1901 3621 1956 3654 fr..
1997 3620 2174 3655 cuisinier,

1276 3663 1474 3702 épouserait
1482 3666 1592 3702 jeune
1607 3663 1677 3692 fille
1706 3662 1876 3698 française
1892 3669 1936 3692 ou
1951 3662 2021 3692 fille
2037 3660 2175 3695 d’hôtel,

1277 3705 1401 3734 femme
1426 3703 1627 3734 d’intérieur
1652 3703 1731 3733 bien
1748 3710 1828 3733 sous
1843 3705 1920 3733 tous
1937 3703 1987 3732 les
2004 3702 2174 3739 rapports.

1277 3760 1295 3767 -
1324 3746 1364 3775 N-
1397 3744 1485 3774 4975.

1318 3854 1522 3885 Demoiselle
1557 3855 1596 3883 36
1639 3862 1711 3889 ans,
1750 3853 1915 3889 sérieuse,
1954 3853 2176 3888 affectueuse,

1278 3895 1404 3925 femme
1420 3894 1630 3929 d’intérieur,
1647 3893 1852 3931 catholique,
1869 3893 2034 3932 physique
2062 3895 2179 3931 agréa¬

1279 3934 1345 3969 ble,
1361 3935 1426 3971 dot,
1443 3935 1555 3964 désire
1571 3933 1723 3971 mariage
1753 3941 1834 3963 avec
1864 3933 2038 3963 monsieur
2053 3934 2091 3962 38
2107 3934 2126 3963 à
2142 3933 2179 3961 45

1281 3982 1353 4009 ans,
1371 3977 1471 4012 ayant
1488 3974 1662 4004 situation.
1681 3990 1699 3995 -
1710 3974 1738 4003 N
1744 3982 1750 3988 -
1768 3973 1857 4003 4976.

1319 4086 1429 4114 Jeune
1451 4085 1587 4115 homme
1612 4086 1652 4114 24
1668 4092 1740 4119 ans,
1759 4084 1909 4118 sérieux,
1929 4083 2086 4122 employé
2103 4082 2181 4114 che¬

1280 4124 1349 4154 min
1366 4124 1406 4154 de
1422 4123 1484 4159 fer,
1503 4127 1603 4162 ayant
1619 4124 1807 4163 propriété,
1824 4125 2022 4163 épouserait
2047 4122 2179 4153 demoi¬

1282 4164 1366 4194 selle
1383 4172 1426 4194 ou
1448 4172 1556 4194 veuve
1587 4165 1624 4193 19
1640 4165 1657 4194 à
1671 4165 1710 4193 27
1741 4172 1815 4200 ans,
1847 4167 1948 4201 ayant
1976 4163 2082 4200 petite
2112 4165 2179 4193 dot.

1281 4219 1300 4226 -
1330 4206 1368 4234 N'
1401 4204 1488 4234 4977.

1320 4317 1430 4346 Jeune
1447 4315 1515 4345 fille
1531 4316 1569 4345 29
1579 4323 1651 4351 ans,
1661 4317 1904 4353 représentant
1917 4315 1958 4345 de
1973 4321 2178 4348 commerce,

1282 4359 1383 4393 ayant
1398 4356 1585 4394 propriété,
1604 4355 1791 4385 cherchant
1803 4355 1973 4388 affection,
1988 4362 2024 4384 se
2037 4354 2182 4384 dévoue¬

1282 4397 1349 4425 rait
1362 4398 1380 4425 à
1396 4395 1503 4434 grand
1527 4394 1641 4424 blessé
1657 4395 1700 4424 de
1716 4403 1852 4433 guerre,
1884 4403 1927 4426 ou
1957 4397 1976 4424 à
2008 4394 2183 4424 monsieur

1283 4435 1464 4474 distingué,
1494 4436 1641 4470 fortuné,
1672 4436 1902 4466 recherchant
1929 4433 2031 4472 appui
2062 4433 2180 4464 moral.

1283 4490 1300 4498 -
1328 4477 1368 4506 N-
1400 4476 1488 4505 4978.

1324 4587 1433 4616 Jeune
1450 4586 1699 4621 sous-officier,
1717 4587 1756 4615 26
1771 4594 1841 4621 ans,
1860 4586 2047 4617 secrétaire
2064 4584 2184 4615 d’état-

1286 4627 1397 4662 major
1416 4626 1615 4663 épouserait
1632 4629 1739 4664 jeune
1763 4626 1833 4655 fille
1856 4627 2029 4659 instruite,
2057 4623 2185 4654 intelli¬

1286 4667 1399 4702 gente,
1418 4665 1480 4703 âge
1499 4673 1540 4696 en
1558 4669 1710 4705 rapport.
1727 4683 1765 4688 —
1779 4667 1808 4696 N
1814 4674 1819 4680 -
1837 4666 1926 4695 4980.

1328 5006 1437 5035 Jeune
1453 5004 1591 5035 homme
1605 5007 1644 5036 24
1656 5014 1729 5041 ans,
1741 5006 1922 5036 industriel
1939 5015 1979 5036 au
2000 5007 2125 5040 Maroc,
2140 5004 2188 5034 si¬

1289 5045 1420 5075 tuation
1440 5045 1550 5075 16.000
1566 5045 1621 5081 fr.,
1639 5047 1836 5084 épouserait
1851 5045 2052 5076 demoiselle
2070 5047 2134 5075 16à
2151 5044 2189 5073 20

1289 5092 1363 5120 ans,
1380 5084 1542 5115 situation
1559 5093 1600 5115 en
1618 5090 1767 5124 rapport.
1786 5102 1822 5106 —
1837 5086 1970 5115 N‘4982.

2249 1327 2358 1355 Jeune
2380 1323 2516 1351 homme
2528 1321 2567 1349 23
2596 1326 2667 1353 ans,
2699 1317 2849 1351 sérieux,
2881 1315 3106 1353 agriculteur,

2211 1374 2290 1396 sans
2307 1364 2455 1397 fortune,
2472 1362 2681 1398 espérances
2697 1358 2799 1396 après
2821 1358 2973 1394 parents,
2997 1358 3108 1393 épou¬

2212 1406 2319 1438 serait
2328 1401 2527 1433 demoiselle
2538 1408 2582 1429 ou
2596 1406 2703 1429 veuve
2714 1398 2750 1428 19
2762 1398 2780 1427 à
2794 1398 2833 1426 28
2844 1404 2916 1431 ans,
2935 1400 3035 1434 ayant
3044 1402 3110 1434 pe¬

2211 1448 2272 1478 tite
2288 1443 2461 1476 situation.
2478 1457 2517 1463 —
2531 1440 2620 1470 4983.

2251 1562 2453 1594 Célibataire
2468 1561 2507 1591 35
2522 1568 2594 1596 ans,
2607 1557 2857 1589 fonctionnaire
2870 1564 2912 1586 au
2923 1558 3050 1591 Maroc,
3068 1555 3108 1586 si¬

2213 1604 2342 1635 tuation
2355 1602 2449 1633 9.000
2464 1602 2505 1631 fr.
2518 1601 2633 1631 désire
2644 1598 2796 1635 mariage
2807 1604 2891 1628 avec
2909 1596 3109 1626 demoiselle

2214 1652 2258 1676 ou
2271 1643 2424 1674 veuve25
2434 1644 2448 1673 S
2460 1641 2499 1672 30
2508 1649 2580 1676 ans,
2592 1641 2693 1677 ayant
2704 1637 2866 1668 situation
2879 1644 2886 1673 ;
2897 1644 2958 1676 pas
2970 1636 3109 1667 sérieux

2215 1683 2406 1716 s’abstenir.
2423 1698 2442 1704 -
2457 1683 2485 1712 N
2491 1690 2497 1696 -
2515 1681 2604 1711 4984.

2259 1801 2464 1835 Demoiselle
2478 1800 2517 1830 35
2533 1808 2605 1835 ans,
2624 1797 2747 1828 femme
2763 1796 2806 1826 du
2824 1795 2956 1830 monde,
2975 1793 3110 1827 blonde,

2218 1845 2423 1882 distinguée,
2441 1840 2555 1871 désire
2569 1839 2673 1869 union
2700 1845 2781 1867 avec
2806 1836 2982 1866 monsieur
3010 1836 3113 1870 ayant

2217 1885 2271 1916 bel
2290 1882 2499 1915 lesituation.
2516 1896 2534 1902 -
2549 1880 2590 1909 N‘
2608 1879 2698 1907 4985.

2259 2000 2463 2031 Demoiselle
2480 1999 2518 2029 48
2542 2006 2615 2034 ans,
2646 2005 2725 2027 sans
2755 1994 2961 2035 profession,
2993 1993 3117 2023 femme

2219 2042 2428 2076 d’intérieur,
2447 2041 2558 2070 bonne
2568 2038 2758 2070 éducation,
2768 2035 2933 2074 physique
2943 2033 3116 2072 agréable,

2218 2081 2358 2119 capable
2381 2081 2420 2110 de
2446 2080 2685 2112 dévouement,
2715 2074 2912 2114 épouserait
2941 2074 3110 2104 monsieur

2219 2129 2263 2152 ou
2279 2121 2419 2151 retraité
2436 2121 2534 2158 ayant
2550 2119 2661 2149 bonne
2677 2116 2850 2147 situation.
2868 2131 2886 2137 -
2900 2115 2929 2145 N
2935 2123 2941 2130 -
2959 2113 3049 2144 4986.

2259 2238 2373 2267 Veuve
2388 2236 2426 2265 35
2442 2242 2514 2265 ans.
2532 2241 2610 2263 sans
2629 2232 2755 2266 enfant,
2774 2230 2935 2261 situation
2950 2228 3043 2258 7.000
3058 2228 3114 2263 fr.,

2221 2275 2416 2308 économies
2434 2274 2543 2305 10.000
2559 2273 2614 2309 fr.,
2630 2270 2800 2302 intérieur
2815 2269 2987 2307 agréable,
3005 2270 3115 2305 épou¬

2221 2317 2327 2348 serait
2342 2315 2517 2346 monsieur
2532 2314 2632 2352 ayant
2643 2312 2804 2342 situation
2821 2309 2912 2340 sûre.
2930 2325 2948 2331 -
2964 2309 3002 2339 N'
3022 2308 3112 2337 4987.

2261 2434 2369 2463 Jeune
2379 2431 2514 2461 homme
2522 2430 2561 2459 36
2569 2436 2641 2461 ans,
2657 2423 3116 2465 propriétaire-agriculteur

2224 2472 2384 2504 situation
2405 2471 2557 2504 assurée,
2575 2468 2689 2499 désire
2705 2467 2790 2497 faire
2807 2464 3054 2496 connaissance
3075 2463 3117 2492 de

2223 2511 2422 2544 demoiselle
2437 2518 2480 2541 ou
2494 2517 2602 2539 veuve
2617 2508 2655 2537 25
2672 2510 2689 2537 à
2714 2506 2754 2537 30
2776 2513 2847 2541 ans,
2879 2504 2935 2542 qui
2963 2503 3120 2534 voudrait

2222 2553 2308 2583 aller
2324 2560 2365 2582 au
2381 2550 2523 2587 Canada,
2540 2549 2676 2579 fortune
2692 2554 2751 2585 pas
2777 2546 2898 2584 exigée
2924 2543 3007 2574 mais
3034 2550 3120 2573 con¬

2223 2593 2316 2624 duite
2330 2589 2600 2629 irréprochable.
2618 2603 2637 2609 -
2648 2588 2691 2617 N*
2707 2586 2798 2617 4988.

2262 2709 2372 2738 Jeune
2386 2705 2525 2735 homme
2547 2703 2721 2740 indigène,
2744 2702 2783 2730 23
2799 2708 2872 2734 ans,
2888 2698 3120 2737 propriétaire

2225 2748 2442 2779 cultivateur,
2459 2746 2571 2775 bonne
2583 2742 2720 2774 famille,
2738 2739 2903 2770 demande
2913 2748 2955 2769 en
2970 2739 3121 2775 mariage

2220 2790 2328 2826 jeune
2344 2786 2414 2816 fille
2431 2787 2467 2815 18
2483 2785 2501 2814 à
2520 2784 2558 2813 25
2574 2790 2645 2818 ans,
2673 2784 2772 2820 ayant
2799 2780 2946 2815 fortune,
2972 2785 3123 2816 envoyer

2225 2828 2342 2866 photo.
2357 2842 2374 2849 -
2389 2827 2418 2855 N
2425 2834 2431 2840 -
2449 2824 2537 2854 4920.

2264 2943 2378 2972 Veuve
2393 2939 2571 2974 d’officier,
2587 2945 2666 2968 sans
2682 2936 2810 2971 enfant,
2831 2935 2871 2965 35
2885 2942 2959 2970 ans,
2984 2932 3122 2967 blonde,

2226 2982 2429 3019 distinguée,
2448 2980 2525 3010 bien
2541 2977 2813 3017 physiquement,
2831 2976 2956 3005 fémme
2973 2973 3120 3006 d’ordre,

2226 3022 2318 3053 2.400
2328 3023 2367 3051 fr.
2377 3021 2418 3050 de
2427 3022 2552 3054 rentes,
2562 3018 2625 3056 joli
2635 3016 2815 3051 intérieur,
2826 3013 3021 3054 épouserait
3031 3017 3125 3042 mon¬

2225 3062 2322 3092 sieur
2335 3060 2542 3095 affectueux,
2555 3057 2690 3089 officier
2710 3064 2755 3087 ou
2777 3054 2940 3086 situation
2955 3059 3126 3084 convena¬

2227 3102 2292 3132 ble.
2311 3119 2325 3124 -
2344 3104 2384 3133 N-
2402 3101 2491 3130 4989.

2269 3216 2436 3255 Adjudant
2447 3214 2629 3245 infanterie
2641 3211 2819 3246 coloniale,
2836 3211 2875 3240 28
2884 3217 2955 3245 ans,
2968 3207 3126 3238 médaille

2227 3258 2397 3290 militaire,
2411 3255 2608 3295 épouserait
2621 3255 2726 3290 jeune
2742 3251 2811 3281 fille
2833 3258 2878 3280 ou
2890 3256 2997 3280 veuve
3013 3248 3124 3277 même

2227 3306 2312 3328 avec
2339 3296 2468 3329 enfant,
2494 3295 2533 3324 20
2568 3296 2586 3324 à
2621 3294 2661 3323 30
2687 3300 2758 3327 ans,
2786 3289 2949 3321 situation
2977 3296 3020 3318 en
3050 3295 3124 3326 rap¬

2229 3340 2317 3377 port.
2340 3353 2360 3359 -
2374 3337 2402 3366 N
2408 3345 2415 3352 -
2432 3336 2521 3366 4990.

2268 3454 2377 3482 Jeune
2388 3451 2523 3481 homme
2537 3450 2575 3479 25
2588 3456 2656 3485 ans,
2669 3447 2829 3478 situation
2842 3444 3001 3476 annuelle
3015 3443 3129 3473 60.000

2229 3501 2272 3523 au
2288 3494 2415 3525 Maroc,
2433 3490 2527 3520 avoir
2536 3488 2649 3519 30.000
2662 3487 2702 3517 fr.
2720 3489 2753 3517 et
2770 3487 2900 3516 maison
2918 3483 3129 3515 confortable

2229 3531 2428 3569 épouserait
2434 3532 2540 3568 jeune
2551 3529 2623 3559 fille
2639 3529 2676 3557 18
2687 3530 2704 3558 à
2714 3528 2754 3556 22
2768 3534 2829 3556 ans
2845 3525 2983 3555 voulant
2997 3523 3130 3554 habiter

2230 3574 2358 3603 Maroc.
2372 3586 2390 3594 -
2403 3572 2444 3601 N’
2461 3569 2549 3600 4991.

2271 3686 2474 3718 Demoiselle
2502 3685 2540 3714 35
2569 3691 2641 3719 ans,
2672 3683 2768 3720 jolie,
2802 3680 3003 3718 distinguée,
3028 3679 3132 3709 affec¬

2232 3732 2366 3763 tueuse,
2376 3725 2569 3759 éducation,
2585 3723 2679 3752 avoir
2695 3727 2727 3752 et
2743 3720 2916 3755 situation,
2934 3717 3131 3758 épouserait

2231 3769 2408 3800 monsieur
2424 3765 2571 3796 sérieux.
2588 3764 2628 3793 38
2650 3765 2666 3791 à
2682 3762 2720 3792 50
2749 3769 2822 3797 ans,
2839 3759 3001 3790 situation
3016 3758 3125 3793 Paris,

2233 3811 2304 3840 très
2321 3807 2472 3838 sérieux.
2494 3821 2512 3827 -
2528 3806 2555 3834 N
2563 3813 2568 3818 -
2586 3803 2675 3833 4992.

2273 3924 2362 3955 Veuf
2374 3924 2412 3954 49
2428 3931 2499 3958 ans,
2518 3916 2798 3950 fonctionnairire
2813 3915 2931 3950 d’Etat,
2955 3914 3067 3944 15.000
3088 3913 3130 3943 fr.

2234 3974 2296 4003 par
2312 3973 2366 4000 an,
2382 3965 2401 3993 3
2413 3962 2558 3996 enfants,
2574 3959 2780 3991 affectueux,
2797 3956 2851 3985 bel
2867 3955 3013 3990 homme,
3027 3956 3132 3992 épou¬

2234 4006 2340 4036 serait
2367 4004 2491 4034 femme
2520 3998 2719 4030 d’intérieur
2743 3996 2870 4025 aimant
2892 3994 3039 4030 enfants,
3070 3994 3132 4024 dé¬

2235 4047 2355 4080 vouée,
2373 4043 2537 4083 physique
2559 4038 2731 4078 agréable.
2748 4051 2767 4057 -
2781 4036 2811 4065 N
2817 4044 2823 4050 -
2839 4035 2932 4064 4993.

2274 4154 2477 4185 Célibataire
2520 4151 2559 4181 45
2599 4156 2671 4184 ans,
2689 4146 2838 4181 sérieux,
2855 4144 3018 4180 honnête,
3037 4143 3134 4174 avoir

2236 4195 2348 4226 20.000
2365 4193 2419 4225 fr.,
2437 4191 2615 4223 musicien,
2634 4189 2770 4218 cultivé,
2788 4185 2984 4224 épouserait
3000 4184 3132 4214 demoi¬

2237 4235 2322 4266 selle
2337 4242 2381 4264 ou
2397 4239 2508 4262 veuve
2524 4238 2601 4260 sans
2618 4229 2744 4263 enfant,
2763 4226 2825 4263 âge
2838 4227 2873 4255 et
2888 4224 3021 4254 fortune
3033 4223 3132 4253 indif¬

2238 4276 2360 4306 férent.
2377 4288 2396 4295 -
2411 4273 2440 4301 N
2465 4271 2554 4300 4994.

2276 4387 2386 4415 Jeune
2402 4383 2472 4412 fille
2486 4382 2525 4411 23
2535 4387 2608 4415 ans,
2626 4378 2814 4416 employée,
2829 4376 2951 4410 brune,
2966 4374 3135 4413 physique

2239 4425 2410 4463 agréable,
2433 4421 2543 4452 20.000
2556 4419 2610 4454 fr.,
2634 4419 2704 4447 très
2734 4416 2955 4448 affectueuse,
2986 4416 3136 4449 épouse¬

2237 4467 2303 4496 rait
2317 4470 2488 4503 personne
2505 4460 2665 4491 situation
2682 4466 2723 4488 en
2741 4457 2890 4495 rapport.
2907 4471 2925 4476 -
2941 4456 2980 4486 N'
2998 4455 3089 4484 4995.

2277 4578 2386 4606 Jeune
2402 4574 2471 4603 fille
2486 4573 2524 4602 23
2540 4579 2612 4606 ans,
2628 4569 2815 4607 employée,
2831 4568 2952 4602 brune,
2970 4566 3136 4605 physique

2239 4616 2411 4655 agréable,
2427 4612 2539 4643 20.000
2554 4612 2593 4640 fr.
2610 4611 2680 4640 très
2697 4607 2918 4642 affectueuse,
2940 4606 3137 4642 épouserait

2240 4663 2411 4696 personne
2428 4652 2587 4683 situation
2604 4657 2645 4680 en
2664 4650 2814 4687 rapport.
2831 4663 2870 4669 —
2884 4648 2924 4677 N-
2942 4646 3030 4677 4996.

2281 4960 2389 4988 Jeune
2406 4956 2552 4989 homme,
2570 4953 2756 4987 sud-ouest,
2776 4951 2826 4981 fils
2842 4950 2982 4987 unique,
2999 4947 3138 4977 300.000

2242 5001 2298 5035 fr.,
2315 4998 2415 5031 brun,
2434 5004 2491 5033 pas
2509 4993 2654 5027 fumeur,
2670 4991 2869 5032 épouserait
2883 4988 3082 5019 demoiselle
3093 4994 3138 5017 ou

2243 5046 2353 5069 veuve
2370 5036 2536 5071 sérieuse,
2567 5035 2630 5073 âge
2658 5037 2692 5063 et
2720 5033 2882 5063 situation
2911 5037 2953 5059 en
2984 5029 3136 5066 rapport.

2243 5080 2282 5109 N-
2301 5079 2390 5107 4998.

1328 4775 1500 4814 Capitaine
1523 4776 1643 4812 active,
1659 4777 1699 4806 34
1714 4784 1786 4811 ans,
1805 4784 1845 4806 au
1863 4778 1979 4806 Maroc
1995 4779 2186 4806 momenta¬

1288 4815 1438 4849 nément,
1451 4816 1563 4846 désire
1575 4818 1828 4854 correspondre
1839 4824 1925 4853 pour
1938 4816 2088 4853 mariage
2104 4822 2185 4844 avec

1285 4855 1391 4892 jeune
1408 4855 1478 4884 fille
1501 4856 1708 4892 catholique,
1725 4856 1838 4886 bonne
1853 4856 1993 4892 famille,
2024 4856 2185 4884 situation

1289 4902 1332 4924 en
1348 4897 1501 4933 rapport.
1520 4911 1557 4917 —
1574 4897 1614 4925 N-
1632 4897 1720 4926 4981.

2280 4769 2390 4797 Jeune
2407 4765 2541 4794 homme
2557 4763 2596 4791 24
2612 4768 2683 4793 ans,
2700 4760 2800 4794 brun,
2818 4758 2912 4790 avoir
2940 4759 3054 4788 20.000
3082 4759 3137 4793 fr.,

2242 4807 2402 4839 situation
2420 4803 2572 4838 libérale,
2591 4801 2756 4831 demande
2767 4801 2875 4837 jeune
2887 4798 2955 4829 fille
2968 4807 3012 4830 ou
3026 4806 3138 4829 veuve

2243 4847 2402 4878 situation
2421 4853 2463 4874 en
2480 4844 2631 4881 rapport.
2654 4858 2692 4862 —
2707 4841 2748 4871 N-
2765 4841 2853 4870 4862.
