3536 5552
597 129 733 152 maam

1393 540 3029 756 MENSUELLE

351 794 388 820 /.
457 793 553 810 --
574 793 654 818 îv

412 827 603 887 Liste
624 822 1071 882 d’Annonces
1093 818 1666 878 Matrimoniales
1682 816 2102 890 paraissant
2128 813 2187 870 le
2209 813 2307 870 20
2327 812 2410 868 de
2433 811 2700 884 chaque
2721 810 2904 867 mois

335 933 336 936 .
440 878 511 944 î\.
538 892 556 936 [
620 877 682 941 §3)

539 944 852 985 L’Abonnement
866 946 903 982 et
916 943 964 982 de
983 940 1094 988 TRENTE
1117 939 1229 990 FRANCS
1245 951 1350 990 pour
1368 940 1506 989 quatre
1525 939 1627 976 mois
1647 937 1686 975 et
1703 934 1859 993 QUARANTE
1877 933 1988 984 FRANCS
2003 945 2109 984 pour
2127 934 2193 971 six
2211 933 2312 970 mois
2333 933 2518 970 donnant
2536 930 2642 969 droit
2661 932 2685 968 à
2706 941 2784 968 une

376 1014 430 1053 V
750 1012 983 1061 inscription
1000 1009 1177 1059 gratuite
1195 1019 1267 1046 sur
1285 1018 1349 1046 ma
1370 1006 1472 1044 liste.
1502 1005 1539 1043 —
1566 1005 1636 1043 Les
1656 1012 1859 1042 annonces
1877 1003 1972 1041 sont
1991 1001 2040 1040 de
2058 1002 2198 1051 quatre
2217 1001 2345 1049 lignes
2365 1000 2595 1038 maximum.

338 1092 613 1125 Abonnements
652 1100 746 1131 pour
784 1089 995 1128 l’Etranger
1029 1094 1038 1118 :
1074 1085 1367 1122 TRENTE-CINQ
1404 1084 1536 1116 francs
1574 1092 1668 1124 pour
1704 1084 1840 1122 quatre
1878 1081 1971 1112 mois
2008 1081 2044 1112 et
2083 1077 2440 1117 QUARANTE-CINQ
2476 1077 2608 1108 francs
2646 1085 2741 1117 pour
2777 1076 2832 1108 six
2870 1077 2975 1108 mois.

655 1159 835 1199 Adresser
855 1157 992 1197 Lettres
1008 1158 1043 1196 et
1062 1155 1239 1195 Mandats
1259 1156 1280 1194 à
1300 1153 1406 1193 Mme
1418 1153 1557 1205 Jeanne
1577 1149 1919 1197 PENCHENIER,
1942 1149 2144 1188 Directrice
2164 1148 2211 1187 de
2231 1146 2264 1187 la
2284 1146 2421 1187 Revue
2439 1145 2660 1185 Mensuelle

1213 1222 1294 1263 Rue
1315 1221 1436 1260 Pierre
1454 1218 1624 1267 Taillant,
1646 1217 1938 1269 Pont-St-Esprit
1959 1216 2096 1266 (Gard)

289 1377 382 1405 Notre
396 1386 492 1405 œuvre
508 1385 524 1403 a
538 1379 612 1410 pour
627 1375 674 1402 but
690 1375 723 1401 de
739 1373 821 1402 venir
834 1383 868 1400 en
883 1373 948 1400 aide
957 1382 1017 1400 aux
1020 1372 1156 1406 familles

256 1414 307 1449 qui
321 1413 447 1440 désirent
462 1411 569 1439 marier
585 1412 662 1438 leurs
680 1414 804 1444 enfants,
822 1419 882 1436 aux
898 1418 1004 1436 veuves
1019 1408 1070 1443 qui
1085 1417 1154 1434 vou¬

255 1450 369 1476 draient
384 1459 414 1476 se
428 1448 576 1480 remarier,
594 1456 654 1473 aux
682 1446 833 1481 orphelins
862 1449 887 1472 et
915 1454 976 1471 aux
1003 1444 1156 1471 messieurs

256 1485 306 1520 qui
321 1487 418 1512 rêvent
434 1485 467 1511 de
481 1493 512 1510 se
518 1483 625 1516 fonder
640 1492 679 1509 un
686 1485 785 1517 foyer,
798 1491 854 1508 une
862 1481 993 1514 famille.

291 1530 383 1556 Notre
397 1538 495 1556 œuvre
509 1537 574 1555 sera
593 1530 758 1561 approuvée
776 1529 830 1560 par
845 1529 910 1552 tous
940 1534 989 1551 nos
1019 1523 1154 1552 abonnés,

257 1564 403 1600 lorsqu'ils
418 1567 541 1591 sauront
552 1562 640 1597 qu'ils
654 1566 779 1597 peuvent
794 1566 910 1588 trouver
936 1562 1026 1596 grâce
1041 1561 1058 1586 à
1073 1563 1154 1585 notre

256 1610 407 1632 concours,
424 1601 451 1627 le
466 1609 566 1634 moyen
581 1599 613 1625 de
628 1598 770 1625 semarier
782 1598 861 1623 selon
874 1597 950 1623 leurs
965 1599 1063 1632 goûts,
1079 1595 1156 1621 leurs

260 1646 328 1664 vues
344 1641 368 1664 et
384 1637 464 1663 selon
480 1636 558 1661 leurs
573 1634 744 1661 conditions.

294 1681 375 1709 Nous
392 1681 491 1716 prions
507 1681 548 1707 les
564 1679 663 1706 Dames
680 1684 706 1706 et
721 1680 762 1705 les
777 1677 933 1704 Messieurs
959 1677 991 1703 de
1012 1685 1083 1703 nous
1108 1684 1157 1702 en¬

260 1727 347 1752 voyer
363 1718 389 1744 le
404 1717 470 1752 plus
485 1716 637 1742 d'abonnés
652 1714 789 1750 possible,
806 1712 865 1749 afin
880 1723 933 1748 que
953 1717 1032 1739 notre
1060 1720 1158 1738 œuvre

259 1763 272 1780 s
284 1753 458 1788 agrandisse
473 1756 498 1778 et
514 1752 608 1786 puisse
618 1755 673 1786 par
687 1760 718 1778 ce
733 1759 833 1784 moyen
840 1749 979 1782 faciliter
994 1747 1111 1775 nombre
1126 1747 1158 1773 de

260 1789 393 1824 mariage
408 1793 434 1815 et
441 1788 525 1822 faire
541 1788 568 1814 le
582 1788 649 1822 plus
673 1786 831 1813 d'heureux
846 1784 982 1820 possible,
1013 1793 1063 1811 car
1091 1781 1158 1809 c'est

261 1834 315 1851 une
327 1825 417 1851 bonne
433 1824 529 1851 action
544 1833 598 1858 que
610 1832 681 1850 vous
688 1825 777 1857 fere\
805 1831 838 1848 en
866 1824 1047 1856 propageant
1079 1823 1158 1845 notre

259 1870 363 1893 œuvre,
381 1870 449 1887 vous
458 1869 528 1887 nous
548 1860 660 1893 aiderez,
680 1858 760 1885 ainsi
774 1860 791 1883 à
805 1857 970 1884 contribuer
983 1866 1019 1883 au
1031 1855 1158 1883 bonheur

258 1897 306 1923 des
313 1896 450 1931 familles
463 1896 515 1931 qui
523 1895 649 1921 désirent
658 1898 776 1922 trouver
784 1903 825 1919 un
835 1896 930 1927 époux
940 1902 976 1919 ou
986 1902 1042 1919 une
1051 1894 1160 1925 épouse

260 1936 332 1967 pour
353 1933 430 1958 leurs
447 1933 570 1964 enfants,
589 1940 648 1957 aux
663 1939 768 1957 veuves
788 1939 827 1955 un
842 1929 967 1961 soutien,
999 1931 1015 1954 à
1035 1926 1155 1961 l'orphe¬

261 1969 304 1995 lin
319 1977 358 1994 un
365 1970 455 2002 foyer
470 1971 496 1994 et
511 1976 547 1993 au
563 1967 735 1993 relèvement
749 1965 781 1992 de
797 1965 827 1991 la
843 1965 952 1991 France
979 1964 1029 1998 qui
1057 1963 1157 1995 donne,

260 2008 314 2038 par
331 2004 371 2030 les
386 2004 531 2038 maiiages
538 2002 671 2035 féconds,
687 2002 734 2028 des
750 2001 858 2028 soldats
874 2003 890 2026 à
906 2001 935 2026 la
950 2000 1053 2026 Patrie
1069 2003 1094 2025 et
1109 1998 1159 2033 qui

251 2041 320 2072 font
335 2039 383 2066 des
395 2041 512 2072 femmes
527 2038 560 2064 de
575 2037 679 2064 bonnes
691 2040 779 2064 mères
795 2036 828 2062 de
835 2036 967 2069 famille.

295 2083 371 2111 C'est
386 2084 456 2110 dans
472 2092 503 2110 ce
518 2083 567 2109 but
581 2092 634 2117 que
650 2091 720 2109 nous
740 2090 829 2108 avons
837 2081 931 2114 fondé
947 2081 976 2107 la
991 2080 1005 2107 «
1020 2077 1159 2107 REVUE

259 2118 503 2148 MENSUELLE
519 2125 543 2145 ».

295 2164 380 2192 Nous
396 2173 430 2190 ne
445 2169 543 2191 tenons
558 2166 611 2198 pas
627 2172 682 2189 une
694 2170 803 2198 agence
816 2161 1030 2188 matrimoniale
1050 2164 1075 2186 et
1088 2168 1159 2185 nous

260 2209 295 2227 ne
308 2204 432 2234 prenons
446 2209 557 2226 aucune
571 2199 754 2226 commission
767 2207 816 2223 sur
832 2197 862 2223 la
880 2197 935 2224 dot.
971 2196 1056 2223 Voici
1084 2204 1160 2221 com¬

261 2241 336 2263 ment
352 2245 422 2262 nous
435 2235 590 2271 procédons
605 2246 610 2262 :

301 2281 377 2307 Vous
394 2290 464 2307 nous
484 2280 650 2314 indiquerez
663 2278 778 2306 d'abord
793 2282 872 2304 votre
886 2280 953 2313 âge,
970 2281 1050 2304 votre
1065 2276 1158 2302 situa-

262 2317 361 2344 tionde
364 2319 496 2350 fortune,
506 2320 585 2342 votre
595 2315 768 2349 profession,
781 2313 923 2346 votredot,
932 2322 981 2340 vos
992 2315 1160 2347 espérances

261 2357 286 2379 et
301 2362 333 2379 ce
346 2362 400 2387 que
415 2351 485 2379 vous
513 2351 693 2378 désireet
722 2358 791 2377 nous
819 2358 889 2376 vous
918 2349 1082 2375 inscrivons
1110 2357 1160 2374 sur

260 2392 341 2416 notre
356 2388 433 2422 liste,
450 2391 523 2421 pour
535 2387 606 2414 trois
622 2387 704 2420 mois,
715 2390 770 2421 par
782 2395 837 2411 une
851 2394 979 2411 annonce
993 2394 1046 2419 que
1054 2382 1087 2419 je
1095 2383 1160 2416 fais

261 2424 422 2451 moi-même
435 2428 460 2450 et
476 2432 546 2449 nous
558 2432 633 2457 yous
645 2423 772 2449 donnons
787 2431 827 2447 un
839 2424 953 2447 numéro
956 2420 1073 2453 faisant
1085 2419 1161 2446 suite

261 2462 277 2486 à
292 2464 364 2486 cette
377 2468 514 2487 annonce.
532 2457 608 2486 C'est
621 2463 675 2493 par
689 2459 715 2485 le
729 2466 829 2491 moyen
845 2456 877 2483 de
904 2466 936 2483 ce
965 2458 1079 2482 numéro
1108 2464 1161 2489 que

263 2505 333 2523 vous
349 2500 459 2530 pouvez
473 2495 681 2529 correspondre
693 2502 763 2521 avec
776 2497 838 2519 tous
849 2493 890 2519 les
905 2492 1029 2519 abonnés
1039 2491 1073 2518 de
1085 2495 1162 2517 notre

262 2531 340 2558 liste.

296 2576 425 2610 Lorsque
442 2584 512 2603 vous
526 2575 636 2601 désirez
651 2573 854 2609 correspondre
870 2582 939 2600 avec
950 2582 988 2599 un
1004 2572 1112 2599 abonné
1136 2575 1161 2597 et

261 2621 315 2646 que
330 2622 400 2639 vous
415 2620 487 2645 avez{
504 2611 602 2638 choisi
616 2611 686 2637 dans
712 2611 741 2637 la
761 2609 886 2637 Revue
910 2607 1109 2635 Mensuelle
1136 2608 1162 2633 le

262 2648 342 2682 parti
356 2648 407 2682 qui
416 2656 485 2675 vous
494 2647 673 2681 plaitleplus
687 2645 765 2674 voici
780 2649 916 2672 comment
931 2643 1146 2678 vousprocédez
1154 2654 1161 2668 :

598 2732 789 2762 EXEMPLE
806 2745 813 2760 :

310 2801 421 2833 jeune
438 2799 594 2837 homme,
620 2798 663 2828 30
683 2806 761 2832 ans,
785 2797 855 2828 très
883 2795 974 2827 halle
996 2793 1162 2827 situation

264 2843 353 2876 dans
374 2842 561 2876 industrie,
584 2844 728 2883 rapport
746 2840 787 2872 10
798 2840 816 2871 à
835 2839 958 2871 12.000
974 2840 1031 2879 fr.,
1046 2837 1162 2871 désire

263 2888 421 2930 mariage
443 2895 485 2920 en
507 2889 664 2928 rapport.
682 2903 724 2908 —
746 2883 865 2917 Ecrire
885 2885 911 2916 N
918 2893 924 2900 -
952 2884 984 2915 2.

439 2949 483 2973 ou

308 2993 521 3027 Demoiselle
547 2993 590 3025 25
627 3001 703 3035 ans,
739 2990 905 3025 situation
940 2990 982 3023 de
1022 2991 1162 3023 fortune

263 3039 389 3072 25.000
409 3039 540 3077 francs,
557 3041 625 3070 etc.
649 3056 690 3060 —
710 3036 831 3069 Ecrire
847 3036 874 3067 N
881 3046 887 3052 -
912 3037 945 3068 4.

310 3093 409 3125 Yous
421 3092 469 3124 lui
482 3090 617 3124 écrivez
633 3091 859 3123 vous-même
872 3099 917 3122 ou
936 3089 1037 3122 faites
1051 3087 1164 3120 écrire

266 3146 330 3180 par
351 3136 544 3180 quelqu’un
576 3136 619 3168 de
647 3139 744 3168 votre
771 3134 918 3174 famille,
948 3143 990 3166 en
1022 3133 1165 3175 signant

266 3183 309 3214 de
331 3186 429 3214 votre
447 3180 608 3219 numéro,
626 3183 659 3213 et
675 3189 762 3213 vous
777 3182 902 3211 mettez
918 3188 978 3211 sur
995 3178 1163 3210 l’adresse

265 3226 434 3259 cachetée
451 3228 484 3258 et
494 3224 640 3258 timbrée
655 3225 687 3257 le
702 3224 849 3257 numéro
863 3224 905 3256 de
920 3224 954 3256 la
969 3231 1160 3265 personne,

264 3271 452 3304 deuxième
472 3270 683 3312 enveloppe,
706 3277 791 3302 avec
811 3278 870 3301 ces
883 3268 1055 3310 quelques
1073 3271 1163 3299 mots

265 3325 326 3348 sur
336 3325 405 3348 une
417 3318 515 3348 carte
529 3323 574 3346 ou
588 3324 633 3347 un
645 3314 731 3347 bout
743 3314 786 3346 de
795 3313 919 3355 papier
929 3312 1019 3345 ainsi
1028 3311 1160 3345 libellé:

266 3372 283 3391 «
301 3360 483 3393 Monsieur
499 3369 544 3392 ou
559 3360 735 3398 Madame,
749 3367 794 3391 ou
808 3356 1076 3390 Mademoiselle
1088 3357 1161 3388 X...

263 3405 376 3447 (votre
401 3413 482 3438 nom
500 3407 534 3437 et
554 3406 652 3436 votre
674 3402 838 3444 numéro)
852 3401 926 3444 prie
948 3402 1109 3434 Madame
1131 3401 1164 3432 la

264 3448 455 3482 Directrice
476 3449 519 3482 de
536 3449 569 3481 la
587 3449 704 3481 Revue
714 3448 757 3480 de
778 3446 866 3479 faire
888 3445 1051 3487 parvenir
1071 3448 1162 3477 cette

264 3495 366 3527 lettre
383 3493 402 3526 à
422 3494 469 3527 tel
490 3493 640 3525 numéro
661 3504 679 3523 »
697 3495 731 3525 et
748 3499 834 3523 vous
854 3490 1021 3523 cachetez
1038 3493 1072 3522 et
1084 3489 1161 3521 tim¬

264 3539 344 3571 brez
373 3541 464 3571 cette
501 3537 689 3570 deuxième
720 3535 915 3577 enveloppe
952 3535 970 3566 à
1008 3534 1161 3577 laquelle

264 3592 351 3616 vous
373 3586 498 3616 mettez
515 3591 597 3614 mon
621 3582 778 3619 adresse,
800 3583 834 3611 et
859 3579 1008 3611 aussitôt
1041 3587 1160 3618 reçue,

265 3627 301 3669 je
322 3627 435 3660 défais
450 3628 484 3660 la
513 3626 690 3668 première
714 3624 923 3665 enveloppe,
956 3623 1100 3666 j’efface
1130 3623 1162 3655 le

266 3672 416 3705 numéro
438 3672 481 3704 de
503 3671 535 3702 la
556 3670 744 3702 deuxième
765 3672 798 3702 et
820 3671 908 3700 mets
929 3668 1098 3700 l’adresse
1120 3668 1163 3700 de

266 3717 299 3749 la
320 3724 496 3758 personne
513 3718 546 3747 et
564 3713 754 3756 réexpédie
770 3713 803 3745 la
820 3713 934 3745 lettre.
957 3713 1054 3745 Vous
1072 3721 1162 3753 pou¬

266 3771 327 3794 vez
343 3760 602 3802 correspondre
617 3768 704 3791 avec
715 3762 793 3790 tous
816 3766 879 3789 nos
900 3757 1058 3789 abonnés
1081 3765 1162 3788 sans

268 3814 352 3839 vous
369 3804 458 3837 faire
474 3805 673 3837 connaître.
712 3803 759 3836 Ce
792 3802 881 3834 n’est
912 3811 980 3844 que
1019 3802 1162 3843 lorsque

266 3859 352 3883 vous
371 3858 476 3882 aurez
496 3847 559 3880 fait
580 3851 677 3880 votre
698 3845 816 3886 choix,
852 3855 921 3888 que
959 3855 1047 3879 vous
1075 3854 1161 3878 vous

265 3895 402 3927 donnez
424 3892 696 3926 mutuellement
712 3894 809 3924 votre
831 3890 1001 3924 véritable
1017 3890 1161 3923 adresse

266 3942 300 3972 et
321 3947 390 3981 que
424 3946 511 3970 vous
549 3945 636 3969 vous
676 3936 846 3978 ménagez
886 3944 955 3968 une
993 3938 1162 3967 entrevue

265 3992 356 4025 pour
373 3982 517 4015 décider
537 3982 580 4013 de
596 3984 695 4014 votre
716 3983 800 4013 sort.

301 4081 341 4109 Le
355 4081 426 4117 prix
440 4081 473 4108 de
485 4084 564 4107 notre
579 4079 767 4107 abonnement
781 4082 821 4106 est
829 4077 861 4106 de
877 4082 966 4106 trente
973 4081 1079 4112 francs
1091 4080 1163 4112 pour

263 4123 365 4152 quatre
378 4118 450 4144 mois
465 4120 491 4143 et
499 4120 640 4151 quarante
645 4119 752 4149 francs
775 4119 847 4149 pour
875 4116 924 4143 six
950 4115 1020 4142 mois
1040 4119 1066 4141 et
1095 4123 1164 4141 vous

264 4161 337 4181 avez
350 4152 427 4179 droit
442 4155 458 4179 à
473 4154 532 4179 être
547 4151 651 4178 inscrit
665 4151 873 4187 gratuitement
888 4160 939 4177 sur
954 4160 999 4177 ma
1016 4150 1091 4176 liste.

306 4197 386 4225 Vous
402 4205 495 4232 voye\
508 4195 626 4231 qu'avec
640 4200 714 4222 cette
727 4195 858 4230 modique
869 4204 983 4226 somme,
1001 4203 1072 4221 vous
1086 4197 1163 4228 pou¬

267 4242 318 4261 vez
330 4242 399 4261 vous
414 4232 530 4265 marier,
544 4241 611 4258 sans
628 4232 711 4258 avoir
726 4234 742 4258 à
767 4234 867 4265 passer
894 4233 948 4264 par
965 4230 1012 4256 des
1041 4238 1164 4265 agences

266 4270 317 4304 qui
331 4279 360 4296 se
373 4272 436 4302 /ont
452 4277 548 4295 verser
563 4267 700 4294 d’avance
714 4267 747 4293 de
760 4273 874 4301 grosses
889 4265 1054 4300 provisions
1075 4269 1101 4291 et
1116 4265 1165 4299 qui

266 4308 437 4339 escomptent
453 4304 486 4330 de
500 4312 616 4339 grosses
634 4302 840 4334 commissions,
871 4304 944 4336 pour
965 4301 1110 4328 n’arriver
1140 4301 1165 4326 le

266 4341 333 4375 plus
346 4343 467 4368 souvent
481 4337 498 4365 à
514 4347 608 4365 aucun
624 4339 755 4365 résultat.
780 4336 863 4364 Nous
892 4336 1010 4364 n’avons
1040 4337 1104 4363 rien
1133 4336 1164 4363 de

265 4385 397 4403 commun
412 4384 481 4403 avec
498 4375 538 4401 les
554 4383 687 4409 agences,
705 4383 755 4400 car
772 4382 841 4399 nous
858 4383 892 4399 ne
905 4376 1029 4407 prenons
1054 4381 1164 4399 aucune

265 4411 448 4439 commission
463 4419 514 4438 sur
529 4410 558 4436 la
574 4410 629 4436 dot.
658 4408 702 4437 Un
731 4409 852 4436 modeste
881 4405 1068 4435 abonnement
1094 4417 1164 4435 nous

270 4453 327 4474 se>t
342 4448 376 4474 de
385 4447 538 4482 paiement.

301 4483 462 4518 Lorsqu’un
477 4481 587 4508 abonné
600 4479 667 4506 s'est
673 4479 775 4515 fiancé
789 4484 816 4506 et
828 4480 901 4514 qu’il
916 4480 962 4506 n'a
976 4480 1044 4514 plus
1067 4478 1165 4505 besoin

265 4517 298 4544 de
309 4523 389 4545 notre
399 4526 496 4549 revue,
509 4517 534 4543 il
549 4525 619 4543 nous
632 4516 658 4542 le
668 4515 724 4548 fait
734 4517 833 4542 savoir
844 4515 902 4550 afin
915 4524 968 4550 que
978 4525 1049 4542 nous
1060 4523 1165 4549 rayons

266 4563 316 4580 son
333 4563 460 4580 annonce
473 4556 545 4588 pour
561 4561 595 4578 ne
606 4555 660 4585 pas
666 4552 750 4584 faire
765 4552 967 4587 correspondre
982 4550 1164 4578 inutilement

268 4599 318 4616 nos
334 4589 470 4616 abonnés.

306 4633 378 4661 Tout
393 4633 501 4661 abonné
517 4631 576 4659 doit
589 4629 726 4667 répondre
742 4632 760 4658 à
774 4635 864 4659 toutes
881 4632 920 4660 les
947 4633 1043 4660 lettres
1056 4631 1106 4666 qui
1123 4631 1166 4658 lui

268 4674 330 4696 sont
346 4670 488 4697 adressées
504 4669 511 4701 ;
529 4669 557 4695 la
573 4669 709 4703 politesse
725 4668 841 4702 l’exige,
872 4678 904 4695 ne
911 4671 1029 4702 fussent
1058 4676 1111 4702 que
1121 4676 1165 4693 ces

268 4706 340 4733 trois
358 4715 395 4732 ou
405 4710 506 4740 quatre
520 4707 590 4731 mots
601 4703 606 4730 :
623 4703 743 4736 Inutile,
753 4707 816 4730 tous
829 4713 886 4731 mes
895 4708 1017 4740 regrets.
1028 4703 1060 4731 —
1073 4703 1165 4731 N'...»

1254 1371 1350 1402 Pour
1375 1371 1500 1400 toutes
1525 1369 1578 1400 les
1607 1374 1798 1399 annonces
1828 1363 1999 1404 ci-après
2036 1364 2111 1394 s’a¬

1211 1422 1373 1452 dresser
1414 1421 1434 1450 à
1480 1419 1512 1449 la
1558 1415 1762 1449 Directrice
1804 1415 1849 1447 de
1888 1415 1919 1445 la
1950 1423 1968 1443 «
1988 1413 2110 1444 Revue

1214 1468 1415 1501 Mensuelle
1439 1480 1466 1498 ».

1250 1566 1364 1595 Veuve
1381 1563 1419 1593 42
1434 1571 1505 1598 ans,
1523 1560 1659 1592 fortune
1675 1558 1807 1592 300,000
1840 1559 1894 1595 fr.,
1926 1557 2037 1588 12.000
2067 1557 2107 1587 fr.

1211 1612 1372 1639 revenus,
1395 1603 1485 1633 belle
1514 1602 1689 1641 propriété
1717 1600 1880 1639 agricrle,
1911 1598 2112 1636 épouserait

1213 1644 1389 1675 Monsieur
1403 1644 1442 1673 40
1458 1645 1476 1673 à
1491 1643 1530 1673 60
1546 1651 1617 1680 ans,
1635 1645 1736 1680 ayant
1762 1640 1846 1679 jolie
1875 1638 2037 1670 situation
2067 1645 2111 1668 ou

1213 1685 1361 1716 fortune.
1378 1701 1389 1706 -
1405 1685 1445 1714 N-
1463 1684 1542 1714 2630

1252 1781 1360 1810 Jeune
1380 1778 1516 1808 homme
1534 1778 1571 1806 31
1588 1783 1661 1812 ans,
1679 1774 1894 1809 cultivateur,
1913 1773 1969 1804 dot
2001 1773 2112 1803 15.000

1213 1820 1253 1849 fr.
1271 1823 1306 1850 et
1320 1818 1443 1858 petites
1460 1820 1678 1856 espérances,
1697 1816 1894 1855 épouserait
1911 1814 2111 1844 demoiselle

1212 1868 1256 1891 ou
1297 1866 1405 1890 veuve
1434 1857 1653 1888 connaissant
1692 1856 1724 1885 la
1768 1855 1903 1886 culture
1938 1861 1981 1884 ou
2012 1857 2112 1892 ayant

1212 1901 1388 1940 propriété
1404 1900 1424 1928 à
1439 1898 1623 1937 exploiter.
1643 1913 1664 1918 -
1677 1897 1706 1926 N
1711 1905 1717 1911 -
1737 1896 1827 1926 4948.

1254 1993 1413 2032 Employé
1450 1992 1509 2022 des
1546 1992 1697 2022 douanes
1727 1989 1937 2026 célibataire,
1968 1990 2008 2019 28
2038 1996 2111 2024 ans,

1213 2035 1410 2065 traitement
1420 2033 1512 2063 5.100
1529 2032 1569 2062 fr.
1587 2031 1752 2070 physique
1769 2031 1941 2068 agréable,
1959 2029 2112 2064 sérieux,

1213 2072 1411 2114 épouserait
1422 2074 1529 2111 jeune
1544 2072 1614 2103 fille
1626 2071 1723 2109 jolie,
1741 2070 1901 2106 honnête,
1919 2069 2024 2106 aisée,
2041 2070 2079 2099 18
2095 2071 2112 2099 à

1213 2116 1252 2145 25
1268 2123 1340 2145 ans.
1356 2129 1375 2136 -
1389 2114 1428 2143 N-
1446 2114 1534 2144 4949.

1254 2207 1457 2239 Célibataire
1484 2208 1522 2237 44
1551 2215 1623 2243 ans,
1654 2206 1767 2236 bonne
1811 2207 1919 2240 santé,
1950 2203 2114 2235 situation

1213 2250 1327 2280 25.000
1362 2248 1416 2284 fr.,
1458 2246 1655 2287 épouserait
1697 2245 1895 2277 demoiselle
1932 2252 1976 2275 ou
2004 2252 2113 2275 veuve

1215 2291 1338 2320 femme
1368 2288 1579 2323 d’intérieur,
1623 2286 1785 2317 situation
1830 2293 1872 2316 en
1913 2287 2065 2324 rapport.
2097 2301 2114 2307 -

1216 2332 1255 2361 N-
1273 2331 1363 2360 4951.

1256 2423 1416 2463 Employé
1446 2425 1480 2453 P.
1498 2425 1532 2453 L.
1551 2424 1608 2458 M.,
1625 2422 1663 2451 28
1680 2429 1752 2457 ans,
1769 2421 1828 2451 400
1852 2421 1891 2451 fr.
1923 2427 1986 2458 par
2015 2418 2113 2455 mois,

1215 2464 1415 2504 épouserait
1427 2463 1636 2493 institutrice
1651 2469 1696 2492 ou
1710 2469 1883 2500 personne
1896 2462 1998 2496 ayant
2013 2459 2115 2490 situa¬

1216 2505 1300 2541 tion,
1319 2504 1443 2535 femme
1459 2503 1669 2538 d’intérieur,
1687 2504 1787 2540 ayant
1803 2502 1869 2532 dot.
1886 2517 1905 2524 -
1920 2500 1961 2529 N-
1978 2500 2068 2529 4952.

1256 2599 1399 2630 Divorcé
1429 2599 1448 2628 à
1477 2605 1537 2628 son
1567 2595 1679 2636 profit,
1710 2603 1837 2634 garçon
1868 2596 1903 2624 13
1932 2602 2003 2629 ans,
2036 2601 2115 2623 sans

1217 2640 1365 2675 fortune,
1384 2638 1497 2669 désire
1512 2638 1663 2675 mariage
1680 2644 1761 2667 avec
1776 2643 1896 2671 veuve,
1917 2633 2115 2664 demoiselle

1217 2688 1261 2711 ou
1278 2680 1448 2710 divorcée.
1465 2695 1485 2700 -
1499 2680 1528 2709 N
1534 2687 1539 2693 -
1558 2678 1646 2708 4953.

1255 2775 1366 2804 Jeune
1387 2773 1524 2802 homme
1537 2774 1576 2803 28
1592 2779 1667 2806 ans,
1683 2770 1845 2810 orphelin;
1884 2768 1977 2800 avoir
2003 2769 2117 2802 35,000

1219 2814 1273 2849 fr.,
1306 2812 1524 2847 automobile,
1557 2813 1706 2850 gagnant
1735 2810 1826 2840 1.000
1854 2809 1894 2839 fr.
1926 2816 1988 2847 par
2017 2808 2114 2844 mois,

1219 2852 1417 2892 épouserait
1432 2851 1630 2882 demoiselle
1658 2858 1702 2880 ou
1730 2858 1837 2881 veuve
1866 2850 1935 2880 très
1952 2848 2114 2884 honnête,

1219 2896 1321 2931 ayant
1337 2892 1509 2923 situation.
1527 2908 1546 2914 -
1561 2893 1600 2923 N‘
1619 2891 1707 2921 4954.

1256 2989 1366 3018 Jeune
1382 2987 1517 3018 homme
1531 2988 1568 3016 31
1586 2993 1659 3021 ans,
1678 2984 1838 3016 situation
1860 2983 1970 3015 12.000
1986 2983 2026 3013 fr.
2055 2990 2117 3021 par

1219 3037 1273 3065 an,
1291 3028 1403 3059 désire
1419 3035 1591 3067 personne
1607 3025 1740 3064 simple,
1758 3023 2011 3064 agréable.-N-
2025 3023 2114 3053 4955.

1260 3122 1437 3153 Monsieur
1448 3121 1536 3156 veuf,
1553 3129 1631 3151 sans
1643 3119 1788 3155 enfants,
1801 3120 1840 3149 46
1851 3126 1923 3153 ans,
1933 3117 2120 3156 possédant

1219 3165 1304 3202 petit
1319 3170 1512 3193 commerce
1528 3160 1698 3199 agréable,
1717 3159 1872 3190 s’unirait
1900 3160 1917 3189 à
1944 3165 2118 3197 personne

1218 3204 1258 3233 36
1272 3205 1290 3233 à
1307 3203 1345 3233 40
1361 3211 1432 3237 ans,
1450 3201 1671 3236 affectueuse,
1689 3199 1860 3232 divorcée,
1889 3200 1991 3238 ayant
2007 3198 2119 3228 10.000

1220 3245 1259 3273 fr.
1277 3260 1293 3265 -
1312 3245 1351 3274 N-
1370 3243 1458 3272 4957.

1258 3336 1492 3368 Sous-officier
1526 3344 1570 3366 en
1610 3334 1764 3370 retraite,
1807 3335 1847 3364 38
1875 3341 1950 3368 ans,
1987 3340 2118 3363 revenu

1220 3379 1331 3408 12.000
1360 3378 1400 3407 fr.
1431 3385 1494 3416 par
1523 3385 1576 3413 an,
1606 3374 1805 3415 épouserait
1845 3373 2046 3404 demoiselle
2074 3380 2118 3403 ou

1219 3427 1328 3449 veuve
1343 3420 1444 3455 ayant
1460 3417 1526 3453 dot,
1543 3418 1582 3447 25
1597 3418 1614 3447 à
1630 3416 1670 3445 38
1685 3423 1758 3445 ans.
1775 3431 1794 3437 -
1809 3415 1849 3444 N-
1867 3414 1955 3445 4958.

1257 3514 1367 3543 Jeune
1395 3511 1531 3542 homme
1557 3512 1595 3541 25
1611 3518 1684 3547 ans,
1701 3510 1813 3541 bonne
1829 3508 1969 3544 famille,
1988 3507 2115 3542 Suisse,

1218 3552 1424 3590 catholique,
1482 3552 1637 3582 sérieuse
1692 3551 1865 3586 situation,
1920 3547 2118 3587 épouserait

1218 3593 1417 3624 demoiselle
1434 3600 1477 3622 ou
1497 3600 1603 3623 veuve
1619 3589 1841 3626 affectueuse,
1860 3590 1984 3620 femme
2002 3588 2117 3618 d’inté¬

1218 3633 1324 3664 rieur.
1341 3648 1361 3655 -
1374 3633 1403 3662 N
1410 3641 1415 3647 -
1433 3633 1522 3662 4959.

1257 3726 1459 3757 Célibataire
1485 3727 1524 3756 38
1553 3734 1626 3763 ans,
1670 3725 1765 3756 avoir
1793 3724 1905 3755 40.000
1937 3723 1993 3760 fr.,
2038 3723 2116 3762 gain

1218 3767 1344 3798 annuel
1374 3767 1486 3797 10.000
1515 3767 1555 3797 fr.
1586 3767 1670 3797 dans
1709 3772 1903 3796 commerce
1941 3764 2115 3802 agréable,

1218 3807 1415 3846 épouserait
1443 3815 1616 3846 personne
1644 3805 1834 3837 honorable
1864 3808 1964 3843 ayant
2000 3805 2067 3835 dot.
2099 3821 2116 3826 -

1217 3848 1257 3877 N-
1289 3847 1379 3878 4960.

1258 3940 1492 3973 Sous-officier
1519 3941 1560 3972 de
1590 3940 1754 3975 carrière,
1785 3938 1944 3974 aviation,
1973 3939 2013 3968 29
2042 3946 2115 3975 ans,

1220 3983 1257 4012 10
1273 3990 1333 4012 ans
1350 3982 1392 4011 de
1408 3982 1555 4017 service,
1584 3980 1781 4011 économies
1810 3980 1902 4009 7.000
1918 3979 1972 4014 fr.,
2004 3979 2117 4009 désire

1219 4022 1382 4053 relations
1399 4029 1486 4058 pour
1501 4021 1605 4051 union
1618 4028 1700 4051 avec
1711 4022 1819 4058 jeune
1835 4019 1904 4050 fille
1919 4020 1954 4049 18
1966 4021 1983 4049 à
1995 4019 2034 4048 26
2043 4027 2115 4055 ans,

1219 4072 1278 4102 pas
1296 4061 1434 4093 sérieux
1450 4062 1641 4092 s’abstenir.
1659 4077 1677 4083 -
1693 4062 1732 4091 N’
1748 4061 1836 4090 4961.

1258 4157 1427 4195 Adjudant
1442 4156 1542 4193 génie
1558 4157 1594 4186 31
1613 4163 1684 4189 ans,
1715 4154 1809 4184 solde
1839 4152 2029 4184 mensuelle
2058 4153 2117 4182 537

1219 4197 1274 4233 fr.,
1290 4197 1402 4227 bonne
1417 4197 1610 4231 éducation,
1638 4194 1798 4225 médaille
1819 4192 1991 4228 militaire,
2021 4192 2118 4223 croix

1220 4238 1260 4268 de
1276 4244 1413 4275 guerre,
1444 4238 1464 4266 2
1492 4236 1660 4270 citations,
1688 4236 1706 4264 4
1736 4234 1910 4265 médailles
1938 4232 2118 4262 deuxième

1219 4278 1333 4314 ordre,
1351 4277 1464 4308 désire
1481 4278 1631 4315 mariage
1647 4284 1690 4306 en
1706 4276 1857 4313 rapport.
1874 4290 1891 4296 -
1908 4274 1947 4303 N.
1966 4273 2055 4302 4962.

1258 4380 1399 4410 Divorcé
1417 4380 1505 4410 suite
1522 4380 1563 4409 de
1578 4386 1715 4417 guerre,
1734 4379 1772 4408 39
1790 4386 1862 4414 ans,
1878 4377 1946 4407 fille
1977 4377 2014 4407 12
2043 4381 2115 4411 ans,

1219 4424 1319 4458 ayant
1342 4420 1405 4458 joli
1435 4420 1539 4456 avoir,
1571 4422 1641 4450 très
1672 4419 1876 4454 affectueux,
1919 4416 2117 4456 épouserait

1219 4461 1418 4491 demoiselle
1432 4468 1475 4490 ou
1489 4468 1597 4491 veuve
1608 4468 1650 4491 ou
1666 4459 1825 4489 divorcée
1839 4461 1939 4497 ayant
1955 4456 2116 4488 situation

1220 4508 1262 4530 en
1277 4502 1428 4540 rapport.
1445 4516 1465 4522 -
1479 4502 1508 4531 N
1513 4510 1520 4516 -
1537 4501 1626 4530 4963.

1259 4606 1368 4636 Jeune
1386 4604 1544 4636 militaire
1562 4604 1685 4635 faisant
1700 4611 1762 4633 son
1779 4602 1912 4641 seryice
1929 4609 1971 4632 au
1988 4602 2116 4636 Maroc,

1219 4648 1259 4677 22
1286 4655 1359 4682 ans,
1391 4646 1480 4675 belle
1509 4646 1682 4680 situation,
1712 4644 1768 4674 dot
1794 4643 1906 4673 20.000
1937 4641 1992 4678 fr.,
2023 4642 2119 4672 avoir

1220 4689 1321 4728 après
1330 4689 1481 4726 parents,
1493 4685 1689 4725 épouserait
1699 4683 1895 4714 demoiselle
1905 4684 2007 4720 ayant
2017 4682 2118 4712 situa¬

1220 4729 1291 4759 tion
1309 4735 1349 4758 en
1367 4729 1515 4766 rapport.
1534 4743 1552 4749 -
1568 4728 1607 4756 N.
1623 4725 1711 4755 4964.

2205 1362 2495 1393 Sous-lieutenant
2509 1361 2693 1392 infanterie
2714 1360 2894 1394 coloniale,
2912 1360 3061 1396 divorcé,

2164 1403 2203 1433 32
2216 1411 2287 1437 ans,
2305 1403 2403 1436 brun,
2421 1401 2618 1438 épouserait
2643 1404 2749 1439 jeune
2778 1400 2858 1435 fille,
2887 1408 2995 1431 veuve
3018 1407 3062 1430 ou

2165 1442 2334 1477 divorcée,
2351 1442 2389 1471 25
2406 1442 2423 1472 à
2438 1442 2477 1471 30
2492 1449 2564 1476 ans,
2581 1440 2734 1479 échange
2765 1440 3061 1478 renseignements

2165 1485 2199 1514 et
2214 1482 2317 1521 photo
2334 1482 2486 1521 premier
2501 1481 2669 1511 courrier.
2685 1497 2703 1504 -
2718 1481 2746 1511 N
2753 1490 2758 1496 -
2772 1480 2860 1510 4967.

2205 1598 2324 1629 Mutilé
2341 1599 2381 1629 de
2395 1605 2523 1637 guerre
2538 1598 2576 1628 42
2591 1606 2664 1635 ans,
2675 1598 2815 1629 ouvrier
2830 1605 2964 1635 maçon,
2982 1605 3061 1628 sans

2167 1639 2313 1673 fortune,
2330 1639 2442 1669 désire
2458 1646 2565 1669 veuve
2586 1639 2626 1669 de
2655 1645 2782 1677 guerre
2809 1638 2849 1667 30
2877 1639 2896 1668 à
2921 1639 2960 1667 45
2989 1646 3060 1674 ans,

2167 1679 2276 1710 même
2293 1687 2374 1710 avec
2390 1687 2433 1710 un
2451 1679 2578 1709 enfant.
2596 1695 2612 1701 -
2628 1680 2669 1709 N-
2686 1679 2775 1708 4968.

2206 1800 2409 1832 Demoiselle
2437 1802 2476 1830 28
2509 1808 2582 1836 ans,
2621 1799 2733 1830 bonne
2775 1799 2948 1835 fammille,
2983 1798 3061 1829 bien

2168 1849 2247 1872 sous
2263 1845 2338 1872 tous
2355 1841 2404 1871 les
2434 1843 2604 1880 rapports,
2621 1841 2677 1870 dot
2693 1843 2728 1870 et
2741 1840 2825 1879 jolie
2842 1839 3004 1870 situation
3022 1840 3061 1869 de

2166 1882 2303 1913 fortune
2319 1882 2420 1920 après
2435 1883 2588 1920 parents,
2617 1880 2815 1920 épouserait
2834 1880 3011 1910 monsieur
3025 1878 3064 1909 30

2168 1925 2185 1953 à
2202 1922 2240 1951 45
2255 1930 2328 1955 ans,
2346 1923 2496 1957 sérieux,
2514 1920 2604 1957 actif,
2632 1920 2813 1952 industriel
2834 1928 2877 1951 ou
2902 1928 3068 1951 commer¬

2169 1964 2256 1999 çant.
2274 1978 2292 1985 -
2307 1962 2336 1992 N
2342 1970 2347 1976 -
2362 1962 2449 1991 4970.
3134 1966 3151 1985 *

2210 2078 2369 2116 Employé
2386 2078 2427 2109 de
2442 2078 2588 2115 banque,
2600 2078 2638 2107 28
2648 2086 2720 2114 ans,
2732 2077 2894 2108 situation
2904 2075 3066 2107 d’avenir.

2168 2118 2260 2148 6.000
2277 2119 2330 2152 fr.,
2359 2119 2468 2157 grand
2496 2126 2602 2154 cœur,
2633 2118 2838 2153 affectueux,
2868 2117 3067 2156 épouserait

2169 2158 2367 2190 demoiselle
2382 2159 2422 2188 20
2437 2161 2454 2188 à
2469 2158 2508 2188 25
2524 2166 2597 2194 ans,
2620 2158 2718 2196 jolie,
2736 2157 2939 2195 distinguée,
2964 2159 3066 2196 ayant

2170 2198 2265 2230 avoir
2280 2206 2322 2229 ou
2340 2206 2533 2229 commerce
2548 2198 2734 2237 papeterie.
2752 2215 2771 2221 -
2786 2199 2826 2228 N-
2844 2198 2933 2227 4971.

2207 2321 2315 2350 Jeune
2332 2320 2468 2350 homme
2483 2318 2522 2349 30
2537 2327 2608 2356 ans,
2627 2319 2845 2354 cordonnier,
2863 2327 2942 2349 sans
2960 2318 3065 2349 fortu¬

2170 2368 2225 2395 ne,
2242 2360 2357 2390 désire
2381 2361 2534 2398 mariage
2549 2368 2630 2391 avec
2642 2362 2749 2398 jeune
2765 2358 2834 2390 fille
2848 2360 2887 2389 24
2904 2361 2920 2390 à
2936 2359 2975 2389 30
2992 2367 3064 2390 ans.

2169 2417 2187 2424 -
2202 2401 2241 2431 N-
2259 2401 2348 2430 4972.

2210 2512 2299 2543 Veuf
2309 2513 2349 2542 59
2364 2520 2437 2549 ans,
2454 2511 2552 2548 libre,
2568 2512 2663 2542 avoir
2676 2511 2789 2542 50.000
2804 2511 2858 2544 fr.,
2890 2511 2970 2542 bien
2986 2519 3066 2543 sous

2172 2556 2247 2583 tous
2264 2556 2434 2592 rapports,
2452 2552 2650 2592 épouserait
2664 2559 2836 2591 personne
2851 2552 2890 2581 35
2906 2554 2924 2582 à
2939 2553 2977 2581 48
2993 2561 3065 2589 ans,

2170 2593 2340 2628 instruite,
2358 2597 2459 2631 ayant
2484 2593 2645 2623 situation
2662 2600 2703 2623 ou
2722 2592 2816 2624 avoir
2840 2600 2882 2622 en
2913 2596 3064 2632 rapport.

2171 2649 2188 2656 -
2217 2634 2257 2663 N-
2289 2633 2378 2663 4973.

2210 2745 2414 2775 Lieutenant
2426 2746 2465 2775 38
2480 2752 2552 2779 ans,
2569 2744 2669 2780 brun,
2685 2744 2838 2780 sérieux,
2858 2744 2952 2780 actif,
2967 2752 3069 2783 pour¬

2170 2785 2241 2815 rait
2253 2786 2398 2823 prendre
2415 2793 2451 2815 sa
2461 2785 2608 2815 -retraite
2623 2793 2712 2823 pour
2736 2793 2773 2814 se
2802 2784 2906 2815 livrer
2922 2793 2963 2814 au
2980 2793 3071 2815 com¬

2171 2832 2297 2856 merce,
2315 2825 2426 2855 désire
2443 2824 2547 2855 union
2565 2832 2646 2854 avec
2668 2823 2867 2855 demoiselle
2897 2832 2940 2854 ou
2961 2832 3068 2854 veuve

2171 2864 2331 2894 situation
2349 2872 2390 2894 en
2408 2866 2557 2903 rapport.
2576 2879 2594 2885 -
2605 2865 2644 2894 N"
2660 2864 2749 2894 4971.

2212 2975 2327 3006 Suisse
2354 2976 2393 3005 45
2423 2984 2495 3010 ans,
2525 2974 2620 3006 avoir
2647 2975 2758 3005 12.000
2794 2975 2849 3009 fr.,
2890 2975 3067 3012 cuisinier,

2172 3016 2369 3055 épouserait
2379 3018 2486 3054 jeune
2501 3015 2571 3045 fille
2600 3015 2769 3052 française
2785 3022 2829 3046 ou
2845 3015 2914 3047 fille
2931 3015 3068 3053 d’hôtel,

2173 3057 2297 3087 femme
2320 3055 2522 3087 d’intérieur
2546 3055 2625 3086 bien
2643 3064 2722 3087 sous
2737 3059 2814 3086 tous
2831 3056 2880 3086 les
2898 3059 3068 3095 rapports.

2173 3113 2192 3119 -
2220 3098 2259 3127 N-
2291 3096 2380 3126 4975.

2213 3208 2416 3239 Demoiselle
2451 3208 2490 3238 36
2532 3216 2604 3243 ans,
2642 3209 2807 3244 sérieuse,
2846 3208 3068 3247 affectueuse,

2173 3249 2297 3279 femme
2313 3248 2522 3283 d’intérieur,
2541 3248 2744 3287 catholique,
2761 3249 2926 3288 physique
2953 3253 3071 3289 agréa¬

2172 3289 2238 3323 ble,
2254 3289 2319 3325 dot,
2335 3289 2447 3319 désire
2464 3289 2614 3327 mariage
2644 3297 2725 3320 avec
2754 3290 2929 3320 monsieur
2943 3291 2982 3320 38
2998 3292 3017 3321 à
3032 3291 3070 3321 45

2173 3337 2245 3364 ans,
2263 3332 2365 3367 ayant
2381 3329 2556 3360 situation.
2572 3346 2592 3351 -
2602 3330 2642 3359 N-
2659 3329 2751 3360 4976.

2211 3442 2320 3471 Jeune
2342 3440 2478 3471 homme
2503 3440 2543 3470 24
2558 3449 2630 3476 ans,
2649 3441 2800 3477 sérieux,
2817 3442 2974 3480 employé
2991 3442 3070 3473 che¬

2173 3480 2241 3512 min
2258 3481 2298 3511 de
2314 3480 2376 3517 fer,
2394 3483 2494 3519 ayant
2508 3481 2696 3519 propriété,
2714 3482 2912 3520 épouserait
2936 3482 3069 3513 demoi¬

2173 3521 2257 3552 selle
2273 3528 2316 3551 ou
2337 3529 2445 3552 veuve
2476 3521 2512 3551 19
2528 3522 2547 3551 à
2559 3522 2598 3551 27
2629 3529 2703 3558 ans,
2734 3524 2835 3560 ayant
2861 3522 2968 3560 petite
2999 3524 3067 3554 dot.

2172 3578 2191 3584 -
2220 3563 2258 3592 N’
2290 3562 2377 3591 4977.

2211 3675 2320 3704 Jeune
2337 3673 2405 3704 fille
2420 3674 2458 3703 29
2467 3681 2539 3709 ans,
2549 3675 2791 3712 représentant
2802 3673 2844 3703 de
2858 3681 3067 3712 commerce,

2173 3716 2273 3753 ayant
2287 3715 2474 3753 propriété,
2492 3713 2678 3744 cherchant
2688 3713 2859 3748 affection,
2873 3722 2911 3744 se
2923 3714 3070 3745 dévoue¬

2173 3755 2238 3785 rait
2252 3757 2269 3784 à
2286 3755 2392 3793 grand
2416 3754 2529 3784 blessé
2546 3754 2586 3784 de
2602 3762 2739 3792 guerre,
2770 3761 2813 3784 ou
2843 3755 2861 3783 à
2892 3755 3070 3785 monsieur

2173 3794 2353 3833 distingue,
2382 3796 2529 3830 fortuné,
2559 3795 2787 3825 recherchant
2814 3794 2916 3832 appui
2946 3796 3066 3825 moral.

2172 3852 2189 3858 -
2216 3836 2256 3865 N-
2287 3835 2375 3864 4978.

2211 3953 2319 3981 Jeune
2336 3951 2583 3987 sous-officier,
2601 3952 2640 3982 26
2655 3960 2726 3987 ans,
2745 3949 2931 3983 secrétaire
2948 3950 3068 3983 d’état-

2173 3993 2283 4029 major
2303 3993 2498 4030 épouserait
2516 3993 2622 4029 jeune
2646 3992 2716 4022 fille
2740 3991 2914 4026 instruite,
2944 3992 3067 4024 intelli¬

2173 4034 2284 4070 gente,
2304 4032 2365 4070 âge
2383 4040 2425 4062 en
2442 4034 2593 4070 rapport.
2610 4048 2648 4053 —
2662 4033 2691 4062 N
2697 4040 2703 4047 -
2720 4032 2809 4062 4980.

2212 4140 2383 4180 Capitaine
2406 4141 2524 4177 active,
2541 4141 2580 4171 34
2596 4149 2667 4177 ans,
2686 4149 2728 4172 au
2745 4143 2860 4172 Maroc
2876 4148 3068 4174 momenta¬

2173 4183 2322 4216 nément,
2333 4182 2445 4211 désire
2458 4183 2710 4220 correspondre
2721 4190 2808 4220 pour
2818 4183 2970 4221 mariage
2986 4192 3068 4215 avec

2171 4224 2276 4259 jeune
2293 4221 2362 4251 fille
2385 4221 2589 4258 catholique,
2608 4221 2721 4252 bonne
2737 4222 2875 4258 famille,
2907 4224 3067 4255 situation

2174 4269 2215 4292 en
2232 4264 2382 4299 rapport.
2402 4278 2439 4283 —
2455 4263 2495 4292 N-
2513 4262 2602 4291 4981.

2211 4378 2318 4406 Jeune
2334 4376 2470 4407 homme
2485 4377 2524 4406 24
2535 4385 2606 4413 ans,
2618 4376 2799 4408 industriel
2815 4385 2857 4408 au
2873 4379 3001 4416 Maroc,
3016 4380 3065 4411 si¬

2173 4416 2303 4447 tuation
2319 4417 2430 4447 16.000
2446 4416 2499 4451 fr.,
2518 4419 2715 4455 épouserait
2730 4418 2929 4449 demoiselle
2946 4421 3009 4451 16à
3026 4422 3064 4452 20

2173 4464 2244 4491 ans,
2263 4456 2423 4487 situation
2439 4465 2481 4488 en
2497 4460 2648 4496 rapport.
2665 4474 2702 4479 —
2718 4458 2851 4488 N'4982.

2210 4572 2318 4601 Jeune
2340 4569 2477 4600 homme
2489 4569 2528 4598 23
2557 4576 2629 4604 ans,
2661 4570 2810 4605 sérieux,
2842 4571 3066 4610 agriculteur,

2173 4620 2250 4643 sans
2268 4610 2415 4644 fortune,
2433 4611 2642 4648 espérances
2659 4611 2759 4648 après
2783 4613 2933 4647 parents,
2957 4614 3067 4651 épou¬

2174 4652 2279 4684 serait
2290 4650 2487 4680 demoiselle
2498 4656 2542 4678 ou
2555 4657 2663 4680 veuve
2673 4650 2710 4679 19
2721 4651 2739 4680 à
2753 4650 2792 4679 28
2804 4657 2874 4686 ans,
2894 4658 3066 4692 ayantpe¬

2174 4695 2233 4725 tite
2249 4690 2421 4721 situation.
2439 4706 2476 4711 —
2491 4689 2581 4719 4983.

303 4847 379 4882 Pour
404 4849 526 4880 faciliter
553 4845 593 4879 les
628 4844 756 4878 abonnés
785 4845 819 4876 de
848 4849 874 4877 la
912 4844 1050 4879 RÈVÜË
1093 4854 1165 4878 noüs

267 4883 328 4916 leur
341 4888 507 4917 donnerons
518 4887 556 4915 les
570 4887 702 4915 adresses
712 4885 761 4913 des
778 4885 913 4912 numéros
927 4895 956 4913 se
970 4886 1166 4921 rapprochant

264 4923 299 4951 de
316 4925 377 4952 leur
393 4923 534 4952 situation
550 4924 584 4950 de
599 4926 724 4950 tortuhe.
745 4917 780 4948 Ils
790 4928 808 4947 n
821 4925 925 4947 auront
943 4927 1015 4954 pour
1030 4921 1087 4949 cela
1100 4921 1165 4955 qü’à

267 4965 341 4988 nous
357 4960 492 4995 indiquer
510 4960 548 4987 les
566 4961 703 4986 numéros
720 4955 770 4991 qui
787 4956 848 4983 leur
861 4956 1062 4985 conviennent:
1085 4957 1165 4985 Cha¬

266 5000 321 5028 que
336 4996 477 5023 demande
493 4994 526 5022 de
541 5005 572 5022 ce
587 5003 674 5028 genre
690 4993 776 5020 devra
792 4994 850 5018 être
862 4996 1070 5026 accompagnée
1081 4992 1165 5019 d’une

268 5031 424 5065 enveloppe
442 5031 562 5059 timbrée
578 5029 652 5064 pour
667 5029 694 5056 la
710 5032 842 5062 réponse.

303 5072 358 5101 Les
370 5075 498 5103 abonnés
509 5074 640 5102 désirant
648 5074 753 5108 garder
763 5072 771 5099 1
783 5071 932 5105 incognito
945 5070 1090 5099 voudront
1101 5068 1167 5099 bien

270 5113 342 5135 nous
367 5109 391 5136 le
407 5110 477 5138 faire
504 5111 610 5143 savoir,
638 5110 695 5137 afin
717 5118 772 5143 que
797 5115 869 5135 nous
900 5117 934 5134 ne
964 5107 1085 5134 livrions
1117 5116 1166 5140 pas

269 5142 346 5170 leurs
366 5145 508 5174 adresses.

1261 4832 1426 4866 Ëruûette
1441 4830 1479 4864 22
1495 4839 1567 4867 ans,
1598 4828 1727 4866 artiste,
1758 4827 1925 4864 sérieuse,
1956 4825 2118 4857 situation

1223 4876 1314 4906 1.000
1330 4876 1369 4904 fr.
1387 4882 1449 4912 par
1466 4873 1563 4909 mois,
1579 4871 1775 4903 économies
1791 4869 1882 4900 4.000
1899 4869 1938 4898 fr.
1966 4871 1997 4896 et
2016 4865 2119 4897 mobi¬

1222 4917 1298 4951 lier,
1316 4917 1523 4953 espérances
1552 4913 1652 4952 après
1682 4910 1777 4950 père,
1803 4907 2000 4949 épouserait
2011 4909 2119 4944 jeune

1222 4956 1358 4986 homme
1375 4953 1470 4992 d’âge
1487 4956 1520 4984 et
1536 4952 1697 4984 situation
1714 4959 1757 4982 en
1773 4951 1925 4988 rapport.
1943 4963 1959 4969 -
1976 4949 2015 4977 N’
2028 4946 2117 4975 4965.

1263 5055 1467 5088 Demoiselle
1481 5057 1520 5086 29
1531 5064 1604 5092 ans,
1615 5063 1694 5085 sans
1705 5059 1912 5085 commerce,
1923 5048 2120 5089 épouserait

1222 5105 1351 5134 garçon
1368 5097 1431 5134 âge
1445 5104 1488 5126 en
1501 5097 1652 5135 rapport,
1664 5095 1704 5124 de
1716 5094 1838 5123 beauté
1854 5091 2007 5130 exquise,
2026 5089 2121 5119 avoir

1224 5137 1355 5167 100.000
1371 5136 1411 5165 fr.
1428 5144 1471 5166 ou
1488 5135 1679 5166 s’abstenir.
1696 5150 1715 5156 -
1730 5132 1758 5163 N
1764 5142 1770 5147 -
1787 5132 1876 5161 4966.

2213 4807 2414 4840 Célibataire
2428 4807 2468 4838 35
2483 4814 2554 4843 ans,
2568 4805 2817 4840 fonctionnaire
2830 4816 2871 4841 au
2883 4810 3010 4850 Maroc,
3028 4814 3070 4847 si¬

2175 4851 2303 4882 tuation
2315 4849 2408 4879 9.000
2424 4850 2464 4878 fr.
2479 4848 2593 4878 désire
2606 4849 2755 4888 mariage
2767 4857 2852 4881 avec
2868 4851 3068 4888 demoiselle

2176 4899 2219 4922 ou
2232 4897 2336 4919 veuve
2345 4890 2382 4918 25
2393 4891 2407 4919 à
2419 4889 2457 4918 30
2468 4895 2539 4923 ans,
2552 4891 2654 4926 ayant
2665 4890 2826 4921 situation
2841 4899 2848 4927 ;
2858 4900 2918 4929 pas
2929 4894 3068 4927 sérieux

2176 4929 2365 4962 s’abstenir.
2383 4945 2402 4950 -
2417 4930 2456 4958 N'
2475 4928 2564 4958 4984.

2215 5040 2423 5076 Demoiselle
2438 5042 2479 5074 35
2493 5051 2567 5080 ans,
2586 5042 2710 5077 femme
2725 5048 2768 5078 du
2785 5047 2918 5084 monde,
2935 5048 3070 5088 blonde,

2177 5086 2381 5123 distinguée,
2400 5085 2515 5115 désire
2532 5085 2634 5115 union
2663 5095 2743 5118 avec
2768 5089 2944 5119 monsieur
2973 5094 3072 5127 ayant

2176 5128 2228 5159 bel
2248 5125 2459 5157 lesituation.
2477 5141 2493 5147 -
2509 5126 2550 5154 N‘
2568 5127 2658 5155 4985.
