3536 5552
2529 207 2557 242 1
2559 210 2587 229 er
2616 206 2926 247 Novembre
2964 212 3113 247 LVSL

1484 377 1584 425 PRIX

2300 280 2319 314 ’j
2338 281 2426 320 î>;v,
2434 297 2454 320 4
2461 289 2513 328 r*^

2125 318 2150 378 /
2173 343 2183 373 f
2257 320 2402 360 'îh***#
2460 330 2489 359 \
2517 327 2527 359 i

1707 376 1803 425 50
1861 372 2056 451 Centimes
2121 372 2151 451 ^
2511 375 2531 451 J

396 524 924 732 REV

1500 524 3148 740 MENSUELLE

667 782 858 838 Liste
889 780 1335 836 d’Annonces
1365 778 1938 835 Matrimoniales
1970 783 2035 834 et
2064 777 2510 835 d’Annonces
2540 779 2866 839 Diverses

402 877 535 917 (Fonds
574 876 618 907 de
656 884 881 914 commerce,
928 875 1121 914 industrie,
1159 876 1266 906 vente
1309 874 1577 912 d’immeubles,
1622 873 1790 912 location,
1828 873 2021 912 échange).
2131 870 2166 901 —
2270 870 2515 903 Paraissant
2551 872 2588 905 le
2626 874 2644 905 1
2650 879 2684 897 er
2717 874 2740 905 d
2744 883 2763 906 e
2806 875 2961 917 chaque
2995 877 3108 909 mois.

549 944 862 983 L!Abonnement
877 945 915 982 et
933 944 981 982 de
1001 944 1050 983 25
1070 943 1199 993 francs
1215 954 1321 993 pour
1339 942 1364 980 4
1384 944 1499 991 mois,
1523 942 1574 980 45
1594 940 1719 992 francs
1736 953 1842 992 pour
1857 941 1886 980 8
1903 942 2004 979 mois
2025 942 2064 978 et
2081 941 2130 979 65
2151 940 2277 991 francs
2291 953 2398 991 pour
2420 943 2438 980 1
2462 954 2515 980 an
2536 943 2722 983 donnant
2739 945 2846 983 droit
2865 949 2889 984 à
2909 959 2986 986 une

363 1013 595 1062 inscription
612 1012 789 1062 gratuite
807 1022 878 1049 sur
896 1022 961 1049 ma
981 1011 1082 1049 liste.
1108 1010 1147 1048 —
1166 1010 1236 1048 Les
1251 1021 1454 1048 annonces
1467 1010 1561 1047 sont
1580 1009 1628 1047 de
1647 1011 1785 1059 quatre
1805 1010 1933 1059 lignes
1953 1009 2182 1046 maximum.
2206 1007 2245 1052 —
2271 1007 2312 1053 Les
2328 1007 2404 1066 ligne?
2420 1008 2631 1065 supplémentaire!
2646 1014 2698 1057 sont
2712 1018 2798 1069 payées
2814 1014 2828 1057 à
2843 1013 2921 1059 raison
2938 1013 2964 1059 lie
2981 1014 2993 1059 3
3011 1013 3032 1060 lr
3057 1014 3080 1060 la
3095 1014 3170 1073 ligne.

863 1076 961 1107 Pour
991 1075 1199 1115 l’Etranger
1214 1086 1221 1106 :
1261 1075 1285 1106 4
1304 1076 1408 1114 mois,
1438 1073 1494 1105 30
1524 1074 1667 1105 francs.
1709 1093 1748 1096 —
1791 1074 1814 1104 8
1838 1074 1942 1112 mois,
1961 1072 2013 1104 50
2041 1073 2184 1104 francs.
2226 1091 2265 1095 —
2312 1074 2320 1104 I
2354 1084 2412 1112 an,
2442 1073 2493 1105 70
2521 1075 2664 1107 francs.

523 1145 703 1184 Adresser
723 1145 860 1184 Lettres
876 1146 911 1184 et
930 1144 1107 1184 Mandats
1128 1145 1149 1183 à
1169 1144 1275 1182 Mme
1302 1143 1432 1183 Veuve
1452 1142 1721 1189 CHABAUD,
1744 1142 1944 1181 Directrice
1972 1141 2019 1180 de
2047 1141 2081 1183 la
2110 1141 2247 1183 Revue
2275 1142 2506 1187 Mensuelle,
2541 1144 2600 1188 18,
2634 1144 2713 1185 Rue
2741 1145 3011 1195 Sainte-Croix,

1512 1209 1755 1253 Montélimar
1787 1209 1958 1259 (Drôme)

398 1321 489 1348 Notre
503 1330 599 1348 œuvre
615 1330 631 1346 a
646 1324 718 1354 pour
734 1320 781 1346 but
797 1320 830 1346 de
845 1319 928 1346 venir
941 1329 974 1345 en
990 1319 1054 1345 aide
1064 1328 1124 1345 aux
1127 1319 1263 1351 familles

362 1357 414 1391 qui
428 1356 554 1384 désirent
567 1356 675 1383 marier
691 1356 769 1382 leurs
785 1358 910 1388 enfants,
927 1364 987 1381 aux
1004 1363 1110 1382 veuves
1125 1354 1176 1388 qui
1191 1363 1261 1380 vou¬

361 1392 475 1418 draient
490 1402 519 1418 se
534 1392 672 1418 remarier
676 1401 682 1422 ,
699 1401 759 1417 aux
788 1390 938 1425 orphelins
968 1394 994 1416 et
1023 1399 1082 1416 aux
1110 1390 1262 1417 messieurs

362 1428 413 1463 qui
427 1430 526 1454 révent
541 1428 573 1454 de
587 1437 617 1454 se
624 1427 732 1460 fonder
746 1435 786 1452 un
793 1428 882 1460 foyer
885 1435 892 1459 ,
907 1435 961 1452 une
968 1425 1100 1458 famille.

397 1463 489 1491 Notre
503 1473 600 1491 œuvre
614 1472 679 1490 sera
698 1465 862 1497 approuvée
881 1465 936 1496 par
951 1465 1016 1488 tous
1046 1470 1096 1488 nos
1125 1460 1260 1491 abonnés,

365 1498 511 1534 lorsqu'ils
526 1503 650 1526 sauront
661 1497 748 1533 qu'ils
763 1501 887 1532 peuvent
904 1501 1020 1524 trouver
1044 1498 1135 1532 grâce
1151 1499 1168 1523 à
1184 1501 1263 1523 notre

362 1544 512 1568 concours,
530 1535 557 1561 le
572 1544 672 1569 moyen
686 1534 719 1560 de
734 1533 876 1560 semarier
888 1533 968 1559 selon
980 1533 1056 1559 leurs
1072 1535 1159 1568 goûts
1163 1533 1170 1566 ,
1185 1533 1263 1559 leurs

364 1580 432 1598 vues
449 1575 474 1597 et
488 1571 567 1597 selon
585 1571 648 1596 leur
662 1569 818 1596 condition.

399 1606 481 1633 Nous
495 1606 596 1640 prions
611 1606 653 1632 les
669 1605 768 1631 Dames
784 1609 810 1631 et
826 1605 866 1630 les
881 1604 1039 1630 Messieurs
1063 1603 1096 1630 de
1117 1612 1189 1630 nous
1214 1612 1263 1629 en¬

364 1651 452 1676 voyer
468 1642 494 1668 le
509 1642 576 1676 plus
591 1641 742 1667 d’abonnés
756 1640 894 1674 possible,
911 1639 972 1675 afin
985 1649 1039 1674 que
1057 1643 1138 1666 notre
1166 1648 1263 1666 œuvre

362 1677 562 1713 s’agrandisse
577 1681 603 1703 et
617 1677 712 1711 puisse
723 1679 778 1711 par
792 1685 823 1702 ce
837 1685 937 1710 moyen
945 1675 1084 1707 faciliter
1099 1674 1216 1701 nombre
1231 1674 1264 1700 de

364 1713 512 1748 mariages
528 1718 553 1739 et
560 1713 644 1746 faire
660 1713 686 1739 le
700 1713 768 1747 plus
792 1711 950 1738 d'heureux
965 1711 1101 1746 possible,
1118 1720 1169 1737 car
1197 1709 1264 1736 c'est

364 1758 420 1775 une
432 1749 522 1776 bonne
539 1749 635 1775 action
650 1757 703 1782 que
716 1757 786 1774 vous
793 1749 860 1781 fere
864 1756 882 1782 ^
910 1756 943 1773 en
971 1750 1153 1782 propageant
1184 1750 1264 1772 notre

363 1794 469 1817 couvre,
487 1794 555 1812 vous
563 1793 634 1811 nous
654 1783 767 1818 aiderez
785 1783 864 1810 ainsi
879 1785 896 1809 à
911 1782 1076 1809 contribuer
1088 1792 1125 1808 au
1137 1782 1264 1809 bonheur

363 1821 411 1847 des
418 1821 555 1854 familles
569 1820 619 1855 qui
628 1819 753 1846 désirent
763 1823 880 1846 trouver
890 1828 929 1844 un
939 1821 1035 1853 époux
1045 1827 1081 1845 ou
1091 1827 1147 1845 une
1157 1821 1265 1852 épouse

364 1860 437 1891 pour
458 1857 535 1882 leurs
551 1858 674 1889 enfants,
693 1864 752 1881 aux
768 1864 873 1882 veuves
893 1864 932 1880 un
947 1854 1073 1886 soutien,
1105 1856 1121 1880 à
1141 1853 1261 1888 l'orphe¬

364 1892 408 1918 lin
423 1901 462 1918 un
469 1894 558 1926 foyer
574 1895 600 1917 et
614 1901 652 1917 au
666 1891 839 1917 relèvement
852 1890 885 1916 de
901 1890 930 1916 la
947 1890 1055 1916 France
1084 1889 1134 1924 qui
1162 1890 1262 1922 donne,

363 1931 418 1962 par
434 1928 475 1954 les
489 1928 634 1963 mariages
642 1926 774 1959 féconds,
790 1926 838 1952 des
852 1926 961 1952 soldats
977 1928 993 1952 à
1009 1926 1038 1952 la
1054 1925 1158 1952 Patrie
1173 1929 1199 1952 et
1213 1925 1264 1960 qui

362 1966 425 1995 font
440 1964 486 1990 des
500 1966 616 1994 femmes
631 1963 664 1988 de
679 1962 783 1989 bonnes
794 1965 884 1988 mères
899 1962 932 1987 de
938 1962 1071 1994 famille.

400 1998 476 2026 C'est
491 1999 560 2025 dans
576 2008 607 2025 ce
622 1998 670 2025 but
685 2008 737 2033 que
753 2007 824 2024 nous
844 2007 933 2024 avons
940 1997 1035 2030 fondé
1050 1998 1080 2024 la
1096 1997 1110 2024 «
1124 1996 1263 2024 REVUE

362 2034 606 2062 MENSUELLE
621 2041 646 2060 ».

398 2070 484 2098 Nous
500 2080 534 2096 ne
548 2074 646 2096 tenons
661 2072 714 2104 pas
729 2078 785 2095 une
797 2078 907 2104 agence
919 2068 1134 2095 matrimoniale
1154 2072 1179 2094 et
1192 2077 1264 2094 nous

363 2116 398 2132 ne
412 2110 535 2140 prenons
549 2115 659 2132 aucune
673 2105 856 2132 commission
868 2114 919 2131 sur
935 2105 964 2130 la
983 2104 1038 2131 dot.
1075 2103 1160 2130 Voici
1186 2113 1263 2130 com¬

363 2147 439 2168 ment
454 2151 524 2168 nous
538 2141 691 2176 procédons
706 2151 711 2168 :

405 2177 481 2204 Vous
497 2187 567 2204 nous
588 2177 753 2211 indiquerez
767 2175 881 2202 d'abord
897 2179 975 2202 votre
990 2177 1056 2211 âge,
1074 2179 1154 2202 votre
1168 2175 1263 2201 situa-

364 2214 598 2246 tiondefortune,
607 2217 686 2239 votre
696 2212 859 2246 profession
863 2221 869 2244 ,
881 2211 1025 2244 votredot,
1034 2220 1083 2238 vos
1095 2214 1263 2245 espérances

364 2253 389 2275 et
404 2259 435 2276 ce
450 2259 502 2283 que
518 2258 588 2275 vous
615 2248 721 2274 désirée
719 2257 737 2281 ,■,
769 2251 795 2273 et
824 2256 894 2273 nous
921 2256 991 2274 vous
1020 2246 1185 2273 inscrivons
1213 2255 1264 2272 sur

363 2289 444 2311 notre
460 2285 536 2318 liste,
547 2288 619 2318 pour
631 2293 650 2318 4
665 2284 746 2316 mois,
759 2283 778 2309 8
793 2283 864 2309 mois
881 2292 919 2309 ou
937 2292 949 2308 1
961 2292 1008 2316 an,
1020 2285 1074 2317 par
1086 2292 1142 2308 une
1153 2291 1262 2308 annon¬

363 2330 394 2347 ce
409 2330 462 2355 que
469 2321 503 2356 je
510 2320 576 2353 fais
587 2320 747 2346 moi-même
759 2323 784 2345 et
793 2328 864 2345 nous
875 2327 946 2345 vous
958 2318 1085 2344 donnons
1096 2328 1135 2344 un
1147 2321 1262 2344 numéro

354 2357 474 2388 faisant
493 2357 569 2383 suite
590 2359 607 2382 à
627 2359 698 2382 cette
716 2364 852 2381 annonce.
871 2353 947 2381 C'est
960 2358 1014 2387 par
1028 2354 1053 2380 le
1068 2363 1170 2388 moyen
1185 2353 1217 2380 de
1232 2362 1264 2379 ce

363 2395 479 2418 numéro
504 2401 557 2426 que
582 2401 652 2418 vous
674 2394 785 2425 pouvez
805 2389 1014 2424 correspondre
1040 2398 1109 2416 avec
1135 2393 1198 2416 tous
1221 2389 1263 2415 les

365 2427 489 2454 abonnés
505 2428 538 2453 de
553 2431 630 2453 notre
647 2427 722 2453 liste.

396 2463 526 2498 Lorsque
542 2471 612 2490 vous
626 2462 736 2488 désirez
751 2460 955 2495 correspondre
970 2469 1040 2487 avec
1050 2470 1089 2486 un
1105 2460 1213 2486 abonné
1237 2463 1263 2486 et

361 2509 415 2533 que
430 2508 500 2526 vous
516 2508 590 2534 ave\
603 2498 702 2524 choisi
716 2497 787 2524 dans
812 2497 841 2523 la
860 2496 986 2523 Revue
1011 2495 1209 2523 Mensuelle
1237 2495 1264 2521 le

361 2535 442 2569 parti
456 2534 506 2569 qui
515 2543 584 2561 vous
593 2534 699 2568 piaille
704 2533 772 2567 plus
786 2532 864 2559 voici
878 2535 1016 2558 comment
1032 2531 1246 2566 vousprocédez
1255 2542 1262 2557 :

698 2585 890 2613 EXEMPLE
906 2597 914 2611 :

406 2634 519 2665 Jeune
536 2632 691 2671 homme,
718 2630 761 2662 30
782 2639 859 2667 ans,
881 2630 952 2662 très
981 2629 1074 2661 belle
1096 2628 1262 2661 situation

364 2678 452 2709 dans
473 2675 660 2715 industrie,
682 2676 827 2717 rapport
845 2675 885 2705 10
898 2674 915 2706 à
933 2674 1057 2705 12.000
1074 2674 1131 2714 fr.,
1146 2673 1263 2706 désire

363 2721 521 2762 mariage
542 2729 585 2752 en
606 2723 762 2761 rapport.
780 2737 824 2741 —
843 2718 964 2751 Ecrire
984 2719 1011 2750 N
1018 2728 1024 2734 -
1050 2718 1084 2750 2.

540 2773 585 2796 ou

407 2808 618 2840 Demoiselle
645 2807 687 2839 25
724 2815 800 2848 ans,
837 2805 1004 2838 situation
1040 2806 1083 2837 de
1122 2806 1262 2838 fortune

361 2853 486 2885 25.000
506 2852 637 2891 francs,
655 2855 722 2883 etc.
746 2869 787 2873 —
808 2850 928 2882 Ecrire
944 2851 971 2881 N
979 2859 985 2866 1
1011 2853 1042 2882 4.

406 2906 504 2938 Vous
517 2905 565 2937 lui
577 2904 712 2937 écrivez
727 2905 954 2936 vous-même
968 2912 1012 2935 ou
1032 2902 1133 2934 faites
1148 2901 1261 2935 écrire

362 2959 426 2992 par
447 2950 640 2991 quelqu’un
670 2949 714 2981 de
742 2952 840 2980 votre
865 2947 1014 2986 famille,
1043 2957 1087 2979 en
1118 2946 1262 2988 signant

362 2995 405 3026 de
426 2998 524 3026 votre
542 2993 702 3032 numéro,
721 2996 754 3024 et
771 3001 857 3024 vous
872 2995 999 3024 mettez
1014 3000 1075 3023 sur
1091 2991 1261 3024 l’adresse

361 3039 531 3071 cachetée
548 3042 581 3070 et
591 3038 737 3070 timbrée
752 3038 784 3069 le
798 3036 947 3068 numéro
960 3037 1004 3068 de
1018 3036 1051 3068 la
1065 3045 1258 3077 personne,

362 3083 550 3115 deuxième
570 3083 780 3123 enveloppe,
802 3090 889 3113 avec
909 3090 967 3113 ces
980 3081 1153 3122 quelques
1170 3084 1260 3112 mots

363 3137 424 3160 sur
434 3137 502 3160 une
514 3131 611 3160 carte
626 3136 669 3158 ou
684 3136 729 3158 un
743 3127 829 3158 bout
841 3126 883 3157 de
893 3125 1017 3167 papier
1027 3124 1115 3157 ainsi
1126 3124 1258 3156 libellé:

363 3184 381 3202 «
399 3171 580 3204 Monsieur
596 3181 641 3203 ou
656 3171 831 3207 Madame,
846 3179 891 3202 ou
904 3168 1172 3201 Mademoiselle
1184 3170 1258 3201 X...

362 3216 475 3258 (votre
499 3225 580 3248 nom
599 3220 632 3248 et
653 3219 750 3247 votre
772 3213 935 3256 numéro)
949 3213 1024 3255 prie
1044 3214 1206 3245 Madame
1226 3214 1261 3245 la

362 3260 553 3293 Directrice
574 3261 617 3292 de
636 3260 667 3292 la
684 3260 801 3292 Revue
811 3260 854 3290 de
876 3258 963 3291 faire
986 3258 1149 3299 parvenir
1169 3260 1260 3290 cette

363 3306 465 3337 lettre
482 3306 500 3337 à
521 3305 567 3337 tel
589 3305 737 3336 numéro
759 3315 777 3333 »
795 3307 829 3336 et
846 3312 932 3335 vous
952 3303 1118 3335 cachetez
1136 3306 1169 3334 et
1181 3302 1259 3334 tim¬

362 3351 443 3382 brez
471 3353 561 3382 cette
599 3349 786 3380 deuxième
817 3347 1013 3389 enveloppe
1049 3346 1066 3378 à
1105 3347 1260 3388 laquelle

360 3403 449 3426 vous
471 3397 596 3426 mettez
613 3403 693 3425 mon
717 3393 874 3428 adresse,
898 3395 931 3424 et
956 3391 1105 3424 aussitôt
1139 3400 1258 3430 reçue,

362 3437 394 3475 je
416 3438 528 3470 défais
545 3438 578 3469 la
607 3437 783 3479 première
810 3437 1019 3478 enveloppe,
1051 3435 1196 3477 j’efface
1226 3435 1259 3467 le

361 3482 510 3515 numéro
533 3483 576 3514 de
598 3483 630 3514 la
651 3481 839 3513 deuxième
859 3485 894 3512 et
914 3485 1004 3512 mets
1026 3480 1194 3512 l’adresse
1216 3481 1259 3512 de

360 3527 393 3558 la
416 3536 592 3568 personne
608 3530 642 3558 et
660 3525 848 3567 réexpédie
865 3526 899 3557 la
915 3526 1029 3557 lettre.
1052 3525 1150 3556 Vous
1169 3534 1259 3565 pou¬

360 3581 421 3603 vez
438 3571 696 3613 correspondre
712 3579 799 3602 avec
810 3574 889 3601 tous
910 3578 974 3601 nos
996 3569 1155 3601 abonnés
1177 3577 1259 3600 sans

362 3625 448 3647 vous
465 3615 553 3647 faire
569 3616 767 3647 connaître.
806 3615 853 3647 Ce
888 3614 976 3646 n’est
1009 3623 1076 3655 que
1114 3613 1259 3655 lorsque

360 3669 449 3691 vous
467 3669 572 3692 aurez
593 3659 655 3691 fait
675 3664 773 3691 votre
794 3657 913 3697 choix,
948 3667 1018 3699 que
1056 3667 1143 3690 vous
1171 3666 1258 3689 vous

362 3705 498 3736 donnez
520 3704 791 3736 mutuellement
807 3707 905 3735 votre
926 3702 1097 3735 véritable
1113 3703 1258 3734 adresse

361 3752 395 3780 et
417 3757 485 3790 que
519 3757 606 3780 vous
644 3757 730 3780 vous
770 3747 941 3789 ménagez
980 3756 1049 3779 une
1088 3750 1258 3779 entrevue

360 3801 451 3834 pour
468 3791 611 3824 décider
632 3793 674 3824 de
689 3795 788 3824 votre
809 3796 894 3824 sort.

397 3845 437 3871 Le
452 3845 522 3879 prix
537 3845 569 3871 de
580 3849 660 3872 notre
674 3845 861 3871 abonnement
875 3849 916 3871 est
928 3844 961 3870 de
977 3847 1014 3877 25
1017 3847 1062 3877 fr.
1080 3848 1152 3879 pour
1160 3853 1178 3879 4
1188 3844 1259 3871 mois

359 3889 398 3915 4P
407 3883 452 3914 fr.
468 3884 540 3914 pour
554 3880 572 3907 8
587 3881 670 3911 mois;
685 3880 721 3913 6$
730 3883 775 3912 fr.
791 3883 863 3914 pour
883 3890 894 3906 1
913 3890 958 3910 an,
977 3884 1002 3906 et
1019 3890 1088 3907 vous
1104 3889 1174 3908 avez
1184 3880 1259 3907 droit

361 3919 378 3942 à
393 3919 452 3942 être
467 3916 571 3942 inscrit
585 3916 792 3952 gratuitement
806 3925 857 3942 sur
871 3925 917 3942 ma
932 3916 1009 3942 liste.

403 3951 481 3978 Vous
497 3961 568 3985 voye
572 3961 590 3986 ^
604 3951 720 3985 qu'avec
735 3955 808 3977 cette
822 3952 953 3985 modique
965 3961 1078 3983 somme,
1097 3960 1166 3978 vous
1181 3954 1257 3985 pou¬

361 3996 412 4013 vez
423 3997 493 4014 vous
508 3987 623 4019 marier,
638 3996 704 4013 sans
721 3987 804 4013 avoir
819 3989 836 4012 à
859 3989 960 4020 passer
987 3990 1042 4020 par
1057 3987 1105 4012 des
1134 3996 1258 4022 agences

359 4022 410 4056 qui
424 4032 454 4048 se
467 4025 529 4053 font
546 4031 642 4048 verser
656 4022 793 4048 d'avance
807 4022 840 4047 de
853 4029 966 4055 grosses
982 4021 1147 4054 provisions
1169 4025 1194 4047 et
1209 4021 1258 4055 qui

360 4060 533 4091 escomptent
547 4057 579 4083 de
594 4066 709 4092 grosses
727 4057 933 4089 commissions,
963 4060 1037 4091 pour
1058 4057 1203 4083 n’arriver
1231 4057 1258 4082 le

360 4093 427 4126 plus
442 4097 562 4119 souvent
576 4093 592 4119 à
607 4102 702 4118 aucun
717 4093 848 4118 résultat.
873 4092 956 4119 Nous
985 4092 1103 4119 n’avons
1133 4093 1196 4118 rien
1225 4092 1258 4118 de

359 4137 490 4154 commun
507 4137 576 4154 avec
593 4129 632 4154 les
649 4137 780 4162 agences,
798 4137 849 4153 car
864 4137 935 4154 nous
951 4138 985 4154 ne
999 4132 1122 4162 prenons
1147 4137 1257 4154 aucune

359 4163 542 4189 commission
556 4173 606 4189 sur
622 4164 652 4189 La
667 4164 722 4190 dot.
751 4163 794 4191 Un
823 4163 944 4189 modeste
973 4164 1161 4190 abonnement
1186 4172 1257 4189 nous

360 4205 418 4225 se’t
432 4199 465 4224 de
476 4199 628 4232 paiement.

396 4234 555 4268 Lorsqu’un
571 4234 678 4260 abonné
693 4233 759 4260 s'est
766 4233 866 4268 fiancé
882 4238 908 4260 et
920 4234 992 4268 qu’il
1010 4234 1052 4260 n’a
1070 4235 1137 4269 plus
1160 4234 1256 4261 besoin

358 4269 391 4295 de
402 4273 482 4295 notre
492 4278 587 4302 revue,
600 4270 625 4295 il
640 4279 710 4296 nous
722 4270 748 4296 le
758 4270 815 4301 fait
825 4271 923 4296 savoir
934 4269 994 4305 afin
1006 4280 1058 4304 que
1070 4279 1140 4296 nous
1152 4279 1256 4304 rayons

357 4314 409 4330 son
425 4314 553 4330 annonce
564 4308 637 4338 pour
653 4314 686 4330 ne
698 4308 751 4339 pas
757 4305 842 4338 Jaire
855 4306 1058 4340 correspondre
1073 4306 1257 4332 inutilement

358 4349 408 4366 nos
424 4339 560 4366 abonnés.

396 4375 469 4401 Tout
484 4375 592 4401 abonné
607 4375 666 4401 doit
678 4375 816 4409 répondre
832 4377 848 4401 à
863 4379 954 4402 toutes
971 4377 1011 4402 les
1036 4377 1132 4403 lettres
1146 4376 1196 4411 qui
1212 4376 1256 4403 lui

357 4414 419 4437 sont
435 4410 577 4436 adressées
593 4411 599 4442 ;
617 4411 646 4436 la
661 4410 797 4444 politesse
813 4410 920 4445 l’exige
923 4421 929 4443 ,
960 4421 994 4437 ne
1001 4414 1119 4444 fussent
1147 4421 1200 4446 que
1210 4421 1255 4438 ces

356 4446 427 4472 trois
446 4455 482 4472 ou
492 4449 593 4480 quatre
608 4450 676 4471 mots
687 4456 692 4471 :
711 4445 829 4477 Inutile,
841 4450 903 4472 tous
916 4456 972 4473 mes
984 4451 1106 4482 regrets.
1117 4447 1149 4474 —
1162 4447 1254 4474 N'...»

398 4507 496 4537 Pour
504 4508 627 4537 toutes
640 4505 691 4536 les
701 4515 891 4536 annonces
903 4507 1080 4546 ci-après,
1091 4508 1255 4538 s’adres¬

356 4565 424 4586 ser
440 4557 460 4585 à
488 4555 655 4585 Madame
673 4553 791 4585 Veuve
809 4554 1022 4594 CHABAUD,
1047 4557 1253 4587 Directrice

356 4605 400 4635 de
417 4604 448 4634 la
472 4604 490 4621 “
509 4604 631 4634 Revue
651 4603 852 4633 Mensuelle
867 4603 896 4633 ’’.

394 4709 508 4737 Veuve
524 4707 562 4735 43
578 4713 650 4738 ans,
664 4713 742 4734 sans
755 4705 882 4739 enfant,
899 4705 1035 4736 fortune
1050 4708 1182 4737 300.000
1199 4710 1251 4743 tr.,

355 4747 502 4777 revenus
519 4745 630 4775 20.000
647 4745 686 4774 fr.
701 4753 762 4780 par
787 4753 841 4779 an,
864 4746 1062 4782 épouserait
1080 4749 1254 4778 monsieur

355 4790 456 4825 ayant
468 4786 552 4824 jolie
569 4785 730 4815 situation
747 4792 789 4814 ou
807 4785 953 4814 fortune.
973 4801 990 4806 -
1006 4787 1034 4815 N
1041 4794 1045 4799 É
1062 4787 1151 4816 2100.

393 4843 598 4875 Demoiselle
625 4843 664 4871 29
688 4850 760 4875 ans,
792 4850 870 4870 sans
888 4849 1092 4876 commerce,
1110 4845 1253 4879 épouse¬

352 4886 419 4916 rait
432 4891 559 4922 garçon
576 4883 638 4920 âge
655 4890 696 4911 en
713 4884 863 4915 rapport,
892 4882 931 4911 de
946 4881 1070 4910 beauté
1097 4884 1249 4920 exquise,

353 4927 448 4956 avoir
465 4924 521 4954 100
536 4923 594 4953 000
609 4922 649 4951 fr.
666 4930 709 4951 ou
726 4920 917 4950 s’abstenir.
941 4937 960 4942 -
975 4922 1019 4950 N-
1040 4921 1118 4950 4966

392 4976 596 5008 Demoiselle
625 4976 663 5004 28
679 4983 751 5009 ans,
784 4974 896 5003 bonne
913 4973 1049 5006 famille,
1068 4974 1146 5003 bien
1171 4983 1249 5005 sous

352 5022 429 5049 tous
446 5020 615 5057 rapports,
648 5015 704 5044 dot
719 5017 752 5043 et
765 5014 848 5051 jolie
871 5013 1032 5042 situation
1057 5014 1097 5043 de
1114 5013 1249 5044 fortune

353 5061 454 5097 après
471 5059 621 5097 parents,
634 5054 831 5093 épouserait
846 5053 1022 5083 monsieur
1036 5053 1075 5082 30
1090 5054 1107 5082 à
1122 5053 1161 5082 45
1176 5063 1248 5089 ans,

353 5096 599 5134 sérieux,actif,
609 5094 790 5125 industriel
801 5102 845 5124 ou
855 5095 1098 5130 commerçant.
1109 5094 1150 5123 N-
1160 5093 1247 5123 4970.

1357 1317 1561 1347 Demoiselle
1598 1317 1637 1346 36
1672 1325 1744 1351 ans,
1789 1316 1955 1348 sérieuse,
1993 1316 2214 1351 affectueuse,

1318 1356 1442 1387 femme
1460 1357 1669 1392 d’intérieur,
1688 1357 1892 1394 catholique,
1909 1356 2075 1395 physique
2091 1358 2215 1393 agréa¬

1317 1397 1384 1432 ble,
1403 1398 1470 1431 dot,
1501 1397 1615 1427 désire
1631 1398 1781 1434 mariage
1797 1404 1881 1426 avec
1897 1396 2075 1426 monsieur
2089 1396 2128 1425 38
2144 1397 2162 1425 à
2177 1396 2216 1425 45

1318 1445 1391 1473 ans,
1409 1440 1510 1475 ayant
1526 1436 1699 1467 situation.
1716 1452 1734 1458 -
1750 1437 1778 1466 N
1807 1436 1895 1466 4976.

1356 1493 1465 1521 Jeune
1474 1490 1543 1521 fille
1552 1491 1590 1520 29
1605 1498 1678 1526 ans,
1696 1491 1936 1528 représentant
1953 1490 1993 1520 de
2009 1497 2214 1523 commerce,

1318 1534 1420 1568 ayant
1434 1531 1622 1570 propriété,
1641 1530 1828 1560 cherchant
1839 1529 2009 1566 affection,
2020 1538 2056 1559 se
2073 1530 2216 1559 dévoue¬

1319 1572 1384 1600 rait
1413 1572 1431 1600 à
1454 1571 1560 1609 grand
1589 1570 1702 1600 blessé
1727 1571 1767 1600 de
1784 1578 1920 1607 guerre,
1946 1578 1989 1600 ou
2007 1573 2024 1599 à
2040 1570 2216 1599 monsieur

1318 1611 1488 1648 distingué
1519 1610 1666 1646 fortuné,
1698 1610 1926 1641 recherchant
1947 1610 2048 1649 appui
2065 1610 2183 1639 moral.
2203 1625 2215 1630 -

1317 1653 1358 1681 N-
1376 1651 1464 1680 4978.

1357 1702 1467 1730 Jeune
1505 1700 1641 1730 homme
1682 1700 1721 1729 25
1762 1707 1833 1735 ans,
1865 1698 2025 1729 situation
2055 1699 2215 1729 annuelle

1317 1741 1430 1770 60.000
1442 1740 1497 1776 fr.,
1528 1748 1569 1770 au
1586 1742 1715 1774 Maroc,
1738 1741 1833 1770 avoir
1846 1740 1886 1769 30
1900 1739 1959 1768 000
1976 1740 2015 1769 fr.
2034 1742 2068 1768 et
2085 1739 2214 1768 maison

1319 1781 1543 1815 confortable,
1574 1780 1771 1819 épouserait
1799 1781 1902 1817 jeune
1926 1780 1996 1810 fille
2013 1780 2050 1809 18
2067 1780 2085 1809 à
2100 1780 2140 1809 22
2155 1787 2215 1808 ans

1318 1822 1456 1851 voulant
1471 1820 1605 1850 habiter
1622 1823 1749 1850 Maroc.
1767 1836 1778 1842 -
1788 1821 1817 1850 N
1823 1829 1828 1834 -
1846 1821 1936 1850 4991.

1357 1875 1446 1905 Veuf
1457 1876 1495 1904 58
1512 1883 1583 1910 ans,
1613 1874 1817 1912 catholique,
1846 1873 1924 1903 bien
1957 1881 2036 1903 sous
2067 1876 2143 1904 tous
2168 1876 2215 1904 les

1318 1918 1488 1954 rapports,
1506 1915 1601 1945 avoir
1615 1915 1727 1944 60.000
1743 1915 1782 1943 fr.
1807 1914 2005 1951 épouserait
2023 1914 2216 1952 catholique

1317 1956 1545 1995 pratiquante,
1577 1954 1797 1989 affectueuse,
1829 1953 1927 1992 goûts
1945 1955 2095 1992 simples,
2114 1954 2216 1984 situa¬

1317 1997 1390 2026 tion
1406 2004 1448 2025 en
1464 1997 1615 2034 rapport.
1630 1996 1661 2025 N
1668 2004 1673 2010 -
1688 1995 1777 2025 5002.

1358 2049 1562 2079 Demoiselle
1584 2049 1623 2079 46
1651 2057 1723 2084 ans,
1755 2048 1959 2086 catholique,
1990 2049 2115 2078 famille
2145 2050 2215 2078 très

1318 2089 1518 2121 honorable,
1536 2091 1605 2118 très
1630 2090 1794 2124 sérieuse,
1826 2089 1916 2123 bien,
1947 2090 2069 2119 femme
2101 2088 2215 2119 d’inté¬

1318 2131 1424 2165 rieur,
1436 2129 1612 2159 dot40.000
1623 2129 1675 2165 fr,,
1687 2130 1884 2168 épouserait
1895 2129 2051 2167 employé
2063 2129 2213 2163 sérieux,

1318 2173 1427 2208 poste,
1446 2171 1590 2205 douane,
1608 2171 1784 2204 P.-L.-M.,
1803 2170 2085 2205 administration,
2104 2169 2215 2198 même

1317 2210 1406 2240 veuf.
1424 2226 1443 2232 -
1458 2211 1497 2240 N-
1515 2210 1603 2240 4931.

1356 2261 1465 2289 Jeune
1480 2259 1615 2289 homme
1629 2260 1667 2288 32
1683 2267 1756 2293 ans,
1773 2259 1967 2292 sud-ouest,
1995 2258 2044 2287 fils
2075 2258 2212 2296 unique,

1317 2300 1450 2330 300.000
1465 2299 1520 2334 fr.,
1537 2299 1636 2334 brun,
1648 2308 1708 2338 pas
1721 2299 1867 2334 fumeur,
1882 2297 2076 2337 épouserait
2089 2299 2215 2328 demoi¬

1318 2341 1402 2370 selle
1425 2348 1469 2370 ou
1490 2347 1601 2369 veuve
1631 2340 1797 2373 sérieuse,
1828 2339 1891 2377 âge
1919 2343 1953 2368 et
1979 2338 2142 2368 situation
2172 2347 2213 2368 en

1318 2383 1469 2419 rapport.
1486 2396 1506 2402 -
1522 2381 1561 2409 N-
1580 2380 1682 2409 5.004.

1358 2428 1562 2459 Demoiselle
1577 2429 1616 2458 33
1632 2436 1704 2458 ans.
1723 2428 1778 2458 dot
1801 2428 1912 2458 15.000
1942 2427 1995 2460 fr.,
2024 2427 2102 2457 bien
2134 2435 2214 2457 sous

1317 2471 1487 2507 rapports,
1519 2469 1716 2506 épouserait
1750 2468 1999 2498 fonctionnaire
2039 2468 2145 2497 d’Etat
2171 2475 2214 2497 ou

1317 2509 1397 2539 veuf
1412 2508 1560 2544 fortuné,
1578 2509 1641 2545 âge
1657 2516 1723 2546 peu
1738 2507 1896 2546 importe.
1913 2524 1932 2529 -
1947 2508 1986 2537 N-
2004 2507 2093 2541 5019,

1358 2558 1560 2588 Célibataire
1576 2558 1614 2587 35
1630 2565 1702 2592 ans,
1729 2558 1866 2592 aimant,
1884 2557 2032 2589 instruit,
2051 2556 2213 2586 situation

1317 2598 1460 2627 libérale
1501 2597 1765 2636 indépendante,
1796 2597 1851 2626 bel
1881 2597 1986 2632 avoir,
2018 2597 2216 2634 épouserait

1317 2645 1492 2676 personne
1508 2639 1578 2667 très
1596 2637 1755 2671 aimante,
1772 2637 1846 2674 âge.
1865 2637 1991 2672 enfant,
2009 2639 2094 2671 tare,
2114 2638 2214 2666 anté¬

1319 2678 1458 2709 cédents
1473 2677 1700 2707 indifférents.
1713 2694 1752 2698 —
1766 2678 1795 2707 N
1800 2685 1806 2691 -
1824 2677 1914 2706 5006.

1358 2728 1467 2756 Jeune
1493 2734 1613 2761 veuve,
1646 2726 1753 2755 douce
1790 2725 2012 2760 affectueuse,
2029 2724 2215 2754 sentimen¬

1318 2766 1398 2801 tale,
1413 2766 1525 2795 désire
1536 2765 1787 2802 correspondre
1805 2772 1886 2794 avec
1897 2764 2072 2794 monsieur
2086 2764 2125 2793 30
2141 2772 2213 2799 ans,

1318 2806 1525 2843 gentleman,
1572 2807 1672 2843 ayant
1715 2812 1908 2834 commerce
1952 2812 1995 2834 ou
2039 2803 2213 2839 situation,

1319 2846 1455 2883 dispose
1470 2845 1604 2884 photos.
1622 2861 1660 2865 —
1672 2846 1702 2874 N
1707 2853 1713 2859 -
1726 2844 1815 2874 5032.

1358 2894 1563 2924 Demoiselle
1592 2894 1630 2923 26
1656 2901 1728 2927 ans,
1755 2893 1879 2923 femme
1896 2892 2107 2926 d’intérieur,
2125 2892 2213 2930 gaie,

1318 2935 1543 2969 musicienne,
1557 2934 1614 2964 dot
1632 2934 1761 2963 100.000
1777 2933 1832 2968 fr.,
1860 2936 2079 2971 espérances,
2111 2935 2213 2971 épou¬

1317 2975 1423 3004 serait
1443 2974 1619 3004 monsieur
1635 2973 1784 3009 sérieux,
1803 2974 1956 3009 docteur,
1973 2973 2154 3003 industriel
2171 2980 2214 3002 ou

1317 3016 1561 3051 commerçant.
1579 3031 1616 3035 —
1632 3016 1670 3044 N'
1684 3014 1774 3044 5034.

1356 3064 1526 3100 Adjudant
1554 3063 1731 3099 artillerie,
1761 3063 1799 3092 29
1827 3071 1900 3096 ans,
1931 3062 2082 3096 sérieux,
2120 3062 2215 3092 avoir

1316 3103 1355 3132 20
1370 3104 1428 3133 000
1444 3104 1484 3133 fr.
1502 3106 1536 3133 et
1552 3105 1771 3141 espérances,
1789 3103 1987 3141 épouserait
2016 3103 2214 3133 demoiselle

1318 3145 1354 3172 18
1371 3146 1387 3172 à
1401 3144 1440 3172 25
1452 3151 1524 3177 ans,
1538 3143 1615 3172 bien
1626 3151 1706 3173 sous
1718 3146 1793 3173 tous
1803 3143 1853 3173 les
1863 3143 2029 3182 repporis,
2041 3142 2212 3178 fortunée,

1317 3182 1352 3212 fil
1368 3191 1386 3213 e
1403 3185 1635 3220 commerçant
1646 3191 1689 3213 ou
1705 3182 1923 3213 institutrice.
1942 3200 1980 3203 —
1997 3184 2037 3213 N.
2054 3183 2145 3212 5040.

1356 3240 1558 3271 Célibataire
1587 3241 1625 3271 40
1654 3249 1725 3277 ans,
1770 3240 1950 3279 distingué,
1994 3242 2065 3270 très
2102 3241 2215 3271 tonne

1317 3281 1456 3317 famille,
1475 3282 1562 3311 belle
1579 3281 1752 3316 situation,
1769 3282 1864 3311 avoir
1878 3281 1990 3311 30.000
2005 3281 2058 3315 fr.,
2072 3282 2215 3318 épouse¬

1317 3322 1383 3351 rait
1399 3321 1597 3351 demoiselle
1624 3329 1666 3351 ou
1697 3329 1802 3352 veuve
1832 3321 1895 3359 âge
1920 3324 1954 3351 et
1979 3320 2141 3351 situation
2170 3329 2214 3351 en

1316 3364 1468 3400 rapport.
1485 3378 1524 3382 —
1539 3362 1579 3391 N-
1596 3362 1686 3391 5042.

1356 3419 1612 3454 Ex-industriel,
1631 3419 1767 3450 divorcé
1795 3420 1815 3449 à
1840 3427 1901 3448 son
1930 3418 2042 3458 profit,
2073 3419 2111 3448 40
2141 3427 2213 3451 ans,

1316 3462 1424 3494 santé,
1443 3461 1633 3496 caractère,
1650 3460 1816 3499 physique
1835 3459 2006 3497 agréable.
2025 3459 2156 3489 110.000
2173 3459 2212 3488 fr.

1316 3501 1351 3529 et
1365 3499 1442 3528 villa
1459 3500 1571 3529 35.000
1586 3500 1638 3535 fr.,
1669 3501 1866 3537 épouserait
1878 3501 1985 3537 jeune
2002 3498 2071 3528 fille
2086 3500 2124 3529 25
2140 3507 2212 3535 ans,

1317 3540 1374 3569 dot
1388 3540 1427 3569 50
1441 3539 1500 3569 000
1518 3541 1556 3569 fr.
1574 3557 1612 3560 —
1628 3541 1666 3570 N‘
1685 3540 1774 3570 5048.

1356 3597 1594 3628 Sous-officier
1608 3599 1643 3627 31
1662 3606 1735 3633 ans,
1752 3597 1829 3636 prêt
1844 3598 1884 3627 de
1900 3597 1930 3626 la
1952 3597 2094 3627 retraite
2125 3597 2214 3627 1.800

1315 3637 1356 3667 fr.
1375 3646 1437 3676 par
1453 3646 1506 3673 an,
1525 3638 1719 3668 économies
1735 3637 1827 3667 9.000
1842 3637 1896 3672 fr.,
1914 3637 2025 3668 bonne
2051 3637 2213 3667 situation

1315 3679 1356 3708 de
1373 3678 1512 3713 famille,
1526 3678 1720 3717 épouserait
1735 3679 1838 3715 jeune
1854 3678 1921 3707 fille
1936 3680 2037 3715 ayant
2050 3677 2213 3707 situation

1315 3726 1358 3748 en
1374 3721 1526 3757 rapport.
1544 3735 1580 3739 —
1596 3719 1625 3748 N
1631 3727 1637 3733 -
1651 3718 1741 3748 5058.

1355 3777 1569 3811 Lieutenant,
1586 3776 1701 3813 légion
1718 3775 1917 3805 d’honneur.
1947 3776 1986 3805 37
2015 3784 2083 3811 sus,
2118 3775 2213 3805 avoir

1315 3817 1425 3846 13.000
1442 3818 1494 3851 fr.,
1514 3816 1674 3846 situation
1691 3816 1801 3846 13.000
1816 3815 1872 3851 fr.,
1894 3817 2044 3850 sérieux,
2063 3819 2211 3854 épouse¬

1314 3859 1381 3887 rait
1395 3857 1567 3895 personne
1582 3856 1621 3886 20
1637 3858 1654 3886 à
1669 3857 1708 3885 28
1738 3864 1809 3891 ans,
1837 3856 1916 3885 bien
1946 3864 2025 3886 sous
2057 3860 2132 3885 tous
2161 3857 2211 3885 les

1313 3899 1484 3935 rapports,
1515 3899 1615 3935 ayant
1643 3895 1805 3926 situation
1836 3896 2141 3935 correspondante.
2172 3912 2212 3917 —

1313 3939 1353 3968 N'
1384 3937 1472 3967 5062.

1353 3994 1563 4024 Institutrice
1589 3994 1628 4023 35
1657 4002 1729 4030 ans,
1755 3993 1876 4028 brune,
1908 3993 2080 4031 agréable,
2111 3992 2212 4023 affec¬

1313 4037 1446 4065 tueuse,
1463 4034 1577 4063 désire
1593 4036 1711 4063 entrer
1727 4042 1770 4063 en
1786 4034 1933 4063 relation
1946 4042 2027 4063 avec
2044 4041 2211 4063 commer¬

1313 4077 1393 4110 çant
1407 4082 1451 4104 ou
1468 4074 1695 4104 sous-officier
1717 4074 1812 4103 franc
1826 4076 1860 4103 et
1875 4074 1973 4111 loyal.
1991 4090 2030 4095 —
2045 4075 2085 4103 N-
2098 4073 2188 4103 5063.

1352 4127 1556 4158 Lieutenant
1572 4127 1691 4163 active,
1709 4128 1748 4157 29
1764 4134 1835 4162 ans,
1861 4127 2031 4157 stationné
2059 4126 2139 4156 ville
2169 4127 2210 4156 de

1312 4167 1340 4195 la
1360 4168 1435 4197 côte
1453 4170 1578 4200 Maroc,
1597 4168 1710 4197 désire
1739 4167 1917 4197 ardement
1946 4170 2096 4204 mariage
2128 4175 2210 4196 avec

1312 4207 1511 4238 demoiselle
1539 4209 1578 4238 20
1602 4210 1621 4237 à
1644 4208 1682 4237 28
1702 4215 1773 4242 ans,
1805 4207 2009 4245 distinguée,
2027 4215 2110 4236 avec
2141 4207 2207 4236 dot.

1311 4264 1347 4268 —
1364 4248 1404 4277 N-
1421 4248 1511 4277 5069.

1349 4307 1459 4336 Jeune
1474 4306 1611 4336 homme
1627 4307 1661 4335 21
1681 4313 1753 4340 ans,
1780 4304 1833 4334 fils
1857 4304 1996 4343 unique,
2015 4305 2207 4342 négociant,

1310 4344 1399 4376 belle
1415 4347 1520 4376 situât
1535 4353 1578 4376 on
1595 4354 1635 4384 ap
1658 4347 1695 4375 ès
1712 4344 1855 4380 service,
1883 4346 1977 4375 avoir
2007 4344 2136 4374 120.000
2151 4344 2207 4379 fr.,

1310 4386 1507 4420 épouserait
1521 4388 1624 4420 jeune
1639 4385 1707 4415 fille
1724 4384 1890 4420 sérieuse,
1903 4385 2016 4415 bonne
2032 4384 2206 4414 situation.

1309 4443 1347 4447 —
1362 4428 1403 4457 N’
1420 4426 1509 4456 5030.

1350 4484 1553 4514 Lieutenant
1569 4484 1608 4513 de
1626 4484 1809 4513 chasseurs
1827 4485 1842 4512 à
1859 4483 1949 4521 p'ed,
1974 4483 2013 4511 32
2030 4489 2101 4512 ans,
2120 4481 2208 4520 phy¬

1309 4523 1405 4561 sique
1422 4524 1582 4561 agréable
1598 4524 1713 4553 désire
1729 4524 1846 4552 entrer
1878 4530 1919 4552 en
1945 4522 2108 4551 relations
2126 4529 2208 4551 avec

1309 4563 1507 4593 demoiselle
1524 4571 1566 4593 ou
1583 4571 1689 4592 veuve
1706 4571 1784 4592 sans
1813 4562 1941 4597 enfant,
1972 4561 2135 4591 situation
2165 4570 2207 4590 en

1308 4606 1461 4641 rapport.
1477 4620 1516 4624 —
1531 4605 1560 4633 N
1565 4612 1570 4618 -
1588 4604 1678 4637 4859,

1348 4660 1549 4691 Cé'ibataire
1592 4661 1644 4690 fils
1687 4659 1824 4697 unique,
1865 4659 1905 4689 36
1941 4667 2013 4694 ans,
2044 4658 2205 4688 situation

1307 4701 1419 4731 40.000
1431 4702 1470 4730 fr.
1484 4702 1560 4740 plus
1573 4701 1683 4730 15.000
1695 4700 1734 4729 fr.
1747 4701 1953 4729 association
1966 4699 2095 4736 grande
2107 4700 2206 4728 usine

1308 4743 1448 4779 rapport
1486 4741 1579 4770 8.000
1607 4741 1660 4775 fr.,
1704 4741 1902 4778 épouserait
1931 4738 2054 4768 femme
2083 4739 2205 4774 brune,

1308 4781 1470 4811 situation
1487 4789 1530 4811 en
1546 4783 1697 4819 rapport.
1715 4796 1754 4800 —
1768 4780 1796 4809 N
1803 4788 1808 4793 -
1827 4780 1915 4809 4557.

1347 4839 1428 4867 Lieu
1447 4840 1548 4867 enant
1572 4839 1611 4866 32
1640 4846 1712 4871 ans,
1744 4836 1838 4866 avoir
1866 4836 1979 4866 40.000
2009 4836 2037 4864 fr
2055 4858 2061 4867 ,
2093 4835 2206 4865 désire

1307 4878 1458 4915 mariage
1474 4886 1556 4907 avec
1571 4885 1745 4916 personne
1764 4876 1918 4906 sérieuse
1935 4882 1967 4905 et
1985 4876 2146 4904 situation
2163 4884 2205 4905 en

1307 4920 1458 4955 rapport.
1475 4934 1513 4938 —
1526 4919 1566 4947 N'
1583 4917 1671 4947 5076.

1346 4974 1550 5004 Demoûel'e
1585 4976 1624 5004 33
1664 4983 1738 5007 ans,
1781 4972 1988 5003 institutrice
2030 4971 2204 5009 publique,

1305 5013 1426 5049 brune,
1464 5015 1630 5052 physique
1665 5013 1838 5052 agréable,
1883 5013 2061 5042 catactère
2103 5011 2205 5047 doux,

1305 5055 1505 5085 épouserait
1533 5053 1784 5084 fonctionnaire
1814 5062 1857 5084 ou
1879 5053 2033 5091 employé
2052 5051 2092 5080 de
2109 5059 2206 5080 com¬

1306 5101 1432 5123 merce.
1452 5110 1487 5114 —
1504 5094 1545 5122 N-
1563 5094 1652 5123 5079.

2312 1316 2514 1347 Célibataire
2524 1318 2562 1348 49
2572 1326 2644 1355 ans,
2657 1319 2769 1349 60.000
2784 1320 2824 1349 fr.
2843 1322 3051 1355 économies,
3069 1322 3171 1353 situa¬

2272 1355 2342 1386 tion
2374 1357 2484 1387 10.000
2513 1359 2553 1387 fr.
2590 1367 2652 1396 par
2680 1367 2734 1393 an,
2766 1360 2879 1390 désire
2907 1363 3059 1400 mariage
3089 1371 3170 1393 avec

2273 1396 2471 1426 demoiselle
2488 1405 2530 1427 ou
2549 1406 2654 1427 veuve
2672 1402 2770 1436 ayant
2787 1400 2896 1430 12.000
2907 1402 2945 1430 fr.
2963 1401 3003 1431 de
3016 1405 3113 1432 rente
3127 1411 3170 1433 ou

2272 1437 2477 1473 propriétés.
2495 1453 2514 1458 -
2528 1439 2567 1467 X-
2585 1438 2674 1468 5081.

2311 1485 2513 1516 Célibataire
2541 1487 2580 1516 35
2596 1495 2669 1521 ans,
2700 1488 2854 1527 employé
2885 1489 3019 1519 chemin
3050 1491 3089 1520 de
3120 1491 3171 1521 fer

2271 1525 2420 1561 Tunisie,
2437 1526 2496 1556 600
2513 1527 2551 1556 fr.
2569 1536 2632 1566 par
2648 1528 2745 1563 mois,
2764 1529 2876 1559 désire
2888 1531 2996 1567 jeune
3010 1531 3079 1561 fille
3094 1532 3133 1561 30
3150 1533 3168 1561 à

2270 1565 2310 1593 35
2354 1573 2426 1601 ans,
2473 1572 2574 1604 ayant
2619 1568 2762 1604 qualités
2807 1569 2847 1599 de
2889 1578 2995 1604 cœur,
3031 1572 3170 1602 voulant

2271 1604 2484 1642 s’expatrier.
2503 1623 2521 1628 -
2535 1609 2575 1637 N-
2593 1608 2682 1637 5082.

2311 1655 2515 1686 Demoiselle
2543 1656 2582 1686 30
2607 1665 2680 1691 ans,
2718 1658 2858 1695 grande,
2902 1659 3002 1694 forte,
3045 1659 3168 1690 femme

2272 1693 2484 1730 d’iDtérieur,
2534 1697 2757 1732 musicienne,
2797 1698 2924 1728 famille
2965 1699 3168 1734 honorable,

2272 1733 2376 1769 aisée,
2409 1735 2465 1765 dot
2501 1736 2613 1766 30.000
2637 1737 2692 1772 fr.,
2736 1742 2942 1776 espérances
2984 1740 3167 1776 certaines,

2272 1776 2470 1812 épouserait
2486 1778 2662 1807 monsieur
2680 1778 2829 1814 sérieux,
2847 1779 2976 1816 grande
2993 1780 3166 1810 situation.

2271 1830 2287 1836 -
2304 1816 2344 1845 N-
2362 1815 2451 1845 5083.

2312 1873 2545 1904 Sous-officier
2561 1875 2601 1905 de
2620 1875 2783 1912 carrière,
2801 1884 2885 1907 onze
2901 1885 2960 1907 ans
2974 1878 3014 1908 de
3026 1879 3169 1913 service,

2273 1914 2343 1942 très
2360 1914 2512 1948 sérieux,
2527 1915 2566 1944 28
2582 1923 2654 1949 ans,
2673 1918 2870 1954 épouserait
2899 1917 3097 1948 demoiselle
3127 1927 3171 1949 ou

2272 1960 2379 1983 veuve
2395 1955 2506 1984 même
2523 1963 2601 1985 sans
2619 1955 2662 1986 foi
2673 1958 2765 1992 tune,
2785 1957 2951 1991 sérieuse,
2964 1959 3169 1994 catholique.

2271 2008 2288 2014 -
2305 1994 2344 2023 N'
2362 1994 2452 2023 5085.

2310 2053 2419 2081 Jeune
2435 2052 2570 2083 homme
2585 2054 2625 2083 30
2641 2062 2712 2089 ans,
2730 2055 2820 2085 belle
2841 2056 3015 2092 situation,
3047 2058 3171 2096 capital

2273 2092 2403 2122 100.000
2420 2093 2472 2128 fr.,
2492 2094 2604 2123 désire
2620 2094 2724 2124 union
2741 2103 2823 2125 avec
2846 2096 3046 2127 demoiselle
3070 2098 3172 2128 musi¬

2271 2131 2393 2162 cienne
2409 2133 2450 2162 de
2466 2133 2681 2171 préférence,
2698 2135 2754 2165 dot
2770 2143 2811 2165 en
2828 2139 2979 2175 rapport.
2993 2153 3011 2159 -
3024 2138 3064 2167 N-
3078 2139 3167 2168 4767.

2311 2194 2516 2225 Demoisel’e
2532 2195 2698 2232 sérieuse,
2709 2197 2821 2227 bonne
2833 2199 3024 2236 éducation,
3043 2200 3169 2231 famille

2271 2235 2342 2264 très
2363 2234 2563 2272 honorable,
2592 2237 2752 2267 situation
2779 2238 2871 2268 4.000
2886 2239 2940 2273 fr.,
2970 2242 3169 2278 épouserait

2270 2274 2452 2304 industriel
2463 2283 2506 2305 ou
2518 2276 2767 2307 fonctionnaire
2779 2278 2818 2307 40
2830 2280 2846 2308 à
2858 2279 2896 2308 50
2907 2287 2979 2308 ans.
2993 2296 3009 2301 -
3021 2281 3061 2310 N-
3076 2281 3166 2310 5054.

2311 2337 2644 2376 Expert-comptable
2658 2339 2696 2368 46
2711 2347 2783 2374 ans,
2808 2340 2958 2376 sérieux,
2977 2341 3170 2372 affectueux

2271 2375 2396 2406 aimant
2411 2378 2465 2407 vie
2482 2378 2522 2407 de
2539 2377 2676 2413 famille,
2695 2379 2805 2409 15.000
2828 2380 2870 2409 fr.
2899 2389 2963 2419 par
2991 2390 3045 2415 an,
3076 2383 3171 2412 avoir

2269 2417 2382 2446 25.000
2397 2415 2451 2452 fr.,
2470 2418 2667 2455 épouserait
2681 2419 2879 2450 demoiselle
2890 2429 2929 2449 ou
2944 2429 3052 2452 veuve
3068 2425 3168 2460 ayant

2271 2456 2433 2486 situation
2450 2465 2493 2487 ou
2510 2458 2657 2488 fortune.
2675 2475 2690 2480 -
2707 2459 2748 2488 N-
2765 2460 2854 2489 5020.

2310 2519 2425 2549 Veuve
2440 2520 2479 2549 54
2490 2527 2562 2555 ans,
2580 2520 2785 2558 catholique,
2803 2530 2882 2551 sans
2899 2523 3056 2561 charges,
3074 2525 3169 2554 avoir

2270 2558 2383 2588 20.000
2398 2559 2450 2596 fr.,
2480 2560 2625 2597 pension
2655 2561 2745 2591 1.500
2760 2561 2815 2597 fr.,
2832 2562 2968 2592 valeurs
2999 2564 3089 2593 1.500
3112 2564 3167 2598 fr.,

2271 2598 2325 2627 bel
2354 2599 2534 2635 intérieur,
2574 2600 2687 2630 désire
2729 2601 2880 2638 mariage
2909 2610 2951 2632 en
2981 2607 3131 2638 rapport.
3150 2620 3168 2626 -

2271 2639 2311 2668 N-
2328 2638 2417 2668 5084.

2310 2701 2514 2731 Demoiselle
2524 2702 2562 2731 40
2574 2710 2646 2738 ans,
2660 2702 2738 2733 bien
2751 2711 2831 2733 sous
2845 2706 2921 2734 tous
2934 2705 2984 2734 les
2997 2709 3166 2745 rapports,

2271 2740 2434 2769 situation
2459 2741 2551 2770 7.000
2564 2741 2620 2777 fr.,
2646 2744 2842 2779 épouserait
2872 2744 3048 2774 monsieur
3076 2746 3167 2778 bien,

2271 2782 2372 2815 ayant
2387 2779 2548 2810 situation
2565 2788 2609 2810 ou
2625 2781 2772 2817 fortune,
2783 2783 2821 2811 40
2832 2783 2850 2812 à
2861 2783 2900 2812 50
2911 2791 2983 2812 ans.
2996 2800 3013 2805 -
3024 2784 3166 2814 N-5086.

2312 2841 2515 2872 Lieutenant
2569 2842 2752 2873 infanterie
2804 2844 2971 2875 coloniale
3011 2846 3051 2875 35
3093 2854 3165 2881 ans,

2271 2881 2407 2915 décoré,
2426 2883 2625 2920 épouserait
2637 2885 2741 2919 jeune
2757 2882 2826 2914 fille
2851 2885 2914 2922 âge
2944 2888 2978 2915 et
3005 2887 3167 2917 situation

2271 2929 2313 2951 en
2330 2924 2480 2960 rapport.
2498 2938 2517 2946 -
2531 2923 2571 2952 N-
2588 2923 2678 2952 5088.

2310 2985 2427 3014 Veuve
2443 2985 2480 3013 48
2497 2992 2568 3020 ans,
2586 2992 2715 3015 revenu
2742 2986 2866 3016 annuel
2898 2988 3008 3017 10.000
3037 2989 3077 3018 fr.
3104 2990 3168 3027 joli

2270 3024 2450 3059 intérieur,
2468 3025 2580 3055 désire
2596 3026 2701 3055 union
2723 3034 2805 3056 avec
2832 3027 2969 3058 homme
2986 3029 3027 3058 du
3045 3030 3167 3059 monde

2271 3072 2350 3093 sans
2373 3065 2501 3099 enfant,
2531 3065 2642 3095 même
2671 3066 2745 3104 âge,
2777 3066 2938 3097 situation
2968 3072 3118 3105 rapport.
3149 3086 3168 3091 -

2271 3105 2310 3134 N-
2341 3105 2431 3134 5093.

2311 3167 2515 3197 Demoiselle
2531 3168 2568 3197 18
2585 3176 2655 3203 ans,
2670 3168 2765 3206 jolie,
2784 3168 2883 3205 forte,
2900 3169 2978 3200 bien
2994 3179 3073 3201 sous
3089 3174 3166 3202 tous

2271 3213 2441 3245 rapports,
2465 3207 2534 3237 fille
2561 3208 2699 3245 unique,
2730 3210 2866 3239 fortune
2895 3212 2996 3248 après
3025 3216 3166 3250 parents

2269 3247 2329 3276 500
2343 3247 2402 3276 000
2418 3248 2472 3282 fr.,
2491 3249 2688 3286 épouseiait
2703 3249 2855 3284 docteur,
2874 3251 3016 3285 no'aire,
3034 3259 3076 3281 ou
3089 3260 3165 3291 pro-

2269 3287 2404 3325 priétaii
2416 3295 2434 3317 e
2451 3288 2673 3325 agriculteur,
2704 3288 2835 3319 officier
2865 3298 2908 3320 ou
2938 3291 3167 3322 industriel.-

2270 3327 2463 3357 S’adresser
2477 3329 2496 3357 à
2511 3328 2543 3357 la
2560 3328 2743 3359 directrice
2769 3330 2809 3359 de
2837 3330 2870 3361 la
2898 3333 3012 3361 Revue
3039 3332 3095 3369 qui
3124 3340 3166 3362 ne

2270 3372 2394 3397 mettra
2409 3376 2452 3397 en
2468 3371 2608 3406 rapport
2635 3376 2700 3406 que
2729 3369 2758 3398 si
2785 3374 2933 3408 proposé
2963 3373 3132 3402 convient.
3148 3388 3166 3395 -

2269 3408 2310 3436 N-
2328 3408 2417 3437 2651.

2310 3456 2516 3487 Demoiselle
2532 3457 2570 3486 40
2586 3465 2658 3492 ans,
2683 3457 2760 3487 bien
2778 3466 2857 3489 sous
2889 3462 2964 3490 tous
2994 3463 3165 3500 rapports,

2271 3499 2372 3533 ayant
2388 3496 2486 3527 avoir
2502 3500 2535 3527 et
2552 3501 2770 3535 espérances,
2789 3501 3069 3538 correspondrait
3085 3510 3167 3532 avec

2270 3538 2447 3566 monsieur
2475 3536 2614 3567 sérieux
2644 3541 2743 3575 ayant
2771 3539 2884 3569 bonne
2913 3541 3087 3571 situation.
3130 3558 3168 3562 —

2269 3577 2310 3606 N-
2326 3576 2416 3606 5099.

2307 3624 2546 3655 Sous-officier
2570 3626 2612 3656 de
2637 3626 2801 3659 carrière.
2830 3629 2870 3658 26
2896 3637 2969 3663 ans,
3000 3630 3165 3668 physique

2268 3665 2440 3703 agréable,
2458 3665 2656 3696 traitement
2670 3667 2762 3696 6.000
2777 3666 2831 3704 fr.,
2849 3670 3046 3707 épouserait
3057 3672 3164 3708 jeune

2267 3705 2335 3735 fille
2352 3706 2388 3734 17
2404 3707 2422 3734 à
2437 3706 2475 3735 23
2492 3713 2564 3741 ans,
2581 3706 2743 3736 situation
2759 3715 2801 3737 en
2817 3712 2968 3747 rapport.
2982 3726 3000 3732 -
3014 3711 3055 3740 N-
3073 3711 3161 3741 6002.

2307 3763 2509 3793 Célibataire
2537 3765 2575 3793 29
2604 3772 2676 3799 ans,
2712 3765 3025 3803 Alsacien-Lorain,
3071 3776 3164 3798 sous-

2267 3803 2399 3834 officier
2410 3805 2450 3833 de
2466 3804 2717 3842 gendarmerie,
2736 3805 2949 3843 cultivateur,
2967 3808 3073 3846 petite
3090 3809 3163 3838 for¬

2266 3847 2359 3877 tune,
2378 3844 2491 3873 désire
2508 3845 2658 3882 mariage
2674 3852 2756 3874 avec
2772 3846 2970 3876 demoiselle
2994 3856 3037 3878 ou
3055 3856 3162 3879 veuve

2266 3884 2434 3922 posédMt
2449 3884 2624 3922 propriété
2641 3884 2801 3922 agricole.
2818 3902 2829 3907 -
2844 3887 2886 3916 N-
2902 3887 2992 3917 6003.

2305 3941 2544 3971 Sous-officier
2573 3941 2788 3973 d’infanterie
2818 3944 2994 3982 coloniale,
3029 3946 3068 3976 26
3093 3954 3163 3976 ans.

2265 3980 2378 4010 bonne
2394 3981 2555 4011 situation
2573 3983 2614 4010 de
2630 3981 2766 4020 famille,
2782 3985 2977 4015 économies
2996 3985 3106 4015 10.000
3119 3987 3159 4016 fr.

2266 4021 2464 4058 épouserait
2507 4021 2705 4052 demoiselle
2734 4024 2898 4062 sérieuse,
2927 4025 3088 4055 situation
3119 4034 3161 4056 en

2265 4063 2417 4098 rapport.
2435 4077 2453 4082 -
2468 4062 2498 4091 N
2504 4070 2509 4076 -
2527 4061 2615 4091 6004.

2304 4115 2412 4143 Jeune
2428 4114 2565 4144 homme
2589 4116 2630 4145 24
2645 4124 2715 4152 ans,
2733 4116 2850 4147 mutilé
2868 4117 2907 4147 de
2924 4126 3062 4155 guerre,
3080 4127 3160 4157 pen¬

2265 4153 2339 4183 sion
2356 4154 2516 4184 annuelle
2540 4156 2633 4186 3.500
2647 4156 2699 4193 fr.,
2715 4157 2771 4186 dot
2786 4157 2873 4187 8.000
2888 4157 2939 4194 fr.,
2965 4159 3162 4194 épouserait

2261 4195 2367 4231 jeune
2384 4193 2451 4224 fille
2467 4202 2511 4224 ou
2526 4204 2635 4225 veuve
2651 4204 2729 4226 sans
2746 4196 2894 4227 fortune.
2911 4214 2923 4219 -
2944 4199 2972 4227 N
2978 4206 2984 4212 -
3002 4198 3088 4227 6005.

2305 4242 2507 4280 Ex-officier,
2534 4244 2573 4273 30
2595 4253 2664 4282 ans,
2681 4245 2805 4283 Légion
2833 4246 3032 4282 d’honneur,
3049 4246 3162 4276 indus¬

2265 4282 2353 4318 triel,
2382 4283 2494 4313 50.000
2511 4285 2549 4312 fr.
2565 4293 2628 4323 par
2641 4293 2693 4321 an,
2717 4289 2804 4322 auto,
2833 4286 3030 4323 épouserait
3056 4288 3160 4323 jeune

2265 4321 2335 4351 fille
2351 4322 2554 4361 distinguée,
2584 4325 2807 4361 musicienne,
2837 4326 2999 4355 situation
3021 4334 3064 4355 en
3079 4334 3161 4364 rap¬

2264 4364 2353 4400 port.
2370 4378 2388 4384 -
2403 4364 2444 4393 N-
2461 4364 2552 4395 6006.

2307 4412 2598 4449 Veuf44ans,très
2610 4413 2721 4443 bonne
2732 4413 2869 4449 famille,
2887 4413 3022 4442 fortune
3035 4414 3161 4444 150.000

2264 4454 2318 4486 fr.,
2348 4452 2510 4482 situation
2553 4453 2694 4483 libérale
2722 4455 2741 4483 à
2756 4455 2857 4490 Lyon,
2893 4455 3033 4490 rapport
3048 4454 3160 4484 25.000

2264 4494 2305 4523 fr.
2335 4494 2531 4531 épouserait
2539 4501 2647 4523 veuve
2661 4501 2704 4523 ou
2715 4493 2922 4523 demoiselle,
2932 4492 2995 4529 âge
3003 4496 3036 4522 et
3052 4494 3161 4523 situa¬

2264 4534 2334 4564 tion
2351 4541 2392 4562 en
2407 4536 2558 4571 rapport.
2575 4549 2588 4554 -
2600 4535 2639 4564 N’
2656 4533 2745 4568 6007,

2303 4586 2438 4616 Officier
2466 4587 2507 4616 de
2537 4587 2719 4622 cavalerie,
2748 4588 2858 4615 comte
2876 4584 3107 4622 authentique,
3124 4587 3163 4615 42

2264 4635 2336 4664 ans,
2352 4627 2442 4656 3.000
2457 4625 2498 4655 fr.
2513 4626 2654 4664 pension
2669 4629 2703 4655 et
2718 4624 2880 4655 situation
2896 4625 3159 4662 indépendante,

2264 4667 2431 4706 physique
2459 4667 2529 4696 très
2558 4665 2728 4704 agréable,
2759 4664 2939 4701 distingué,
2965 4664 3100 4694 homme
3117 4665 3159 4695 du

2264 4708 2396 4743 monde,
2427 4707 2539 4735 désire
2568 4706 2718 4741 mariage
2749 4712 2830 4732 avec
2860 4705 2956 4732 dame
2972 4711 3016 4732 ou
3045 4712 3161 4742 veuve,

2264 4747 2377 4777 même
2394 4747 2488 4784 âgée,
2504 4748 2604 4782 ayant
2622 4745 2687 4773 dot.
2701 4744 2740 4772 N-
2756 4743 2842 4771 6008.

2304 4794 2508 4825 Demoiselle
2523 4794 2562 4822 57
2578 4800 2650 4826 ans,
2669 4793 2764 4820 santé
2780 4789 2937 4828 parfaite,
2968 4793 3159 4828 paraissant

2263 4836 2301 4865 45
2317 4834 2608 4870 ans,.immeubles
2622 4832 2662 4860 de
2677 4831 2764 4867 prix,
2776 4837 2855 4867 gros
2873 4834 3013 4867 rapport
3026 4836 3158 4869 argent,

2263 4875 2517 4910 commerçante
2545 4872 2584 4899 de
2614 4874 2746 4902 nature,
2773 4870 2967 4907 épouserait
2986 4872 3161 4902 monsieur

2264 4916 2346 4944 dans
2363 4915 2394 4943 le
2411 4917 2605 4942 commerce
2621 4918 2663 4940 ou
2681 4909 2821 4945 rentier,
2839 4910 3000 4940 situation
3017 4920 3060 4940 en
3077 4920 3158 4951 rap¬

2263 4957 2350 4992 port.
2368 4969 2380 4974 -
2396 4953 2422 4981 N
2431 4960 2436 4966 •
2453 4951 2543 4980 6013.

2303 5000 2440 5037 Dactylo
2452 5000 2570 5027 25ans.
2581 4997 2935 5036 intelligente,femme
2952 4999 3161 5039 d’intérieur,

2264 5041 2376 5070 désire
2393 5039 2544 5075 mariage
2561 5046 2643 5068 avec
2665 5038 2893 5069 sous-officier
2908 5040 2948 5070 de
2965 5041 3116 5072 carrière
3133 5050 3161 5071 si

2263 5079 2424 5118 possible.
2442 5095 2458 5100 -
2475 5079 2516 5108 N'
2540 5077 2630 5107 6014.
