3536 5552
374 437 603 468 Sous-officier
618 437 658 467 de
675 435 839 468 carrière,
868 435 907 465 32
936 441 975 464 au
982 441 1006 470 s,
1034 427 1234 462 retraitable

336 479 419 509 dans
435 479 454 508 3
470 486 541 510 ans,
560 478 722 507 situation
749 476 843 507 6.000
857 473 919 507 fr.,
948 473 1042 502 avoir
1061 470 1155 500 2.000
1180 473 1234 504 tr.,

337 519 544 557 espérances
561 519 580 547 8
595 517 654 548 000
668 516 721 553 fr.,
752 516 950 555 épouserait
977 513 1176 542 d^mmseiie
1192 516 1235 537 ou

338 566 445 590 veuve
482 566 560 588 sans
598 561 724 587 entant.
757 555 942 595 possédant
969 557 1162 583 commerce
1193 556 1236 579 ou

340 598 525 638 propriété.
543 615 579 618 —
595 600 633 628 N*
651 597 738 627 6087.

382 647 585 678 Demoiselle
606 647 645 677 32
662 656 689 676 a>
706 655 732 677 s,
758 646 835 675 bien
861 652 940 674 sous
966 645 1042 672 tous
1068 641 1239 679 rapports,

342 688 401 719 500
416 688 455 718 fr.
475 696 536 725 par
552 688 649 722 mois,
681 686 792 717 10.000
821 685 861 714 fr.
893 683 1099 717 économies,
1127 680 1241 708 désire

345 728 495 767 mariage
518 735 600 758 avec
630 727 806 757 monsieur
832 727 873 755 de
888 724 927 753 35
943 724 960 753 à
976 722 1016 752 40
1031 729 1104 755 ans,
1121 717 1240 758 grand,

345 770 544 806 présentant
560 768 650 800 bien,
668 767 804 797 voulant
821 762 1070 802 entreprendre
1087 762 1130 790 du
1147 766 1243 789 com¬

347 816 462 839 merce
493 812 527 838 et
557 811 656 837 avant
672 807 756 846 petit
772 805 877 836 avoir.
893 821 929 825 —
945 804 985 834 N*
1000 802 1089 832 6088.

387 856 590 887 Demoiselle
605 857 644 886 29
659 864 731 890 ans,
763 854 917 884 sérieuse
952 852 1129 882 caractère
1147 848 1245 884 doux,

348 897 416 928 fille
432 899 474 927 de
503 895 768 931 fonctionnaire,
799 893 1008 926 couturière,
1040 890 1245 926 catholique,

349 938 461 969 désire
484 937 635 972 mariage
662 944 744 967 avec
772 933 948 965 monsieur
964 939 1063 969 ayam
1085 931 1246 960 situation

350 978 441 1009 sûre.
459 995 497 998 —
511 979 552 1007 N*
569 977 659 1007 6089.

390 1026 592 1057 Parisienne
607 1027 650 1057 22
665 1033 737 1059 ans,
749 1024 908 1054 divorcée
921 1024 938 1052 à
951 1029 1012 1051 son
1025 1018 1136 1059 profit,
1148 1019 1249 1055 ayant

350 1076 396 1099 un
414 1067 529 1097 enfant
544 1067 562 1095 4
578 1075 651 1101 ans,
669 1065 781 1095 désire
797 1063 948 1100 mariage
975 1068 1057 1091 avec
1074 1061 1250 1088 monsieur

351 1110 452 1146 ayant
468 1106 642 1142 situation,
660 1107 723 1144 âge
734 1103 941 1134 indifférent.
959 1118 997 1123 —
1011 1102 1050 1131 N*
1065 1098 1154 1129 6090.

392 1158 506 1187 Veuve
517 1156 556 1185 34
572 1163 644 1189 ans,
662 1154 749 1185 4.000
766 1154 804 1183 fr.
824 1153 864 1182 de
880 1154 989 1185 rente,
1011 1150 1099 1179 deux
1116 1147 1250 1178 enfants

352 1205 411 1235 pas
428 1199 447 1227 à
464 1205 499 1225 sa
515 1196 655 1234 charge,
673 1195 812 1233 grande,
831 1193 1000 1229 é'égante,
1028 1188 1249 1220 affectueuse,

354 1238 468 1267 désire
498 1236 648 1274 mariage
665 1242 747 1265 avec
764 1235 941 1264 monsieur
970 1230 1115 1263 sérieur,
1147 1226 1252 1257 affec¬

353 1281 470 1311 tueux,
487 1276 600 1307 bonne
629 1274 803 1309 situation,
835 1281 877 1303 en
907 1271 1048 1310 rapport
1077 1268 1183 1307 d’âge.
1216 1282 1253 1287 —

353 1319 394 1349 N*
411 1318 502 1348 6091.

393 1369 503 1397 Jeune
518 1366 655 1396 homme
670 1365 709 1394 26
725 1371 796 1398 ans,
821 1362 934 1392 blessé
951 1359 991 1390 de
1007 1364 1145 1397 guerre,
1162 1355 1254 1385 3.400

356 1408 396 1438 fr.
428 1408 469 1437 de
497 1406 641 1445 pension
669 1403 840 1436 annuelle,
872 1401 1022 1434 sérieux,
1052 1398 1153 1428 doux,
1189 1398 1254 1426 bon

356 1456 462 1482 cœur,
472 1447 539 1477 bon
551 1447 739 1478 caractère,
751 1441 949 1482 épouserait
961 1437 1159 1470 demoiselle
1172 1443 1254 1466 avec

358 1489 424 1523 dot,
443 1488 484 1517 de
497 1488 536 1516 22
551 1488 570 1516 à
585 1486 623 1515 30
640 1493 711 1514 ans.
730 1501 767 1505 —
781 1483 822 1513 N*
839 1482 929 1512 6092.

396 1541 493 1575 Veuf,
509 1540 592 1578 père
608 1540 648 1568 de
664 1539 682 1567 4
698 1537 844 1569 enfants,
862 1537 961 1572 ayant
976 1533 1073 1572 place
1091 1529 1198 1560 stab’e
1216 1529 1256 1558 de

357 1582 462 1620 garde
479 1581 519 1610 de
536 1578 702 1611 chantier,
730 1576 878 1607 secondé
904 1581 965 1613 par
994 1580 1055 1602 son
1085 1571 1138 1600 fhs
1166 1570 1255 1604 aîné,

358 1623 395 1652 15
410 1629 471 1651 ans
488 1618 657 1659 (apprenti
679 1617 898 1656 charpentier
919 1614 1068 1651 gagnant
1082 1611 1121 1641 20
1137 1610 1177 1639 fr.
1195 1617 1258 1648 par

358 1662 451 1700 jour)
475 1663 509 1690 et
523 1668 585 1699 par
600 1667 636 1689 sa
652 1658 722 1688 fille
738 1658 822 1695 âgée
842 1657 880 1685 de
898 1656 934 1684 13
951 1662 1010 1683 ans
1027 1652 1083 1691 qui
1100 1650 1258 1687 s’occupe

359 1702 402 1732 du
414 1704 558 1738 ménage
574 1700 622 1728 les
639 1699 728 1729 deux
745 1696 900 1727 derniers
917 1693 1050 1724 enfants
1066 1693 1085 1721 5
1101 1694 1134 1721 et
1148 1692 1167 1720 3
1183 1698 1256 1724 ans,

360 1744 471 1772 désire
501 1740 653 1778 mariage
682 1745 764 1768 avec
793 1737 890 1767 dame
908 1736 948 1765 de
964 1734 1002 1764 40
1018 1740 1078 1762 ans
1102 1731 1257 1765 environ,

361 1790 438 1812 sans
469 1782 595 1816 enfant,
622 1778 678 1818 qui
694 1779 740 1809 lui
757 1776 901 1807 aiderait
918 1777 936 1805 à
954 1776 1069 1805 élever
1085 1771 1133 1801 les
1153 1770 1257 1800 siens.

360 1838 399 1844 —
414 1823 454 1852 N*
472 1821 560 1851 6093.

401 1873 603 1905 Célibataire
628 1873 667 1903 40
687 1879 761 1907 ans,
786 1870 864 1900 bien
887 1866 1159 1907 physiquement,
1184 1870 1260 1902 pro-

362 1913 764 1955 priétaire-agncuheur,
783 1912 866 1943 aisé,
884 1907 1167 1939 honorablement
1183 1911 1260 1934 con¬

363 1965 420 1991 nu,
450 1956 648 1994 épouserait
671 1951 869 1982 demoiselle
903 1956 1010 1979 veuve
1032 1954 1075 1977 ou
1093 1946 1261 1980 divorcée,

364 1996 459 2026 seule
476 2004 518 2025 ou
535 1993 725 2031 orpheline.
741 2009 779 2012 —
795 1993 834 2021 N*
851 1989 940 2020 6095.

403 2043 608 2075 Demoiselle
634 2043 673 2071 37
703 2049 775 2076 ans,
805 2039 929 2069 femme
959 2035 1170 2067 d’intérieur,
1192 2033 1262 2063 très

365 2086 532 2120 sérieuse,
550 2083 663 2113 désire
686 2080 862 2112 connaître
886 2077 1043 2116 employé
1067 2073 1264 2104 d’adminis¬

364 2126 488 2155 tration
505 2132 549 2154 ou
565 2126 666 2160 ayant
682 2121 815 2155 métier,
834 2120 874 2149 de
896 2119 934 2148 38
955 2120 972 2148 à
993 2118 1032 2146 48
1054 2124 1127 2149 ans,
1150 2114 1263 2144 bonne

366 2168 474 2199 santé,
492 2163 694 2201 catholique.
709 2177 747 2183 —
761 2162 801 2192 N'
820 2159 910 2190 6096.

406 2222 615 2253 Cultivateur
629 2220 781 2254 sérieux,
795 2217 958 2252 honnête,
975 2216 994 2244 3
1009 2214 1068 2244 000
1085 2213 1124 2242 fr.
1142 2213 1265 2242 écono¬

367 2264 464 2299 mies,
508 2261 704 2300 épouserait
744 2257 943 2288 demoiselle
976 2263 1019 2285 ou
1049 2260 1155 2283 veuve
1185 2259 1264 2281 sans

368 2303 496 2339 enfant,
513 2304 554 2333 de
566 2300 772 2340 préférence
787 2298 942 2329 habitant
957 2297 988 2325 la
1004 2300 1203 2332 campagne.

409 2351 526 2382 Mutilé
562 2351 603 2380 de
639 2356 777 2386 guerre,
819 2344 1082 2378 fonctionnaire,
1118 2343 1156 2371 37
1193 2348 1264 2374 ans,

367 2393 461 2423 5.000
488 2391 527 2421 fr.
555 2390 598 2420 de
625 2392 755 2423 rentes,
785 2386 983 2424 épouserait
1012 2382 1193 2421 orpheline
1221 2387 1266 2409 ou

369 2441 476 2463 veuve
492 2439 570 2461 sans
588 2430 713 2464 enfant,
732 2429 772 2456 de
786 2427 825 2457 25
842 2428 860 2456 à
874 2426 913 2455 35
928 2432 1000 2454 ans.
1015 2420 1266 2454 sentimentale,

370 2474 473 2510 ayant
514 2473 642 2505 rentes,
687 2467 858 2505 française
899 2474 944 2496 ou
983 2463 1180 2501 étrangère.
1232 2476 1267 2480 —

369 2514 410 2544 N*
438 2512 527 2542 6098.

410 2562 478 2591 Fils
506 2559 646 2596 unique,
675 2557 891 2592 cultivateur,
919 2555 956 2583 31
974 2561 1047 2587 ans,
1064 2550 1211 2590 pension
1228 2549 1269 2578 de

371 2602 498 2632 Guerre
514 2600 606 2629 2.400
621 2599 675 2633 fr,,
693 2601 899 2635 espérance»
929 2593 986 2623 150
1002 2592 1060 2622 000
1076 2592 1129 2627 fr.,
1161 2592 1270 2628 épou¬

372 2642 478 2672 serait
493 2640 690 2669 demoiselle
707 2645 750 2668 ou
767 2644 874 2665 veuve
902 2636 942 2664 de
961 2634 1000 2663 22
1015 2635 1033 2662 à
1048 2632 1084 2661 31
1104 2639 1174 2667 ans,
1188 2631 1270 2668 pré¬

374 2684 508 2712 sentant
526 2680 615 2714 bien,
635 2679 775 2708 voulant
798 2676 931 2706 habiter
954 2673 1042 2703 b-lle
1070 2676 1269 2708 campagne,

372 2731 432 2761 pas
455 2722 596 2751 sérieux
616 2717 808 2749 s’abstenir.
825 2733 861 2736 —
861 2733 864 2750 :
877 2715 917 2745 N-
935 2714 1025 2744 6099.

414 2774 614 2804 Céliba'aire
626 2773 665 2802 32
680 2779 752 2803 ans,
767 2770 902 2800 fortune
914 2767 1024 2797 12.000
1039 2766 1094 2800 fr.,
1110 2764 1271 2793 situation

374 2823 416 2844 au
433 2818 560 2848 Maroc,
582 2812 702 2844 ferme,
732 2808 929 2848 épouserait
956 2812 1130 2845 personne
1157 2803 1274 2831 d’inté¬

374 2856 480 2887 rieur,
497 2852 659 2884 honnête,
677 2851 776 2880 dotée
792 2849 821 2879 si
849 2847 999 2887 possible
1017 2852 1102 2884 pour
1117 2844 1214 2874 venir
1230 2849 1272 2871 en

375 2896 460 2925 aide.
478 2910 497 2915 -
511 2894 551 2923 N*
568 2891 659 2921 6100.

414 2945 523 2973 Jeune
539 2941 608 2971 fille
623 2941 662 2970 27
677 2947 749 2971 ans,
763 2937 859 2976 jolie,
878 2936 1082 2972 distinguée,
1107 2932 1274 2962 fonction¬

376 2991 473 3013 naire
499 2984 519 3011 d
533 2983 555 3012 E
572 2985 616 3015 at,
645 2983 839 3010 traitement
869 2976 960 3007 6.000
994 2975 1045 3004 fr..
1077 2972 1274 3003 économies

377 3023 488 3054 10.000
504 3024 556 3058 fr.,
589 3021 786 3059 épouserait
816 3023 991 3047 monsieur
1018 3016 1057 3044 28
1086 3015 1104 3043 à
1133 3012 1171 3042 40
1201 3019 1273 3044 ans,

376 3066 537 3094 situation
552 3070 596 3091 en
607 3062 757 3097 rapport,
768 3057 848 3088 irait
856 3064 924 3086 aux
933 3053 1165 3086 colonies.-N*
1182 3051 1272 3080 6101.

416 3111 617 3142 Célibataire
632 3109 671 3139 38
693 3116 766 3146 ans,
796 3104 1007 3136 mécanicien
1038 3111 1079 3131 au
1109 3103 1133 3131 P
1150 3101 1273 3131 -L.-M.,

378 3153 472 3183 9.500
485 3152 541 3187 fr.,
557 3158 618 3188 par
627 3158 681 3184 an,
692 3148 843 3179 robuste,
856 3144 1061 3176 affectueux,
1079 3139 1276 3180 épouserait

378 3192 575 3222 demoiselle
604 3189 744 3227 grande,
763 3187 850 3217 forte
873 3184 1091 3222 corpulence,
1109 3181 1274 3220 physique

379 3232 554 3270 agréable,
570 3229 721 3260 honnête
736 3228 864 3257 aimant
879 3233 938 3253 son
963 3224 1143 3258 intérieur,
1173 3222 1276 3258 ayant

382 3274 486 3307 avoir,
505 3272 545 3300 de
560 3272 599 3299 27
615 3273 630 3300 à
648 3270 686 3298 32
702 3276 773 3298 ans.
790 3284 801 3289 -
816 3267 856 3296 N*
873 3265 963 3296 6103.

417 3319 503 3351 Veuf
510 3321 549 3350 53
557 3327 630 3353 ans,
641 3318 782 3347 retraité
791 3315 955 3348 finances,
966 3311 1129 3343 colonies,
1139 3310 1219 3340 5210
1228 3308 1275 3346 fr.,

378 3362 453 3402 plus
471 3360 564 3391 avoir
578 3358 711 3389 300.000
726 3356 810 3392 fr.,3
822 3356 956 3385 enfants
970 3354 1083 3384 élèves
1098 3352 1223 3388 lycées,
1235 3349 1276 3378 de

378 3403 428 3437 21,
445 3401 484 3431 19
498 3404 534 3431 et
548 3400 586 3429 13
600 3407 673 3432 ans,
701 3396 899 3436 épouserait
914 3394 1022 3427 dame,
1053 3391 1116 3429 âge
1136 3399 1177 3421 en
1195 3397 1277 3427 rap¬

379 3443 466 3481 port,
483 3441 558 3470 bien
584 3439 712 3472 élevée,
737 3439 838 3473 ayant
865 3435 1034 3465 intérieur
1056 3437 1088 3462 et
1113 3430 1276 3469 quelques

379 3489 539 3517 revenus,
551 3481 680 3510 aimant
689 3477 747 3507 vie
755 3475 967 3513 tranquille.-
980 3472 1116 3503 N*6104,

419 3532 528 3560 Jeune
544 3527 612 3558 fille
628 3526 819 3557 excellente
843 3523 981 3556 famille,
1012 3529 1095 3551 avec
1110 3521 1227 3550 rentes
1244 3521 1278 3547 et

380 3570 488 3601 belles
517 3572 735 3607 espérances,
779 3565 892 3595 bonne
929 3562 1122 3595 éducation,
1153 3562 1278 3589 femme

382 3609 591 3643 d’mterieur,
606 3607 700 3645 jolie,
733 3605 953 3638 affectueuse,
984 3602 1097 3631 désire
1127 3600 1278 3636 mariage

382 3659 465 3680 avec
475 3651 582 3687 jeune
598 3649 734 3677 homme
749 3645 838 3675 d*-30
849 3652 860 3671 a
872 3644 911 3674 35
920 3651 978 3672 an-
999 3645 1095 3677 ayant
1116 3638 1278 3670 situation

382 3691 499 3722 élevée
515 3691 645 3719 France
661 3695 704 3716 ou
721 3685 883 3717 colonies.
900 3699 917 3705 -
933 3684 962 3713 N
991 3681 1080 3711 6105.

423 3739 550 3772 Mutilé,
568 3736 678 3767 céliba
694 3736 779 3770 aire,
788 3733 978 3764 recherche
988 3733 1094 3760 union
1110 3737 1169 3767 par
1179 3727 1280 3758 affec¬

383 3780 454 3810 tion
471 3779 606 3809 sincère
622 3779 657 3807 et
672 3775 779 3805 solide
802 3781 889 3812 pour
913 3771 1069 3801 bonheur
1097 3768 1278 3806 tranquile,

383 3820 534 3853 sérieux,
551 3816 654 3855 appui
673 3816 781 3846 moral
799 3822 806 3849 ;
820 3815 926 3851 jeune
955 3809 1135 3841 écervelée
1163 3807 1280 3847 prière

385 3860 425 3890 de
441 3858 633 3889 s’abstenir.
649 3872 666 3878 -
682 3858 723 3886 N*
738 3854 827 3884 6106.

423 3910 624 3942 Célibataire
646 3909 861 3942 cultivateur,
876 3906 912 3936 31
931 3912 1004 3938 ans,
1021 3902 1127 3940 petite
1144 3901 1281 3940 propri-

385 3954 418 3982 té
433 3956 468 3982 et
483 3950 678 3981 économies
704 3947 893 3978 recherche
920 3953 961 3975 en
977 3952 1042 3974 vue
1059 3943 1099 3972 de
1129 3942 1281 3977 mariage

381 3996 487 4031 jeune
515 3992 586 4021 fille
607 3991 648 4019 de
674 3990 715 4019 20
730 3989 747 4017 à
762 3988 801 4017 30
830 3995 903 4021 ans,
931 3984 1084 4023 gentille,
1115 3982 1279 4017 honnête,

385 4031 588 4069 catholique.
605 4046 623 4052 -
638 4031 677 4060 N*
693 4028 782 4059 6107.

419 4081 522 4109 Veuve
535 4078 728 4113 d’ingénieur,
755 4086 786 4112 50
810 4085 873 4109 ans,
899 4084 933 4101 ne
958 4072 1124 4108 paraissant
1148 4080 1200 4106 pas
1226 4079 1280 4098 son

386 4120 447 4151 âge,
475 4116 651 4148 distinguée,
688 4112 872 4142 affectueuse,
909 4108 1084 4141 catholique,
1122 4107 1281 4140 possédant

390 0 487 4179 10.000
502 4151 538 4178 fr.
554 4156 582 4177 et
597 4158 689 4184 15.000
705 4148 741 4175 fr.
757 4147 846 4180 linge,
861 4140 956 4172 désire
971 4143 1099 4176 mariage
1124 4151 1192 4168 avec
1214 4140 1286 4168 veuf

386 4198 421 4216 ou
438 4188 561 4220 divorcé,
583 4190 672 4220 ayant
696 4193 734 4211 un
764 4183 872 4214 enfant,
903 4180 936 4207 de
963 4178 1125 4213 préférence
1156 4186 1194 4203 un
1224 4176 1280 4208 fils,

386 4223 495 4251 France
510 4232 546 4249 ou
562 4220 698 4249 colonies.
716 4235 729 4238 -
744 4218 780 4246 N'
800 4217 871 4245 6108
875 4238 881 4243 .

424 4270 534 4298 Jeune
549 4267 685 4296 homme
714 4264 752 4294 32
781 4270 853 4296 ans,
879 4260 971 4291 6.000
999 4258 1040 4288 fr.
1071 4257 1280 4292 économies,

386 4310 456 4339 très
472 4307 621 4342 sérieux,
652 4307 741 4334 doux
771 4304 883 4333 désire
913 4298 1165 4337 correspondre
1194 4304 1283 4335 pour

387 4349 538 4386 mariage
553 4355 636 4377 avec
652 4344 850 4375 demoiselle
866 4349 910 4372 ou
925 4347 1033 4370 veuve
1058 4341 1158 4375 ayant
1174 4339 1282 4367 situa¬

386 4389 455 4419 tion
472 4396 515 4418 ou
532 4385 738 4418 économies.
755 4400 773 4405 -
788 4383 829 4413 N*
842 4381 930 4412 6109.

425 4435 626 4467 Célibataire
652 4435 690 4464 23
722 4441 793 4469 ans,
824 4430 979 4469 employé
1009 4428 1139 4462 textile,
1170 4426 1283 4457 désire

386 4477 472 4507 faire
486 4475 733 4506 connaissance
749 4472 849 4502 d’une
874 4475 980 4508 jeune
1009 4468 1078 4498 fille
1107 4476 1150 4497 ou
1175 4469 1283 4504 jeune

386 4524 495 4549 veuve
511 4525 598 4555 pour
613 4517 775 4552 mariage.
791 4528 805 4534 -
819 4512 847 4541 N
876 4510 968 4540 6110.

424 4568 534 4596 Jeune
548 4564 684 4594 homme
698 4562 871 4598 indigène,
885 4559 924 4588 23
939 4566 1012 4592 ans,
1040 4554 1283 4595 propriétaire-

387 4607 598 4638 culiivateur,
617 4605 729 4633 bonne
745 4602 776 4630 fa
782 4600 825 4630 mi
841 4601 851 4628 1
854 4609 883 4634 -,
902 4598 1066 4628 demande
1078 4603 1120 4625 en
1132 4595 1284 4631 mariage

382 4649 489 4685 jeune
505 4645 584 4679 fille,
602 4645 642 4672 de
652 4643 688 4672 18
704 4644 724 4672 à
733 4642 773 4670 25
783 4648 855 4674 ans,
866 4642 965 4677 ayant
975 4637 1123 4671 fortune,
1135 4642 1284 4672 envoyer

387 4687 501 4725 photo.
518 4702 530 4707 -
543 4685 583 4714 N*
602 4684 690 4713 6111.

426 4734 524 4765 Caval
540 4741 579 4764 er
607 4734 666 4760 des
694 4732 859 4764 douanes,
902 4726 1112 4758 célibataire,
1140 4724 1179 4753 28
1208 4731 1280 4759 ans,

386 4776 584 4806 traitement
597 4774 614 4800 7
631 4771 689 4801 000
705 4770 759 4805 fr.,
773 4779 814 4799 ne
828 4770 917 4799 fume
934 4775 1004 4802 pas,
1016 4767 1166 4798 sérieux,
1179 4766 1282 4801 épou¬

387 4815 493 4845 serait
503 4816 610 4852 jeune
625 4812 695 4840 fille
713 4811 810 4848 jolie,
838 4807 999 4838 honnête,
1030 4806 1135 4839 aisée,
1154 4805 1193 4833 de
1212 4804 1247 4833 18
1264 4804 1281 4832 à

385 4857 423 4886 25
437 4863 508 4889 ans,
527 4854 687 4883 situation
704 4858 746 4880 en
763 4854 912 4887 rapport.
929 4863 949 4869 -
964 4847 1003 4877 N*
1021 4846 1110 4875 6112.

426 4903 514 4935 Veuf
524 4903 563 4932 63
578 4909 651 4937 ans,
668 4899 873 4932 affectueux,
884 4897 979 4927 idées
995 4895 1120 4932 larges,
1136 4891 1280 4922 5.000fr.

385 4945 425 4974 de
442 4946 570 4979 rentes,
601 4938 790 4970 recherche
819 4937 969 4973 mariage
999 4942 1081 4964 avec
1110 4939 1281 4969 per>onue

384 4985 539 5015 sérieuse
554 4990 637 5012 avec
653 4978 825 5009 situa'b’n.
843 4977 881 5005 de
899 4976 937 5006 45
953 4977 969 5006 à
985 4976 1107 5006 60ans.
1125 4989 1138 4994 -
1155 4972 1280 5001 N*6113

418 5033 507 5065 Jeune
523 5031 580 5058 fille
596 5040 629 5065 25
646 5038 710 5061 ans,
727 5025 898 5060 comptable,
916 5027 973 5051 très
990 5024 1171 5054 afiectueuse,
1185 5020 1280 5048 bonne

381 5066 544 5100 éducation,
560 5070 740 5100 espérances,
756 5061 850 5089 désire
869 5070 943 5094 pour
972 5060 1100 5093 mariage
1130 5056 1279 5084 monsieur

380 5110 469 5141 ayant
485 5102 625 5131 situation
643 5101 770 5131 assurée,
783 5095 1004 5126 fonctionnaire,
1018 5093 1152 5121 aimerait
1167 5092 1279 5126 s’expa¬

380 5141 460 5169 trier.
477 5153 490 5158 -
507 5139 542 5166 N*
558 5140 631 5171 6114.

1329 421 1479 454 Adjudant
1494 421 1528 447 de
1544 417 1694 450 cavalerie,
1712 426 1745 449 32
1760 425 1823 448 ans,
1835 414 1940 450 grand,
1952 413 2018 446 fort,
2030 412 2192 444 distingué,

1293 457 1359 485 bien
1375 466 1444 484 sous
1461 463 1527 483 tous
1543 459 1690 488 rapports,
1706 452 1776 487 gain
1803 450 1932 478 mensuel
1949 458 2025 477 1.000
2041 447 2089 480 fr.,
2113 446 2196 474 avoir

1296 503 1400 522 20.000
1417 503 1462 522 tr.,
1483 490 1600 518 retraité
1615 489 1688 516 dans
1717 501 1732 522 q
1747 496 1810 520 ans,
1843 496 1924 519 3.000
1954 485 2000 518 fr.,
2031 482 2197 517 épouserait

1294 530 1378 563 jeune
1394 537 1495 557 veuve,
1513 525 1588 560 jolie,
1605 524 1788 553 affectueuse,
1806 529 1893 556 ayant
1910 520 2034 555 qualités
2057 520 2091 545 de
2106 527 2195 549 coeur,

1295 564 1436 592 intérieur
1450 570 1477 590 et
1493 562 1636 589 situation
1645 570 1679 587 en
1696 564 1825 593 rapport,
1838 556 2011 591 accepterait
2024 565 2062 583 un
2074 565 2110 581 ou
2123 554 2197 581 deux

1295 601 1422 628 enfants.
1439 614 1454 618 -
1470 598 1491 625 N
1521 600 1600 629 6115.

1336 653 1497 687 Orpheline
1513 660 1544 686 35
1562 660 1625 684 ans,
1643 648 1831 679 institutrice,
1849 648 1940 674 brune
1956 644 2100 679 agréable,
2127 642 2200 677 petit

1298 691 1380 716 avoir
1395 699 1429 716 en
1447 687 1618 723 propriétés,
1639 686 1732 711 bonne
1746 686 1838 713 santé,
1869 682 1963 710 désire
1991 679 2200 713 correspondre

1299 735 1372 759 pour
1384 726 1513 757 mariage
1529 732 1596 749 avec
1610 719 1824 748 fonctionnaire
1853 717 1975 746 colonial
2005 726 2041 743 ou
2072 714 2199 746 retraité,

1300 761 1368 788 irait
1381 770 1436 787 aux
1453 758 1588 787 colonies.
1606 771 1620 776 -
1636 757 1673 784 N*
1694 757 1773 783 6116.

1337 815 1436 841 Veuve
1451 811 1587 840 d'officier
1604 821 1632 845 31
1652 820 1715 843 ans,
1733 817 1801 836 sans
1818 807 1927 840 enfant,
1946 805 2012 834 bien
2035 814 2103 833 sous
2136 809 2201 830 tous

1303 856 1449 885 rapports,
1468 857 1549 883 2.400
1563 847 1596 874 fr.
1614 846 1647 873 de
1663 852 1753 878 rente,
1770 853 1887 879 grosses
1917 845 2098 876 espérances,
2113 842 2202 874 épou¬

1304 885 1394 913 serait
1410 883 1559 912 monsieur
1574 888 1661 917 ayant
1676 881 1820 908 situation
1834 889 1871 906 ou
1892 877 2000 905 officier
2030 876 2140 904 France
2165 884 2203 901 ou

1303 921 1440 949 colonies.
1457 934 1471 940 -
1485 919 1521 947 N*
1538 920 1616 952 6117.

1340 975 1515 1002 Lieutenant
1523 982 1555 1006 30
1565 981 1628 1005 ans,
1637 970 1749 998 bientôt
1759 968 1911 1003 capitaine,
1922 966 2019 1002 légion
2028 965 2203 996 d’honneur,

1305 1022 1319 1045 7
1335 1010 1483 1040 citations,
1500 1009 1587 1040 doux,
1606 1006 1802 1038 sentimental,
1821 1004 1899 1031 taille
1915 1011 2067 1038 moyenne,
2087 999 2204 1028 chatain

1305 1048 1396 1079 foncé,
1410 1055 1484 1080 yeux
1505 1045 1606 1076 bruns,
1624 1041 1706 1070 avoir
1718 1050 1816 1076 50,000
1831 1040 1880 1074 fr.,
1891 1039 1986 1066 désire
1995 1037 2123 1071 mariage
2138 1045 2206 1062 avec

1307 1083 1388 1115 jeune
1405 1082 1462 1108 fille
1477 1090 1513 1107 ou
1531 1080 1613 1113 jeune
1639 1087 1729 1105 veuve
1759 1077 1852 1104 bonne
1881 1073 2033 1103 éducation
2064 1079 2091 1100 et
2115 1073 2176 1099 dot.
2193 1085 2206 1090 -

1307 1119 1341 1146 N'
1359 1120 1430 1152 6119

1344 1169 1570 1198 Fonctionnaire
1585 1167 1693 1199 d’Etat,
1710 1176 1743 1202 44
1759 1175 1822 1198 ans,
1851 1174 1919 1192 sans
1950 1162 2059 1195 enfant,
2090 1160 2208 1188 retraité

1307 1207 1381 1235 dans
1397 1207 1472 1233 deux
1489 1215 1552 1237 ans,
1570 1203 1652 1231 avoir
1679 1212 1778 1230 20.000
1798 1201 1852 1228 fr..
1882 1197 2118 1232 correspondrait
2141 1206 2209 1223 avec

1309 1241 1475 1270 demoiselle
1490 1251 1527 1268 ou
1544 1249 1644 1271 veuve,
1675 1242 1726 1273 âge
1755 1244 1782 1264 et
1812 1235 1954 1264 situation
1985 1244 2020 1261 en
2047 1238 2178 1267 rapport.
2195 1246 2208 1250 -

1309 1279 1343 1306 N*
1360 1280 1439 1306 6120.

1348 1330 1523 1359 Demoiselle
1537 1339 1568 1362 27
1583 1338 1646 1361 ans,
1661 1328 1711 1354 dot
1723 1334 1750 1354 et
1771 1329 1951 1360 espérances,
1973 1323 2076 1350 femme
2105 1321 2210 1348 d’inté¬

1311 1368 1400 1402 rieur,
1417 1366 1614 1395 travailleuse,
1645 1362 1809 1397 épouserait
1836 1362 1919 1394 jeune
1949 1360 2065 1387 homme
2085 1357 2208 1389 sérieux,

1310 1403 1441 1437 employé
1454 1402 1488 1429 de
1504 1401 1676 1435 préférence,
1695 1399 1802 1426 France
1817 1407 1853 1424 ou
1865 1396 2002 1424 colonies.
2020 1394 2056 1422 N*
2073 1395 2153 1420 6121.

1346 1457 1436 1489 Jeune
1453 1455 1579 1486 homme,
1596 1464 1629 1488 24
1644 1463 1708 1485 ans,
1724 1452 1855 1485 employé
1862 1451 1897 1477 de
1907 1457 2076 1479 commerce,
2088 1446 2211 1481 appoin¬

1312 1498 1436 1520 tements
1452 1492 1468 1519 6
1482 1500 1534 1517 000
1551 1490 1595 1518 fr.,
1614 1488 1695 1516 avoir
1714 1496 1812 1515 12.000
1829 1487 1875 1517 fr.,
1892 1485 1985 1512 désire
2002 1483 2130 1517 mariage
2146 1492 2212 1508 avec

1314 1529 1395 1560 jeune
1411 1528 1469 1554 fille
1488 1526 1518 1553 18
1533 1529 1547 1553 à
1579 1535 1609 1551 22
1637 1534 1700 1557 ans,
1730 1523 1804 1556 jolie,
1835 1521 2018 1552 affectueuse,
2050 1520 2212 1553 préférence

1314 1564 1427 1591 blonde.
1445 1578 1458 1582 -
1474 1561 1509 1589 N'
1527 1561 1601 1589 6118.

1349 1618 1439 1650 Jeune
1469 1616 1584 1642 homme
1612 1623 1645 1648 24
1673 1622 1736 1644 ans,
1765 1612 1829 1639 bien
1856 1610 2094 1645 physiquement,
2125 1611 2213 1641 ayant

1315 1663 1419 1686 agence
1436 1651 1549 1679 maison
1567 1649 1702 1682 Sénégal,
1719 1646 1883 1681 épouserait
1899 1646 1981 1678 jeune
1998 1644 2055 1671 fille
2075 1643 2212 1674 honnête,

1315 1690 1455 1720 fortunée,
1472 1695 1598 1722 envoyer
1614 1685 1713 1719 photo.
1730 1698 1744 1702 -
1759 1683 1794 1711 N’
1812 1684 1891 1709 6122.

1352 1740 1527 1770 Célibataire
1568 1748 1599 1773 35
1631 1748 1693 1770 ans,
1736 1737 1808 1768 seul,
1851 1734 2040 1770 agriculteur,
2081 1731 2215 1759 domaine

1316 1777 1468 1810 28.ooofr.,
1477 1776 1565 1810 petite
1576 1774 1663 1805 taille,
1674 1773 1840 1807 énergique,
1852 1774 1933 1798 santé
1942 1771 1975 1797 de
1986 1770 2035 1800 fer,
2046 1768 2214 1803 passionné,

1316 1813 1488 1841 travailleur
1504 1817 1531 1838 et
1545 1814 1688 1838 économe,
1706 1809 1762 1836 dur
1778 1807 1932 1840 d’oreilles,
1950 1805 2058 1833 service
2073 1809 2100 1830 et
2117 1803 2213 1830 muni-

1316 1849 1457 1877 tionniste
1473 1851 1486 1874 à
1504 1848 1529 1873 la
1545 1855 1659 1882 guerre,
1676 1844 1769 1872 désire
1787 1843 1914 1877 mariage
1934 1851 2001 1869 avec
2024 1847 2127 1867 lemme
2148 1841 2216 1872 âgée

1315 1886 1350 1913 de
1366 1885 1431 1918 plus
1447 1884 1482 1911 de
1510 1893 1542 1909 22
1558 1892 1623 1914 ans,
1652 1883 1797 1912 économe,
1814 1878 1951 1909 sérieuse,
1966 1877 2044 1904 taille
2065 1884 2215 1910 moyenne,

1317 1919 1483 1953 catholique
1498 1924 1586 1950 ayant
1602 1917 1661 1950 dot,
1679 1922 1744 1950 apte
1760 1919 1775 1942 à
1786 1914 1876 1947 aider,
1893 1923 1956 1940 sera
1973 1915 2031 1939 très
2048 1910 2148 1943 aimée,
2166 1913 2216 1937 née

1317 1967 1352 1984 en
1370 1955 1438 1988 mai,
1455 1954 1528 1988 juin,
1547 1953 1710 1987 septembre
1725 1961 1762 1978 ou
1777 1951 1904 1979 octobre,
1919 1951 2061 1976 caractère
2074 1947 2218 1974 s’harmo¬

1319 1993 1460 2024 niseront,
1477 1990 1608 2017 divorcée
1624 1987 1788 2019 s’abstenir,
1806 2001 1819 2005 -
1835 1986 1869 2013 N'
1888 1987 1960 2019 6123.

1356 2044 1474 2074 Officier
1484 2054 1520 2071 en
1536 2042 1665 2075 retraite,
1682 2040 1826 2068 chevalier
1841 2039 1876 2066 de
1891 2038 1918 2065 la
1933 2037 2029 2073 légion
2044 2036 2218 2068 d’honneur,

1319 2083 1354 2117 48
1365 2091 1429 2115 ans,
1440 2081 1534 2108 bonne
1544 2081 1637 2111 santé,
1650 2077 1742 2104 désire
1755 2075 1883 2110 mariage
1894 2084 1960 2101 avec
1971 2073 2065 2103 dame,
2078 2071 2220 2099 situation

1320 2129 1354 2145 en
1371 2122 1501 2151 rapport.
1514 2130 1527 2134 -
1543 2115 1578 2142 N*
1595 2116 1675 2147 6124.

1356 2161 1441 2194 Veuf,
1458 2170 1490 2195 47
1507 2169 1568 2190 ans,
1587 2157 1732 2193 physique
1759 2155 1901 2190 agréable,
1934 2165 1947 2181 2
1973 2154 2098 2183 fillettes,
2113 2153 2130 2179 6
2146 2158 2174 2178 et
2197 2161 2219 2178 11

1320 2208 1381 2228 ans,
1399 2196 1572 2227 économies,
1595 2192 1751 2221 immeuble
1777 2195 1811 2219 26
1825 2201 1877 2218 000
1906 2189 1954 2222 fr,,
1985 2187 2176 2223 propriétaire
2193 2193 2221 2214 et

1321 2233 1477 2264 industrie,
1501 2228 1665 2266 épouserait
1683 2227 1860 2261 demoiselle,
1891 2235 1980 2253 veuve
2011 2235 2047 2252 ou
2077 2223 2220 2255 divorcée,

1322 2268 1492 2296 honorable.
1509 2282 1522 2286 -
1538 2266 1561 2294 N
1590 2267 1663 2299 6125.

1357 2316 1533 2345 Célibataire
1557 2314 1603 2342 fils
1626 2313 1743 2347 unique,
1763 2314 1795 2346 36
1811 2321 1874 2344 ans,
1895 2309 2036 2337 situation
2051 2316 2161 2335 100.000
2172 2306 2222 2340 fr.,

1323 2363 1353 2388 25
1369 2363 1421 2381 000
1437 2352 1472 2380 fr.
1499 2350 1674 2378 association
1700 2349 1773 2376 dans
1798 2346 1907 2382 grande
1932 2346 2016 2373 usine
2043 2342 2219 2371 association

1323 2395 1443 2423 rapport
1458 2396 1561 2415 20.000
1576 2386 1611 2413 fr.
1624 2383 1791 2419 épouserait
1803 2388 1906 2410 lemme
1919 2382 2022 2414 brune,
2035 2379 2178 2407 situation
2189 2388 2223 2405 en

1323 2431 1452 2459 rapport.
1468 2438 1481 2442 -
1498 2423 1533 2450 N*
1551 2423 1630 2450 6126.

1360 2472 1538 2501 Célibataire
1566 2481 1598 2505 32
1625 2480 1688 2502 ans,
1714 2468 1845 2502 employé
1868 2467 1903 2493 de
1932 2466 2052 2496 bureau,
2080 2463 2223 2490 situation

1327 2518 1411 2544 5.400
1428 2509 1522 2535 francs
1535 2517 1586 2541 par
1597 2517 1644 2538 an,
1658 2508 1714 2532 très
1727 2504 1850 2536 sérieux,
1864 2501 2033 2533 affectueux,
2047 2497 2222 2531 catholique,

1324 2543 1489 2578 épouserait
1503 2542 1670 2570 demoiselle
1691 2550 1727 2568 ou
1747 2549 1838 2566 veuve
1854 2537 2027 2571 catholique,
2053 2535 2087 2562 de
2115 2533 2223 2561 famille

1326 2582 1410 2612 aisée,
1428 2580 1539 2606 aimant
1555 2578 1582 2605 la
1597 2586 1765 2611 campagne,
1783 2574 1914 2602 bonheur
1929 2575 2040 2600 assuré.
2060 2586 2066 2590 -
2092 2570 2128 2598 N*
2145 2571 2220 2603 6127.

1364 2627 1539 2657 Célibataire
1563 2636 1594 2659 52
1618 2635 1682 2659 ans,
1705 2624 1778 2658 seul,
1806 2622 1895 2650 établi
1918 2620 2102 2652 cordonnier,
2131 2618 2225 2646 désire

1328 2665 1454 2698 mariage
1470 2673 1537 2691 avec
1552 2661 1717 2690 demoiselle
1733 2670 1768 2686 ou
1787 2668 1875 2686 veuve
1891 2664 1980 2692 ayant
2004 2656 2104 2683 métier
2125 2664 2226 2682 secon¬

1326 2702 1416 2733 daire,
1441 2699 1528 2733 petite
1550 2698 1610 2730 dot,
1639 2700 1691 2730 âge
1720 2695 1895 2723 indifférent,
1927 2703 1963 2720 ou
1991 2702 2026 2719 en
2056 2696 2186 2725 rapport.
2212 2704 2226 2708 -

1328 2737 1363 2764 N*
1380 2736 1458 2764 6128.

1363 2784 1574 2817 Ex-adjudant,
1599 2792 1627 2816 41
1652 2791 1714 2814 ans,
1744 2779 1875 2807 médaille
1905 2776 2052 2808 militaire,
2084 2775 2162 2802 croix
2193 2774 2226 2801 de

1328 2830 1442 2854 guerre,
1468 2818 1590 2852 pension
1616 2826 1698 2844 2.200
1725 2815 1772 2848 fr.,
1799 2814 1887 2841 établi
1918 2811 2072 2843 armurier,
2098 2816 2229 2844 gagnant

1328 2857 1410 2883 8.000
1427 2855 1460 2882 fr.
1484 2864 1535 2887 par
1554 2863 1600 2881 an,
1627 2851 1720 2878 désire
1749 2858 1907 2883 compagne
1931 2848 1965 2875 de
1997 2857 2026 2881 33
2053 2849 2067 2874 à
2099 2856 2134 2880 40
2164 2855 2226 2878 ans,

1329 2897 1419 2927 ayant
1433 2889 1525 2918 avoir.
1542 2904 1556 2908 -
1571 2888 1605 2916 N*
1623 2889 1697 2923 6129.

1365 2941 1465 2967 Veuve
1496 2948 1524 2972 51
1557 2947 1620 2969 ans,
1652 2937 1787 2967 honnête,
1817 2933 1919 2960 femme
1949 2930 2129 2963 d'intérieur,
2160 2939 2229 2956 sans

1329 2977 1440 3007 enfant,
1463 2973 1545 3002 avoir
1573 2981 1666 3005 15.000
1690 2971 1737 3003 fr.,
1761 2970 1826 3004 plus
1852 2968 1993 2996 mobilier,
2019 2966 2115 2994 désire
2138 2965 2231 2993 s’unir

1329 3021 1396 3039 avec
1424 3010 1557 3045 employé
1587 3009 1723 3041 honnête,
1753 3006 1877 3037 sérieux,
1905 3006 1957 3038 âge
1984 3013 2018 3030 en
2057 3007 2187 3035 rapport.
2217 3014 2231 3020 -

1330 3048 1365 3076 N*
1382 3048 1457 3080 6130.

1368 3094 1544 3124 Célibataire
1560 3093 1633 3125 seul,
1649 3100 1682 3126 45
1700 3099 1762 3124 ans,
1779 3088 1947 3124 paraissant
1970 3087 2035 3115 bien
2053 3086 2118 3121 plus
2135 3086 2227 3118 jeune,

1331 3133 1450 3159 châtain
1465 3133 1556 3163 loncé,
1573 3137 1655 3155 avoir
1681 3136 1778 3160 50.000
1795 3126 1843 3159 fr.,
1873 3123 2037 3158 épouserait
2065 3120 2231 3148 demoiselle

1329 3178 1420 3195 veuve
1434 3177 1470 3194 ou
1486 3166 1630 3197 divorcée,
1645 3163 1759 3190 fortune
1771 3161 1949 3194 réciproque,
1965 3159 2065 3186 lettres
2079 3157 2204 3191 signées.
2218 3171 2231 3175 -

1328 3204 1363 3231 N*
1379 3204 1459 3237 61,3t.

1366 3257 1468 3284 Veuve
1484 3265 1513 3290 55
1529 3264 1592 3288 ans,
1610 3263 1643 3280 ne
1657 3253 1698 3280 les
1710 3250 1877 3286 paraissant
1887 3256 1949 3283 pas,
1961 3249 2054 3276 bonne
2066 3246 2230 3280 éducation,

1331 3292 1449 3320 retraite
1469 3300 1547 3318 1.000
1563 3289 1611 3322 fr.,
1629 3287 1770 3316 situation
1788 3295 1869 3320 3.000
1886 3280 1920 3312 fr.
1934 3293 1986 3319 par
1998 3294 2057 3317 an.,
2068 3281 2233 3316 épouserait

1334 3328 1482 3356 monsieur
1500 3326 1623 3353 sérieux,
1642 3325 1714 3359 petit
1739 3322 1847 3349 rentier
1876 3330 1912 3348 ou
1942 3318 2144 3354 propriétaire,
2162 3326 2235 3351 pour

1333 3367 1393 3391 être
1410 3364 1560 3390 heureuse.
1579 3376 1592 3380 -
1608 3361 1643 3388 N'
1660 3361 1740 3393 6132.

1370 3405 1596 3436 Fonctionnaire
1613 3415 1642 3439 53
1659 3413 1723 3438 ans,
1751 3403 1846 3429 bonne
1876 3403 1969 3434 santé,
2000 3397 2235 3432 appointements

1337 3453 1434 3471 10.000
1451 3444 1498 3475 fr.,
1516 3452 1545 3469 se
1562 3440 1711 3469 marierait
1726 3448 1794 3466 avec
1824 3446 1914 3464 veuve
1941 3446 1977 3463 ou
2007 3435 2148 3466 divorcée,
2166 3441 2235 3460 sans

1334 3490 1369 3507 en
1374 3481 1386 3495 f
1385 3486 1446 3513 ant,
1463 3488 1515 3513 pas
1530 3478 1597 3512 plus
1613 3487 1647 3510 47
1660 3485 1723 3508 ans,
1740 3478 1832 3508 ayant
1844 3481 1926 3507 2.500
1941 3471 1977 3499 fr.
1993 3472 2029 3498 de
2043 3476 2151 3497 rentes.
2168 3483 2182 3487 -
2197 3468 2233 3495 N'

1335 3518 1414 3550 6133.

1368 3558 1544 3587 Demoiselle
1560 3567 1590 3592 31
1605 3565 1669 3587 ans,
1689 3563 1769 3587 1.500
1793 3553 1829 3580 fr.
1858 3552 1893 3579 de
1921 3556 2029 3583 rentes,
2059 3553 2229 3583 espérances

1332 3595 1472 3630 quelques
1488 3592 1635 3621 centaines
1650 3591 1684 3618 de
1701 3590 1778 3617 mille
1794 3589 1898 3620 francs,
1914 3587 1986 3614 belle
2002 3588 2094 3619 santé,
2113 3584 2228 3617 simple,

1332 3632 1470 3664 aimante,
1486 3629 1619 3657 cultivée,
1649 3626 1742 3653 désire
1773 3623 1900 3658 mariage
1929 3621 2130 3649 d’inclination
2160 3629 2230 3646 avec

1334 3666 1482 3695 monsieur
1497 3665 1532 3692 de
1549 3674 1580 3699 32
1597 3667 1611 3691 à
1626 3672 1659 3698 40
1674 3672 1737 3689 ans.
1755 3675 1766 3679 -
1783 3660 1817 3688 N'
1835 3659 1914 3693 6136.

1369 3720 1456 3752 Veuf,
1472 3729 1505 3754 44
1521 3727 1585 3749 ans,
1599 3726 1666 3744 avec
1681 3725 1721 3742 un
1745 3713 1792 3740 fils
1821 3713 1855 3739 de
1888 3721 1917 3738 10
1947 3721 2011 3744 ans,
2043 3709 2234 3744 propriétaire

1334 3757 1408 3784 deux
1424 3754 1585 3790 propriétés
1604 3762 1616 3785 5
1635 3752 1774 3782 hectares,
1799 3748 1900 3782 vignes
1926 3754 1954 3776 et
1980 3747 2108 3774 cultures
2128 3747 2234 3772 maraî¬

1334 3793 1444 3823 chères,
1461 3790 1620 3825 possédant
1633 3789 1779 3822 logement
1792 3794 1826 3812 en
1841 3784 1921 3816 ville,
1939 3781 2104 3816 épouserait
2123 3780 2234 3808 demoi¬

1336 3829 1404 3855 selle
1419 3837 1456 3854 ou
1473 3835 1562 3852 veuve
1578 3834 1646 3851 sans
1660 3823 1770 3853 enfant,
1787 3819 1983 3847 honorabilité
1999 3817 2131 3851 parfaite,
2152 3816 2188 3843 de
2204 3824 2236 3850 35

1335 3867 1350 3890 à
1365 3872 1400 3898 40
1415 3872 1478 3889 ans.
1497 3859 1660 3888 Habiterait
1678 3859 1703 3885 la
1719 3865 1879 3890 compagne
1891 3854 1954 3882 l’été
1969 3861 1997 3881 et
2007 3854 2031 3880 la
2041 3853 2109 3880 ville
2121 3852 2235 3879 l’hiver.

1335 3899 1372 3927 N'
1390 3900 1471 3932 6137.

1372 3941 1546 3971 Demoiselle
1562 3942 1596 3976 46
1611 3949 1674 3972 ans,
1705 3936 1852 3969 instruite,
1884 3935 1988 3962 femme
2016 3934 2055 3961 du
2087 3932 2191 3960 monde
2207 3937 2234 3958 et

1333 3978 1516 4011 d’intérieur,
1529 3981 1718 4011 protestante,
1737 3972 1794 3999 fille
1822 3971 1857 3998 de
1887 3969 2100 3998 fonctionnaire
2129 3968 2233 3995 estimé

1336 4018 1512 4043 récemment
1525 4012 1637 4046 décédé,
1655 4007 1834 4044 portefeuille
1866 4016 1963 4041 50.000
1991 4005 2037 4038 fr.,
2068 4003 2234 4037 épouserait

1336 4049 1548 4078 fonctionnaire
1564 4057 1598 4075 en
1628 4045 1745 4073 activité
1774 4053 1810 4070 ou
1841 4052 1876 4069 en
1902 4041 2029 4069 retraite,
2059 4039 2165 4068 officier
2195 4048 2235 4065 ou

1338 4084 1529 4121 propriétaire
1544 4084 1578 4111 de
1593 4085 1628 4117 46
1643 4086 1656 4109 à
1676 4082 1708 4115 58
1722 4089 1774 4107 ans
1792 4090 1798 4106 :
1815 4078 1910 4106 désire
1926 4080 2019 4110 santé,
2031 4075 2237 4107 honorabilité,

1336 4121 1508 4149 distinction
1525 4128 1597 4153 pour
1613 4117 1714 4144 fonder
1730 4116 1809 4150 foyer
1826 4113 2029 4140 harmonieux.
2045 4127 2059 4131 -
2075 4111 2109 4138 N*
2127 4111 2206 4144 6138.

1373 4173 1546 4202 Instituteur
1563 4170 1691 4201 retraité,
1711 4179 1743 4204 57
1759 4177 1822 4200 ans,
1840 4167 1905 4194 n’en
1922 4164 2092 4199 paraissant
2120 4173 2171 4198 pas
2197 4174 2237 4198 50,

1337 4210 1412 4241 veuf,
1423 4210 1488 4237 bien
1499 4213 1628 4242 portant,
1636 4215 1705 4233 sans
1712 4207 1828 4237 charge,
1841 4200 2126 4236 pensionannuelle4
2140 4208 2192 4232 050
2201 4199 2235 4227 fr.

1338 4243 1503 4280 épouserait
1519 4252 1609 4271 veuve
1624 4242 1659 4269 de
1670 4250 1783 4275 guerre,
1801 4239 2020 4272 enseignement
2035 4247 2071 4263 ou
2094 4232 2238 4262 adminis¬

1340 4281 1460 4315 tration,
1478 4280 1512 4307 de
1525 4289 1559 4313 40
1575 4281 1589 4304 à
1607 4287 1636 4312 55
1654 4286 1717 4310 ans,
1728 4274 1864 4304 sérieuse,
1876 4272 2059 4304 affectueuse,
2072 4270 2238 4298 demoiselle

1337 4329 1374 4345 ou
1389 4317 1474 4345 dame
1487 4315 1619 4342 divorcée
1635 4316 1650 4340 à
1665 4322 1718 4340 son
1735 4310 1832 4346 profit,
1847 4307 1991 4337 situation
2019 4318 2055 4335 en
2078 4313 2207 4341 rapport.
2224 4321 2239 4324 -

1339 4354 1373 4381 N'
1393 4355 1405 4381 é
1416 4363 1474 4388 139.

1372 4407 1464 4439 Jeune
1479 4405 1596 4433 homme
1611 4413 1644 4436 27
1660 4411 1723 4434 ans,
1753 4399 1832 4433 parle
1863 4397 2011 4425 marocain
2041 4403 2070 4424 et
2097 4394 2236 4430 algérien,

1341 4442 1530 4470 connaissant
1543 4440 1665 4468 culture,
1696 4436 1790 4463 désire
1819 4433 2028 4467 correspondre
2059 4441 2126 4459 avec
2153 4430 2235 4463 jeune

1338 4478 1395 4505 fille
1409 4478 1446 4505 de
1465 4477 1495 4504 18
1510 4480 1525 4503 à
1541 4484 1575 4502 20
1590 4484 1654 4507 ans,
1666 4478 1755 4507 ayant
1766 4470 1816 4497 dot
1829 4481 1837 4503 ;
1849 4480 1885 4496 ne
1895 4468 2004 4502 répond
2016 4468 2123 4501 qu’aux
2135 4466 2236 4493 lettres

1338 4514 1464 4549 signées.
1481 4527 1494 4531 -
1512 4511 1546 4539 N*
1564 4511 1644 4544 6140.

1377 4565 1553 4594 Demoiselle
1570 4573 1601 4596 25
1618 4571 1681 4594 ans,
1695 4565 1885 4595 protestante,
1900 4557 2077 4591 distinguée,
2088 4555 2239 4589 instruite,

1339 4606 1396 4629 très
1413 4602 1541 4628 aimante
1568 4606 1595 4626 et
1624 4599 1759 4625 dévouée,
1789 4595 1839 4622 dot
1868 4600 1967 4626 30.000
1997 4589 2043 4618 fr..
2075 4591 2239 4625 épouserait

1339 4637 1488 4664 monsieur
1504 4635 1619 4662 sérieux
1636 4639 1663 4661 et
1687 4631 1793 4659 cultivé
1817 4635 1905 4665 ayant
1920 4627 2073 4656 situation.
2085 4641 2098 4645 -
2110 4627 2145 4654 N*
2158 4628 2237 4661 6141.

1375 4688 1531 4718 Industriel
1548 4694 1576 4715 et
1591 4693 1800 4719 entrepreneur
1815 4684 1848 4718 48
1862 4692 1924 4713 ans,
1944 4680 2109 4716 paraissant
2133 4679 2238 4714 moins,

1337 4727 1454 4755 divorcé
1468 4729 1482 4752 à
1506 4733 1560 4751 son
1590 4722 1679 4756 profit
1706 4730 1759 4754 par
1787 4719 1863 4746 suite
1892 4718 1926 4745 de
1954 4727 2068 4752 guerre,
2093 4715 2240 4750 physique

1337 4762 1481 4798 agréable,
1498 4759 1670 4791 affectueux,
1687 4755 1808 4784 sérieux,
1827 4754 1905 4788 actif,
1922 4753 1999 4780 idées
2011 4753 2116 4786 larges,
2128 4752 2240 4779 aimant

1337 4797 1486 4829 intérieur,
1504 4794 1646 4823 situation
1662 4800 1758 4819 10.000
1770 4790 1816 4823 fr.,
1833 4795 1937 4824 argent
1949 4796 1975 4815 et
1987 4788 2068 4816 avoir
2081 4797 2178 4821 50.000
2188 4787 2236 4821 fr.,

1336 4834 1429 4862 désire
1445 4842 1519 4867 pour
1535 4830 1674 4858 terminer
1690 4827 1734 4854 vie
1751 4827 1902 4858 heureuse,
1920 4825 2011 4852 union
2027 4833 2093 4851 avec
2123 4823 2236 4850 demoi¬

1336 4871 1414 4903 selle,
1432 4877 1523 4895 veuve
1538 4876 1575 4893 ou
1591 4865 1734 4895 divorcée,
1752 4861 1936 4892 affectueuse,
1954 4859 2078 4894 qualités
2095 4859 2129 4885 de
2144 4869 2232 4887 cœur,

1336 4906 1440 4933 femme
1454 4902 1636 4933 d’intérieur,
1651 4901 1739 4934 goûts
1756 4897 1911 4928 modestes,
1929 4902 2018 4929 ayant
2047 4894 2120 4929 petit
2141 4894 2235 4927 avoir,

1337 4941 1462 4975 qualités
1492 4947 1527 4965 en
1556 4941 1676 4970 rapport
1705 4945 1711 4966 ;
1741 4932 1837 4960 aurait
1876 4930 2041 4959 l’intention
2072 4930 2173 4957 d’aller
2202 4940 2238 4957 au

1336 4977 1443 5005 Maroc.
1461 4990 1474 4994 -
1490 4974 1527 5001 N*
1546 4974 1629 5007 6142.

1370 5021 1451 5049 Veuf
1465 5030 1487 5055 51
1505 5028 1568 5052 ans,
1585 5016 1670 5043 belles
1688 5012 1813 5048 qualités
1837 5012 1871 5039 de
1900 5020 1989 5042 cœur,
2020 5016 2109 5044 ayant
2138 5009 2239 5036 enfant

1335 5067 1393 5085 non
1422 5060 1438 5084 à
1464 5065 1494 5083 sa
1525 5054 1640 5085 charge,
1672 5049 1840 5077 traitement
1871 5056 1953 5079 3.000
1982 5045 2030 5079 fr.,
2061 5045 2126 5078 plus
2156 5043 2238 5071 avoir

1334 5091 1519 5125 (immeubles
1533 5087 1645 5116 maison
1657 5092 1685 5113 et
1699 5081 2054 5117 campagne),épouserait
2070 5079 2238 5107 demoiselle

1334 5138 1369 5156 ou
1386 5138 1476 5156 veuve
1492 5126 1526 5152 de
1543 5124 1576 5159 38
1591 5126 1605 5149 à
1621 5131 1653 5157 45
1671 5131 1734 5154 ans,
1752 5125 1840 5154 ayant
1856 5116 1947 5146 avoir.
1965 5131 1978 5136 -
1995 5116 2029 5144 N*
2047 5118 2127 5150 6143.

2288 416 2374 448 Veuf,
2392 426 2404 448 3
2421 415 2535 443 enfants
2552 415 2668 443 ouvrier
2685 415 2810 450 agricole
2822 419 2954 449 gagnant
2965 420 3016 447 300
3033 410 3081 437 fr.,
3100 415 3150 441 par

2253 451 2338 486 mois,
2354 451 2449 479 désire
2465 452 2594 485 mariage
2606 461 2674 479 avec
2688 451 2856 480 demoiselle
2871 459 2908 477 ou
2930 456 3023 476 veuve
3038 452 3070 480 35
3087 447 3102 471 à
3116 451 3152 478 40

2252 497 2304 515 ans
2334 497 2406 521 pour
2422 488 2515 515 élever
2531 488 2645 515 enfants
2662 494 2689 514 et
2703 487 2779 515 tenir
2795 486 2947 513 intérieur.
2963 497 2977 503 -
2994 482 3027 510 N'
3046 483 3122 515 6144.

2290 532 2365 559 Veut
2380 542 2415 567 40
2428 541 2492 563 ans,
2509 541 2576 559 avec
2584 532 2659 559 deux
2672 531 2780 565 gentils
2789 531 2905 558 enfants
2914 529 2949 556 de
2963 528 2981 556 8
2995 533 3023 554 et
3042 535 3071 553 12
3088 532 3153 555 ans,

2253 575 2342 603 ayant
2358 567 2429 602 petit
2445 577 2602 595 commerce
2618 573 2645 594 et
2662 567 2766 595 travail
2783 570 2884 594 assuré
2901 575 2968 592 avec
2983 565 3153 596 espérances

2253 606 2287 631 de
2305 613 2400 637 15.000
2414 604 2448 631 fr.
2475 604 2605 632 environ,
2637 603 2803 637 épouserait
2829 600 2996 628 demoiselle
3012 609 3049 625 ou
3065 604 3155 623 veuve

2255 649 2322 667 sans
2339 639 2448 673 enfant,
2465 640 2499 666 de
2513 649 2544 674 35
2562 642 2576 665 à
2603 648 2636 673 42
2666 649 2730 671 ans,
2761 638 2903 665 situation
2933 646 2968 663 en
2996 639 3125 668 rapport.
3143 645 3156 649 -

2256 676 2290 703 N*
2308 677 2387 710 6145.

2292 718 2493 749 Sous-olficier
2507 720 2542 747 de
2558 719 2690 751 carrière,
2721 718 2858 746 libérable
2884 717 2958 744 dans
2974 715 3047 742 deux
3064 722 3116 739 ans
3130 717 3158 738 et

2256 756 2359 787 demie,
2376 765 2442 783 avec
2458 756 2581 790 pension
2592 762 2620 782 et
2636 754 2693 781 bon
2709 753 2825 788 emploi,
2842 753 2937 781 désire
2948 748 3157 784 correspondre

2256 801 2325 819 avec
2339 791 2506 819 demoiselle
2534 790 2569 818 de
2599 801 2630 817 22
2657 793 2672 816 à
2699 791 2734 817 26
2763 799 2825 822 ans,
2855 795 2946 824 ayant
2972 784 3125 814 situation.
3145 797 3158 801 -

2258 828 2293 855 N*
2310 829 2389 863 6146.

2294 872 2384 905 Jeune
2399 872 2515 899 homme
2531 880 2565 903 30
2579 881 2643 902 ans,
2660 869 2749 904 petite
2760 869 2914 902 situation,
2925 867 3021 896 désire
3030 864 3159 898 mariage

2260 917 2327 935 avec
2341 907 2507 935 demoiselle
2523 907 2557 934 de
2569 917 2600 941 23
2618 910 2633 934 à
2647 916 2680 940 30
2690 915 2752 940 ans,
2763 916 2800 933 ou
2812 915 2902 933 veuve
2918 905 2953 932 de
2965 913 2998 937 25
3015 906 3030 930 à
3048 911 3080 937 30
3094 909 3156 931 ans,

2259 959 2273 963 -
2288 943 2324 972 N*
2341 945 2411 980 6147

2297 988 2436 1016 Divorcée
2452 992 2466 1015 à
2481 997 2534 1014 son
2551 987 2648 1022 profit,
2666 996 2698 1021 39
2714 996 2776 1016 ans,
2795 995 2863 1013 sans
2881 985 2991 1016 enfant,
3008 983 3074 1010 bien
3091 989 3158 1008 sous

2261 1030 2326 1052 tous
2342 1024 2383 1051 les
2400 1029 2546 1058 rapports,
2563 1023 2667 1049 femme
2682 1017 2862 1052 d’intérieur,
2878 1030 2978 1048 20.000
2994 1019 3043 1052 fr.,
3057 1022 3160 1051 argent

2262 1060 2327 1094 plus
2345 1059 2477 1087 mobilier
2497 1065 2524 1086 et
2551 1067 2668 1093 grosses
2698 1060 2878 1091 espérances,
2909 1056 3004 1084 désire
3034 1053 3161 1087 mariage

2262 1105 2329 1123 avec
2346 1095 2503 1128 monsieur,
2520 1093 2592 1128 petit
2608 1093 2725 1126 rentier,
2742 1103 2778 1120 ou
2795 1099 2883 1127 ayant
2910 1090 3061 1121 situation,
3078 1089 3112 1116 de
3127 1096 3159 1123 45

2262 1135 2278 1159 à
2292 1133 2326 1165 65
2343 1141 2405 1163 ans,
2423 1132 2549 1159 honnête
2565 1136 2592 1156 et
2605 1130 2700 1157 bonne
2716 1132 2805 1157 santé.
2822 1144 2835 1147 -
2850 1129 2885 1156 N*
2903 1127 2984 1163 6148.

2298 1176 2378 1204 Veuf
2389 1177 2422 1203 62
2438 1185 2501 1208 ans,
2518 1174 2620 1202 ancien
2632 1179 2837 1206 commerçant,
2858 1174 2953 1200 bonne
2972 1174 3063 1200 santé,
3078 1167 3162 1196 habi¬

2264 1218 2328 1240 tant
2344 1212 2409 1245 jolie
2424 1211 2491 1239 ville
2505 1212 2545 1238 du
2564 1210 2644 1243 midi,
2659 1209 2774 1237 fortune
2791 1218 2908 1236 200.000
2923 1208 2971 1240 fr.,
3002 1206 3163 1234 affectueux

2263 1255 2291 1275 et
2319 1247 2494 1281 catholique,
2522 1245 2687 1280 épouserait
2730 1254 2872 1278 personne
2902 1250 2990 1279 ayant
3019 1241 3163 1270 situation

2264 1284 2418 1318 analogue.
2432 1298 2446 1302 -
2461 1283 2496 1311 N*
2513 1284 2594 1318 6149.

2267 1341 2792 1409 Renseignements
2811 1341 2930 1413 r,"é
2933 1376 2946 1404 t
2943 1341 2996 1404 r
2999 1341 3017 1363 r
3009 1338 3168 1410 sufp»r7

2267 1425 2392 1448 sonnes
2423 1421 2457 1447 et
2488 1418 2581 1447 leurs
2611 1415 2768 1447 familles.
2799 1433 2838 1438 —
2866 1416 2993 1452 Agents
3024 1415 3058 1443 et
3088 1411 3165 1440 fila¬

2266 1462 2362 1488 tures
2378 1458 2460 1487 dans
2476 1460 2553 1486 tous
2569 1464 2662 1494 pays.
2680 1473 2718 1477 —
2735 1457 2862 1487 Marins
2893 1457 3052 1488 Beaume,
3068 1452 3088 1481 5
3105 1453 3165 1486 bis,

2270 1506 2331 1528 rue
2348 1497 2575 1535 Henry-Ding,
2594 1498 2611 1526 à
2628 1496 2797 1527 Grenoble
2813 1495 2946 1535 (Isère).

2411 1610 2560 1666 Avis
2600 1624 2717 1664 aux
2750 1608 3026 1665 Abonnés

2310 1723 2407 1750 Nous
2436 1720 2639 1749 conseillons
2666 1725 2742 1747 aux
2765 1723 2958 1753 personnes
2972 1714 3129 1751 pouvant
3141 1714 3171 1742 le

2271 1762 2373 1796 faire,
2401 1761 2441 1788 de
2467 1760 2642 1789 souscrire
2670 1760 2710 1787 de
2723 1758 2928 1793 préférence
2944 1763 2992 1786 un
3016 1756 3168 1784 abonne¬

2272 1803 2368 1830 ment
2381 1798 2422 1830 dé
2435 1802 2457 1830 6
2473 1801 2571 1829 mois.
2594 1800 2684 1828 Elles
2705 1801 2836 1828 auront
2858 1797 3058 1832 l'avantage
3073 1796 3114 1823 de
3128 1800 3172 1821 ne

2269 1848 2335 1876 pas
2347 1842 2474 1875 perdre
2489 1841 2529 1869 de
2543 1847 2608 1868 vue
2623 1846 2672 1868 un
2683 1840 2755 1869 seul
2771 1839 2907 1868 abonné
2922 1839 2954 1867 et
2969 1838 3008 1866 de
3023 1836 3171 1864 réaliser

2272 1889 2342 1911 une
2357 1881 2532 1910 économie
2546 1881 2587 1908 de
2601 1881 2648 1909 20
2661 1879 2710 1913 %.

2315 1978 2417 2008 AVIS.
2450 1993 2485 1998 —
2515 1978 2576 2006 Les
2606 1975 2763 2004 Abonnés
2790 1975 2829 2004 de
2859 1974 2890 2003 la
2909 1973 3048 2003 REVUE
3065 1970 3175 2000 MEN¬

2276 2019 2441 2050 SUELLE,
2469 2016 2620 2047 désirant
2649 2016 2807 2045 recevoir
2830 2014 2861 2043 la
2888 2024 2905 2041 «
2921 2015 3037 2043 Revue
3054 2021 3070 2039 »
3094 2017 3173 2039 sous

2276 2059 2483 2096 enveloppes
2512 2057 2660 2086 fermées
2690 2058 2768 2085 sont
2803 2055 2892 2091 priés
2921 2054 3114 2082 d’adresser
3143 2049 3173 2078 la

2277 2106 2406 2129 somme
2424 2099 2463 2127 de
2479 2098 2498 2126 2
2514 2097 2553 2125 fr.
2570 2104 2612 2125 en
2629 2096 2704 2134 plus
2723 2103 2808 2134 pour
2833 2095 2882 2123 les
2914 2093 2996 2122 frais
3028 2093 3068 2120 de
3096 2091 3175 2120 tim¬

2276 2139 2356 2168 bres
2373 2147 2380 2174 ;
2412 2138 2462 2167 les
2488 2137 2639 2167 abonnés
2668 2138 2745 2165 sont
2773 2135 2968 2172 également
2998 2133 3090 2170 priés
3135 2129 3177 2159 de

2278 2179 2421 2209 timbrer
2452 2181 2542 2207 leurs
2575 2177 2693 2206 lettres
2723 2177 2741 2205 à
2769 2176 2808 2204 25
2824 2177 2912 2204 cent,
2940 2180 3027 2211 pour
3043 2178 3176 2202 corres¬

2278 2220 2410 2258 pondre
2419 2221 2518 2248 entre
2532 2216 2696 2246 abonnés.

2318 2321 2443 2349 Jeunes
2462 2325 2556 2354 gens,
2576 2318 2703 2351 jeunes
2730 2315 2814 2350 filles
2842 2316 2874 2343 et
2903 2319 2988 2342 vous
3016 2315 3092 2341 tous
3121 2310 3179 2346 qui

2278 2360 2408 2389 désirez
2448 2365 2532 2388 vous
2570 2358 2707 2386 marier
2711 2356 2717 2388 ,
2757 2355 2949 2384 demandez
2987 2353 3016 2380 le
3046 2351 3179 2381 GUIDE

2280 2400 2504 2430 PRATIQUE
2538 2399 2602 2427 DU
2634 2396 2845 2426 BOWHEÜR
2879 2395 2943 2423 EN
2978 2384 3178 2422 MÉNAGE,

2280 2442 2468 2469 contenant
2483 2439 2539 2467 des
2554 2438 2697 2466 conseils
2711 2435 2779 2465 très
2794 2435 2893 2464 utiles
2903 2439 2996 2467 pour
3005 2434 3034 2460 le
3044 2432 3180 2461 maria¬

2279 2486 2332 2516 ge,
2349 2482 2378 2509 le
2392 2481 2529 2508 volume
2540 2484 2612 2512 par
2626 2478 2654 2506 J.
2676 2467 2905 2505 PÉLISSIER
2927 2472 3087 2507 pouvant
3107 2468 3181 2500 être

2281 2523 2317 2549 lu
2329 2527 2398 2554 par
2414 2520 2486 2548 tout
2502 2520 2531 2547 te
2544 2518 2679 2547 monde.

2321 2562 2490 2589 Adressez
2504 2560 2539 2587 la
2553 2563 2686 2587 somme
2698 2558 2738 2585 de
2748 2557 2769 2584 3
2780 2555 2828 2589 fr.
2846 2556 2892 2583 50
2907 2553 2930 2582 à
2943 2554 2978 2581 la
2994 2552 3183 2580 Directrice

2281 2602 2321 2629 de
2336 2602 2370 2628 la
2386 2600 2533 2629 REVUE
2548 2596 2827 2627 MENSUELLE,
2845 2594 2904 2629 qui
2925 2599 3010 2622 vous
3039 2590 3183 2620 l'adres¬

2280 2647 2361 2669 sera
2376 2641 2504 2674 franco
2518 2640 2559 2667 de
2568 2637 2663 2672 port.

2323 2728 2387 2754 Les
2415 2729 2591 2753 annonces
2618 2724 2707 2751 dans
2735 2722 2769 2749 la
2785 2721 2803 2749 «
2817 2721 2932 2748 Revue
2947 2724 2964 2746 »
2990 2717 3070 2746 sont
3101 2717 3141 2744 de
3162 2715 3184 2744 4

2285 2767 2370 2801 ligm
2379 2772 2395 2794 s
2410 2772 2457 2793 au
2472 2764 2672 2793 maximun.
2688 2762 2945 2794 Lespersonnes
2960 2758 3019 2793 qui
3034 2756 3185 2785 désirent

2285 2807 2364 2833 leur
2387 2810 2548 2833 annonce
2570 2803 2648 2835 plus
2664 2802 2789 2835 longue
2801 2799 2967 2833 paieront
2980 2803 3030 2826 un
3045 2796 3185 2829 supplé¬

2284 2846 2380 2873 ment
2392 2844 2432 2872 de
2447 2845 2468 2872 3
2484 2842 2531 2876 fr.
2550 2844 2584 2870 la
2600 2843 2701 2875 ligne.

2327 2931 2375 2958 La
2390 2930 2407 2957 «
2419 2930 2533 2957 Revue
2549 2927 2732 2956 Mensuelle
2741 2934 2756 2950 »
2774 2924 2910 2957 accepte
2926 2923 3036 2951 toutes
3051 2926 3185 2950 annon¬

2285 2976 2340 2999 ces
2367 2969 2628 2998 commerciales
2653 2972 2699 2994 ou
2713 2965 2845 2997 autres,
2861 2963 2928 2992 soit
2937 2963 3056 2990 ventes
3060 2960 3066 2995 ,
3083 2960 3187 2994 fonds

2285 3011 2325 3038 de
2338 3014 2530 3038 commerce
2545 3013 2590 3036 ou
2605 3005 2786 3035 industrie.

2314 3112 2725 3174 ANNONCES
2780 3105 3161 3166 DIVERSES

2293 3248 2315 3302 A
2352 3246 2356 3269 l
2382 3245 2417 3268 ni
2432 3246 2436 3267 1
2446 3245 2468 3269 r
2480 3246 2501 3270 n
2550 3237 2681 3267 maison
2702 3231 2920 3264 d’habitation
2951 3233 2968 3260 à
2997 3229 3028 3258 la
3058 3234 3189 3265 campa-

2352 3267 2503 3315 LUULn
2550 3285 2570 3315 g
2575 3285 2592 3306 n
2598 3285 2627 3311 e,
2646 3275 2717 3305 de6
2733 3275 2749 3304 à
2766 3274 2784 3302 8
2803 3272 2915 3310 pièces
2942 3269 3092 3307 garnies,
3121 3269 3189 3304 jar¬

2290 3319 2357 3354 din,
2373 3319 2530 3349 banlieue
2547 3317 2645 3347 d’ure
2668 3315 2771 3352 petite
2793 3313 2883 3347 ville,
2897 3319 2979 3350 pays
3003 3310 3045 3339 de
3070 3307 3190 3338 chasse

2292 3363 2326 3390 et
2342 3360 2381 3389 de
2397 3359 2516 3398 pêche.
2535 3374 2553 3379 -
2570 3358 2609 3386 N*
2629 3356 2676 3386 10.

2295 3416 2317 3470 A
2354 3415 2358 3454 l
2384 3414 2422 3454 DI
2437 3414 2507 3453 IFR
2556 3405 2795 3444 sppar'ement
2828 3401 2846 3430 4
2878 3399 2994 3438 pièces
3038 3396 3188 3434 garnies.

2354 3435 2508 3471 LUULn
2554 3446 2572 3475 2
2588 3444 2780 3475 cbamb'-es,
2799 3442 2882 3471 salle
2900 3443 2915 3469 â
2934 3445 3088 3475 manger,
3116 3436 3190 3465 cui¬

2293 3489 2377 3521 sine,
2397 3487 2573 3522 vestibule,
2583 3483 2827 3516 water-closet,
2840 3480 2924 3510 cabii
2941 3482 2975 3508 et
2991 3480 3031 3507 de
3048 3476 3189 3507 toilette.

2291 3545 2308 3551 -
2326 3529 2366 3557 N*
2385 3529 2432 3557 11.

2297 3584 2318 3637 A
2360 3584 2382 3623 \/
2392 3583 2413 3623 F
2426 3584 2448 3622 M
2461 3584 2484 3622 n
2494 3582 2516 3621 R
2528 3581 2549 3621 F
2597 3583 2618 3612 g
2621 3581 2692 3603 ran<
2692 3573 2726 3610 ïe
2758 3569 2935 3609 propriété
2969 3565 3193 3605 comprenant

2363 3605 2378 3638 V
2392 3604 2448 3638 LIN
2462 3602 2551 3644 UnL
2598 3619 2747 3643 ma'sons
2762 3612 2802 3640 de
2813 3610 2935 3640 maître
2945 3612 2977 3637 et
2989 3608 3028 3637 de
3039 3605 3189 3636 fermier.

2296 3659 2338 3686 Pr
2353 3665 2373 3686 x
2390 3658 2407 3686 à
2425 3657 2589 3686 débattre.
2607 3671 2625 3676 -
2640 3653 2680 3683 N*
2700 3653 2747 3681 12.

2297 3713 2320 3765 A
2360 3713 2383 3751 U
2392 3712 2450 3751 FM
2458 3712 2486 3750 fl
2495 3712 2518 3749 R
2528 3710 2552 3749 F
2597 3702 2703 3741 Petite
2733 3700 2841 3730 ferme
2872 3697 3098 3734 comprenant
3127 3697 3194 3723 ter-

2364 3734 2380 3768 V
2392 3733 2414 3768 L
2426 3733 2450 3767 IN
2462 3731 2553 3773 UnL
2600 3743 2691 3772 rains
2709 3745 2740 3771 et
2758 3741 2888 3769 maison
2916 3734 3135 3766 d’habitation
3153 3733 3193 3763 de

2294 3785 2445 3816 fermier.
2464 3784 2544 3815 Prix
2562 3793 2567 3813 :
2585 3784 2624 3813 20
2638 3782 2698 3812 000
2712 3781 2751 3810 fr.
2770 3796 2789 3801 -
2804 3779 2844 3809 N*
2864 3779 2911 3807 13.

2300 3842 2318 3881 A
2364 3842 2386 3880 \/
2395 3841 2416 3880 F
2429 3843 2451 3879 M
2464 3840 2488 3879 H
2498 3841 2519 3878 R
2531 3839 2553 3878 F
2601 3830 2731 3861 maison
2742 3826 2959 3858 d’habitation
2969 3826 3051 3854 dans
3059 3823 3194 3859 village,

2297 3864 2320 3897 A
2368 3862 2451 3897 “LIN
2465 3860 2555 3903 UnL
2601 3879 2683 3902 avec
2698 3871 2717 3899 4
2731 3870 2749 3900 à
2763 3869 2782 3898 5
2798 3869 2956 3899 hectares
2974 3865 3014 3895 de
3031 3865 3190 3895 terrains.

2295 3915 2375 3945 Prix
2391 3917 2407 3944 à
2425 3914 2588 3944 débattre.
2606 3928 2625 3934 -
2640 3912 2680 3941 N-
2699 3911 2746 3939 14.

2297 3970 2490 4027 GRANDS
2519 3968 2626 4023 VINS
2661 3964 2924 4022 MOUSSEUX

2295 4052 2378 4074 avec
2401 4043 2451 4073 les
2476 4043 2552 4081 plus
2581 4041 2706 4078 grands
2736 4039 2979 4075 champagnes.
3011 4036 3092 4063 Prix
3122 4033 3192 4061 très

2295 4086 2461 4115 modérés.
2480 4099 2498 4106 -
2513 4083 2553 4112 N*
2574 4083 2621 4111 15.

2297 4142 2320 4195 A
2360 4138 2552 4195 VENDRE

2296 4230 2319 4284 A
2363 4226 2557 4283 VENDRE

2292 4301 2495 4331 GHABAUD.

2598 4128 2747 4159 terrains
2767 4134 2855 4164 pour
2882 4126 2912 4154 la
2943 4120 3190 4154 construction.

2598 4169 2737 4199 Paris-P
2753 4166 2896 4205 âge.site
2913 4166 3096 4193 ravissant.
3110 4161 3139 4190 N
3157 4160 3193 4189 16

2601 4219 2816 4248 lotissement
2831 4217 2872 4243 de
2888 4211 3036 4243 terrains
3060 4211 3079 4239 à
3093 4211 3193 4238 Arca-

2602 4259 2700 4288 chon.
2718 4273 2754 4278 —
2771 4255 2965 4285 S’adresser
2982 4253 2999 4281 à
3021 4253 3110 4279 Mme
3128 4250 3193 4277 Vve

2301 4358 2316 4391 A
2361 4347 2552 4390 \/FMnQF
2596 4346 2684 4376 be'le
2715 4345 2867 4375 carrière
2904 4342 2944 4371 de
2980 4339 3113 4379 pierres
3154 4337 3193 4365 de

2297 4380 2320 4411 A
2365 4378 2417 4412 VL
2427 4378 2451 4409 IN
2463 4376 2554 4416 UnL
2595 4387 2688 4416 taille
2704 4386 2745 4415 de
2754 4384 2842 4413 belle
2852 4381 2990 4420 qualité.
2999 4378 3194 4407 S’adresser

2295 4432 2313 4460 à
2342 4430 2529 4459 Directrice
2558 4430 2671 4459 Revue
2704 4426 2898 4460 Mensuelle,
2930 4422 2948 4450 à
2978 4417 3194 4449 Montélimar

2294 4469 2455 4509 (Drôme).

2297 4525 2351 4557 \/n
2363 4527 2400 4556 111
2429 4524 2481 4555 L7
2508 4518 2630 4554 \/nn<?
2677 4518 2817 4544 trouver
2845 4518 2890 4540 un
2920 4507 3096 4546 logement
3122 4506 3140 4534 à
3164 4504 3195 4532 la

2301 4544 2484 4582 VUULLZ.
2512 4542 2632 4585 VUUü
2677 4559 2865 4589 campagne
2907 4557 2951 4579 ou
2993 4554 3037 4576 en
3074 4545 3153 4574 ville
3175 4543 3196 4572 ?

2295 4601 2564 4630 Adressez-vous
2587 4598 2606 4625 à
2633 4596 2718 4623 Mme
2750 4595 2815 4620 Vve
2839 4587 3044 4621 GHABAUD,
3075 4585 3191 4614 Direc¬

2293 4640 2380 4670 trice
2408 4640 2449 4668 de
2476 4639 2507 4667 la
2536 4639 2554 4667 «
2577 4638 2692 4666 Revue
2704 4632 2888 4663 Mensuelle
2912 4638 2930 4654 »
2972 4625 3030 4664 qui
3067 4631 3194 4662 pourra

2295 4681 2472 4718 s’occuper
2490 4678 2693 4714 moyennant
2709 4671 2926 4702 rétribution,
2945 4667 2986 4696 de
3001 4673 3085 4695 vous
3096 4668 3194 4693 trou¬

2293 4729 2355 4751 ver
2369 4729 2414 4750 un
2431 4718 2615 4756 logement.

2296 4795 2377 4860 LA
2418 4784 2821 4858 DIRECTRICE
2868 4774 2971 4853 S.5

2295 4868 2372 4898 villa
2389 4869 2405 4897 à
2423 4867 2454 4896 la
2477 4869 2663 4900 campagne
2679 4867 2760 4889 avec
2776 4857 2883 4896 grand
2896 4855 3024 4894 jardin,
3043 4854 3107 4882 site
3124 4852 3193 4880 très

2295 4906 2467 4946 agéable,
2497 4911 2580 4942 pays
2611 4901 2651 4930 de
2680 4900 2801 4928 chasse
2825 4900 2860 4927 et
2889 4903 2930 4926 ne
2957 4895 3074 4930 pêche.
3089 4892 3195 4920 S^us-

2294 4948 2437 4978 louerait
2456 4943 2696 4983 appartement
2711 4938 2808 4976 garni
2826 4944 2833 4971 ;
2851 4933 3058 4966 détaillerait
3078 4932 3192 4966 pièces
