3496 5504
2540 263 2649 347 /f$

2368 356 2453 394 30
2507 353 2816 397 Décembre
2870 360 3030 399 1930

335 498 1225 712 REVUE
1447 511 3081 730 MENSUELLE

457 766 648 824 Liste
669 767 731 824 d
742 770 1116 828 Annonces
1137 773 1710 834 Matrimoniales
1725 781 2107 851 paraissan
2120 785 2145 837 t
2171 781 2231 838 le
2252 782 2352 840 20
2371 784 2454 840 de
2475 787 2742 860 chaque
2763 790 2946 847 mois

582 885 894 926 LAbonnement
907 892 946 928 et
957 890 1006 928 de
1024 889 1136 936 TRENTE
1157 890 1270 942 FRANCS
1284 904 1390 942 pour
1407 896 1547 943 quatre
1566 897 1667 934 mois
1688 898 1727 934 et
1743 895 1899 952 QUARANTE
1917 897 2029 948 FRANCS
2044 910 2149 948 pour
2167 902 2233 938 six
2251 903 2352 940 mois
2373 903 2560 942 donnant
2576 905 2682 944 droit
2702 909 2726 944 à
2746 919 2823 946 une

792 956 1024 1006 inscription
1042 959 1217 1007 gratuite
1236 971 1308 997 sur
1326 971 1390 998 ma
1411 960 1499 999 liste
1542 962 1580 1000 —
1606 962 1677 1001 Les
1697 974 1898 1003 annonces
1918 967 2012 1003 sont
2031 966 2079 1004 de
2097 970 2237 1016 quatre
2257 970 2385 1019 lignes
2406 973 2635 1010 maximum.

379 1029 649 1063 Abonnements
689 1043 781 1072 pour
821 1034 1031 1074 l’Etranger
1067 1042 1074 1066 :
1111 1036 1403 1076 TRENTE-CINQ
1442 1038 1573 1072 francs
1612 1049 1706 1080 pour
1743 1044 1877 1082 quatre
1916 1044 2009 1074 mois
2047 1045 2082 1075 et
2121 1045 2477 1086 QUARANTE-CINQ
2515 1050 2645 1082 francs
2684 1061 2778 1090 pour
2814 1054 2868 1084 six
2908 1056 3011 1086 mois.

692 1101 871 1141 Adresser
893 1102 1029 1143 Lettres
1045 1106 1079 1143 et
1099 1104 1275 1144 Mandats
1295 1107 1317 1144 à
1336 1105 1442 1146 Mme
1454 1108 1592 1158 Jeanne
1614 1109 1955 1158 PENCHENIER,
1978 1112 2179 1152 Directrice
2199 1114 2246 1152 de
2266 1114 2299 1156 la
2319 1116 2456 1156 Revue
2474 1118 2694 1158 Mensuelle

1250 1172 1329 1212 Rue
1351 1173 1472 1213 Pierre
1489 1175 1659 1223 Taillant,
1683 1176 1974 1228 Pont-St-Esprit
1994 1179 2131 1229 (Gard)

324 1312 415 1339 Notre
429 1322 525 1341 œuvre
541 1323 557 1340 a
572 1317 644 1348 pour
659 1314 707 1342 but
722 1315 754 1342 de
770 1316 852 1342 venir
865 1325 900 1343 en
915 1317 979 1344 aide
989 1325 1048 1345 aux
1052 1318 1187 1351 familles

289 1348 339 1381 qui
354 1348 479 1375 défirent
494 1350 600 1376 marier
617 1351 694 1377 leurs
711 1354 834 1385 enfants,
853 1362 912 1378 aux
930 1362 1035 1380 veuves
1050 1354 1100 1388 qui
1117 1364 1185 1381 vou¬

289 1383 402 1410 draient
417 1393 446 1411 se
460 1386 607 1418 remarier,
625 1395 685 1413 aux
713 1387 863 1422 orphelins
893 1392 919 1415 et
947 1398 1007 1415 aux
1034 1390 1186 1418 messieurs

287 1419 339 1453 qui
353 1422 452 1446 révent
465 1421 498 1447 de
512 1431 542 1447 se
548 1422 655 1454 fonder
670 1431 709 1449 un
716 1425 743 1456 f
743 1433 815 1457 >yer,
829 1433 884 1450 une
891 1425 1023 1457 famille.

323 1463 414 1490 Notre
428 1473 525 1491 œuvre
540 1475 604 1492 sera
623 1469 787 1500 approuvée
806 1470 860 1502 par
875 1471 940 1495 tous
969 1478 1019 1495 nos
1048 1469 1182 1498 abonnés,

288 1499 434 1533 lorsqu'ils
450 1505 571 1527 sauront
582 1501 669 1536 qu'ils
683 1505 808 1536 peuvent
824 1508 940 1530 trouver
963 1506 1055 1539 grâce
1070 1508 1086 1531 à
1103 1510 1183 1532 notre

286 1544 436 1568 concours,
454 1536 480 1562 le
496 1545 595 1571 moyen
610 1538 643 1564 de
657 1538 799 1564 semarier
810 1539 891 1566 selon
902 1539 979 1566 leurs
994 1544 1081 1575 goûts
1085 1541 1091 1574 ,
1107 1541 1184 1568 leurs

289 1579 357 1596 vues
373 1575 398 1597 et
412 1571 493 1598 selon
509 1573 586 1598 leurs
601 1573 772 1600 conditions.

321 1615 404 1642 Nous
419 1615 519 1650 prions
534 1617 576 1643 les
591 1616 691 1644 Dames
706 1623 733 1645 et
747 1619 788 1644 les
803 1618 960 1646 Messieurs
984 1620 1018 1647 de
1039 1630 1110 1647 nous
1133 1631 1184 1648 en¬

286 1659 374 1684 voyer
390 1652 416 1678 le
431 1652 497 1686 plus
512 1652 662 1680 d’abonnés
678 1654 814 1688 possible,
832 1654 891 1690 afin
906 1665 958 1690 que
978 1660 1058 1683 notre
1086 1665 1183 1684 œuvre

285 1686 485 1720 s’agrandisse
500 1692 525 1714 et
540 1689 634 1722 puisse
644 1692 699 1724 par
713 1699 744 1716 ce
759 1699 858 1725 moyen
867 1691 1005 1723 faciliter
1020 1692 1136 1719 nombre
1150 1693 1183 1719 de

285 1722 419 1758 mariage
434 1729 460 1749 e>
466 1724 551 1757 faire
566 1725 593 1750 le
606 1725 674 1760 plus
697 1725 856 1753 d'heureux
871 1727 1006 1761 possible,
1036 1737 1088 1755 car
1115 1728 1182 1755 c'est

285 1767 340 1784 une
353 1757 442 1785 bonne
459 1760 555 1786 action
569 1770 622 1794 que
635 1770 704 1788 vous
713 1764 801 1796 fere\
829 1771 862 1788 en
890 1765 1071 1798 propageant
1103 1769 1182 1791 notre

284 1802 389 1827 œuvre,
406 1803 475 1821 vous
483 1804 554 1822 nous
573 1797 687 1831 aiderez
705 1797 783 1824 ainsi
798 1798 815 1824 à
829 1797 994 1826 contribuer
1007 1809 1043 1826 au
1055 1799 1182 1827 bonheur

283 1828 330 1855 des
337 1831 474 1861 familles
488 1831 539 1866 qui
547 1831 672 1859 désirent
682 1837 799 1860 trouver
808 1843 848 1859 un
857 1836 953 1868 époux
962 1844 999 1861 ou
1009 1844 1065 1862 une
1074 1838 1182 1870 épouse

282 1867 356 1898 pour
376 1865 453 1892 leurs
469 1869 591 1900 enfants,
610 1877 669 1894 aux
685 1877 789 1895 veuves
809 1879 848 1895 un
863 1870 978 1897 soutien
983 1873 989 1904 ,
1020 1874 1036 1897 à
1056 1870 1176 1906 l'orphe¬

283 1900 327 1926 lin
343 1909 381 1926 un
388 1903 477 1936 foyer
493 1907 518 1929 et
533 1912 569 1928 au
584 1904 756 1931 relèvement
770 1904 803 1930 de
819 1905 847 1931 la
864 1905 972 1932 France
1000 1907 1051 1940 qui
1078 1907 1178 1940 donne,

281 1939 337 1970 par
352 1937 394 1963 les
407 1938 552 1974 mariages
558 1939 691 1971 féconds,
707 1940 755 1967 des
769 1940 878 1968 soldats
893 1943 911 1968 à
926 1942 955 1968 la
969 1941 1074 1969 Patrie
1089 1947 1115 1969 et
1128 1943 1180 1978 qui

273 1972 342 2004 font
357 1971 403 1999 des
417 1975 532 2003 femmes
547 1974 580 2000 de
595 1975 699 2002 bonnes
709 1979 799 2002 mères
815 1977 847 2002 de
855 1978 987 2009 famille.

317 2015 393 2043 C'est
408 2017 477 2043 dans
493 2028 524 2045 ce
539 2018 587 2045 but
601 2029 654 2054 que
669 2029 740 2047 nous
759 2029 848 2048 avons
856 2022 950 2054 fondé
966 2022 995 2048 la
1011 2023 1024 2050 ((
1040 2022 1178 2051 REVUE

281 2051 524 2080 MENSUELLE
540 2061 563 2081 ».

315 2096 400 2124 Nous
416 2107 450 2124 ne
465 2102 562 2125 tenons
578 2102 629 2134 pas
644 2109 700 2127 une
712 2110 821 2136 agence
833 2101 1048 2130 matrimoniale
1068 2107 1093 2130 et
1107 2113 1177 2131 nous

280 2141 314 2158 ne
328 2136 451 2166 prenons
464 2143 575 2161 aucune
588 2136 770 2163 commission
782 2146 833 2163 sur
849 2138 878 2164 la
897 2137 951 2165 dot.
989 2138 1073 2166 Voici
1100 2148 1177 2166 com¬

279 2172 355 2194 ment
371 2177 440 2195 nous
454 2171 607 2203 procédons
622 2182 627 2198 :

320 2212 395 2239 Vous
410 2223 481 2240 nous
500 2215 665 2249 indiquerez
678 2216 793 2243 d'abord
808 2221 887 2244 votre
901 2219 967 2254 âge,
986 2223 1065 2246 votre
1079 2220 1174 2247 situa-

279 2249 378 2274 tionde
381 2251 512 2282 fortune,
520 2255 601 2277 votre
610 2252 781 2286 profession,
795 2253 996 2287 votredot,vos
1007 2258 1175 2290 espérances

278 2288 303 2310 et
318 2293 349 2310 ce
363 2293 416 2318 que
431 2286 501 2312 vous
528 2286 707 2315 désireet
737 2297 806 2314 nous
833 2298 903 2315 vous
933 2290 1097 2318 inscrivons
1124 2301 1175 2319 sur

277 2324 357 2346 notre
373 2320 449 2354 liste,
466 2324 538 2353 pour
551 2323 621 2349 trois
636 2323 717 2356 mois,
729 2327 783 2358 par
795 2333 850 2350 une
866 2334 993 2352 annonce
1007 2335 1060 2361 que
1067 2326 1101 2362 je
1109 2328 1174 2361 fais

275 2355 438 2383 moi-même
450 2361 476 2383 et
489 2367 561 2383 nous
576 2367 646 2385 vous
657 2359 785 2386 donnons
800 2369 840 2386 un
852 2364 967 2388 numéro
968 2362 1087 2393 faisant
1098 2364 1175 2390 suite

276 2393 292 2416 à
307 2395 379 2417 cette
392 2402 527 2419 annonce.
546 2392 570 2420 C
580 2398 621 2420 est
635 2399 687 2426 par
701 2396 727 2421 le
741 2404 842 2430 moyen
857 2396 889 2422 de
918 2406 949 2423 ce
977 2401 1092 2425 numéro
1120 2409 1174 2433 que

277 2436 347 2453 vous
362 2430 471 2462 pouvez
486 2430 692 2464 correspondre
705 2440 774 2457 avec
787 2435 849 2457 tous
860 2432 900 2458 les
916 2432 1038 2460 abonnés
1049 2434 1082 2460 de
1095 2439 1171 2461 notre

276 2463 352 2488 liste.

309 2506 438 2542 Lorsque
454 2517 524 2535 vous
538 2509 647 2535 désirez
662 2511 865 2544 correspondre
881 2521 950 2539 avec
961 2522 999 2538 un
1015 2513 1123 2541 abonné
1146 2519 1172 2541 et

274 2550 327 2576 que
343 2552 412 2570 vous
428 2553 501 2579 ave%
516 2544 613 2571 choisi
627 2545 698 2573 dans
723 2546 752 2572 la
771 2546 896 2574 Revue
922 2548 1119 2577 Mensuelle
1146 2551 1173 2576 le

274 2578 355 2612 parti
368 2578 418 2613 qui
427 2588 495 2606 vous
504 2580 682 2615 plaîtleplus
697 2582 775 2608 voici
789 2588 927 2610 comment
941 2585 1154 2619 vousprocédez
1163 2598 1170 2611 :

609 2668 799 2696 EXEMPLE
815 2683 823 2697 .-

316 2731 429 2762 Jeune
444 2729 600 2770 homme,
626 2731 669 2763 30
690 2740 765 2769 ans,
788 2733 860 2765 très
888 2733 981 2766 belle
1002 2735 1168 2769 situation

272 2772 361 2804 dans
381 2773 566 2813 industrie,
590 2779 734 2816 rapport
750 2776 791 2807 10
803 2777 821 2808 à
839 2777 962 2810 12.000
979 2778 1035 2818 fr.,
1051 2779 1168 2812 désire

272 2817 429 2859 mariage
450 2826 491 2850 en
514 2823 669 2860 rapport.
688 2837 730 2843 —
751 2820 870 2853 Ecrire
891 2822 917 2854 N
924 2832 930 2838 -
956 2822 989 2854 2.

447 2879 492 2903 ou

314 2923 523 2956 Demoiselle
551 2924 593 2957 25
629 2934 706 2968 ans,
743 2925 908 2960 situation
944 2928 987 2960 de
1026 2930 1165 2962 fortune

267 2967 392 2999 25.000
412 2968 542 3007 francs,
560 2972 627 3001 etc.
652 2988 692 2992 —
713 2970 832 3003 Ecrire
849 2972 876 3003 N
884 2981 890 2988 -
916 2975 948 3005 4.

313 3021 410 3052 Vous
422 3020 471 3052 lui
483 3021 617 3054 écrivez
631 3025 857 3057 vous-même
871 3033 916 3057 ou
934 3025 1035 3059 faites
1049 3026 1162 3060 écrire

269 3073 331 3105 par
352 3065 544 3107 quelqu’un
576 3067 618 3098 de
647 3071 744 3100 votre
770 3068 916 3109 famille,
946 3080 989 3102 en
1020 3071 1162 3113 signant

266 3109 310 3141 de
331 3113 429 3141 votre
446 3110 607 3150 numéro,
624 3115 657 3144 et
675 3121 760 3144 vous
775 3117 901 3145 mettez
916 3123 976 3146 sur
993 3115 1161 3149 l’adresse

265 3153 433 3186 cachetée
450 3157 482 3186 et
493 3154 638 3188 timbrée
652 3156 685 3188 le
700 3157 848 3190 numéro
862 3159 904 3191 de
920 3159 952 3191 la
966 3169 1156 3201 personne,

265 3197 453 3230 deuxième
472 3199 680 3242 enveloppe,
703 3210 790 3233 avec
809 3211 868 3235 ces
880 3204 1053 3245 quelques
1070 3210 1160 3238 mots

265 3250 326 3274 sur
337 3251 404 3274 une
416 3249 513 3275 carte
528 3252 570 3275 ou
586 3254 630 3276 un
645 3245 729 3277 bout
741 3247 782 3277 de
794 3247 916 3288 papier
927 3248 1015 3281 ainsi
1026 3249 1156 3282 libellé:

265 3297 283 3316 «
302 3287 481 3319 Monsieur
498 3297 543 3320 ou
557 3289 732 3329 Madame,
746 3300 791 3322 ou
805 3291 1072 3326 Mademoiselle
1084 3295 1156 3327 X...

263 3329 375 3371 (votre
400 3341 480 3364 nom
498 3336 531 3364 et
553 3337 649 3365 votre
670 3334 833 3378 numéro)
847 3335 922 3378 prie
942 3337 1104 3370 Madame
1126 3340 1159 3371 la

263 3375 453 3407 Directrice
474 3377 517 3408 de
535 3377 567 3409 la
584 3377 700 3411 Revue
710 3380 752 3411 de
774 3379 862 3412 faire
885 3382 1047 3422 parvenir
1067 3386 1157 3415 cette

262 3419 364 3451 lettre
381 3420 400 3451 à
419 3420 467 3452 tel
488 3421 643 3453 numéro-
657 3433 674 3452 »
693 3427 727 3455 et
743 3433 829 3456 vous
849 3426 1015 3459 cachetez
1033 3431 1067 3459 et
1077 3426 1155 3459 tim¬

261 3464 341 3495 brez
370 3468 462 3496 cette
499 3465 684 3498 deuxième
716 3469 911 3511 enveloppe
947 3470 965 3501 à
1002 3471 1156 3512 laquelle

259 3517 347 3539 vous
369 3512 494 3541 mettez
511 3518 593 3542 mon
614 3511 771 3550 adresse,
794 3516 829 3545 et
852 3514 1002 3546 aussitôt
1036 3525 1153 3556 reçue,

261 3551 294 3593 je
316 3552 428 3584 défais
447 3553 477 3584 la
509 3555 682 3594 première
707 3558 915 3599 enveloppe,
949 3558 1092 3600 j’efface
1124 3561 1154 3593 le

260 3596 409 3629 numéro
432 3597 475 3629 de
498 3598 528 3629 la
550 3598 736 3632 deuxième
757 3605 791 3632 et
812 3607 901 3634 mets
922 3603 1091 3636 l’adresse
1113 3606 1155 3637 de

258 3640 292 3672 la
314 3650 490 3681 personne
506 3645 539 3673 et
559 3642 746 3685 réexpédie
762 3646 796 3678 la
811 3647 926 3680 lettre.
949 3648 1047 3680 Vous
1066 3658 1154 3689 pou¬

260 3693 320 3717 vez
337 3687 594 3727 correspondre
609 3697 696 3721 avec
707 3693 785 3721 tous
808 3700 871 3723 nos
892 3692 1050 3724 abonnés
1072 3701 1153 3726 sans

259 3738 346 3761 vous
363 3729 451 3761 faire
467 3733 663 3764 connaître.
703 3734 751 3766 Ce
783 3735 873 3767 n’est
904 3746 972 3778 que
1010 3737 1154 3779 lorsque

258 3782 345 3804 vous
364 3782 468 3806 aurez
490 3775 552 3806 fait
572 3780 668 3808 votre
689 3777 807 3818 choix,
843 3788 912 3821 que
950 3789 1038 3813 vous
1067 3791 1152 3814 vous

258 3817 395 3850 donnez
417 3819 687 3852 mutuellement
704 3826 801 3855 votre
822 3823 992 3857 véritable
1007 3826 1152 3859 adresse

257 3865 291 3894 et
312 3871 381 3903 que
415 3871 501 3894 vous
540 3872 626 3896 vous
665 3866 836 3909 ménagez
876 3877 944 3901 une
983 3874 1151 3903 entrevue

257 3915 347 3948 pour
365 3905 508 3939 décider
528 3907 570 3939 de
587 3910 685 3941 votre
705 3914 790 3942 sort.

292 4003 332 4030 Le
347 4003 416 4038 prix
431 4003 463 4030 de
474 4008 554 4031 notre
568 4004 755 4033 abonnement
769 4012 810 4034 est
817 4008 850 4035 de
865 4013 955 4037 trente
961 4013 1068 4044 francs
1080 4015 1152 4046 pour

254 4044 356 4074 quatre
369 4040 441 4066 mois
455 4044 481 4066 et
490 4045 629 4074 quarante
634 4043 742 4073 francs
763 4046 836 4077 pour
863 4045 913 4072 six
938 4046 1010 4074 mois
1028 4052 1055 4074 et
1083 4058 1152 4075 vous

256 4085 327 4103 avez
341 4076 416 4102 droit
432 4078 448 4101 à
463 4078 521 4103 être
536 4076 640 4103 inscrit
653 4079 861 4112 gratuitement
876 4090 927 4107 sur
941 4091 987 4108 ma
1003 4083 1079 4109 liste.

297 4119 376 4146 Vous
392 4129 474 4153 voyez
474 4129 483 4155 [
497 4119 614 4154 qu'avec
628 4125 701 4147 cette
716 4123 845 4157 modique
857 4133 970 4156 somme,
989 4135 1059 4153 vous
1075 4130 1149 4161 pou¬

256 4164 307 4182 vez
318 4164 389 4182 vous
403 4155 518 4188 marier,
532 4164 599 4182 sans
615 4157 699 4182 avoir
713 4160 731 4183 à
754 4160 854 4191 passer
881 4162 936 4194 par
952 4161 999 4187 des
1028 4171 1150 4198 agences

255 4191 305 4225 qui
320 4200 349 4216 se
363 4193 424 4222 font
441 4200 537 4217 verser
551 4191 687 4218 d’avance
701 4192 734 4218 de
748 4200 860 4226 grosses
876 4195 1041 4228 provisions
1062 4201 1087 4224 et
1103 4199 1152 4232 qui

255 4229 428 4259 escomp'ent
442 4226 474 4251 de
488 4235 604 4261 grosses
621 4236 828 4261 commissions,
858 4233 931 4263 pour
953 4231 1097 4259 n’arriver
1126 4234 1151 4260 le

253 4262 321 4295 plus
336 4265 456 4288 souvent
469 4261 486 4288 à
501 4271 595 4288 aucun
610 4262 742 4289 résultat.
768 4263 850 4291 Nous
878 4266 997 4292 n’avons
1027 4269 1090 4294 rien
1118 4269 1150 4295 de

253 4305 385 4324 commun
401 4306 470 4323 avec
486 4298 526 4324 les
542 4307 664 4333 agences
692 4307 742 4324 car
759 4308 829 4326 nous
845 4309 879 4326 ne
894 4304 1016 4335 prenons
1041 4313 1150 4331 aucune

255 4333 437 4359 commission
451 4341 502 4359 sur
517 4333 547 4359 la
563 4329 616 4360 dot.
646 4332 689 4361 Un
718 4334 839 4361 modeste
867 4336 1055 4365 abonnement
1081 4348 1150 4366 nous

259 4376 297 4394 se•
307 4375 318 4394 t
332 4368 364 4393 de
375 4369 478 4403 paiemi
488 4373 525 4395 nt.

291 4403 449 4438 Lorsqu’un
465 4404 573 4430 abonné
587 4403 653 4430 s'est
660 4402 760 4439 fiancé
775 4410 801 4431 et
814 4406 887 4439 qu’il
902 4407 947 4433 n’a
962 4409 1030 4441 plus
1053 4409 1149 4437 besoin

253 4437 286 4464 de
296 4443 376 4465 notre
387 4449 482 4472 revue,
496 4440 521 4465 il
536 4449 606 4466 nous
618 4440 644 4466 le
654 4440 710 4470 fait
720 4442 819 4467 savoir
829 4440 888 4475 afin
901 4452 953 4476 que
963 4453 1034 4471 nous
1045 4455 1150 4479 rayons

252 4482 303 4500 son
319 4484 446 4501 annonce
459 4477 530 4509 pour
547 4484 580 4501 ne
592 4478 644 4510 pas
650 4477 735 4508 faire
749 4478 951 4511 correspondre
967 4480 1150 4509 inutilement

255 4518 305 4535 nos
322 4509 458 4537 abonnés.

292 4553 365 4580 Tout
380 4554 487 4580 abonné
503 4554 561 4580 doit
574 4554 711 4589 répondre
727 4557 744 4581 à
759 4559 848 4582 toutes
865 4557 906 4583 les
932 4559 1027 4587 lettres
1040 4561 1091 4595 qui
1107 4562 1150 4589 lui

253 4593 315 4615 sont
331 4589 472 4617 adressées
488 4590 495 4621 ;
513 4590 542 4616 la
558 4590 692 4623 politesse
708 4589 824 4625 l’exige,
855 4601 888 4618 ne
902 4595 1014 4624 fussent
1041 4606 1094 4630 que
1104 4607 1148 4625 ces

254 4625 324 4651 trois
343 4634 378 4651 ou
390 4629 489 4660 quatre
504 4629 573 4652 mots
584 4636 588 4652 :
606 4626 724 4658 Inutile,
736 4630 798 4653 tous
812 4636 867 4654 mes
879 4634 1000 4664 regrets.
1012 4632 1043 4659 —
1057 4632 1094 4659 N'
1100 4640 1148 4660 ...0

290 4767 366 4794 Pour
392 4766 512 4795 faciliter
539 4767 577 4796 les
613 4768 740 4795 abonnés
768 4768 803 4795 de
833 4768 858 4798 la
898 4771 1034 4801 REVUE
1076 4785 1147 4803 nous

253 4802 314 4829 leur
328 4802 492 4831 donnerons
503 4804 542 4830 les
555 4803 685 4831 adresses
696 4804 745 4830 des
762 4807 897 4832 numéros
911 4816 939 4832 se
953 4810 1148 4842 rapprochant

251 4837 285 4865 de
301 4838 363 4864 leur
379 4839 520 4866 situation
536 4840 569 4865 de
585 4845 708 4867 tortune.
729 4839 764 4866 ils
774 4840 909 4868 n’auront
927 4851 998 4874 pour
1013 4845 1071 4872 cela
1083 4847 1147 4878 qu’à

254 4883 327 4901 nous
344 4873 478 4908 indiquer
496 4875 533 4901 les
552 4878 687 4902 numéros
703 4875 754 4908 qui
770 4875 832 4902 leur
844 4876 1046 4905 conviennent.
1069 4880 1147 4908 Cha¬

251 4918 306 4942 que
322 4909 463 4936 demande
477 4910 511 4936 de
526 4920 556 4936 ce
571 4919 658 4944 genre
673 4910 759 4938 devra
775 4913 834 4939 être
845 4918 1052 4949 accompagnée
1063 4915 1147 4943 d’une

252 4944 409 4979 enveloppe
427 4945 547 4972 timbrée
563 4955 635 4980 pour
653 4946 676 4972 la
695 4950 824 4980 réponse.

288 4988 342 5015 Les
352 4991 480 5017 abonnés
490 4989 621 5018 désirant
628 4991 734 5024 garder
745 4991 913 5026 l’incognito
925 4993 1071 5022 voudront
1082 4995 1147 5024 bien

252 5033 325 5051 nous
349 5024 374 5051 le
390 5024 459 5052 faire
484 5025 591 5060 savoir,
617 5025 674 5053 afin
697 5037 752 5061 que
776 5036 849 5055 nous
880 5038 914 5056 ne
944 5029 1066 5058 livrions
1097 5041 1145 5066 pas

252 5059 330 5087 leurs
348 5060 491 5089 adresses.

1284 1318 1381 1350 Pour
1405 1321 1529 1352 toutes
1555 1322 1609 1353 les
1638 1331 1828 1354 annonces
1858 1325 2029 1364 ci-après
2066 1326 2141 1357 s’a¬

1241 1368 1403 1400 dresser
1444 1371 1464 1400 à
1510 1369 1541 1401 la
1588 1370 1792 1403 Directrice
1834 1373 1879 1404 de
1918 1373 1948 1403 la
1981 1384 1998 1404 «
2018 1374 2139 1406 Revue

1243 1417 1446 1450 Mensuelle
1468 1431 1495 1449 ».

1278 1530 1392 1559 Veuve
1407 1530 1447 1560 42
1461 1538 1532 1566 ans,
1551 1531 1687 1563 fortune
1702 1532 1834 1565 300.000
1867 1534 1921 1570 fr.,
1953 1535 2065 1566 12.000
2093 1536 2134 1565 fr.

1239 1576 1397 1604 revenus,
1422 1570 1511 1600 belle
1543 1573 1716 1610 vropriété
1745 1574 1908 1612 agricole,
1937 1576 2136 1613 épouserait

1239 1609 1415 1640 Monsieur
1428 1611 1467 1641 40
1484 1613 1503 1641 à
1517 1611 1557 1641 60
1572 1620 1644 1648 ans,
1662 1616 1762 1651 ayant
1787 1613 1871 1651 jolie
1900 1614 2063 1647 situation
2092 1624 2135 1646 ou

1238 1649 1385 1680 fortune.
1403 1667 1414 1672 -
1431 1652 1470 1682 N'
1488 1652 1566 1682 2630

1276 1752 1489 1790 Célibataire,
1505 1754 1545 1784 36
1560 1762 1632 1790 ans,
1654 1754 1706 1785 fils
1723 1755 1860 1794 unique,
1878 1757 1991 1791 blond,
2024 1758 2132 1789 situa¬

1235 1791 1306 1822 tion
1316 1793 1428 1823 40.000
1437 1792 1487 1827 fr.,
1501 1794 1577 1833 plus
1590 1795 1701 1825 15.000
1711 1795 1763 1832 fr.,
1782 1797 1986 1827 association
2003 1800 2133 1835 grande

1235 1832 1334 1863 usine
1350 1834 1391 1863 de
1410 1837 1552 1873 rapport
1578 1835 1672 1865 8.000
1699 1836 1753 1870 fr.,
1784 1837 1979 1872 épouserait
2007 1838 2132 1870 femme

1234 1872 1355 1909 brune,
1373 1873 1535 1904 situation
1551 1882 1594 1905 en
1611 1878 1761 1914 rapport.
1779 1893 1791 1898 -
1807 1877 1835 1907 N
1840 1885 1846 1891 -
1864 1878 1952 1907 4557.

1272 1975 1380 2006 Jeune
1397 1976 1566 2014 capitaine
1582 1980 1698 2009 armée
1715 1979 1834 2014 active,
1849 1979 2028 2010 Chevalier
2044 1981 2084 2011 de
2099 1982 2129 2011 la

1233 2015 1359 2053 Légion
1377 2016 1576 2051 d’honneur,
1596 2018 1777 2056 distingué,
1810 2021 1904 2050 avoir
1932 2020 2045 2051 30.000
2074 2021 2128 2057 fr.,

1231 2057 1438 2093 espérances
1452 2056 1566 2088 50.000
1581 2058 1634 2093 fr.,
1652 2059 1850 2096 épouserait
1861 2062 1968 2098 jeune
1978 2060 2060 2097 fille,
2074 2062 2131 2092 dot

1230 2095 1269 2124 50
1286 2097 1302 2125 à
1320 2096 1449 2127 100.000
1465 2097 1505 2126 fr.
1522 2113 1542 2120 -
1558 2099 1595 2128 N'
1614 2098 1703 2128 4620.

1270 2197 1446 2228 Monsieur
1460 2200 1498 2229 33
1514 2207 1586 2235 ans,
1605 2199 1787 2239 distingué,
1802 2201 2008 2240 affectueux,
2026 2204 2129 2235 situa¬

1229 2237 1301 2267 tion
1316 2238 1428 2268 20.000
1442 2239 1496 2275 fr.,
1523 2240 1635 2270 désire
1664 2242 1914 2280 correspondre
1941 2251 2031 2281 pour
2054 2253 2126 2275 ma¬

1229 2277 1324 2315 riage
1340 2287 1422 2308 avec
1434 2280 1540 2316 jeune
1551 2280 1618 2310 fille
1634 2288 1677 2312 ou
1689 2289 1805 2318 veuve,
1817 2282 1977 2313 situation
1988 2292 2126 2315 corres¬

1228 2318 1410 2355 pondante.
1427 2319 1468 2350 N-
1486 2320 1575 2350 4712.

1266 2421 1375 2450 Jeune
1390 2421 1526 2452 homme
1542 2424 1580 2453 30
1598 2431 1669 2460 ans,
1689 2424 1850 2455 situation
1872 2426 2124 2465 indépendante

1227 2461 1424 2498 épouserait
1440 2465 1625 2502 ménagère
1641 2464 1682 2494 de
1696 2465 1736 2494 20
1751 2466 1770 2494 à
1784 2465 1823 2495 30
1838 2473 1911 2501 ans,
1940 2474 1985 2497 ou
2013 2475 2124 2498 veuve

1227 2507 1309 2530 avec
1324 2507 1367 2531 ou
1384 2508 1463 2532 sans
1480 2502 1606 2534 enfant.
1623 2519 1641 2526 -
1658 2506 1697 2535 N-
1716 2505 1804 2535 4730.

1265 2600 1466 2633 Célibataire
1481 2603 1664 2643 distingué,
1693 2607 1733 2636 56
1773 2615 1845 2643 ans,
1884 2609 2120 2647 américanisé,

1226 2641 1436 2673 excellentes
1451 2645 1620 2681 aptitudes
1636 2646 1804 2681 agricoles
1821 2651 1855 2677 et
1869 2648 2120 2686 viti-vinicoles,

1225 2681 1338 2712 désire
1349 2683 1610 2715 collaboratrice
1633 2686 1842 2718 affectueuse
1860 2691 1962 2727 ayant
1972 2691 2067 2721 avoir
2077 2698 2121 2721 ou

1223 2723 1413 2760 propriété.
1433 2739 1452 2746 -
1467 2725 1508 2754 N-
1526 2725 1615 2755 4737.

1262 2823 1446 2854 Industriel
1461 2825 1499 2853 33
1515 2832 1586 2860 ans,
1603 2826 1807 2866 catholique,
1824 2828 2022 2866 honorable,
2041 2830 2120 2861 bril¬

1222 2862 1313 2892 lante
1330 2863 1491 2894 situation
1508 2864 1549 2895 de
1564 2865 1712 2902 fortune,
1730 2867 1828 2901 brun,
1846 2868 1923 2898 bien
1940 2877 2020 2900 sous
2044 2873 2119 2901 tous

1221 2905 1390 2941 rapports,
1408 2905 2005 2946 épouser8itjeunefille20à24ans,
2019 2914 2119 2949 ayant

1221 2943 1367 2973 fortune.
1385 2959 1402 2965 -
1418 2945 1447 2974 N
1453 2953 1458 2958 -
1477 2945 1565 2975 4746.

1255 3045 1365 3075 Jeune
1380 3045 1515 3077 homme
1531 3047 1570 3077 30
1585 3055 1657 3084 ans,
1675 3048 1763 3080 belle
1790 3050 1961 3088 situation,
1993 3052 2116 3091 capital

1218 3084 1276 3114 100
1290 3084 1349 3115 000
1365 3086 1418 3122 fr.,
1437 3087 1550 3118 désire
1565 3088 1671 3119 union
1687 3096 1768 3120 avec
1785 3091 1995 3127 demoiselle,
2012 3094 2115 3124 musi¬

1216 3124 1337 3155 cienne
1355 3127 1394 3156 de
1410 3126 1624 3165 préférence,
1642 3132 1743 3167 ayant
1759 3131 1816 3160 dot
1845 3139 1887 3162 en
1916 3136 2067 3172 rapport.
2097 3150 2115 3156 -

1217 3165 1257 3195 N'
1276 3165 1365 3195 4767.

1254 3267 1343 3298 Veuf
1354 3268 1392 3297 55
1408 3276 1480 3303 ans,
1495 3277 1574 3299 sans
1591 3270 1718 3307 enfant,
1739 3272 1824 3307 seul,
1843 3273 1993 3309 sérieux,
2021 3274 2114 3305 habi¬

1213 3308 1287 3336 tant
1301 3307 1447 3346 Algérie,
1465 3310 1621 3348 employé
1637 3310 1678 3341 de
1694 3312 1823 3350 Mairie,
1833 3316 1934 3351 ayant
1943 3313 2114 3345 in'érieur

1213 3349 1246 3376 et
1260 3347 1428 3383 mobilier,
1445 3348 1558 3379 désire
1571 3351 1676 3381 union
1692 3359 1777 3382 avec
1793 3360 1902 3384 veuve
1924 3362 1968 3385 ou
1985 3355 2055 3385 fille
2071 3356 2111 3385 36

1213 3387 1232 3416 à
1247 3387 1286 3416 46
1302 3395 1374 3423 ans,
1392 3391 1493 3427 ayant
1509 3389 1682 3421 situation.
1699 3407 1718 3413 -
1733 3392 1772 3422 N-
1793 3393 1881 3424 3599.

1250 3489 1419 3527 Adjudant
1436 3491 1476 3521 de
1493 3492 1673 3529 cavalerie,
1690 3494 1726 3523 31
1745 3502 1816 3524 ans.
1835 3496 1991 3526 Médaille
2019 3496 2111 3527 Mili¬

1210 3529 1309 3564 taire,
1327 3530 1424 3559 croix
1439 3531 1481 3561 de
1496 3539 1632 3569 guerre,
1644 3533 1887 3566 retraite2.300
1896 3536 1949 3571 fr.,
1962 3537 2056 3566 2.500
2067 3538 2107 3567 fr.

1210 3569 1405 3599 économies
1423 3574 1455 3600 et
1471 3574 1688 3609 espérances,
1703 3575 1899 3612 épouserait
1911 3576 2109 3608 demoiselle

1209 3608 1248 3638 30
1264 3609 1283 3638 à
1297 3609 1335 3639 32
1351 3617 1423 3645 ans,
1442 3610 1603 3642 situation
1620 3620 1662 3643 en
1686 3617 1835 3652 rapport.
1854 3632 1864 3638 -
1881 3617 1920 3645 N-
1937 3617 2026 3647 4740.

1248 3710 1450 3743 Célibataire
1463 3713 1627 3751 algérien,
1638 3717 1814 3754 espagnol,
1824 3717 1873 3752 37,
1888 3718 2105 3756 cultivateur,

1208 3751 1413 3790 catholique,
1429 3755 1623 3785 économies
1653 3756 1745 3787 2.000
1772 3756 1827 3794 fr.,
1859 3758 1971 3788 désire
2000 3759 2105 3790 union

1208 3797 1289 3820 avec
1318 3791 1516 3823 demoiselle
1546 3802 1589 3825 ou
1618 3804 1726 3826 veuve
1755 3797 1966 3835 algérienne,
2005 3803 2106 3837 ayant

1207 3830 1380 3862 situation.
1398 3847 1417 3854 -
1431 3835 1470 3863 N-
1484 3834 1572 3864 4725.

1245 3934 1510 3965 Fonctionnaire
1538 3938 1724 3974 Marseille,
1753 3939 1935 3980 distingué,
1965 3943 2001 3972 31
2031 3950 2103 3980 ans,

1206 3973 1501 4005 traitement8.000
1509 3976 1562 4013 fr.,
1570 3980 1777 4014 espérances
1786 3980 1932 4012 directes
1940 3982 2053 4013 75.000
2064 3984 2102 4013 fr.

1206 4014 1403 4052 épouserait
1418 4023 1589 4055 personne
1605 4017 1683 4048 bien
1698 4022 1798 4056 ayant
1810 4020 1876 4051 dot.
1895 4038 1906 4043 -
1922 4022 1961 4051 N-
1980 4024 2068 4053 4719.

1245 4113 1446 4146 Célibataire
1461 4118 1496 4146 41
1514 4125 1586 4153 ans,
1618 4126 1810 4151 commerce
1841 4122 2011 4161 agréable,
2046 4126 2103 4154 sé¬

1204 4153 1316 4189 rieux,
1333 4154 1537 4193 affectueux,
1555 4158 1650 4188 avoir
1667 4160 1796 4191 100.000
1820 4161 1872 4197 fr.,
1905 4165 2104 4202 épouserait

1204 4193 1345 4230 gentille
1361 4195 1429 4226 fille
1446 4197 1648 4236 distinguée,
1666 4200 1832 4236 sérieuse,
1849 4202 1888 4232 20
1917 4204 1935 4233 à
1964 4204 2012 4240 28,
2045 4205 2102 4235 dot

1204 4232 1317 4263 30.000
1332 4234 1372 4264 fr.
1389 4251 1408 4257 -
1424 4237 1464 4266 N-
1483 4237 1571 4268 4857.

1244 4336 1352 4366 Jeune
1365 4337 1500 4369 homme
1515 4340 1555 4370 32
1570 4349 1642 4376 ans,
1659 4342 1770 4372 35.000
1787 4343 1840 4376 fr.,
1868 4344 1981 4374 désire
1994 4346 2101 4382 jeune

1203 4373 1270 4404 fille
1287 4376 1488 4413 préférence
1504 4380 1546 4410 de
1560 4381 1592 4410 la
1609 4389 1806 4420 campagne,
1822 4383 1878 4414 dot
1902 4385 2014 4415 50.000
2045 4386 2099 4422 fr.,

1205 4421 1248 4444 ou
1264 4423 1372 4447 veuve
1384 4425 1463 4448 sans
1478 4419 1604 4450 enfant.
1622 4436 1641 4444 -
1655 4423 1694 4451 N-
1713 4423 1802 4453 4861.

1242 4517 1444 4550 Célibataire
1471 4521 1510 4550 40
1539 4529 1610 4555 ans,
1641 4523 1727 4559 seul,
1757 4526 1896 4556 ouvrier
1937 4527 2098 4564 charron,

1204 4557 1413 4594 travailleur,
1431 4560 1524 4590 avoir
1540 4561 1651 4593 10.000
1666 4562 1720 4598 fr.,
1743 4565 1939 4602 épouserait
1969 4568 2100 4599 demoi¬

1203 4597 1288 4626 selle
1304 4605 1348 4628 ou
1365 4606 1471 4630 veuve
1485 4601 1524 4630 32
1540 4604 1557 4632 à
1579 4602 1618 4632 40
1647 4611 1720 4639 ans,
1751 4605 1807 4634 dot
1835 4613 1876 4636 en
1905 4611 2055 4644 rapport.
2087 4624 2101 4630 -

1203 4636 1243 4667 N'
1262 4637 1352 4667 4883.

1243 4729 1447 4762 Demoiselle
1469 4728 1509 4763 29
1539 4743 1610 4771 ans,
1641 4737 1801 4768 conduite
1828 4738 2097 4777 irréprochable,

1203 4768 1274 4797 très
1289 4769 1354 4799 bon
1369 4773 1505 4811 emploi,
1516 4775 1712 4806 économies
1722 4781 1754 4807 et
1765 4780 1984 4816 espérances,
1996 4781 2100 4817 épou¬

1203 4807 1309 4838 serait
1323 4809 1585 4849 fonctionnaire,
1610 4821 1853 4854 commerçant,
1882 4827 1942 4857 pas
1960 4819 2100 4850 sérieux

1204 4849 1237 4876 et
1253 4848 1409 4880 divorcés
1427 4852 1617 4885 s’abstenir.
1633 4872 1652 4878 -
1668 4858 1707 4886 N"
1725 4857 1813 4887 4892.

1243 4938 1377 4970 Officier
1398 4944 1612 4984 ministériel,
1643 4949 1788 4983 notaire,
1817 4951 1857 4981 60
1885 4959 1956 4986 ans,
1988 4952 2099 4983 bonne

1203 4977 1366 5010 situation
1383 4981 1424 5012 de
1441 4984 1588 5022 fortune,
1605 4996 1685 5019 sans
1715 4990 1843 5024 enfant,
1870 4991 2026 5022 instance
2055 4994 2096 5023 de

1203 5017 1351 5055 divorce,
1370 5022 1564 5059 épouserait
1583 5035 1755 5065 personne
1786 5030 1950 5067 sérieuse,
1983 5032 2100 5063 distin¬

1202 5059 1302 5095 guée,
1317 5059 1487 5099 instruite,
1506 5065 1609 5097 aisée.
1626 5083 1637 5089 -
1653 5069 1693 5098 N-
1711 5069 1800 5098 4899.

2236 1328 2438 1360 Célibataire
2453 1331 2493 1359 42
2508 1339 2580 1367 ans,
2598 1334 2667 1363 très
2683 1333 2775 1368 bien,
2793 1337 2993 1368 moustache
3024 1338 3091 1368 fine

2196 1367 2342 1401 châtain,
2361 1371 2537 1401 caractère
2562 1370 2767 1408 affectueux,
2799 1375 2911 1405 désire
2940 1378 3091 1417 mariage

2195 1415 2277 1437 avec
2289 1410 2396 1445 jeune
2412 1409 2492 1443 fille,
2511 1419 2617 1442 veuve
2633 1421 2712 1443 sans
2728 1414 2856 1451 enfant,
2886 1420 2987 1454 ayant
3015 1426 3093 1456 pro¬

2193 1448 2304 1485 priété
2321 1455 2364 1478 ou
2381 1448 2469 1479 belle
2486 1450 2552 1486 dot,
2571 1451 2724 1483 destinée
2736 1456 2923 1494 compléter
2935 1465 3091 1489 ressour¬

2193 1496 2250 1517 ces
2268 1488 2366 1518 achat
2381 1488 2468 1520 beau
2485 1490 2652 1528 domaine,
2680 1494 2840 1525 situation
2869 1499 3090 1534 personnelle

2191 1528 2489 1565 pécuniairement
2504 1532 2688 1568 suffisante,
2720 1536 2929 1574 accepterait
2957 1539 3088 1575 régime

2192 1567 2292 1598 dotal.
2309 1584 2326 1590 -
2342 1570 2381 1599 N-
2399 1570 2487 1600 4900.

2230 1671 2493 1703 Fonctionnaire
2509 1675 2544 1703 31
2576 1683 2648 1711 ans,
2683 1677 2880 1709 traitement
2908 1681 2999 1711 7.000
3030 1681 3084 1718 fr.,

2189 1716 2462 1748 gouvernement
2476 1714 2649 1752 Tunisien,
2668 1717 2762 1747 avoir
2776 1718 2889 1749 25.000
2905 1720 2958 1756 fr.,
2977 1723 3086 1759 épou¬

2189 1750 2295 1780 serait
2306 1753 2412 1789 jeune
2429 1753 2507 1789 fille,
2523 1763 2629 1785 veuve
2640 1763 2682 1786 ou
2694 1757 2851 1789 divorcée
2864 1768 2942 1790 sans
2956 1762 3083 1799 enfant,

2189 1793 2290 1828 ayant
2306 1792 2436 1823 150.000
2450 1793 2491 1822 fr.
2510 1810 2526 1816 -
2542 1796 2581 1824 N-
2600 1796 2687 1826 4901.

2226 1894 2336 1924 Jeune
2351 1894 2532 1927 industriel
2558 1898 2597 1928 26
2626 1907 2698 1935 ans,
2723 1901 2872 1938 sérieux,
2895 1902 3055 1936 situation
3069 1907 3086 1935 à

2187 1940 2249 1963 son
2265 1939 2412 1974 comp'e,
2429 1935 2508 1966 bien
2525 1944 2605 1968 sous
2620 1942 2697 1969 tous
2713 1940 2763 1971 les
2779 1946 2952 1981 rapports,
2982 1946 3085 1983 épou¬

2187 1974 2292 2003 serait
2313 1975 2513 2007 demoiselle
2547 1985 2590 2014 gu
2621 1981 2728 2017 jeune
2766 1989 2873 2013 veuve
2894 1991 2975 2015 avec
2996 1985 3086 2016 dot.-

2187 2014 2226 2043 N-
2245 2014 2335 2045 4902.

2226 2115 2385 2149 Militaire
2400 2120 2439 2149 35
2455 2127 2528 2155 ans,
2546 2122 2755 2158 retraitable,
2775 2125 2865 2155 1.600
2881 2125 2921 2157 fr.
2944 2127 2984 2157 de
3001 2137 3082 2168 pen¬

2184 2155 2270 2192 sion,
2302 2157 2451 2195 sérieux,
2485 2161 2598 2192 désire
2626 2164 2779 2201 mariage
2809 2165 3008 2198 demoiselle
3036 2177 3080 2200 ou

2184 2203 2290 2227 veuve
2302 2198 2342 2226 25
2358 2205 2373 2228 a
2390 2200 2429 2228 37
2444 2208 2516 2234 ans,
2547 2206 2646 2239 ayant
2675 2210 2867 2236 commerce
2897 2214 2939 2238 ou
2970 2208 3080 2240 bonne

2184 2236 2358 2267 situation.
2375 2254 2388 2261 -
2402 2241 2430 2269 N
2436 2248 2442 2254 -
2461 2240 2549 2270 4903.

2220 2347 2424 2380 Demoiselle
2448 2351 2487 2380 26
2516 2360 2588 2386 ans,
2620 2354 2778 2386 conduite
2807 2356 3078 2396 irréprochable,

2179 2386 2345 2425 physique
2362 2391 2533 2428 agréable,
2552 2392 2683 2423 100.000
2700 2396 2737 2424 fr.
2757 2396 2798 2426 de
2828 2397 2894 2433 dot,
2925 2401 3074 2436 grandes

2180 2428 2398 2464 espérances,
2417 2438 2458 2460 en
2469 2432 2544 2470 plus
2555 2434 2737 2465 collection
2754 2437 2913 2468 tableaux
2923 2442 2957 2469 et
2968 2440 3077 2478 objets

2179 2466 2276 2503 d’art,
2293 2469 2407 2500 désire
2423 2472 2555 2502 rentier
2569 2478 2671 2512 ayant
2683 2475 2721 2505 15
2732 2477 2751 2506 à
2765 2476 2878 2507 20.000
2886 2478 2926 2508 fr.
2945 2480 2986 2509 de
3001 2488 3077 2511 ren¬

2179 2509 2242 2536 tes.
2259 2523 2277 2530 -
2293 2510 2333 2539 N-
2352 2509 2440 2540 4904.

2217 2618 2393 2650 Monsieur
2414 2622 2453 2650 34
2481 2628 2554 2660 ans,
2584 2626 2656 2655 très
2685 2626 2851 2659 ancienne
2881 2629 3007 2660 famille
3032 2632 3075 2662 du

2176 2658 2291 2696 Velay,
2310 2660 2515 2700 catholique,
2533 2664 2626 2694 6.000
2641 2666 2681 2695 fr.
2707 2675 2846 2704 revenu,
2878 2671 3076 2709 épouserait

2171 2698 2278 2734 jeune
2295 2698 2363 2730 fille
2379 2700 2442 2739 âge
2460 2705 2491 2732 et
2510 2704 2671 2735 situation
2689 2714 2730 2736 en
2748 2713 2898 2747 rapport,
2916 2718 2959 2740 ou
2990 2710 3074 2741 Aille

2175 2739 2403 2773 propriétaire
2419 2749 2462 2771 ou
2479 2749 2724 2782 commerçant,
2742 2752 2775 2777 et
2791 2749 3042 2781 collaborerait.
3059 2764 3073 2770 -

2176 2775 2216 2805 N-
2235 2776 2325 2807 4906.

2159 2916 2169 2924 .
2215 2886 2419 2919 Demoiselle
2446 2890 2486 2920 30
2513 2900 2584 2928 ans,
2625 2894 2746 2931 brune,
2777 2896 2979 2936 distinguée,
3016 2901 3073 2931 dot

2175 2925 2212 2954 15
2227 2925 2286 2956 000
2301 2927 2357 2962 fr.,
2372 2927 2484 2960 bonne
2497 2931 2670 2970 situation,
2687 2936 2885 2974 épouserait
2896 2939 3071 2971 Monsieur

2174 2964 2379 3005 affectueux,
2397 2969 2508 3001 bonne
2525 2972 2717 3011 éducation,
2733 2976 2773 3005 30
2789 2977 2806 3007 à
2821 2978 2860 3007 40
2875 2986 2946 3015 ans,
2964 2979 3072 3011 situa¬

2173 3005 2245 3036 tion
2260 3007 2364 3038 aisée.
2382 3025 2401 3031 -
2416 3011 2446 3040 N
2449 3018 2456 3025 -
2471 3011 2560 3041 4907.

2212 3117 2414 3150 Lieutenant
2440 3121 2480 3150 36
2509 3130 2581 3158 ans,
2613 3125 2785 3158 chevalier
2809 3129 2850 3159 de
2881 3130 2911 3160 la
2940 3132 3068 3170 Légion

2171 3157 2370 3194 d’honneur,
2387 3161 2407 3190 9
2423 3161 2638 3194 décorations
2655 3173 2742 3202 pour
2758 3168 2834 3199 faits
2859 3170 2900 3200 de
2928 3179 3067 3209 guerre,

2171 3197 2265 3227 avoir
2280 3199 2392 3230 40.000
2408 3201 2461 3236 fr.,
2479 3203 2676 3238 épouserait
2686 3207 2794 3244 jeune
2808 3208 2877 3239 fille
2893 3218 2935 3241 ou
2947 3220 3066 3248 veuve,

2169 3237 2373 3277 catholique,
2389 3242 2429 3272 20
2445 3242 2464 3271 à
2477 3242 2517 3272 30
2532 3251 2605 3280 ans,
2623 3249 2724 3283 ayant
2739 3247 2887 3280 fortune.
2902 3266 2921 3273 -
2936 3252 3065 3283 N'4908.

2206 3349 2445 3387 Négociant35
2461 3360 2533 3389 ans,
2551 3355 2729 3394 musicien,
2760 3363 2946 3399 sportman,
2978 3363 3066 3395 bôlle

2168 3387 2340 3426 situation,
2358 3392 2556 3430 épouserait
2571 3403 2742 3434 personne
2757 3399 2796 3428 25
2811 3401 2829 3430 à
2845 3401 2883 3430 40
2899 3410 2959 3432 ans
2984 3411 3066 3435 avec

2167 3428 2234 3460 dot,
2259 3437 2409 3469 envoyer
2436 3432 2551 3470 photo,
2582 3442 2641 3473 pas
2669 3438 2809 3470 sérieux
2838 3440 3030 3475 s’abstenir.
3048 3461 3065 3467 -

2166 3468 2206 3498 N-
2224 3468 2313 3499 4909.

2202 3579 2312 3610 Jeune
2328 3580 2464 3612 homme
2480 3585 2551 3614 très
2568 3585 2658 3621 bien,
2673 3588 2713 3618 28
2733 3597 2805 3627 ans,
2835 3594 2990 3631 employé
3019 3597 3041 3625 C
3044 3595 3066 3612 ie

2166 3618 2208 3648 du
2224 3620 2316 3655 Midi,
2334 3622 2430 3652 avoir
2444 3623 2555 3654 10.000
2569 3625 2625 3662 fr.,
2658 3627 2771 3659 désire
2800 3632 2952 3671 mariage
2980 3643 3062 3667 avec

2164 3658 2363 3692 demoiselle
2372 3663 2412 3692 20
2428 3665 2445 3693 à
2460 3664 2499 3694 28
2515 3673 2586 3695 ans.
2605 3683 2623 3689 -
2637 3668 2678 3698 N'
2696 3669 2785 3699 4910.

2201 3770 2332 3807 Créole,
2340 3774 2508 3812 orphelin,
2519 3776 2715 3810 célibataire
2723 3781 2762 3810 26
2769 3789 2840 3818 ans,
2852 3784 3056 3823 catholique,

2162 3810 2316 3849 employé
2332 3814 2496 3850 P.-L.-M.,
2513 3817 2568 3846 431
2586 3818 2627 3848 fr.
2657 3827 2720 3857 par
2745 3822 2831 3852 mois
2861 3824 3058 3862 épouserait

2156 3849 2265 3886 jeune
2280 3850 2351 3882 fille
2365 3860 2410 3885 ou
2424 3862 2535 3887 veuve
2551 3857 2626 3888 bien
2643 3867 2723 3890 sous
2752 3863 2828 3892 tous
2857 3867 3027 3898 rapports.
3044 3883 3056 3888 -

2161 3889 2200 3920 N-
2217 3891 2306 3921 4911.

2199 4002 2425 4040 Ex-adjudant
2440 4004 2527 4040 chef,
2546 4007 2755 4044 célibataire,
2784 4012 2822 4041 35
2852 4021 2923 4051 ans,
2955 4016 3054 4053 brun,

2161 4042 2256 4070 santé
2286 4043 2441 4079 parfaite,
2472 4044 2550 4075 bien
2578 4048 2850 4087 physiquement,
2880 4058 3056 4088 caractère

2160 4078 2260 4114 doux,
2277 4082 2427 4118 sérieux,
2458 4085 2600 4122 pension
2626 4088 2719 4118 2.300
2746 4089 2802 4125 fr.,
2833 4095 3052 4134 espérances,

2160 4117 2272 4150 désire
2289 4120 2439 4160 mariage
2456 4131 2497 4153 en
2516 4130 2666 4165 rapport.
2683 4144 2695 4151 -
2710 4131 2749 4160 N-
2767 4131 2856 4162 4913.

2197 4230 2310 4261 Veuve
2326 4232 2365 4262 46
2379 4241 2452 4269 ans,
2476 4234 2674 4275 honorable,
2706 4244 2951 4282 symphatique.
2985 4248 3050 4278 dis¬

2159 4269 2310 4307 tinguée,
2327 4272 2452 4303 femme
2468 4274 2668 4309 d’intérieur
2683 4281 2813 4313 100.000
2828 4284 2867 4313 fr.
2887 4286 2926 4315 de
2943 4286 3052 4323 titres,

2159 4311 2300 4345 maison,
2316 4313 2473 4350 pension,
2490 4315 2558 4346 fille
2576 4319 2612 4347 17
2627 4328 2700 4352 ans,
2731 4325 2927 4360 épouserait
2956 4326 3054 4358 fonc¬

2158 4349 2326 4381 tionnaire
2344 4359 2386 4382 ou
2405 4355 2580 4386 monsieur
2593 4359 2670 4397 plus
2685 4360 2759 4400 âgé.
2777 4378 2795 4386 -
2808 4365 2850 4394 N-
2863 4365 2953 4395 4914.

2196 4460 2398 4494 Célibataire
2414 4464 2452 4494 30
2468 4473 2540 4503 ans,
2557 4469 2685 4500 officier
2705 4473 2745 4503 de
2776 4476 2928 4511 réserve,
2960 4479 3055 4509 avoir

2155 4500 2267 4530 20.000
2281 4501 2337 4535 fr.,
2351 4504 2430 4534 chef
2443 4505 2482 4536 de
2500 4508 2631 4540 service
2645 4511 2726 4542 dans
2738 4516 2865 4545 société
2880 4520 3055 4549 construc¬

2156 4541 2238 4575 tion,
2256 4542 2452 4575 traitement
2468 4545 2576 4577 15.000
2592 4548 2646 4585 fr.,
2661 4551 2772 4583 désire
2785 4554 2933 4593 mariage
2943 4557 3053 4588 situa¬

2156 4580 2227 4611 tion
2242 4588 2284 4611 en
2301 4587 2453 4622 rapport.
2469 4588 2526 4617 -N*
2542 4589 2631 4620 4915.

2195 4692 2396 4731 Gendarme,
2415 4697 2613 4730 célibataire
2627 4701 2667 4729 33
2682 4708 2753 4737 ans,
2771 4706 2867 4733 avotr
2885 4705 2995 4737 15.000
3010 4708 3050 4740 fr.

2156 4731 2353 4769 épouserait
2368 4736 2567 4768 demoiselle
2583 4748 2626 4770 ou
2642 4747 2748 4770 veuve
2765 4741 2806 4772 de
2822 4751 2949 4780 guerre
2974 4756 3052 4779 sans

2156 4770 2284 4806 enfant,
2313 4774 2353 4804 25
2379 4777 2398 4805 à
2427 4776 2467 4806 30
2496 4786 2569 4813 ans,
2600 4779 2759 4810 situation
2789 4789 2830 4812 en
2861 4791 3001 4819 rapport
3042 4807 3054 4812 -

2156 4810 2195 4840 N-
2215 4812 2314 4842 4916.-

2193 4923 2467 4960 Adjudant-chef,
2484 4925 2599 4963 spahis
2616 4927 2657 4958 de
2673 4931 2836 4970 carrière,
2854 4936 2894 4966 32
2908 4945 2979 4976 ans,
2998 4941 3052 4972 dé¬

2156 4964 2246 4996 coré,
2265 4963 2364 4996 brun,
2395 4962 2602 5002 affectueux,
2632 4969 2827 5004 économies
2858 4976 2968 5009 10.000
2996 4980 3027 5010 fr

2155 5002 2354 5032 retraitable
2369 5003 2453 5032 dans
2478 5005 2498 5033 3
2527 5013 2601 5040 ans,
2629 5008 2724 5040 2.400
2751 5012 2793 5042 fr.
2824 5014 2865 5045 de
2894 5005 3051 5056 pension’

2155 5040 2353 5080 épouserait
2379 5049 2553 5080 personne
2583 5047 2745 5081 situation
2776 5061 2816 5084 en
2854 5063 2992 5088 rapport
3034 5078 3054 5085 -

2155 5084 2194 5111 N-
2212 5080 2301 5110 4917.

2752 5350 3022 5431 ■MMi
