3536 5552
1487 396 1586 444 PRIX
1639 396 1648 444 :
1709 395 1805 444 50
1863 396 2059 445 Centimes

2106 292 2112 390 '
2138 260 2376 402 (rik
2374 375 2424 391 -.
2450 261 2500 425 J

2251 405 2265 435 l
2273 390 2335 436 $TT
2389 385 2493 440 _/
2531 398 2561 434 1
2562 402 2590 421 er
2620 398 2945 445 Septembre
2975 397 3115 435 15)21

396 544 1289 752 REVUE
1504 542 3141 753 MENSUELLE

674 798 863 854 Liste
894 797 1339 853 d’Annonces
1370 797 1942 854 Matrimoniales
1973 802 2038 853 et
2067 797 2513 854 d’Annonces
2544 798 2868 857 Diverses

408 894 542 933 (Fonds
581 893 626 924 de
662 901 887 931 commerce,
933 892 1126 931 industrie,
1164 892 1271 923 vente
1314 892 1582 930 d’immeubles,
1627 892 1794 931 location,
1833 892 2026 931 échange).
2135 889 2171 920 —
2275 889 2518 922 Paraissant
2554 891 2591 922 le
2629 891 2646 922 1
2653 896 2687 914 er
2720 891 2767 922 de
2809 893 2963 935 chaque
2997 892 3110 925 mois.

423 962 735 1000 LAbonnement
748 963 786 999 et
804 962 851 999 de
870 959 983 1006 TRENTE
1004 959 1115 1011 FRANCS
1129 971 1235 1011 pour
1252 960 1280 999 3
1297 961 1413 1009 mois,
1435 958 1590 1016 QUARANTE
1609 958 1720 1010 FRANCS
1736 971 1842 1010 pour
1858 960 1884 999 4
1904 962 2005 998 mois
2027 962 2064 998 et
2081 959 2241 1018 CINQUANTE
2260 959 2371 1011 FRANCS
2386 973 2492 1011 pour
2509 962 2536 999 6
2553 963 2655 999 mois
2675 962 2861 1001 donnant
2877 965 2983 1003 droit
3002 968 3026 1003 à
3046 977 3123 1003 une

371 1031 604 1079 inscription
622 1029 798 1078 gratuite
816 1040 887 1066 sur
904 1039 969 1066 ma
989 1028 1078 1066 liste
1117 1027 1155 1065 —
1176 1027 1246 1065 Les
1260 1038 1462 1066 annonces
1476 1028 1570 1064 sont
1589 1026 1637 1064 de
1656 1029 1795 1076 quatre
1814 1029 1943 1078 lignes
1963 1029 2192 1065 maximum.
2216 1026 2253 1071 —
2276 1026 2317 1072 Le:
2332 1027 2408 1085 lignes
2424 1027 2633 1085 supplémentaires
2650 1031 2700 1073 sont
2716 1036 2802 1086 payées
2817 1032 2831 1075 à
2846 1030 2923 1076 raison
2941 1031 2966 1076 Ü
2983 1031 2996 1076 3
3013 1030 3034 1077 ll
3059 1031 3083 1077 la
3098 1031 3173 1090 ligne.

838 1094 935 1124 Pour
967 1092 1174 1132 l’Etranger
1191 1103 1196 1122 :
1226 1090 1248 1122 3
1282 1093 1386 1131 mois,
1417 1090 1468 1122 35
1499 1091 1641 1123 francs.
1683 1110 1722 1114 —
1764 1091 1788 1124 4
1813 1093 1917 1131 mois,
1935 1092 1988 1123 45
2020 1092 2164 1124 francs.
2206 1092 2245 1123 —
2289 1092 2311 1124 6
2339 1094 2443 1132 mois,
2485 1092 2535 1124 55
2565 1094 2707 1125 francs.

798 1162 978 1200 Adresser
998 1161 1135 1200 Lettres
1152 1162 1185 1199 et
1205 1160 1382 1200 Mandats
1403 1161 1423 1199 à
1443 1160 1550 1198 Mme
1577 1160 1706 1199 Veuve
1739 1160 2008 1208 CHABAUD,
2032 1161 2232 1200 Directrice
2251 1160 2298 1200 de
2318 1161 2351 1203 la
2371 1162 2509 1203 Revue
2527 1162 2748 1201 Mensuelle

1290 1228 1348 1272 18,
1386 1227 1466 1268 Rue
1485 1227 1753 1275 Sainte-Croix,
1774 1228 2017 1271 MontéHlîlctr
2049 1228 2221 1278 (Drôme)

405 1363 497 1389 Notre
511 1372 608 1389 œuvre
623 1372 639 1388 a
654 1365 726 1396 pour
742 1363 789 1389 but
805 1363 837 1389 de
853 1363 936 1389 venir
949 1372 982 1389 en
997 1363 1061 1389 aide
1071 1373 1131 1389 aux
1135 1364 1270 1396 familles

370 1408 421 1442 qui
435 1407 561 1434 désirent
575 1406 682 1433 marier
698 1407 775 1434 leurs
791 1410 914 1441 enfants,
932 1417 992 1434 aux
1009 1417 1114 1434 veuves
1130 1408 1181 1442 qui
1197 1417 1267 1435 vou¬

371 1452 484 1478 draient
499 1461 528 1478 se
543 1451 691 1484 remarier,
709 1461 768 1479 aux
796 1453 946 1487 orphelins
976 1456 1001 1479 et
1030 1461 1090 1478 aux
1117 1452 1270 1479 messieurs

371 1496 422 1531 qui
437 1499 535 1523 rêvent
550 1496 582 1522 de
597 1505 627 1522 se
633 1496 740 1529 fonder
755 1507 793 1523 un
801 1499 890 1532 foyer
892 1507 899 1531 ,
914 1506 969 1523 une
977 1497 1107 1530 famille.

408 1550 499 1577 Notre
514 1559 612 1576 œuvre
625 1559 690 1576 sera
709 1553 872 1585 approuvée
891 1554 945 1585 par
960 1554 1026 1577 tous
1055 1560 1104 1577 nos
1133 1550 1268 1580 abonnés,

375 1594 522 1629 lorsqu'ils
538 1598 660 1621 sauront
672 1593 758 1629 qu'ils
774 1598 897 1630 peuvent
914 1600 1030 1622 trouver
1055 1597 1145 1631 grâce
1160 1598 1177 1622 à
1192 1600 1272 1622 notre

373 1649 524 1672 concours,
542 1640 568 1666 le
583 1649 683 1674 moyen
698 1639 730 1665 de
744 1649 774 1666 se
781 1640 886 1667 marier
898 1641 978 1667 selon
990 1640 1067 1667 leurs
1081 1643 1178 1676 goûts,
1194 1641 1272 1667 leurs

375 1693 444 1711 vues
460 1688 486 1710 et
499 1684 580 1710 selon
596 1684 659 1710 leur
673 1684 828 1711 condition.

409 1737 492 1765 Nous
506 1737 607 1772 prions
623 1738 663 1764 les
679 1737 779 1765 Dames
795 1743 820 1765 et
835 1740 876 1765 les
891 1739 1048 1766 Messieurs
1073 1739 1105 1765 de
1126 1748 1197 1765 nous
1223 1747 1271 1765 en¬

375 1792 462 1816 voyer
478 1783 505 1808 le
519 1783 587 1816 plus
602 1782 752 1810 d’abonnés
767 1784 902 1817 possible,
920 1783 980 1819 afin
994 1793 1047 1818 que
1067 1787 1147 1810 notre
1174 1792 1272 1810 œuvre

374 1826 573 1862 s’agrandisse
588 1831 615 1853 et
629 1827 723 1861 puisse
733 1831 787 1862 par
802 1837 832 1854 ce
847 1838 946 1863 moyen
955 1828 1093 1860 faciliter
1109 1827 1225 1855 nombre
1240 1828 1273 1855 de

374 1871 522 1906 mariages
538 1875 564 1898 et
572 1871 655 1904 faire
671 1871 697 1897 le
712 1873 778 1906 plus
802 1872 960 1899 d'heureux
975 1872 1111 1907 possible,
1128 1882 1178 1899 car
1206 1871 1273 1900 c'est

375 1926 430 1942 une
442 1916 532 1942 bonne
549 1915 645 1942 action
660 1925 713 1950 que
726 1926 796 1944 vous
804 1920 870 1950 fere
874 1927 891 1952 ^
920 1927 953 1944 en
982 1920 1163 1953 propageant
1194 1921 1274 1944 notre

374 1970 478 1993 œuvre,
496 1970 565 1987 vous
574 1969 644 1986 nous
664 1960 778 1996 aiderez
796 1962 874 1988 ainsi
889 1964 905 1988 à
921 1962 1086 1989 contribuer
1098 1972 1135 1988 au
1147 1962 1274 1989 bonheur

374 2005 421 2032 des
429 2005 566 2038 familles
580 2005 631 2039 qui
640 2005 763 2032 désirent
775 2011 890 2033 trouver
901 2016 940 2032 un
950 2010 1046 2041 époux
1056 2016 1091 2033 ou
1102 2017 1157 2033 une
1168 2010 1274 2041 épouse

374 2053 448 2084 pour
468 2050 546 2076 leurs
562 2051 684 2083 enfants,
703 2059 762 2076 aux
778 2060 882 2078 veuves
902 2061 940 2077 un
956 2051 1081 2084 soutien,
1112 2054 1128 2078 à
1149 2051 1269 2085 l'orphe¬

376 2094 420 2121 lin
435 2104 474 2121 un
481 2096 571 2129 foyer
586 2098 612 2120 et
627 2104 664 2120 au
679 2094 850 2122 relèvement
863 2096 896 2122 de
913 2096 941 2121 la
958 2096 1067 2122 France
1094 2096 1145 2130 qui
1172 2096 1272 2129 donne,

376 2143 431 2174 par
446 2140 487 2166 les
502 2140 646 2175 mariages
653 2140 785 2172 féconds,
802 2140 848 2166 des
864 2140 972 2166 soldats
987 2143 1003 2166 à
1020 2141 1048 2167 la
1065 2140 1167 2167 Patrie
1182 2145 1207 2167 et
1222 2141 1273 2175 qui

373 2186 439 2216 font
454 2184 501 2210 des
515 2186 631 2215 femmes
646 2183 679 2209 de
694 2183 798 2211 bonnes
808 2187 896 2211 mères
913 2185 945 2211 de
952 2185 1083 2217 famille.

413 2236 490 2264 C'est
504 2237 575 2264 dans
590 2247 622 2263 ce
636 2236 685 2263 but
699 2247 752 2271 que
767 2247 838 2264 nous
857 2247 947 2265 avons
952 2238 1048 2271 fondé
1063 2239 1093 2265 la
1107 2238 1122 2266 «
1136 2238 1275 2267 REVUE

376 2281 620 2309 MENSUELLE
636 2288 660 2308 ».

412 2335 497 2363 Nous
513 2345 547 2362 ne
562 2340 659 2362 tenons
675 2338 727 2369 pas
742 2345 798 2362 une
810 2345 919 2372 agence
932 2337 1145 2364 matrimoniale
1165 2341 1190 2363 et
1204 2347 1275 2364 nous

376 2390 411 2407 ne
426 2384 549 2414 prenons
563 2389 673 2406 aucune
687 2381 869 2407 commission
881 2390 931 2407 sur
948 2382 977 2408 la
995 2381 1049 2408 dot.
1086 2381 1171 2409 Voici
1198 2391 1275 2410 com¬

377 2429 451 2451 ment
467 2434 538 2451 nous
552 2425 706 2459 procédons
720 2435 726 2451 :

418 2478 495 2504 Vous
510 2487 581 2504 nous
601 2477 767 2512 indiquerez
780 2477 893 2505 d'abord
909 2483 988 2505 votre
1002 2481 1068 2515 âge,
1086 2484 1166 2507 votre
1180 2480 1275 2508 situa-

378 2523 476 2549 tionde
479 2525 612 2555 fortune,
621 2526 700 2549 votre
710 2523 881 2557 profession,
894 2524 1038 2557 votredot,
1047 2534 1095 2551 vos
1107 2527 1275 2559 espérances

378 2571 403 2593 et
418 2576 449 2593 ce
463 2576 517 2601 que
532 2566 602 2593 vous
630 2566 809 2594 désireet
837 2577 907 2594 nous
935 2577 1004 2595 vous
1034 2569 1198 2596 inscrivons
1226 2579 1277 2596 sur

378 2616 458 2638 notre
474 2611 551 2644 liste,
568 2614 640 2644 pour
653 2611 723 2638 trois
739 2612 820 2644 mois,
832 2615 886 2646 par
898 2622 954 2638 une
969 2622 1096 2639 annonce
1110 2623 1164 2648 que
1170 2614 1203 2649 je
1211 2615 1277 2647 fais

379 2656 540 2683 moi-même
554 2660 579 2682 et
595 2665 665 2681 nous
680 2665 750 2682 vous
762 2657 888 2683 donnons
904 2667 943 2683 un
955 2661 1070 2684 numéro
1072 2658 1189 2690 faisant
1201 2659 1277 2686 suite

379 2704 396 2727 à
411 2704 482 2727 cette
495 2709 632 2726 annonce.
650 2699 726 2727 C’est
740 2707 792 2735 par
806 2702 831 2728 le
845 2711 946 2735 moyen
962 2702 994 2728 de
1021 2711 1053 2728 ce
1080 2706 1195 2729 numéro
1225 2713 1278 2737 que

380 2754 451 2772 vous
466 2748 578 2779 pouvez
593 2744 798 2778 correspondre
811 2754 880 2771 avec
893 2749 955 2771 tous
967 2746 1007 2771 les
1023 2746 1146 2773 abonnés
1157 2747 1189 2773 de
1201 2752 1278 2775 notre

379 2789 456 2815 liste.

413 2841 543 2875 Lorsque
559 2849 630 2867 vous
644 2840 753 2867 désirez
768 2842 971 2875 correspondre
986 2851 1056 2869 avec
1066 2852 1104 2868 un
1120 2842 1228 2869 abonné
1252 2848 1278 2870 et

378 2895 432 2920 que
447 2894 517 2912 vous
533 2894 607 2919 ave%
622 2884 719 2910 choisi
733 2885 803 2911 dans
828 2886 857 2911 la
876 2885 1001 2913 Revue
1026 2886 1224 2915 Mensuelle
1252 2889 1278 2914 le

378 2929 458 2964 parti
472 2929 523 2963 qui
532 2938 601 2956 vous
610 2929 716 2962 piaille
722 2929 789 2963 plus
803 2930 880 2956 voici
894 2935 1031 2957 comment
1047 2940 1119 2957 vous
1125 2931 1261 2965 procédez
1270 2944 1277 2959 :

716 3016 906 3044 EXEMPLE
923 3030 929 3044 :

424 3087 537 3118 Jeune
554 3084 709 3123 homme,
736 3084 779 3116 30
800 3093 876 3123 ans,
899 3085 970 3117 très
998 3086 1091 3118 belle
1112 3086 1278 3120 situation

381 3131 470 3162 dans
490 3128 677 3168 industrie,
700 3134 844 3171 rapport
861 3130 902 3161 10
915 3130 931 3161 à
951 3130 1074 3162 12.000
1090 3131 1148 3171 fr.,
1163 3131 1279 3165 désire

382 3173 540 3215 mariage
561 3182 604 3205 en
626 3177 782 3214 rapport.
799 3192 841 3196 —
862 3174 982 3207 Ecrire
1002 3177 1042 3207 N-
1068 3175 1101 3207 2.

560 3236 605 3259 ou

426 3279 638 3312 Demoiselle
663 3279 707 3311 25
743 3289 819 3322 ans,
855 3280 1022 3313 situation
1056 3283 1100 3314 de
1137 3283 1279 3316 fortune

380 3325 505 3357 25.000
525 3324 656 3363 francs,
674 3327 741 3357 etc.
765 3343 806 3347 —
826 3325 946 3358 Ecrire
962 3326 1003 3357 N-
1028 3328 1060 3358 4.

425 3379 524 3410 Vous
536 3376 586 3409 lui
598 3376 733 3409 écrivez
747 3381 974 3411 vous-même
987 3388 1031 3411 ou
1049 3379 1151 3412 faites
1166 3379 1278 3414 écrire

381 3432 445 3464 par
466 3422 660 3464 quelqu’un
691 3421 735 3454 de
762 3425 859 3454 votre
885 3423 1032 3463 famille,
1062 3434 1104 3456 en
1136 3425 1279 3466 signant

381 3468 425 3500 de
445 3470 545 3499 votre
562 3466 723 3504 numéro,
741 3470 774 3498 et
790 3476 877 3498 vous
892 3470 1017 3499 mettez
1033 3477 1093 3500 sur
1108 3469 1278 3503 l’adresse

381 3511 550 3544 cachetée
567 3513 601 3543 et
612 3509 757 3542 timbrée
771 3511 804 3542 le
818 3511 966 3544 numéro
980 3512 1022 3544 de
1037 3513 1069 3544 la
1085 3523 1275 3555 personne,

381 3556 569 3588 deuxième
590 3554 799 3596 enveloppe,
822 3564 908 3587 avec
928 3565 986 3588 ces
998 3557 1171 3599 quelques
1188 3563 1278 3591 mots

382 3610 443 3632 sur
454 3609 521 3632 une
534 3602 631 3631 carte
646 3608 690 3630 ou
705 3607 748 3630 un
763 3599 847 3631 bout
860 3600 902 3631 de
912 3600 1036 3641 papier
1046 3601 1133 3633 ainsi
1147 3603 1276 3636 libellé:

383 3657 401 3674 «
419 3644 600 3676 Monsieur
617 3652 661 3675 ou
676 3644 851 3681 Madame,
865 3653 910 3675 ou
924 3645 1191 3678 Mademoiselle
1203 3649 1276 3680 X...

383 3689 495 3730 (votre
520 3697 603 3720 nom
620 3690 653 3719 et
674 3690 770 3719 votre
792 3687 954 3730 numéro)
969 3688 1043 3730 prie
1063 3690 1225 3723 Madame
1245 3692 1279 3725 la

384 3732 574 3765 Directrice
596 3732 638 3763 de
656 3732 689 3763 la
705 3732 822 3764 Revue
831 3733 874 3764 de
896 3732 983 3765 faire
1004 3734 1168 3774 parvenir
1187 3738 1278 3769 cette

384 3778 486 3809 lettre
504 3777 522 3808 à
543 3776 590 3809 tel
611 3775 759 3808 numéro
781 3787 798 3806 »
816 3780 849 3808 et
866 3786 951 3808 vous
973 3778 1138 3811 cachetez
1155 3783 1188 3811 et
1200 3779 1278 3812 tim¬

382 3822 464 3853 brez
492 3823 583 3853 cette
620 3819 806 3853 deuxième
837 3821 1032 3862 enveloppe
1068 3822 1085 3854 à
1122 3824 1278 3865 laquelle

383 3875 470 3897 vous
492 3868 618 3896 mettez
635 3873 715 3896 mon
739 3865 895 3903 adresse,
918 3868 951 3897 et
976 3866 1124 3899 aussitôt
1158 3877 1276 3909 reçue,

384 3910 417 3951 je
438 3909 551 3941 défais
568 3910 600 3941 la
631 3909 804 3949 première
830 3910 1039 3951 enveloppe,
1071 3911 1215 3953 j’efface
1246 3914 1277 3946 le

384 3954 533 3985 numéro
556 3953 599 3985 de
621 3953 653 3984 la
673 3953 860 3985 deuxième
880 3957 914 3985 et
935 3958 1024 3985 mets
1045 3955 1213 3989 l’adresse
1235 3958 1278 3990 de

383 3998 417 4030 la
437 4006 615 4039 personne
631 4000 664 4028 et
682 3996 869 4039 réexpédie
886 3998 920 4029 la
937 3999 1049 4030 lettre.
1073 4000 1170 4032 Vous
1188 4010 1278 4041 pou¬

382 4051 444 4074 vez
460 4041 719 4082 correspondre
734 4051 820 4073 avec
832 4045 910 4073 tous
931 4051 995 4073 nos
1016 4043 1174 4076 abonnés
1196 4054 1279 4077 sans

385 4095 470 4118 vous
487 4085 575 4117 faire
592 4086 790 4117 connaître.
828 4086 874 4117 Ce
909 4086 997 4117 n’est
1030 4096 1096 4128 que
1136 4088 1279 4130 lorsque

384 4139 471 4162 vous
490 4138 595 4161 aurez
616 4129 678 4160 fait
698 4133 795 4161 votre
816 4129 934 4168 choix,
970 4140 1038 4171 que
1076 4141 1164 4164 vous
1192 4142 1278 4166 vous

384 4175 521 4207 donnez
544 4173 813 4206 mutuellement
829 4177 927 4206 votre
948 4175 1118 4209 véritable
1134 4177 1279 4210 adresse

384 4222 419 4251 et
439 4227 508 4261 que
542 4227 629 4250 vous
667 4226 753 4249 vous
793 4218 964 4260 ménagez
1002 4228 1071 4252 une
1109 4225 1279 4255 entrevue

384 4272 474 4306 pour
491 4262 635 4295 décider
654 4262 698 4293 de
714 4264 812 4294 votre
832 4266 917 4295 sort.

419 4361 458 4387 Le
473 4360 544 4395 prix
574 4359 607 4385 de
618 4362 697 4385 notre
725 4358 911 4385 abonnement
941 4363 981 4385 est
1006 4360 1040 4386 de
1061 4365 1152 4389 trente
1175 4366 1280 4397 francs

381 4409 455 4440 pour
482 4404 553 4432 trois
569 4404 639 4430 mois
667 4407 692 4429 et
711 4404 864 4437 cinquante
867 4406 973 4436 francs
997 4408 1069 4438 pour
1092 4407 1141 4433 six
1165 4407 1235 4434 mois
1254 4413 1280 4435 et

383 4459 452 4476 vous
464 4459 534 4476 avez
544 4449 619 4475 droit
635 4450 650 4474 à
666 4449 724 4474 être
738 4447 841 4474 inscrit
856 4448 1062 4483 gratuitement
1076 4459 1127 4477 sur
1142 4461 1186 4477 ma
1202 4452 1278 4480 liste.

424 4494 502 4521 Vous
519 4503 612 4528 voye%
627 4491 743 4527 qu'avec
757 4496 829 4518 celte
845 4493 975 4526 modique
987 4503 1100 4526 somme,
1119 4505 1187 4522 vous
1203 4500 1279 4530 pou¬

384 4548 434 4566 vez
446 4548 515 4566 vous
531 4537 646 4569 marier,
660 4545 728 4563 sans
743 4537 826 4563 avoir
841 4539 858 4562 à
882 4539 982 4570 passer
1009 4541 1064 4572 par
1080 4539 1127 4565 des
1156 4549 1279 4575 agences

383 4583 434 4617 qui
448 4593 477 4609 se
490 4586 554 4615 font
569 4591 665 4609 verser
679 4580 815 4608 d’avance
829 4581 861 4606 de
875 4588 988 4614 grosses
1003 4583 1169 4615 provisions
1189 4588 1215 4610 et
1230 4586 1279 4619 qui

384 4631 557 4661 escomplent
571 4627 604 4652 de
618 4634 733 4661 grosses
750 4625 956 4657 commissions,
987 4628 1059 4659 pour
1080 4627 1224 4655 n’arriver
1253 4631 1279 4656 le

383 4673 451 4706 plus
465 4675 585 4698 souvent
601 4671 617 4697 à
632 4679 726 4696 aucun
741 4670 872 4696 résultat.
897 4669 980 4696 Nous
1008 4670 1126 4697 n’avons
1156 4672 1220 4699 rien
1248 4675 1280 4700 de

383 4725 514 4742 commun
531 4725 601 4742 avec
617 4716 657 4741 les
673 4723 804 4749 agences,
822 4723 872 4740 car
888 4723 959 4740 nous
975 4723 1008 4740 ne
1023 4718 1146 4748 prenons
1170 4726 1281 4745 aucune

383 4761 566 4787 commission
581 4769 631 4786 sur
647 4760 676 4785 la
692 4758 746 4786 dot.
775 4758 817 4786 Un
847 4758 968 4784 modeste
995 4758 1182 4787 abonnement
1208 4771 1279 4789 nous

387 4811 445 4830 se-1
459 4805 492 4829 de
502 4805 655 4838 paiement.

419 4848 578 4882 Lorsqu’un
596 4848 704 4875 abonné
717 4848 785 4875 s'est
790 4847 891 4882 fiancé
906 4851 933 4873 et
943 4847 1017 4881 qu’il
1033 4847 1076 4874 n’a
1093 4849 1161 4882 plus
1183 4849 1279 4878 besoin

381 4892 415 4918 de
426 4896 504 4918 notre
515 4902 611 4926 revue,
625 4893 649 4919 il
665 4901 735 4919 nous
747 4893 773 4919 le
783 4893 839 4924 fait
849 4892 947 4918 savoir
958 4890 1016 4925 afin
1029 4901 1081 4926 que
1093 4903 1163 4919 nous
1174 4904 1279 4928 rayons

381 4945 433 4962 son
448 4945 576 4963 annonce
589 4940 661 4971 pour
677 4946 710 4962 ne
723 4939 775 4972 pas
781 4937 865 4970 faire
879 4937 1082 4970 correspondre
1096 4938 1279 4967 inutilement

384 4989 434 5006 nos
449 4980 586 5007 abonnés.

422 5023 494 5050 Tout
510 5024 618 5051 abonné
632 5024 692 5051 doit
704 5025 840 5060 répondre
857 5027 873 5051 à
888 5028 979 5051 toutes
995 5024 1036 5051 les
1060 5026 1157 5053 lettres
1170 5028 1220 5061 qui
1235 5028 1280 5056 lui

383 5072 445 5095 sont
461 5068 604 5096 adressées
619 5070 626 5102 ;
643 5070 672 5095 la
688 5070 822 5103 politesse
838 5069 954 5104 l’exige,
985 5078 1018 5095 ne
1025 5071 1143 5102 fussent
1171 5082 1224 5106 que
1234 5082 1278 5101 ces

384 5113 454 5140 trois
473 5122 508 5139 ou
519 5117 620 5147 quatre
634 5117 704 5139 mots
714 5111 719 5140 :
737 5112 855 5146 Inutile,
866 5117 928 5140 tous
941 5122 998 5139 mes
1008 5119 1130 5150 regrets.
1142 5116 1173 5143 —
1185 5116 1278 5144 N'...»

1365 1360 1463 1392 Pour
1471 1362 1595 1392 toutes
1607 1360 1858 1392 lesannonces
1870 1361 2048 1400 ci-après,
2058 1360 2222 1391 s’adres¬

1326 1418 1391 1441 ser
1408 1411 1428 1440 à
1455 1410 1623 1440 Madame
1641 1409 1759 1441 Veuve
1777 1409 1989 1449 CHABAUD,
2015 1410 2220 1441 Directrice

1326 1459 1369 1489 de
1385 1458 1417 1488 la
1440 1459 1459 1475 “
1478 1458 1600 1489 Revue
1619 1458 1820 1490 Mensuelle

1365 1536 1478 1565 Veuve
1494 1536 1532 1565 43
1547 1543 1619 1570 ans,
1634 1543 1712 1565 sans
1725 1536 1852 1571 enfant,
1868 1535 2004 1566 fortune
2020 1536 2152 1565 280.000
2167 1537 2221 1572 tr.,

1327 1583 1473 1606 revenus
1489 1575 1601 1605 20.000
1617 1575 1657 1605 fr.
1672 1583 1733 1613 par
1757 1583 1810 1610 an,
1835 1576 2033 1613 épouserait
2050 1578 2224 1606 monsieur

1328 1619 1428 1654 ayant
1439 1616 1524 1653 jolie
1540 1616 1701 1646 situation
1718 1623 1761 1645 ou
1778 1615 1924 1646 fortune.
1943 1632 1961 1638 -
1976 1617 2017 1646 N-
2033 1616 2122 1646 2100.

1367 1682 1547 1721 Disposant
1577 1683 1653 1712 d’un
1671 1681 1800 1712 certain
1817 1682 1940 1721 capital
1966 1684 2003 1720 je
2030 1683 2224 1712 m’intéres¬

1327 1722 1418 1752 serai
1433 1724 1452 1752 à
1468 1722 1587 1752 affaire
1599 1722 1754 1752 sérieuse
1770 1724 1789 1752 à
1803 1722 1922 1753 lancer
1935 1726 2084 1761 pouvant
2093 1723 2224 1752 donner

1327 1770 1407 1800 gros
1422 1762 1605 1792 bénéfices.
1623 1762 1649 1791 Il
1666 1770 1709 1792 ne
1721 1769 1797 1792 sera
1807 1763 1960 1799 répondu
1969 1764 2092 1800 qu’aux
2104 1763 2223 1793 leltres

1328 1802 1553 1841 susceptibles
1570 1801 1801 1833 d’intéresser.
1818 1819 1837 1824 -
1852 1804 1894 1833 N°
1909 1803 1998 1833 4947.

1367 1880 1476 1908 Jeune
1498 1878 1635 1908 homme
1661 1879 1697 1907 31
1716 1886 1786 1915 ans,
1806 1879 2024 1915 cultivateur,
2043 1879 2098 1909 dot
2115 1879 2225 1908 15.000

1330 1919 1369 1948 fr.
1387 1921 1421 1948 et
1437 1918 1559 1956 petites
1576 1920 1793 1956 espérances,
1810 1919 2009 1958 épouserait
2025 1920 2224 1949 demoiselle

1329 1966 1371 1988 ou
1388 1966 1497 1988 veuve
1514 1960 1730 1988 connaissant
1760 1959 1791 1989 la
1814 1961 1948 1990 culture
1965 1967 2007 1989 ou
2033 1962 2134 1997 ayant
2150 1967 2225 1998 pro¬

1328 1998 1437 2037 priété
1454 1999 1473 2028 à
1488 1998 1668 2037 exploiter.
1686 2015 1695 2020 -
1711 2000 1756 2029 N°
1770 2000 1858 2029 4948.

1370 2074 1530 2113 Employé
1547 2074 1604 2104 des
1621 2075 1772 2104 douanes
1789 2075 1998 2108 célibataire,
2008 2076 2047 2104 28
2060 2083 2131 2111 ans,
2147 2076 2226 2105 trai¬

1331 2117 1459 2144 tement
1484 2115 1576 2145 5.100
1599 2114 1653 2148 fr.,
1679 2114 1843 2153 physique
1873 2116 2046 2153 agréable,
2073 2115 2224 2150 sérieux,

1331 2155 1528 2194 épouserait
1547 2156 1653 2193 jeune
1681 2155 1749 2185 fille
1762 2155 1858 2194 jolie,
1880 2155 2042 2190 honnête,
2067 2156 2170 2191 aisée,
2189 2157 2226 2185 18

1330 2196 1348 2224 à
1363 2196 1401 2224 25
1418 2203 1488 2224 ans.
1501 2211 1514 2217 -
1530 2197 1571 2226 N°
1585 2196 1673 2225 4949.

1369 2270 1570 2301 Célibataire
1598 2272 1636 2300 44
1665 2279 1736 2306 ans,
1764 2271 1876 2302 bonne
1913 2274 2020 2308 santé,
2063 2272 2225 2302 situation

1330 2311 1440 2340 25.000
1468 2311 1523 2343 fr.,
1568 2312 1765 2350 épouserait
1800 2312 1998 2342 demoiselle
2035 2320 2078 2342 ou
2118 2321 2226 2342 veuve

1331 2352 1453 2381 femme
1469 2351 1680 2387 d’intérieur,
1704 2351 1864 2382 situation
1894 2359 1936 2382 en
1957 2355 2108 2391 rapport.
2139 2369 2157 2374 -
2185 2353 2227 2382 N°

1329 2392 1417 2421 4951.

1370 2467 1529 2506 Employé
1570 2469 1741 2500 P.-L.-M.,
1776 2469 1813 2497 28
1841 2475 1912 2503 ans,
1943 2468 2001 2497 400
2036 2476 2099 2507 par
2127 2469 2224 2503 mois,

1331 2508 1526 2544 épouserait
1541 2507 1746 2537 institutrice
1763 2515 1804 2538 ou
1820 2515 1994 2546 personne
2011 2511 2110 2546 ayant
2126 2509 2227 2538 situa¬

1331 2547 1412 2583 tion,
1432 2549 1554 2577 femme
1571 2547 1783 2584 d’intérieur,
1801 2552 1901 2585 ayant
1918 2548 1984 2578 dot.
2006 2564 2024 2570 -
2040 2550 2082 2579 N°
2096 2549 2184 2579 4952.

1370 2623 1512 2653 Divorcé
1529 2625 1546 2653 à
1563 2630 1623 2653 son
1639 2623 1751 2662 profit,
1769 2632 1894 2662 garçon
1920 2625 1956 2654 13
1972 2633 2043 2660 ans,
2062 2633 2139 2654 sans
2156 2625 2228 2655 for¬

1334 2666 1426 2698 tune,
1445 2663 1557 2693 désire
1573 2665 1724 2701 mariage
1740 2672 1821 2695 avec
1839 2672 1956 2701 veuve,
1975 2665 2172 2695 demoiselle
2184 2673 2227 2695 ou

1333 2703 1501 2733 divorcée.
1525 2719 1542 2725 -
1564 2704 1606 2733 N°
1620 2704 1710 2733 4953.

1369 2770 1479 2799 Jeune
1495 2770 1630 2799 homme
1659 2771 1698 2798 28
1722 2778 1794 2804 ans,
1817 2771 1985 2806 orphelin,
2009 2772 2102 2804 avoir
2116 2772 2230 2801 35.000

1333 2808 1386 2842 fr.,
1425 2808 1642 2843 automobile,
1679 2812 1827 2846 gagnant
1857 2810 1948 2839 1.000
1970 2810 2010 2839 fr.
2042 2819 2103 2847 par
2129 2811 2227 2845 mois,

1333 2847 1529 2885 épouserait
1557 2847 1755 2878 demoiselle
1785 2857 1827 2879 ou
1845 2858 1950 2879 veuve
1967 2851 2037 2879 très
2063 2850 2226 2885 honnête,

1333 2890 1432 2924 ayant
1448 2887 1622 2918 situation.
1642 2904 1660 2909 -
1681 2889 1824 2919 N°4954.

1370 2955 1480 2984 Jeune
1497 2954 1632 2984 homme
1647 2955 1684 2983 31
1702 2963 1775 2989 ans,
1800 2956 1961 2986 situation
1978 2957 2089 2986 12.000
2108 2956 2149 2986 fr.
2166 2965 2228 2994 par

1333 3002 1386 3029 an,
1406 2994 1517 3023 désire
1534 3002 1704 3032 personne
1720 2995 1852 3034 simple,
1866 2997 2036 3034 agréable.
2053 3013 2065 3018 -
2080 2998 2109 3027 N
2114 3006 2120 3012 -
2139 2997 2227 3027 4955.

1374 3060 1550 3090 Monsieur
1564 3062 1644 3091 veuf
1658 3069 1736 3091 sans
1754 3064 1880 3097 enfant,
1896 3063 1934 3092 46
1951 3071 2023 3096 ans,
2045 3064 2230 3102 possédant

1334 3102 1419 3138 petit
1443 3109 1636 3131 commerce
1664 3103 1833 3139 agréable,
1859 3103 2013 3133 s’unirait
2024 3105 2042 3133 à
2057 3111 2229 3142 personne

1334 3141 1373 3170 36
1398 3143 1415 3170 à
1431 3141 1470 3170 40
1483 3150 1555 3175 ans,
1579 3140 1800 3177 affectueuse,
1818 3143 1986 3179 divorcée,
2010 3147 2110 3182 ayant
2125 3144 2231 3174 10.000

1336 3182 1376 3210 fr.
1390 3197 1408 3202 -
1423 3182 1463 3210 N-
1481 3182 1569 3211 4957.

1374 3247 1614 3278 Sous-officier
1651 3257 1694 3278 en
1730 3250 1883 3285 retraite,
1924 3251 1963 3279 38
1993 3258 2065 3284 ans,
2102 3259 2231 3281 revenu

1335 3288 1446 3317 12.000
1467 3287 1507 3317 fr.
1539 3297 1600 3326 par
1628 3297 1682 3323 an,
1715 3290 1912 3327 épouserait
1941 3291 2139 3320 demoiselle
2186 3299 2229 3321 ou

1333 3335 1445 3358 veuve
1460 3330 1561 3366 ayant
1577 3329 1643 3364 dot,
1658 3330 1696 3358 25
1712 3330 1729 3358 à
1744 3330 1783 3359 38
1798 3338 1870 3360 ans.
1888 3347 1899 3352 -
1914 3332 1957 3361 N‘
1978 3331 2070 3360 4958.

1373 3422 1482 3451 Jeune
1512 3422 1648 3452 homme
1662 3422 1700 3452 25
1717 3430 1788 3458 ans,
1813 3423 1926 3453 bonne
1944 3424 2084 3458 famille,
2102 3423 2229 3458 Suisse,

1335 3461 1537 3499 catholique,
1555 3463 1710 3492 sérieuse
1738 3463 1912 3499 situation,
1944 3465 2140 3501 épouserait
2169 3465 2230 3493 de¬

1334 3501 1488 3531 moiselle
1517 3510 1559 3532 ou
1590 3511 1696 3532 veuve
1723 3501 1945 3539 affectueuse,
1968 3504 2092 3534 femme
2109 3504 2231 3534 d’inté¬

1334 3540 1438 3571 rieur.
1456 3557 1473 3563 -
1489 3542 1529 3571 N-
1546 3542 1634 3572 4959.

1373 3608 1576 3638 Célibataire
1604 3610 1642 3639 38
1672 3617 1743 3642 ans,
1771 3611 1865 3640 avoir
1880 3611 1992 3641 40.000
2009 3612 2050 3640 fr.
2072 3611 2149 3649 gain
2168 3619 2231 3641 an¬

1335 3648 1425 3682 nuel,
1445 3648 1554 3678 10.000
1566 3650 1606 3678 fr.
1624 3650 1707 3679 dans
1723 3657 1915 3681 commerce
1932 3651 2103 3689 agréable,
2122 3653 2231 3689 épou¬

1335 3689 1440 3718 serait
1454 3696 1626 3727 personne
1649 3690 1837 3720 honorable
1855 3695 1955 3728 ayant
1971 3692 2037 3721 dot.
2055 3708 2067 3713 -
2081 3692 2121 3722 N-
2139 3692 2228 3722 4960.

1372 3764 1608 3794 Sous-officier
1623 3766 1664 3795 de
1680 3766 1845 3801 carrière,
1863 3766 2022 3803 aviation,
2048 3767 2086 3796 29
2103 3775 2174 3802 ans,
2194 3767 2230 3796 10

1334 3812 1394 3833 ans
1433 3804 1474 3833 de
1510 3805 1653 3840 service,
1684 3806 1881 3836 économies
1909 3807 2002 3836 7.000
2031 3807 2084 3840 fr.,
2116 3807 2229 3836 désire

1334 3844 1496 3874 relations
1526 3853 1612 3882 pour
1636 3846 1741 3876 union
1779 3854 1860 3876 avec
1882 3848 1989 3884 jeune
2019 3847 2087 3877 fille
2104 3848 2141 3876 18
2157 3848 2174 3877 à
2190 3847 2230 3876 26

1334 3892 1406 3919 ans,
1423 3892 1484 3922 pas
1501 3885 1640 3915 sérieux
1657 3886 1848 3916 s’abstenir.
1871 3903 1888 3908 -
1904 3887 1945 3916 N-
1967 3887 2057 3917 4961.

1372 3960 1538 3996 Adjudant
1549 3961 1649 3998 génie
1664 3962 1699 3990 31
1718 3969 1790 3996 ans,
1808 3962 1902 3992 solde
1917 3962 2106 3992 mensuelle
2117 3962 2176 3992 537
2185 3963 2226 3993 fr.

1334 3998 1444 4028 bonne
1461 4000 1654 4034 éducation,
1672 4002 1828 4031 médaille
1859 4002 2030 4035 militaire,
2062 4003 2158 4032 croix
2187 4003 2228 4031 de

1334 4046 1470 4075 guerre,
1487 4040 1507 4068 2
1520 4040 1716 4075 citations,4
1730 4042 1905 4071 médailles
1921 4042 2100 4072 deuxième
2112 4043 2227 4079 ordre,

1334 4078 1445 4107 désire
1461 4079 1612 4116 mariage
1634 4088 1675 4109 en
1688 4084 1838 4119 rapport.
1859 4098 1866 4103 -
1882 4084 1922 4113 N'
1947 4083 2036 4112 4962.

1373 4144 1517 4175 Divorcé
1545 4146 1632 4176 suite
1661 4147 1701 4177 de
1717 4155 1854 4184 guerre,
1871 4149 1910 4177 39
1926 4156 1997 4184 ans,
2016 4148 2084 4178 fille
2104 4150 2139 4178 12
2152 4157 2225 4185 ans,

1336 4187 1434 4220 ayant
1460 4185 1522 4222 joli
1551 4187 1655 4221 avoir,
1687 4189 1756 4217 très
1794 4188 1997 4221 affectueux,
2033 4190 2229 4227 épouserait

1335 4224 1532 4255 demoiselle
1548 4233 1591 4256 ou
1607 4235 1714 4257 veuve
1730 4235 1773 4258 ou
1787 4228 1943 4258 divorcée
1954 4232 2053 4266 ayant
2069 4229 2228 4259 situation

1335 4272 1375 4293 en
1393 4270 1543 4303 rapport.
1560 4282 1578 4288 -
1587 4268 1626 4297 N'
1643 4267 1732 4296 4963.

1371 4332 1480 4361 Jeune
1497 4333 1655 4364 militaire
1672 4334 1794 4364 faisant
1807 4343 1866 4364 son
1892 4335 2024 4365 service
2041 4343 2082 4364 au
2100 4337 2226 4371 Maroc,

1334 4372 1371 4400 22
1387 4380 1458 4406 ans,
1468 4372 1556 4402 belle
1573 4374 1742 4409 situation,
1762 4375 1815 4405 dot
1832 4375 1940 4405 20.000
1955 4375 1993 4404 fr.
2020 4376 2113 4405 avoh'
2127 4377 2228 4414 après

1334 4416 1483 4449 parents,
1509 4415 1707 4451 épouserait
1722 4415 1921 4445 demoiselle
1936 4418 2037 4453 ayant
2066 4416 2227 4445 situation

1334 4459 1376 4480 en
1392 4458 1542 4490 rapport.
1558 4469 1576 4474 -
1591 4455 1731 4484 N-4964.

1373 4519 1537 4548 Brunette
1559 4521 1598 4549 22
1621 4529 1693 4556 ans,
1725 4522 1854 4555 artiste,
1881 4522 2047 4557 sérieuse,
2068 4522 2229 4552 situation

1336 4557 1425 4587 1.000
1440 4557 1480 4587 fr.
1499 4567 1560 4595 par
1576 4562 1671 4594 mois,
1689 4563 1884 4592 économies
1901 4562 1918 4591 4
1933 4562 1991 4592 000
2010 4563 2047 4591 fr.
2068 4565 2102 4592 et
2118 4562 2228 4592 mobi¬

1336 4597 1409 4632 lier,
1438 4601 1644 4636 espérances
1661 4603 1760 4639 après
1778 4604 1870 4640 père,
1902 4601 2099 4640 épouserait
2123 4604 2229 4639 jeune

1334 4636 1468 4668 homme
1485 4639 1580 4677 d’âge
1597 4644 1629 4670 et
1646 4641 1806 4672 situation
1823 4650 1863 4671 en
1877 4645 2028 4681 rapport.
2045 4658 2063 4663 -
2080 4643 2118 4672 N’
2138 4643 2227 4672 4965.

1374 4705 1576 4735 Demoiselle
1605 4708 1643 4737 29
1668 4716 1740 4742 ans,
1771 4716 1849 4737 sans
1865 4716 2069 4743 commerce,
2088 4711 2230 4746 épouse¬

1335 4744 1400 4773 rait
1414 4753 1539 4781 garçon
1556 4746 1617 4784 âge
1634 4756 1676 4777 en
1693 4754 1843 4784 rapport,
1870 4749 1910 4778 de
1925 4749 2047 4778 beauté
2076 4749 2227 4786 exquise,

1336 4785 1430 4813 avoir
1446 4785 1575 4815 100.000
1591 4787 1630 4815 fr.
1647 4796 1689 4818 ou
1707 4787 1897 4818 s’abstenir.
1921 4805 1939 4810 -
1955 4789 1982 4818 N
1992 4798 1997 4803 -
2020 4789 2107 4818 4966.

1373 4850 1394 4878 S
1408 4851 1668 4884 )us-lieutenant
1682 4854 1864 4884 infanterie
1881 4856 2060 4886 coloniale,
2079 4855 2226 4888 divorcé,

1333 4890 1371 4918 32
1386 4898 1458 4923 ans,
1484 4891 1583 4927 brun,
1614 4895 1808 4924 épouserait
1832 4896 1933 4930 jeune
1959 4895 2038 4928 fille,
2063 4903 2168 4924 veuve
2184 4901 2228 4924 ou

1335 4929 1506 4965 divorcée,
1522 4933 1560 4961 25
1577 4936 1593 4962 à
1615 4934 1655 4963 30
1671 4942 1742 4968 ans,
1761 4934 1913 4972 échange
1929 4935 2228 4972 renseignements

1334 4971 1367 4998 et
1382 4970 1485 5008 photo
1501 4980 1654 5010 prenrer
1669 4974 1835 5004 courrier.
1852 4990 1870 4995 -
1893 4976 1921 5005 N
1951 4975 2039 5004 4967.

1374 5036 1485 5067 Mutilé
1503 5038 1543 5068 de
1559 5047 1685 5076 guerre
1701 5042 1738 5070 42
1755 5049 1826 5076 ans,
1845 5042 1982 5071 ouvrier
1999 5049 2130 5078 maçon,
2149 5049 2227 5071 sans

1334 5074 1479 5113 fortune,
1509 5079 1620 5109 désire
1650 5089 1759 5111 veuve
1781 5082 1819 5111 de
1847 5089 1972 5119 guerre
1993 5082 2033 5110 30
2047 5082 2066 5110 à
2094 5081 2132 5110 45
2154 5089 2226 5115 ans,

1334 5115 1444 5145 même
1459 5125 1540 5148 avec
1556 5120 1682 5150 enfant.
1707 5122 1762 5150 -N
1770 5130 1776 5136 -
1794 5122 1882 5151 4968.

2317 1362 2521 1392 Demoiselle
2549 1363 2588 1392 28
2604 1371 2676 1400 ans,
2709 1364 2822 1395 bonne
2838 1365 2975 1404 fa/nille,
2993 1365 3072 1395 bien
3095 1374 3174 1397 sous

2277 1402 2353 1431 tous
2370 1406 2539 1441 rapports,
2572 1403 2628 1433 dot
2643 1407 2677 1433 et
2688 1404 2772 1442 jolie
2796 1405 2957 1435 situation
2982 1405 3022 1435 de
3039 1405 3175 1436 fortune

2279 1444 2379 1478 après
2396 1445 2546 1481 parents,
2558 1444 2755 1482 épouserait
2772 1446 2946 1476 monsieur
2960 1445 2999 1475 30
3014 1447 3032 1476 à
3047 1446 3085 1476 45
3101 1455 3174 1479 ans,

2278 1482 2428 1518 sérieux,
2458 1482 2547 1519 actif,
2571 1483 2753 1514 industriel
2783 1493 2827 1516 ou
2844 1489 3086 1523 commerçant.
3103 1503 3121 1509 -
3136 1488 3177 1518 N*

2278 1521 2366 1552 4970.

2319 1589 2478 1628 Employé
2489 1590 2528 1619 de
2541 1591 2690 1629 Banque,
2703 1592 2741 1621 28
2753 1599 2824 1626 ans,
2839 1592 2999 1622 situation
3011 1593 3172 1629 d’avenir,

2278 1628 2370 1659 6.000
2398 1629 2452 1665 fr.,
2483 1631 2592 1667 grand
2621 1639 2726 1666 cœur,
2745 1630 2950 1667 affectueux,
2975 1634 3173 1671 épouserait

2280 1669 2478 1700 demoiselle
2493 1670 2532 1700 20
2547 1672 2565 1700 à
2579 1671 2618 1700 25
2641 1679 2713 1706 ans,
2727 1671 2823 1708 jolie,
2847 1672 3051 1710 distinguée,
3075 1673 3176 1712 ayant

2278 1710 2373 1740 avoir
2388 1717 2432 1740 ou
2448 1718 2642 1741 commerce
2656 1711 2846 1750 papeterie.
2862 1729 2874 1734 -
2886 1713 2927 1743 N'
2943 1714 3033 1743 4971.

2318 1778 2426 1807 Jeune
2442 1777 2577 1807 homme
2592 1777 2632 1807 30
2653 1786 2725 1813 ans,
2748 1779 2966 1814 cordonnier,
2989 1789 3067 1810 sans
3104 1780 3177 1811 for¬

2280 1818 2372 1851 tune,
2404 1816 2516 1847 désire
2539 1819 2690 1856 mariage
2722 1826 2804 1848 avec
2832 1820 2935 1855 jeune
2959 1820 3028 1850 fille
3042 1822 3081 1850 24
3104 1823 3123 1851 à
3138 1821 3177 1851 30

2281 1863 2352 1886 ans.
2371 1873 2379 1878 -
2397 1858 2437 1887 N-
2455 1857 2544 1887 4972.

2320 1923 2409 1954 Veuf
2426 1924 2465 1953 59
2480 1932 2552 1959 ans,
2570 1924 2667 1961 libre,
2686 1925 2781 1955 avoir
2796 1926 2836 1957 50
2850 1927 2909 1957 000
2921 1927 2975 1964 fr.,
3003 1928 3081 1958 bien
3098 1935 3178 1958 sous

2282 1965 2356 1994 tous
2373 1964 2422 1994 les
2439 1967 2608 2003 rapports,
2639 1966 2837 2004 épouserait
2864 1976 3038 2006 personne
3052 1969 3091 1998 35
3107 1970 3124 1998 à
3141 1969 3179 1998 48

2281 2011 2352 2039 ans,
2370 2004 2542 2039 instruite,
2567 2008 2667 2042 ayant
2690 2005 2853 2038 situation
2868 2015 2910 2038 ou
2927 2009 3023 2038 avoir
3038 2016 3080 2039 en
3097 2017 3179 2047 rap¬

2281 2047 2369 2083 port.
2386 2060 2405 2066 -
2421 2046 2461 2075 N-
2480 2046 2569 2075 4973.

2321 2111 2526 2142 Lieutenant
2536 2113 2574 2141 38
2591 2121 2662 2147 ans,
2684 2113 2784 2149 brun,
2802 2116 2953 2150 sérieux,
2971 2115 3062 2151 actif,
3080 2123 3182 2154 pour¬

2282 2153 2347 2181 rait
2362 2152 2510 2189 prendre
2524 2161 2561 2182 sa
2577 2154 2718 2183 retraite
2735 2161 2823 2192 pour
2838 2163 2874 2185 se
2889 2155 2995 2185 livrer
3018 2164 3059 2186 au
3086 2163 3181 2186 com¬

2283 2199 2409 2226 merce,
2434 2192 2546 2222 désire
2562 2194 2666 2223 union
2684 2201 2766 2223 avec
2783 2195 2978 2226 demoiselle
2995 2204 3038 2226 ou
3060 2204 3178 2232 veuve,

2281 2232 2442 2262 situation
2455 2240 2498 2261 en
2513 2236 2665 2271 rapport.
2681 2249 2698 2255 -
2714 2235 2756 2264 N‘
2773 2234 2862 2266 4974.

2320 2298 2436 2328 Suisse
2452 2299 2490 2328 45
2502 2307 2574 2334 ans,
2587 2300 2680 2329 avoir
2696 2301 2806 2331 12.000
2822 2302 2874 2338 fr.,
2888 2302 3062 2334 cuisinier,
3074 2305 3176 2340 épou¬

2282 2338 2387 2368 serait
2413 2340 2520 2376 jeune
2562 2338 2631 2369 fille
2672 2339 2842 2378 française
2869 2350 2912 2373 ou
2942 2342 3011 2373 fille
3040 2343 3176 2379 d’hôtel,

2281 2377 2405 2407 femme
2419 2379 2627 2417 d’intérieur,
2642 2380 2721 2411 bien
2733 2389 2813 2412 sous
2830 2385 2904 2413 tous
2914 2383 2962 2413 les
2979 2386 3148 2420 rapports.
3167 2400 3179 2405 -

2281 2418 2321 2448 N-
2338 2419 2427 2448 4975.

2321 2495 2525 2525 Demoiselle
2562 2496 2601 2525 36
2637 2504 2708 2530 ans,
2753 2498 2918 2532 sérieuse,
2957 2497 3178 2535 affectueuse,

2283 2533 2406 2564 femme
2424 2535 2633 2571 d’intérieur,
2652 2536 2855 2575 catholique,
2873 2539 3038 2577 physique
3055 2541 3179 2577 agréa¬

2282 2573 2348 2610 ble,
2366 2576 2434 2607 dot,
2466 2575 2578 2605 désire
2595 2576 2745 2614 mariage
2763 2585 2844 2608 avec
2860 2579 3036 2609 monsieur
3050 2580 3089 2609 38
3105 2581 3124 2609 à
3139 2580 3176 2609 45

2283 2623 2355 2651 ans,
2373 2618 2474 2652 ayant
2490 2616 2663 2646 situation.
2680 2632 2698 2638 -
2714 2617 2743 2647 N
2749 2625 2755 2632 -
2772 2617 2859 2648 4976.

2322 2692 2431 2720 Jeune
2460 2691 2596 2721 homme
2625 2693 2664 2721 24
2688 2700 2759 2728 ans,
2792 2694 2942 2730 sérieux,
2967 2695 3123 2733 employé
3140 2695 3180 2725 de

2285 2731 2420 2761 chemin
2458 2732 2498 2760 de
2538 2730 2601 2767 fer,
2631 2735 2732 2769 ayant
2768 2734 2956 2772 propriété,
2984 2736 3182 2773 épouserait

2285 2770 2483 2800 demoiselle
2512 2779 2555 2801 ou
2571 2779 2679 2802 veuve
2695 2773 2733 2801 19
2749 2774 2769 2802 à
2782 2774 2822 2802 27
2843 2782 2915 2809 ans,
2944 2778 3044 2812 ayant
3072 2775 3178 2812 petite

2285 2808 2351 2838 dot,
2369 2826 2383 2831 -
2398 2811 2426 2839 N
2435 2819 2439 2824 -
2455 2811 2543 2839 4977.

2323 2886 2431 2914 Jeune
2440 2884 2509 2915 fille
2518 2886 2556 2915 29
2572 2894 2644 2921 ans,
2662 2888 2902 2924 représentant
2918 2889 2959 2919 de
2975 2896 3180 2924 commerce,

2286 2927 2388 2961 ayant
2402 2925 2589 2963 propriété,
2607 2926 2794 2956 cherchant
2806 2927 2976 2965 affection,
2986 2938 3023 2959 se
3039 2930 3182 2960 dévoue¬

2286 2965 2351 2994 rait
2380 2966 2398 2994 à
2421 2966 2527 3003 grand
2555 2965 2669 2996 blessé
2694 2967 2734 2996 de
2751 2975 2888 3004 guerre,
2913 2977 2956 2999 ou
2974 2972 2990 2998 à
3008 2970 3183 3000 monsieur

2287 3003 2456 3042 distingué
2485 3005 2634 3042 fortuné,
2665 3007 2893 3038 recherchant
2914 3009 3016 3046 appui
3032 3010 3150 3040 moral.
3169 3026 3183 3031 -

2286 3045 2326 3074 N-
2344 3045 2431 3074 4978.

2325 3121 2434 3151 Jeune
2451 3122 2688 3157 sous-officier,
2718 3123 2757 3152 26
2772 3131 2844 3159 ans,
2861 3125 3050 3155 secrétaire
3067 3125 3182 3156 d’état-

2287 3163 2408 3198 major,
2439 3162 2636 3200 épouserait
2658 3165 2765 3200 jeune
2781 3162 2849 3194 fille
2865 3165 3035 3201 instruite,
3052 3165 3183 3196 intelli¬

2287 3204 2401 3239 gente,
2419 3201 2481 3239 âge
2498 3210 2539 3232 en
2555 3205 2708 3241 rapport.
2724 3219 2736 3225 -
2753 3205 2782 3234 N
2786 3212 2792 3219 -
2810 3205 2898 3234 4980.

2325 3276 2499 3315 Capitaine
2514 3278 2636 3313 active,
2653 3279 2693 3308 34
2704 3287 2776 3315 ans,
2801 3287 2844 3310 au
2860 3282 2975 3311 Maroc
2991 3285 3183 3312 momenta¬

2285 3318 2436 3350 nément,
2448 3317 2560 3348 désire
2577 3320 2827 3357 correspondre
2838 3328 2923 3359 pour
2934 3322 3083 3360 mariage
3100 3330 3182 3352 avec

2282 3357 2389 3394 jeune
2405 3356 2473 3387 fille
2503 3358 2707 3396 catholique,
2736 3359 2848 3391 bonne
2864 3361 3002 3397 famille,
3021 3362 3182 3392 situation

2286 3403 2329 3426 en
2345 3400 2496 3435 rapport.
2513 3414 2532 3419 -
2546 3399 2587 3429 N'
2605 3399 2695 3429 4981.

2325 3474 2433 3502 Jeune
2449 3472 2586 3503 homme
2600 3474 2640 3503 24
2670 3482 2742 3510 ans,
2771 3475 2951 3506 industriel
2982 3485 3025 3507 au
3055 3479 3182 3513 Maroc,

2287 3512 2449 3543 situation
2466 3513 2577 3543 16.000
2592 3513 2646 3548 fr.,
2677 3516 2875 3552 épouserait
2897 3517 3095 3547 demoiselle
3113 3518 3149 3547 16
3164 3519 3183 3547 à

2285 3552 2323 3582 20
2340 3561 2412 3588 ans,
2430 3552 2592 3583 situation
2608 3562 2650 3584 en
2673 3558 2825 3593 rapport.
2842 3573 2853 3578 -
2868 3557 2908 3586 N-
2927 3558 3016 3587 4982.

2324 3634 2434 3662 Jeune
2463 3633 2598 3663 homme
2613 3634 2652 3663 23
2674 3642 2746 3669 ans,
2779 3635 2928 3666 sérieux,
2960 3637 3181 3674 agriculteur,

2287 3680 2364 3702 sans
2382 3673 2530 3707 fortune,
2548 3676 2756 3711 espérances
2780 3677 2880 3714 après
2897 3679 3048 3714 parents,
3079 3680 3182 3715 épou¬

2286 3714 2392 3742 serait
2420 3713 2618 3744 demoiselle
2648 3721 2690 3744 ou
2706 3722 2825 3750 veuve,
2844 3716 2881 3745 19
2896 3717 2914 3746 à
2929 3717 2967 3745 28
2983 3725 3055 3752 ans,
3080 3720 3182 3754 ayant

2286 3754 2391 3791 petite
2408 3753 2581 3784 situation.
2598 3770 2614 3776 -
2630 3755 2669 3784 N'
2688 3755 2777 3783 4983.

2324 3829 2527 3859 Célibataire
2541 3830 2581 3859 35
2597 3838 2669 3863 ans,
2699 3829 2949 3861 fonctionnaire
2979 3840 3021 3862 au
3049 3834 3176 3867 Maroc,

2284 3869 2445 3899 situation
2472 3870 2564 3899 9.000
2577 3869 2631 3904 fr.,
2650 3870 2763 3900 désire
2779 3871 2929 3909 mariage
2947 3880 3029 3901 avec
3046 3873 3177 3902 demoi¬

2284 3909 2368 3938 selle
2385 3917 2427 3939 ou
2443 3918 2550 3940 veuve
2566 3910 2604 3940 25
2620 3911 2638 3940 à
2653 3910 2692 3939 30
2708 3918 2779 3944 ans,
2797 3914 2899 3949 ayant
2915 3911 3075 3942 situation
3093 3920 3099 3948 ;
3117 3921 3177 3951 pas

2284 3947 2423 3979 sérieux
2438 3949 2627 3980 s’abstenir.
2645 3966 2663 3971 -
2679 3952 2707 3981 N
2713 3959 2719 3965 -
2736 3950 2825 3980 4984.

2324 4024 2526 4055 Demoiselle
2542 4026 2581 4055 35
2597 4034 2668 4062 ans,
2687 4026 2810 4056 femme
2828 4027 2870 4056 du
2892 4026 3025 4061 monde,
3042 4026 3177 4063 blonde,

2284 4063 2486 4102 distinguée,
2519 4066 2631 4095 désire
2660 4066 2764 4095 union
2782 4074 2862 4097 avec
2888 4067 3065 4096 monsieur
3079 4072 3180 4105 ayant

2283 4102 2371 4134 belle
2388 4106 2560 4136 situation.
2578 4123 2596 4128 -
2611 4107 2640 4136 N
2647 4115 2652 4120 -
2669 4106 2758 4135 4985.

2322 4180 2526 4211 Demoiselle
2554 4183 2593 4211 48
2618 4189 2688 4218 ans,
2717 4189 2794 4211 sans
2822 4181 3022 4219 profession,
3056 4181 3179 4212 femme

2284 4219 2494 4256 d’intérieur,
2506 4222 2617 4251 bonne
2628 4221 2818 4256 éducation,
2828 4221 2993 4259 physique
3003 4222 3175 4259 agréable,

2284 4260 2423 4298 capable
2437 4261 2478 4290 de
2495 4262 2731 4294 dévouement,
2741 4261 2937 4298 épouserait
2948 4263 3123 4292 monsieur
3136 4270 3178 4292 ou

2284 4301 2424 4330 retraité
2440 4304 2541 4338 ayant
2556 4302 2668 4331 bonne
2684 4300 2855 4330 situation.
2880 4317 2897 4322 -
2914 4302 2952 4331 N‘
2970 4301 3059 4331 4986.

2323 4378 2435 4406 Veuve
2450 4377 2488 4406 35
2505 4385 2577 4408 ans,
2595 4385 2672 4405 sans
2696 4375 2822 4408 enfant,
2841 4375 2999 4406 situation
3017 4378 3034 4405 7
3050 4377 3109 4407 000
3128 4378 3176 4413 fr.,

2284 4416 2478 4446 économies
2496 4416 2605 4446 10.000
2621 4416 2675 4451 fr.,
2692 4417 2860 4445 intérieur
2876 4416 3045 4452 agréable,
3077 4422 3179 4451 épou¬

2284 4456 2390 4486 serait
2405 4456 2581 4487 monsieur
2597 4459 2696 4494 ayant
2712 4455 2872 4485 situation
2890 4455 2979 4486 sûre.
2997 4472 3016 4478 -
3031 4459 3071 4488 N-
3088 4458 3176 4487 4987.

2323 4534 2431 4562 Jeune
2447 4532 2583 4561 homme
2595 4531 2714 4564 36ans,
2727 4529 2953 4567 propriétaire
2970 4533 3180 4569 agriculteur

2284 4572 2445 4602 situation
2461 4574 2612 4603 assurée,
2632 4569 2744 4599 désire
2764 4569 2849 4599 faire
2874 4574 3120 4602 connaissance
3137 4573 3176 4602 de

2285 4611 2482 4641 demoiselle
2512 4618 2553 4639 ou
2578 4617 2684 4639 veuve
2708 4610 2747 4639 25
2763 4612 2780 4639 à
2795 4610 2835 4639 30
2858 4619 2930 4645 ans,
2950 4613 3005 4649 qui
3023 4613 3179 4642 voudrait

2284 4652 2369 4681 aller
2393 4659 2434 4679 au
2464 4650 2606 4683 Canada,
2625 4650 2760 4679 fortune
2777 4657 2834 4681 pas
2851 4651 2971 4690 exigée
2994 4652 3078 4681 mais
3095 4659 3180 4681 con¬

2285 4691 2375 4720 duite
2398 4689 2655 4727 irréprochable
2669 4706 2682 4710 -
2703 4691 2730 4719 N
2737 4699 2742 4704 -
2768 4690 2855 4720 4988.

2322 4766 2431 4795 Jeune
2447 4765 2584 4794 homme
2599 4764 2770 4802 indigène,
2793 4765 2832 4796 23
2848 4775 2919 4801 ans,
2938 4766 3179 4804 propriétaire-

2285 4805 2499 4836 cultivateur,
2528 4805 2640 4833 bonne
2668 4805 2807 4842 famille,
2846 4807 3009 4836 demande
3027 4806 3177 4842 mariage

2280 4846 2387 4882 jeune
2401 4844 2471 4874 fille
2487 4845 2524 4873 18
2545 4846 2565 4874 à
2580 4845 2618 4874 25
2633 4853 2705 4879 ans,
2736 4849 2839 4883 ayant
2862 4847 3009 4880 fortune,
3028 4853 3178 4882 envoyer

2284 4885 2398 4923 photo.
2416 4900 2433 4905 -
2449 4885 2477 4914 N
2483 4893 2488 4898 -
2507 4884 2595 4914 4920.

2322 4961 2435 4989 Veuve
2463 4959 2635 4995 d’officier,
2654 4969 2730 4991 sans
2755 4961 2881 4997 enfant,
2898 4961 2937 4990 35
2953 4968 3024 4993 ans,
3041 4959 3176 4994 blonde,

2284 5000 2486 5037 distinguée,
2504 4999 2581 5030 bien
2597 5001 2868 5039 physiquement,
2892 5002 3014 5030 femme
3031 4999 3173 5033 d’ordre,

2282 5040 2375 5069 2.400
2392 5042 2431 5068 de
2445 5043 2570 5075 rentes,
2585 5041 2648 5079 joli
2670 5041 2849 5075 intérieur,
2868 5039 3062 5079 épouserait
3079 5046 3178 5068 mon¬

2284 5080 2377 5109 sieur
2394 5078 2597 5117 affectueux,
2615 5082 2742 5112 officier
2770 5089 2812 5111 ou
2829 5080 2987 5111 situation
3006 5086 3178 5109 convena¬

2284 5119 2348 5149 ble.
2364 5120 2405 5150 N-
2423 5120 2510 5149 4989.
