3536 5552
744 185 893 318 T~X
964 218 1060 319 P
1084 243 1156 320 a
1224 284 1264 328 ,

763 277 959 430 P,
1035 283 1264 411 J-i/i

915 404 973 463 -f

1507 353 1607 402 PRIX
1661 365 1669 404 :
1731 355 1827 404 50
1885 355 2080 405 Centimes

2615 362 2675 398 JL"
2722 361 2935 401 Juillet
2971 332 3230 407 àâM
3363 382 3372 409 ,

3093 466 3099 469 ■'
3140 466 3149 479 -
3161 460 3185 487 S
3198 466 3217 488 *:

415 493 1304 712 REVUE
1519 496 3168 721 MENSUELLE

689 753 880 811 Liste
909 753 1357 812 d’Annonces
1387 754 1961 814 Matrimoniales
1992 763 2057 815 et
2087 758 2533 818 d’Annonces
2564 763 2890 822 Diverses

422 847 555 887 (Fonds
594 847 639 879 de
680 856 906 888 commerce,
953 849 1146 888 industrie,
1187 851 1294 881 vente
1338 849 1608 889 d’immeubles,
1655 852 1822 892 location,
1862 852 2057 893 échange).
2167 851 2203 883 —
2307 852 2553 887 Paraissant
2588 854 2625 887 le
2662 855 2681 888 1
2686 862 2721 879 er
2754 856 2801 889 de
2844 858 2999 901 chaque
3033 859 3147 892 mois.

693 916 1006 955 LAbonnement
1020 920 1058 956 et
1075 918 1123 956 de
1142 917 1254 963 TRENTE
1276 916 1387 969 FRANCS
1402 930 1507 969 pour
1526 920 1624 957 trois
1644 922 1744 958 mois
1765 922 1804 959 et
1820 919 1981 978 CINQUANTE
2000 919 2111 972 FRANCS
2125 934 2232 972 pour
2248 924 2314 962 six
2333 924 2434 962 mois
2454 925 2640 964 donnant
2656 926 2762 965 droit
2781 930 2806 966 à
2826 940 2903 967 une

383 984 615 1034 inscription
632 985 809 1034 gratuite
828 995 899 1022 sur
917 996 982 1023 ma
1002 984 1092 1024 liste
1101 1007 1105 1019 .
1132 1007 1169 1012 —
1190 986 1260 1023 Les
1275 996 1477 1024 annonces
1490 988 1585 1024 sont
1605 986 1652 1025 de
1671 989 1809 1037 quatre
1830 990 1958 1038 lignes
1978 991 2209 1028 maximum.
2233 1013 2271 1017 —
2293 991 2333 1035 Le:
2349 989 2425 1048 ligne!
2441 991 2651 1049 supplémentaires
2667 995 2718 1039 sont
2733 1001 2819 1051 payées
2833 997 2847 1040 à
2862 995 2940 1042 raison
2957 996 2983 1042 de
2999 996 3011 1042 3
3028 996 3058 1043 fr.
3076 998 3099 1044 la
3116 997 3191 1057 ligne.

851 1049 948 1081 Pour
980 1049 1188 1090 l’Etranger
1205 1062 1210 1080 :
1240 1049 1262 1081 3
1296 1051 1400 1090 mois,
1430 1049 1483 1081 35
1512 1050 1656 1082 francs.
1698 1071 1737 1074 —
1778 1053 1802 1084 4
1828 1054 1932 1093 mois,
1949 1053 2001 1085 45
2032 1055 2176 1086 francs.
2224 1074 2262 1077 —
2306 1056 2329 1088 6
2357 1057 2462 1096 mois,
2502 1056 2553 1089 55
2582 1059 2725 1091 francs.

810 1117 991 1157 Adresser
1011 1118 1148 1158 Lettres
1164 1120 1198 1158 et
1218 1118 1396 1158 Mandats
1416 1120 1437 1158 à
1457 1119 1564 1158 Mme
1591 1119 1721 1159 Veuve
1753 1120 2022 1169 CHABAUD,
2046 1123 2247 1162 Directrice
2267 1123 2314 1163 de
2334 1124 2367 1165 la
2388 1125 2524 1166 Revue
2543 1128 2763 1167 Mensuelle

1368 1185 1448 1226 Rue
1467 1186 1738 1235 Sainte-Croix,
1758 1189 2001 1231 Montêlimar
2034 1190 2208 1241 (Drôme)

416 1316 507 1344 Notre
521 1326 618 1345 œuvre
633 1327 650 1345 a
664 1321 738 1352 pour
753 1319 800 1346 but
816 1319 849 1345 de
864 1319 947 1346 venir
960 1329 994 1346 en
1009 1320 1073 1346 aide
1083 1329 1142 1347 aux
1146 1320 1282 1354 familles

380 1362 431 1396 qui
444 1361 570 1388 désirent
583 1363 691 1389 marier
707 1363 785 1390 leurs
801 1366 925 1397 enfants,
943 1373 1003 1390 aux
1020 1374 1125 1392 veuves
1140 1365 1192 1400 qui
1206 1374 1279 1392 vou¬

381 1406 494 1433 draient
509 1416 538 1433 se
552 1407 701 1440 remarier,
718 1416 778 1434 aux
807 1408 957 1443 orphelins
987 1413 1013 1436 et
1041 1419 1101 1435 aux
1128 1410 1281 1436 messieurs

381 1450 432 1486 qui
446 1453 545 1478 révent
558 1451 592 1477 de
606 1460 636 1478 se
643 1451 751 1485 fonder
765 1462 804 1479 un
811 1455 910 1488 foyer,
924 1463 980 1480 une
987 1453 1119 1487 famille.
1280 1478 1291 1491 ,

416 1504 507 1532 Notre
522 1514 620 1532 œuvre
633 1515 698 1532 sera
718 1509 882 1541 approuvée
900 1510 955 1542 par
971 1511 1036 1534 tous
1065 1517 1115 1534 nos
1144 1508 1279 1538 abonnés,

384 1548 530 1584 lorsqu'ils
546 1555 669 1578 sauront
680 1549 767 1585 qu'ils
783 1555 908 1586 peuvent
924 1556 1040 1580 trouver
1063 1554 1154 1588 grâce
1170 1555 1187 1579 à
1202 1557 1282 1579 notre

381 1603 532 1627 concours,
549 1595 577 1621 le
590 1603 692 1630 moyen
705 1595 740 1622 de
753 1605 783 1623 se
788 1596 896 1623 marier
906 1597 988 1623 selon
999 1597 1076 1624 leurs
1090 1600 1189 1633 goûts,
1204 1598 1282 1624 leurs

384 1648 452 1666 vues
468 1643 493 1666 et
507 1639 586 1666 selon
603 1639 667 1666 leur
680 1640 837 1667 condition.

417 1691 500 1720 Nous
514 1692 615 1728 prions
631 1693 672 1720 les
687 1693 787 1721 Dames
803 1699 829 1721 et
845 1695 885 1722 les
900 1695 1058 1722 Messieurs
1082 1695 1116 1722 de
1136 1705 1208 1723 nous
1233 1705 1282 1722 en¬

383 1746 470 1771 voyer
486 1737 513 1764 le
526 1738 594 1772 plus
608 1737 760 1765 d’abonnés
774 1739 911 1774 possible,
929 1739 989 1775 afin
1004 1750 1056 1775 que
1075 1744 1155 1767 notre
1184 1750 1281 1767 œuvre

382 1781 580 1817 s’agrandisse
595 1786 622 1809 et
636 1783 731 1817 puisse
740 1786 795 1818 par
810 1793 841 1810 ce
856 1793 955 1819 moyen
963 1785 1103 1817 faciliter
1118 1785 1234 1812 nombre
1250 1785 1283 1812 de

383 1826 530 1863 mariages
546 1831 572 1853 et
578 1827 663 1860 faire
679 1828 705 1854 le
719 1828 787 1862 plus
811 1828 969 1856 d'heureux
984 1829 1120 1865 possible,
1137 1839 1188 1857 car
1216 1829 1283 1857 c'est

381 1880 437 1898 une
449 1871 538 1898 bonne
555 1871 652 1899 action
666 1882 719 1907 que
732 1882 803 1900 vous
810 1875 899 1909 fere\
927 1883 960 1900 en
989 1877 1170 1910 propageant
1202 1880 1282 1902 notre

381 1925 486 1948 œuvre,
503 1926 572 1944 vous
579 1925 650 1943 nous
671 1917 785 1952 aiderez
802 1918 882 1945 ainsi
896 1921 913 1945 à
928 1919 1093 1946 contribuer
1107 1929 1143 1946 au
1154 1920 1282 1947 bonheur

381 1960 428 1987 des
435 1962 572 1994 familles
586 1962 637 1996 qui
646 1962 771 1989 désirent
782 1967 899 1990 trouver
909 1973 948 1990 un
958 1967 1054 1998 époux
1064 1974 1100 1991 ou
1110 1974 1165 1992 une
1176 1968 1283 1999 épouse

381 2009 454 2040 pour
474 2006 551 2033 leurs
567 2008 690 2040 enfants,
709 2016 769 2034 aux
785 2017 889 2035 veuves
909 2017 949 2034 un
964 2009 1090 2041 soutien,
1121 2011 1138 2036 à
1157 2008 1280 2044 l'orphe¬

382 2050 426 2076 lin
441 2059 480 2076 un
487 2052 576 2086 foyer
591 2054 617 2077 et
632 2061 669 2077 au
684 2051 857 2079 relèvement
870 2052 903 2079 de
919 2053 948 2079 la
964 2053 1073 2080 France
1101 2054 1151 2088 qui
1179 2054 1279 2088 donne,

382 2098 436 2129 par
452 2095 493 2122 les
507 2095 651 2132 mariages
659 2097 792 2130 féconds,
808 2096 856 2123 des
870 2098 979 2124 soldats
995 2099 1012 2124 à
1027 2098 1056 2125 la
1070 2098 1174 2125 Patrie
1190 2103 1216 2125 et
1230 2100 1281 2133 qui

375 2141 445 2172 font
458 2139 506 2167 des
519 2142 636 2172 femmes
651 2141 685 2167 de
699 2140 803 2168 bonnes
814 2144 903 2168 mères
919 2142 952 2168 de
959 2143 1090 2175 famille.

419 2192 495 2220 C'est
510 2194 580 2220 dans
595 2203 627 2221 ce
641 2193 690 2221 but
704 2203 758 2229 que
773 2204 844 2222 nous
864 2204 953 2223 avons
960 2196 1054 2229 fondé
1070 2197 1100 2223 la
1115 2196 1128 2224 «
1144 2196 1197 2224 RE
1204 2196 1282 2224 VUE

381 2236 626 2266 MENSUELLE
641 2246 665 2265 ».

416 2291 502 2319 Nous
517 2301 552 2319 ne
566 2296 665 2319 tenons
680 2295 732 2327 pas
747 2302 803 2320 une
815 2302 925 2329 agence
937 2295 1152 2322 matrimoniale
1171 2300 1197 2322 et
1211 2305 1281 2324 nous

382 2345 416 2363 ne
430 2339 553 2370 prenons
567 2346 678 2364 aucune
692 2338 875 2365 commission
887 2348 938 2365 sur
954 2339 983 2365 la
1002 2339 1056 2366 dot.
1093 2339 1178 2367 Voici
1204 2350 1281 2368 com¬

381 2385 456 2407 ment
471 2390 541 2408 nous
554 2382 709 2416 procédons
724 2392 731 2409 :

421 2433 498 2461 Vous
513 2443 584 2461 nous
604 2434 771 2469 indiquerez
783 2434 897 2462 d'abord
913 2440 993 2464 votre
1007 2439 1073 2473 âge,
1091 2441 1171 2465 votre
1186 2439 1281 2466 situa-

381 2478 480 2505 tionde
482 2480 614 2513 fortune,
624 2484 703 2506 votre
712 2480 886 2515 profession,
898 2481 1042 2515 votredot,
1051 2491 1099 2509 vos
1112 2484 1280 2518 espérances

381 2527 406 2550 et
420 2532 452 2549 ce
466 2532 520 2557 que
534 2523 604 2551 vous
632 2524 812 2551 désireet
840 2534 912 2552 nous
939 2535 1009 2553 vous
1038 2526 1202 2555 inscrivons
1230 2537 1281 2555 sur

381 2572 461 2594 notre
477 2568 554 2602 liste,
570 2571 644 2601 pour
656 2569 728 2595 trois
743 2569 824 2602 mois,
836 2572 891 2604 par
902 2580 959 2596 une
973 2579 1101 2598 annonce
1115 2580 1168 2607 que
1175 2572 1209 2608 je
1216 2573 1282 2605 fais

381 2613 542 2640 moi-méme
555 2617 581 2639 et
596 2622 667 2640 nous
683 2622 753 2640 vous
765 2614 892 2641 donnons
908 2624 947 2641 un
959 2619 1074 2642 numéro
1075 2616 1195 2648 faisant
1206 2618 1283 2645 suite

382 2660 398 2684 à
413 2661 485 2684 cette
497 2666 633 2685 annonce.
652 2657 676 2685 C
686 2662 728 2684 est
740 2662 794 2694 par
808 2659 835 2685 le
849 2669 949 2694 moyen
964 2660 997 2686 de
1025 2670 1056 2687 ce
1084 2664 1199 2688 numéro
1229 2672 1281 2697 que

382 2711 452 2729 vous
468 2704 579 2736 pouvez
593 2703 801 2737 correspondre
813 2711 883 2730 avec
896 2707 957 2730 tous
970 2704 1011 2731 les
1027 2704 1150 2732 abonnés
1160 2706 1194 2733 de
1205 2711 1283 2734 notre

382 2746 458 2772 liste.

415 2798 544 2834 Lorsque
561 2808 631 2825 vous
645 2799 756 2826 désirez
770 2801 978 2835 correspondre'
989 2810 1058 2828 avec
1068 2811 1108 2828 un
1123 2803 1232 2829 abonné
1255 2808 1281 2831 et

380 2852 434 2877 que
448 2852 518 2870 vous
622 2843 720 2870 choisi
734 2843 805 2870 dans
830 2844 859 2870 la
879 2844 1004 2873 Revue
1029 2846 1227 2874 Mensuelle
1255 2848 1281 2874 le

379 2887 459 2921 parti
473 2887 524 2922 qui
531 2896 602 2914 vous
610 2887 717 2922 plaîtle
722 2889 790 2922 plus
803 2888 882 2915 voici
895 2894 1033 2917 comment
1048 2899 1122 2918 vous
1127 2892 1264 2926 procédez
1271 2904 1279 2918 :

716 2974 907 3004 EXEMPLE
924 2989 931 3003 :

422 3044 535 3074 Jeune
551 3041 707 3082 homme,
734 3041 778 3075 30
798 3051 876 3083 ans,
897 3044 969 3076 très
998 3045 1090 3078 belle
1112 3046 1279 3080 situation

381 3087 469 3119 dans
489 3086 677 3126 industrie,
698 3091 844 3129 rapport
861 3089 902 3120 10
914 3089 931 3121 à
950 3089 1073 3122 12.000
1089 3091 1146 3131 fr.,
1162 3092 1279 3125 désire

380 3130 538 3173 mariage
558 3140 602 3163 en
623 3136 779 3173 rapport.
798 3151 841 3155 —
860 3133 982 3166 Ecrire
1001 3136 1042 3167 N-
1066 3135 1100 3167 2.

557 3193 602 3216 ou

424 3236 636 3271 Demoiselle
662 3238 705 3270 25
742 3247 819 3281 ans,
854 3239 1022 3273 situation
1056 3242 1099 3274 de
1137 3243 1278 3277 fortune

379 3282 504 3314 25.000
522 3282 654 3322 francs,
672 3286 739 3315 etc.
763 3302 804 3306 —
824 3284 945 3317 Ecrire
961 3286 989 3317 N
997 3294 1003 3302 1
1027 3288 1059 3318 4.

424 3335 521 3367 Vous
534 3334 583 3367 lui
595 3334 730 3368 écrivez
746 3340 972 3371 vous-même
986 3348 1031 3372 ou
1049 3339 1149 3373 faites
1164 3341 1277 3374 écrire

379 3387 444 3421 par
463 3380 658 3421 quelqu’un
687 3381 732 3413 de
760 3386 858 3414 votre
883 3383 1032 3424 famille,
1060 3394 1104 3417 en
1134 3385 1278 3427 signant

379 3424 422 3456 de
443 3427 541 3456 votre
559 3425 720 3463 numéro,
738 3430 772 3458 et
787 3435 874 3459 vous
889 3431 1016 3460 mettez
1031 3438 1091 3462 sur
1108 3429 1277 3464 l’adresse

378 3467 547 3501 cachetée
563 3471 597 3501 et
608 3468 755 3502 timbrée
768 3470 801 3502 le
815 3472 964 3504 numéro
977 3473 1020 3505 de
1035 3473 1068 3505 la
1082 3483 1273 3516 personne,

378 3511 566 3545 deuxième
585 3513 796 3556 enveloppe,
818 3524 906 3548 avec
925 3526 984 3549 ces
996 3519 1169 3560 quelques
1185 3523 1277 3552 mots

379 3566 439 3588 sur
449 3565 517 3589 une
530 3560 628 3589 carte
642 3566 686 3589 ou
700 3567 745 3590 un
760 3559 845 3591 bout
857 3560 899 3593 de
909 3561 1033 3603 papier
1043 3563 1131 3596 ainsi
1143 3564 1274 3597 libellé:

380 3612 398 3630 «
415 3600 595 3633 Monsieur
613 3610 658 3633 ou
673 3603 849 3642 Madame,
863 3613 907 3637 ou
921 3606 1189 3640 Mademoiselle
1200 3610 1274 3642 X...

379 3644 492 3686 (votre
515 3654 598 3677 nom
614 3649 649 3678 et
669 3650 767 3679 votre
787 3649 951 3692 numéro)
966 3651 1041 3692 prie
1059 3652 1223 3685 Madame
1242 3654 1278 3686 la

379 3689 569 3722 Directrice
590 3690 634 3722 de
650 3690 684 3723 la
700 3691 817 3724 Revue
827 3693 870 3726 de
891 3694 979 3727 faire
1001 3697 1164 3737 parvenir
1184 3700 1275 3731 cette

379 3734 482 3766 lettre
499 3734 517 3766 à
537 3734 584 3766 tel
606 3735 755 3768 numéro
775 3748 794 3766 »
812 3740 846 3769 et
863 3747 948 3770 vous
968 3740 1134 3773 cachetez
1151 3745 1185 3774 et
1196 3741 1275 3775 tim¬

378 3778 460 3810 brez
487 3781 579 3810 cette
615 3779 803 3813 deuxième
833 3783 1030 3826 enveloppe
1064 3785 1082 3817 à
1120 3787 1276 3828 laquelle

379 3830 465 3853 vous
488 3825 613 3855 mettez
630 3833 711 3855 mon
735 3826 890 3865 adresse,
914 3830 947 3859 et
973 3829 1121 3862 aussitôt
1154 3840 1273 3871 reçue,

378 3865 412 3908 je
434 3865 545 3898 défais
563 3866 596 3898 la
626 3868 800 3909 première
826 3872 1036 3915 enveloppe,
1068 3873 1212 3915 j’efface
1243 3875 1275 3909 le

379 3909 528 3943 numéro
550 3911 594 3943 de
615 3912 647 3943 la
668 3913 857 3946 deuxième
876 3921 911 3948 et
931 3922 1021 3949 mets
1041 3919 1210 3952 l’adresse
1232 3921 1275 3953 de

378 3955 412 3986 la
432 3963 608 3995 personne
625 3960 659 3988 et
677 3957 865 4000 réexpédie
881 3960 917 3992 la
932 3961 1046 3994 lettre.
1069 3964 1166 3996 Vous
1185 3973 1275 4005 pou¬

378 4008 439 4030 vez
455 4002 713 4041 correspondre
729 4011 816 4035 avec
827 4007 906 4036 tous
928 4014 992 4037 nos
1013 4008 1171 4040 abonnés
1194 4018 1275 4041 sans

379 4052 464 4075 vous
481 4043 569 4075 faire
585 4047 784 4078 connaître.
823 4048 870 4080 Ce
904 4049 995 4081 n’est
1025 4060 1093 4092 que
1131 4052 1275 4094 lorsque

378 4095 465 4119 vous
484 4096 588 4120 aurez
610 4088 672 4121 fait
691 4095 789 4122 votre
811 4092 929 4132 choix,
965 4103 1034 4135 que
1072 4104 1159 4127 vous
1188 4106 1274 4129 vous

379 4132 514 4163 donnez
537 4133 808 4167 mutuellement
825 4141 923 4170 votre
943 4139 1114 4172 véritable
1130 4142 1275 4174 adresse

378 4179 412 4208 et
432 4183 500 4217 que
534 4185 622 4208 vous
660 4187 747 4211 vous
787 4180 957 4223 ménagez
998 4193 1066 4216 une
1105 4190 1274 4219 entrevue

377 4228 467 4262 pour
484 4219 628 4253 décider
648 4222 691 4254 de
706 4226 805 4256 votre
826 4229 911 4258 sort.

412 4316 452 4343 Le
466 4316 536 4351 prix
567 4316 599 4343 de
610 4321 690 4344 notre
717 4318 905 4349 abonnement
935 4328 976 4350 est
1002 4325 1034 4352 de
1055 4330 1145 4354 trente
1169 4330 1275 4362 francs

375 4365 449 4398 pour
476 4361 546 4388 trois
561 4362 633 4389 mois
660 4367 686 4389 et
704 4363 859 4398 cinquante
862 4368 968 4400 francs
991 4373 1064 4404 pour
1086 4372 1135 4399 six
1159 4372 1230 4399 mois
1249 4377 1275 4399 et

377 4415 446 4434 vous
457 4415 528 4433 avez
537 4405 613 4433 droit
628 4410 644 4433 à
659 4410 718 4433 être
732 4407 836 4435 inscrit
850 4412 1057 4446 gratuitement
1070 4425 1122 4442 sur
1133 4427 1182 4443 ma
1196 4417 1273 4444 liste.

416 4450 496 4477 Vous
511 4459 604 4485 voye\
619 4450 736 4485 qu'avec
751 4457 824 4479 cette
838 4456 969 4490 modique
981 4467 1094 4492 somme,
1113 4470 1182 4488 vous
1198 4465 1273 4496 pou¬

376 4504 428 4523 vez
438 4504 508 4522 vous
523 4494 639 4528 marier,
653 4504 720 4521 sans
737 4497 820 4523 avoir
835 4499 853 4523 à
876 4502 976 4533 passer
1003 4506 1058 4539 par
1074 4505 1121 4531 des
1149 4515 1274 4542 agences

375 4539 428 4576 qui
440 4548 470 4566 se
481 4543 546 4573 font
560 4548 658 4566 verser
671 4539 809 4566 d'avance
822 4541 856 4567 de
868 4550 982 4577 grosses
997 4548 1162 4581 provisions
1182 4555 1208 4577 et
1222 4551 1273 4585 qui

377 4587 549 4620 escomptent
563 4583 595 4610 de
609 4592 726 4620 grosses
743 4585 949 4621 commissions,
979 4593 1053 4624 pour
1073 4593 1217 4621 n’arriver
1247 4596 1273 4623 le

375 4630 443 4664 plus
458 4632 577 4656 souvent
592 4628 608 4654 à
624 4637 718 4655 aucun
734 4629 866 4657 résultat.
890 4631 973 4659 Nous
1002 4635 1120 4663 n’avons
1149 4639 1213 4665 rien
1242 4639 1274 4667 de

375 4683 507 4702 commun
522 4682 592 4701 avec
608 4674 649 4700 les
664 4682 796 4708 agences,
814 4682 866 4700 car
881 4684 952 4702 nous
967 4686 1003 4704 ne
1015 4682 1139 4713 prenons
1162 4693 1273 4711 aucune

375 4718 557 4746 commission
571 4727 622 4744 sur
638 4718 668 4744 la
683 4717 738 4744 dot.
767 4717 811 4745 Un
840 4719 960 4746 modeste
988 4723 1175 4754 abonnement
1201 4738 1271 4756 nous

375 4768 433 4791 sert
450 4762 484 4789 de
493 4763 646 4797 paiement.

410 4807 570 4842 Lorsqu’un
586 4806 695 4834 abonné
709 4805 776 4833 s'est
782 4805 884 4842 fiancé
898 4812 927 4834 et
937 4808 1012 4842 qu’il
1025 4811 1071 4837 n’a
1085 4814 1153 4846 plus
1175 4815 1271 4845 besoin

373 4853 406 4880 de
417 4856 496 4878 notre
506 4860 602 4885 revue,
616 4852 641 4878 il
656 4860 726 4878 nous
739 4852 765 4878 le
774 4851 831 4883 fait
842 4853 940 4878 savoir
951 4851 1011 4888 afin
1023 4864 1075 4888 que
1086 4866 1155 4884 nous
1167 4869 1272 4894 rayons

374 4906 425 4924 son
441 4905 568 4923 annonce
580 4898 653 4930 pour
670 4904 702 4921 ne
715 4898 768 4929 pas
773 4896 859 4928 faire
872 4899 1075 4931 correspondre
1089 4900 1272 4933 inutilement

374 4951 425 4969 nos
441 4940 576 4969 abonnés.

413 4985 486 5013 Tout
500 4985 608 5012 abonné
623 4984 682 5011 doit
694 4985 833 5019 répondre
850 4987 866 5011 à
880 4988 971 5012 toutes
988 4985 1028 5012 les
1053 4987 1149 5016 lettres
1162 4991 1212 5024 qui
1228 4993 1272 5020 lui

374 5034 437 5058 sont
452 5029 594 5057 adressées
610 5029 617 5062 ;
635 5029 664 5056 la
679 5028 815 5063 politesse
831 5029 946 5064 l’exige,
978 5039 1012 5057 ne
1018 5033 1135 5063 fussent
1163 5044 1217 5068 que
1227 5046 1271 5064 ces

374 5075 445 5103 trois
462 5084 498 5102 ou
509 5078 609 5110 quatre
624 5077 693 5101 mots
704 5084 709 5099 :
727 5072 847 5106 Inutile,
857 5077 921 5101 tous
933 5083 991 5102 mes
1002 5080 1123 5112 regrets.
1133 5080 1165 5107 —
1177 5080 1270 5108 N\..r>

1378 1319 1476 1351 Pour
1484 1321 1608 1351 toutes
1620 1320 1871 1352 lesannonces
1882 1323 2061 1361 ci-après,
2072 1323 2237 1355 s’adres¬

1337 1376 1403 1399 ser
1420 1370 1440 1399 à
1468 1369 1636 1400 Madame
1654 1370 1771 1401 Veuve
1789 1369 2002 1410 CHABAUD,
2028 1372 2233 1405 Directrice

1337 1417 1382 1447 de
1398 1418 1429 1447 la
1452 1419 1471 1434 “
1490 1418 1613 1449 Revue
1632 1419 1833 1451 Mensuelle
1849 1420 1876 1450 ”.

1375 1520 1490 1550 Veuve
1505 1521 1543 1551 43
1559 1530 1630 1555 ans,
1646 1531 1724 1552 sans
1738 1524 1864 1557 enfant,
1880 1522 2017 1554 fortune
2032 1525 2165 1556 280.000
2180 1527 2234 1561 tr.,

1337 1568 1484 1591 revenus
1500 1561 1613 1592 20.000
1628 1561 1669 1592 fr.
1684 1571 1745 1600 par
1768 1571 1822 1598 an,
1847 1565 2045 1601 épouserait
2061 1568 2237 1596 monsieur

1337 1605 1439 1638 ayant
1449 1602 1535 1639 jolie
1551 1603 1713 1633 situation
1730 1611 1773 1633 ou
1790 1605 1936 1635 fortune.
1954 1620 1974 1627 -
1988 1606 2018 1636 N
2024 1613 2030 1621 -
2044 1606 2134 1636 2100.

1377 1694 1558 1733 Disposant
1588 1696 1664 1725 d’un
1682 1697 1812 1727 certain
1829 1697 1951 1735 capital
1978 1699 2015 1735 je
2042 1698 2236 1729 m’intéres¬

1338 1735 1428 1764 serai
1444 1736 1464 1764 à
1479 1734 1598 1765 affaire
1610 1736 1766 1767 sérieuse
1782 1740 1800 1767 à
1816 1737 1934 1768 lancer
1947 1744 2097 1777 pouvant
2106 1739 2238 1769 donner

1337 1782 1417 1811 gros
1433 1775 1616 1806 bénéfices.
1635 1778 1661 1806 Il
1677 1785 1721 1806 ne
1733 1785 1806 1807 sera
1819 1779 1971 1810 répondu
1982 1779 2105 1815 qu’aux
2116 1780 2235 1810 lettres

1338 1815 1564 1854 susceptibles
1580 1816 1812 1847 d’intéresser.
1830 1834 1847 1839 -
1864 1818 1906 1847 N°
1921 1819 2010 1848 4947.

1376 1917 1486 1948 Jeune
1508 1918 1644 1949 homme
1670 1920 1706 1949 31
1726 1927 1796 1956 ans,
1816 1921 2033 1959 cultivateur,
2053 1923 2108 1953 dot
2126 1924 2237 1953 15.000

1338 1957 1378 1986 fr.
1396 1961 1430 1987 et
1445 1958 1568 1995 petites
1585 1962 1803 1998 espérances,
1821 1963 2018 1999 épouserait
2036 1964 2236 1993 demoiselle

1337 2005 1381 2027 ou
1397 2006 1506 2028 veuve
1522 2000 1741 2030 connaissant
1769 2000 1800 2030 la
1823 2003 1957 2033 cu'ture
1974 2011 2016 2032 ou
2043 2006 2145 2041 ayant
2161 2012 2236 2043 pro¬

1337 2037 1446 2076 priété
1463 2039 1481 2068 à
1496 2039 1676 2078 exploiter.
1694 2056 1705 2061 -
1721 2042 1765 2071 N°
1780 2042 1868 2071 4948.

1377 2140 1538 2179 Employé
1555 2142 1613 2171 des
1630 2143 1781 2174 douanes
1798 2145 2006 2177 célibataire.
2017 2147 2055 2177 28
2069 2155 2140 2183 ans,
2156 2148 2236 2178 trai¬

1337 2182 1466 2211 tement
1491 2182 1584 2212 5.100
1606 2182 1660 2214 fr..
1688 2184 1852 2223 physique
1882 2187 2054 2224 agréable,
2082 2187 2232 2221 sérieux,

1337 2221 1534 2258 épouserait
1554 2223 1661 2260 jeune
1689 2223 1758 2253 fille
1770 2225 1866 2263 jolie,
1888 2226 2050 2262 honnête,
2076 2227 2179 2263 aisée,
2198 2229 2235 2257 18

1337 2262 1356 2290 à
1370 2261 1410 2291 25
1425 2269 1495 2291 ans.
1508 2277 1521 2284 -
1538 2264 1580 2293 N°
1593 2263 1681 2293 4949.

1376 2363 1578 2395 Célibataire
1606 2366 1645 2395 44
1673 2374 1746 2402 ans,
1772 2368 1885 2398 bonne
1921 2371 2029 2406 santé,
2071 2369 2236 2401 situation

1336 2403 1447 2433 25.000
1476 2404 1530 2438 fr.,
1576 2407 1772 2444 épouserait
1807 2408 2007 2439 demoiselle
2043 2418 2087 2440 ou
2128 2419 2235 2441 veuve

1337 2443 1460 2474 femme
1477 2444 1688 2482 d’intérieur,
1711 2448 1871 2478 situation
1902 2457 1944 2479 en
1966 2453 2116 2489 rapport.
2147 2466 2166 2473 -
2192 2452 2236 2483 JM“

1336 2483 1424 2514 4951.

1377 2587 1536 2626 Employé
1578 2589 1749 2623 P.-L.-M.,
1784 2592 1822 2620 28
1849 2599 1920 2628 ans,
1951 2593 2009 2622 400
2044 2601 2108 2632 par
2136 2594 2233 2630 mois,

1336 2627 1534 2663 épouserait
1547 2628 1754 2660 institutrice
1769 2639 1813 2661 ou
1828 2639 2002 2670 personne
2018 2637 2119 2671 ayant
2133 2634 2235 2664 situa¬

1336 2665 1418 2703 tion,
1436 2668 1560 2698 femme
1577 2669 1789 2707 d’intérieur,
1807 2676 1908 2709 ayant
1924 2673 1990 2703 dot.
2013 2689 2030 2695 -
2047 2675 2090 2704 N°
2104 2674 2192 2704 4952.

1376 2768 1518 2799 Divorcé
1534 2771 1552 2799 à
1568 2777 1631 2799 son
1645 2771 1758 2808 profit,
1775 2780 1900 2810 garçon
1926 2775 1963 2802 13
1978 2782 2049 2810 ans,
2068 2784 2146 2803 sans
2163 2776 2235 2806 for¬

1336 2809 1429 2843 tune,
1447 2808 1560 2839 désire
1576 2812 1728 2848 mariage
1744 2819 1826 2842 avec
1842 2820 1959 2849 veuve,
1979 2813 2177 2845 demoiselle
2191 2823 2234 2846 ou

1337 2847 1505 2878 divorcée.
1530 2865 1547 2870 -
1569 2850 1611 2879 N°
1626 2850 1715 2880 4953.

1372 2940 1481 2970 Jeune
1496 2940 1633 2972 homme
1661 2943 1700 2972 28
1725 2951 1797 2979 ans,
1821 2944 1990 2982 orphelin,
2013 2947 2107 2977 avoir
2121 2947 2235 2978 35.000

1335 2979 1389 3015 fr.,
1427 2982 1645 3018 automobile,
1682 2987 1831 3021 gagnant
1861 2985 1952 3016 1.000
1974 2986 2015 3016 fr.
2047 2996 2108 3025 par
2134 2988 2232 3024 mois,

1335 3021 1533 3057 épouserait
1561 3022 1759 3053 demoiselle
1789 3032 1832 3054 ou
1848 3033 1954 3056 veuve
1971 3027 2041 3057 très
2068 3027 2231 3064 honnête,

1335 3064 1435 3097 ayant
1451 3061 1626 3092 situation.
1645 3080 1663 3085 -
1685 3064 1727 3093 N°
1740 3064 1827 3094 4954.

1372 3153 1482 3184 Jeune
1499 3154 1635 3185 homme
1650 3158 1686 3186 31
1704 3165 1777 3192 ans,
1802 3158 1965 3189 situation
1981 3160 2093 3190 12.000
2111 3160 2152 3192 fr.
2170 3170 2232 3200 par

1334 3201 1388 3229 an,
1407 3194 1519 3225 désire
1535 3204 1705 3234 personne
1722 3197 1854 3237 simple,
1868 3200 2039 3238 agréable.
2055 3217 2068 3223 -
2083 3202 2123 3231 N-
2140 3202 2229 3232 4955.

1372 3288 1549 3320 Monsieur
1562 3290 1643 3320 veuf
1657 3299 1736 3320 sans
1753 3293 1879 3327 enfant,
1896 3294 1935 3323 46
1950 3302 2022 3327 ans,
2046 3296 2232 3333 possédant

1332 3330 1418 3365 petit
1442 3337 1636 3360 commerce
1663 3333 1833 3369 agréable,
1859 3334 2014 3364 s’unirait
2025 3336 2043 3364 à
2059 3343 2231 3373 personne

1332 3367 1372 3397 36
1396 3372 1412 3397 à
1429 3368 1468 3397 40
1481 3377 1552 3404 ans,
1576 3370 1798 3407 affectueuse,
1816 3373 1986 3409 divorcée,
2009 3379 2110 3413 ayant
2125 3376 2232 3407 10.000

1333 3409 1374 3437 fr.
1388 3424 1406 3430 -
1421 3409 1461 3438 N-
1479 3410 1568 3439 4957.

1372 3501 1613 3534 Sous-officier
1651 3513 1693 3534 en
1731 3506 1882 3539 retraite,
1924 3508 1963 3537 38
1993 3516 2065 3542 ans,
2104 3516 2233 3540 revenu

1332 3541 1444 3571 12.000
1465 3541 1505 3571 fr.
1538 3552 1599 3581 par
1627 3552 1681 3580 an,
1714 3546 1912 3583 épouserait
1941 3548 2140 3578 demoiselle
2188 3557 2231 3580 ou

1331 3589 1444 3612 veuve
1459 3586 1560 3619 ayant
1575 3584 1641 3620 dot,
1657 3586 1695 3614 25
1711 3586 1730 3614 à
1744 3586 1783 3615 38
1798 3594 1870 3616 an*.
1888 3603 1898 3609 -
1915 3589 1943 3618 N
1952 3597 1957 3602 -
1979 3589 2071 3618 4958.

1370 3675 1480 3704 Jeune
1509 3677 1646 3708 homme
1660 3679 1697 3708 25
1715 3686 1786 3714 ans,
1812 3679 1925 3710 bonne
1944 3681 2083 3717 famille,
2101 3682 2229 3718 Suisse,

1332 3715 1534 3753 catholique,
1553 3718 1709 3748 sérieuse
1737 3719 1910 3754 situation,
1941 3724 2139 3758 épouserait
2169 3724 2229 3753 de¬

1331 3755 1486 3785 moiselle
1514 3764 1558 3786 ou
1588 3766 1695 3788 veuve
1721 3758 1943 3797 affectueuse,
1965 3761 2090 3792 femme
2107 3763 2230 3794 d’inté¬

1330 3794 1435 3826 rieur.
1451 3811 1471 3817 -
1485 3796 1526 3826 N-
1543 3797 1631 3826 4959.

1370 3889 1572 3921 Célibataire
1601 3892 1639 3921 38
1668 3901 1741 3926 ans,
1768 3894 1863 3924 avoir
1876 3894 1990 3925 40.000
2007 3895 2048 3925 fr.
2069 3896 2148 3933 gain
2167 3905 2230 3927 an¬

1330 3930 1421 3965 nuel,
1440 3930 1551 3961 10.000
1561 3932 1602 3961 fr.
1620 3932 1703 3962 dans
1721 3940 1913 3965 commerce
1929 3936 2101 3973 agréable,
2119 3939 2229 3974 épou¬

1331 3970 1437 4000 serait
1450 3978 1623 4009 personne
1646 3973 1834 4004 honorable
1851 3979 1951 4012 ayant
1967 3976 2063 4006 dot.-
2078 3977 2118 4006 N-
2136 3977 2225 4008 4960.

1370 4070 1605 4102 Sous-offlcier
1621 4073 1661 4103 de
1678 4075 1842 4109 carrière,
1861 4076 2019 4114 aviation,
2046 4078 2085 4108 29
2102 4086 2173 4114 ans,
2193 4080 2230 4109 10

1330 4117 1391 4140 ans
1430 4111 1471 4140 de
1506 4113 1651 4148 service,
1682 4116 1878 4145 économies
1907 4117 2000 4147 7.000
2030 4119 2083 4152 fr.,
2115 4118 2229 4149 désire

1330 4150 1494 4181 relations
1522 4160 1611 4191 pour
1634 4156 1741 4184 union
1776 4163 1858 4186 avec
1879 4158 1988 4195 jeune
2017 4157 2087 4188 fille
2104 4159 2141 4188 18
2157 4161 2175 4190 à
2190 4160 2230 4189 26

1330 4198 1402 4227 ans,
1420 4200 1480 4230 pas
1497 4193 1638 4223 sérieux
1654 4195 1846 4226 s'abstenir.
1868 4213 1885 4218 -
1902 4198 1942 4227 N-
1965 4196 2054 4228 4961.

1368 4294 1535 4332 Adjudant
1546 4296 1647 4334 génie
1661 4298 1696 4326 31
1716 4305 1787 4333 ans,
1805 4298 1901 4329 solde
1915 4300 2106 4330 mensuelle
2116 4301 2176 4330 537
2185 4301 2225 4331 fr.

1330 4332 1441 4363 bonne
1458 4335 1651 4370 éducation,
1670 4339 1826 4367 médaille
1857 4340 2027 4374 militaire,
2060 4341 2157 4370 croix
2187 4341 2227 4370 de

1329 4380 1466 4410 guerre,
1483 4375 1502 4403 2
1516 4376 1712 4412 citations,4
1729 4378 1903 4408 médailles
1918 4380 2098 4409 deuxième
2111 4381 2226 4416 ordre,

1328 4414 1442 4444 désire
1457 4416 1609 4453 mariage
1630 4424 1673 4446 en
1684 4421 1836 4456 rapport.
1856 4434 1864 4440 -
1878 4420 1921 4450 N‘
1943 4420 2033 4449 4962.

1369 4515 1512 4546 Divorcé
1541 4517 1629 4546 suite
1657 4519 1696 4548 de
1714 4527 1849 4556 guerre,
1867 4521 1906 4550 39
1922 4529 1994 4556 ans,
2013 4520 2081 4550 fille
2102 4522 2135 4550 12
2149 4529 2221 4557 ans,

1328 4557 1429 4591 ayant
1453 4556 1516 4593 joli
1546 4557 1651 4593 avoir,
1681 4560 1753 4588 très
1789 4560 1993 4595 affectueux,
2029 4563 2228 4600 épouserait

1328 4594 1526 4626 demoiselle
1543 4604 1586 4627 ou
1601 4605 1709 4628 veuve
1725 4606 1768 4629 ou
1782 4599 1938 4631 divorcée
1949 4606 2049 4640 ayant
2064 4601 2226 4632 situation

1328 4643 1370 4664 en
1387 4640 1538 4674 rapport.
1555 4653 1572 4658 -
1582 4638 1610 4667 N
1616 4645 1621 4651 -
1638 4639 1726 4668 4963.

1366 4738 1475 4768 Jeune
1491 4739 1650 4770 militaire
1667 4739 1790 4770 faisant
1803 4750 1862 4770 son
1887 4743 2019 4773 service
2037 4751 2079 4772 au
2097 4744 2241 4778 Maroc,'

1326 4778 1366 4806 22
1381 4787 1452 4813 ans,
1463 4779 1552 4808 belle
1568 4779 1738 4815 si’uation,
1757 4780 1812 4810 dot
1827 4781 1935 4812 20.000
1950 4782 1989 4811 fr.
2016 4783 2110 4813 avoir
2124 4784 2225 4821 après

1327 4824 1477 4855 parents,
1501 4821 1701 4858 épouserait
1716 4821 1916 4852 demoiselle
1931 4826 2032 4860 ayant
2061 4823 2223 4852 situation

1327 4865 1370 4887 en
1386 4865 1536 4897 rapport.
1553 4874 1569 4880 -
1586 4860 1615 4889 N
1621 4868 1626 4874 -
1637 4861 1726 4890 4964.

1366 4962 1530 4992 Brunette
1552 4963 1591 4991 22
1615 4971 1686 4998 ans,
1719 4963 1848 4997 artiste,
1875 4964 2041 5000 sérieuse,
2062 4963 2224 4993 situation

1327 5001 1417 5031 1.000
1432 5001 1472 5030 fr.
1493 5011 1553 5040 par
1569 5003 1665 5038 mois,
1682 5004 1876 5033 économies
1893 5004 1912 5032 4
1927 5004 1986 5033 000
2003 5003 2042 5032 fr.
2061 5006 2096 5034 et
2112 5003 2223 5033 mobi¬

1327 5040 1401 5076 lier,
1431 5044 1637 5080 espérances
1654 5045 1754 5082 après
1769 5046 1864 5082 père,
1895 5043 2094 5081 épouserait
2117 5045 2224 5079 jeune

1325 5078 1461 5111 homme
1478 5082 1572 5121 d’âge
1589 5085 1622 5112 et
1638 5082 1799 5113 situation
1815 5090 1858 5112 en
1870 5084 2021 5121 rapport.
2039 5099 2056 5105 -
2072 5084 2102 5112 N
2107 5092 2112 5098 -
2131 5083 2220 5112 4965.

2332 1326 2536 1355 Demoiselle
2563 1328 2602 1357 29
2627 1336 2700 1362 ans,
2731 1337 2809 1359 sans
2826 1337 3030 1367 commerce,
3049 1334 3192 1370 épouse¬

2291 1365 2359 1395 rait
2371 1373 2497 1402 garçon
2514 1366 2577 1405 âge
2593 1376 2635 1397 en
2652 1372 2802 1406 rapport,
2830 1371 2869 1400 de
2885 1371 3007 1401 beauté
3037 1374 3190 1411 exquise,

2292 1407 2387 1434 avoir
2403 1406 2534 1435 100.000
2547 1407 2588 1436 fr.
2603 1415 2646 1437 ou
2664 1409 2855 1440 s’abstenir.
2878 1426 2898 1432 -
2913 1411 2957 1442 N'
2979 1413 3068 1442 4966.

2331 1511 2628 1544 Sous-lieutenant
2642 1514 2825 1547 infanterie
2842 1517 3022 1553 coloniale,
3040 1519 3189 1556 divorcé,

2291 1551 2330 1579 32
2346 1558 2417 1585 ans,
2444 1552 2543 1590 brun,
2574 1556 2769 1586 épouserait
2791 1558 2895 1594 jeune
2919 1558 3000 1593 fille,
3024 1567 3131 1591 veuve
3147 1569 3191 1592 ou

2293 1591 2465 1626 divorcée,
2480 1593 2519 1622 25
2536 1597 2553 1624 à
2574 1595 2614 1624 30
2629 1603 2700 1631 ans,
2719 1596 2873 1636 échange
2889 1599 3187 1638 renseignements

2292 1634 2325 1659 et
2341 1631 2443 1669 photo
2459 1636 2612 1671 premier
2627 1637 2793 1666 courrier.
2810 1653 2829 1659 -
2851 1639 2880 1668 N
2886 1647 2891 1653 -
2909 1639 2998 1669 4967.

2333 1733 2446 1764 Mutilé
2462 1735 2503 1765 de
2518 1744 2645 1773 guerre
2660 1738 2699 1767 42
2715 1746 2786 1774 ans,
2805 1740 2944 1770 ouvrier
2960 1750 3091 1779 maçon,
3109 1752 3190 1773 sans

2292 1772 2439 1809 fortune,
2469 1776 2581 1806 désire
2611 1785 2720 1808 veuve
2741 1779 2781 1808 de
2807 1788 2933 1818 guerre
2955 1782 2994 1811 30
3009 1784 3028 1812 à
3057 1784 3095 1813 45
3117 1792 3191 1819 ans,

2293 1814 2403 1844 même
2417 1823 2498 1845 avec
2515 1816 2642 1847 enfant.
2666 1833 2685 1840 -
2697 1819 2737 1848 N'
2756 1820 2845 1849 4968.

2332 1917 2536 1948 Demoiselle
2564 1920 2602 1948 28
2619 1927 2691 1956 ans,
2724 1921 2838 1952 bonne
2854 1923 2992 1960 famille,
3010 1924 3089 1956 bien
3113 1936 3193 1959 sous

2292 1958 2367 1986 tous
2385 1962 2553 1996 rapports,
2586 1960 2642 1989 dot
2657 1964 2690 1990 et
2703 1962 2788 1998 jolie
2812 1963 2975 1995 situation
3000 1964 3039 1995 de
3056 1966 3192 1999 fortune

2291 1998 2393 2031 après
2408 2001 2559 2036 parents,
2571 2001 2769 2038 épouserait
2786 2004 2962 2034 monsieur
2976 2005 3017 2035 30
3030 2007 3049 2036 à
3063 2007 3102 2037 45
3116 2017 3190 2042 ans,

2291 2037 2441 2073 sérieux,
2471 2039 2560 2074 actif,
2584 2040 2764 2071 industriel
2795 2051 2839 2074 ou
2855 2051 3101 2081 commerçant.
3122 2065 3141 2071 -
3155 2051 3197 2081 N*

2291 2076 2380 2106 4970.

2331 2185 2491 2224 Employé
2502 2187 2542 2217 de
2554 2189 2703 2226 Banque,
2717 2191 2754 2219 28
2765 2198 2836 2225 ans,
2851 2191 3011 2224 situation
3023 2195 3184 2233 d’avenir,

2290 2224 2383 2254 6.000
2411 2225 2465 2261 fr.,
2496 2228 2605 2264 grand
2634 2237 2738 2264 cœur,
2757 2229 2962 2268 affectueux,
2988 2236 3185 2272 épouserait,

2291 2265 2490 2296 demoiselle
2505 2267 2544 2297 20
2559 2269 2577 2297 à
2592 2269 2631 2297 25
2653 2277 2725 2305 ans,
2738 2271 2834 2308 jolie,
2858 2272 3063 2312 distinguée,
3088 2280 3189 2314 ayant

2291 2305 2385 2335 avoir
2401 2313 2445 2336 ou
2462 2314 2654 2338 commerce
2669 2312 2857 2349 papeterie.
2874 2329 2887 2334 -
2899 2313 2927 2344 N
2933 2323 2939 2329 -
2957 2314 3045 2344 4971.

2330 2399 2439 2429 Jeune
2454 2399 2589 2431 homme
2604 2402 2643 2431 30
2665 2410 2737 2439 ans,
2759 2405 2977 2440 cordonnier,
3000 2416 3079 2438 sans
3115 2409 3190 2440 for¬

2291 2440 2384 2472 tune,
2415 2439 2528 2470 désire
2551 2445 2702 2481 mariage
2732 2452 2815 2475 avec
2842 2447 2945 2481 jeune
2968 2447 3036 2478 fille
3051 2450 3090 2479 24
3113 2452 3132 2480 à
3148 2451 3188 2481 30

2292 2485 2365 2507 ans.
2383 2494 2392 2499 -
2409 2480 2449 2509 N-
2468 2480 2556 2511 4972.

2330 2580 2419 2610 Veuf
2436 2582 2476 2611 59
2491 2590 2562 2618 ans,
2580 2583 2677 2621 libre,
2697 2586 2791 2617 avoir
2807 2589 2919 2619 50.000
2931 2590 2985 2627 fr.,
3013 2591 3092 2623 bien
3107 2600 3188 2623 sous

2293 2623 2366 2649 tous
2384 2622 2432 2651 les
2449 2627 2618 2661 rapports,
2647 2628 2847 2664 épouserait
2873 2638 3047 2668 personne
3061 2634 3101 2662 35
3115 2635 3134 2663 à
3150 2634 3189 2664 48

2290 2668 2362 2695 ans,
2379 2661 2550 2697 instruite,
2575 2668 2675 2701 ayant
2699 2667 2861 2699 situation
2876 2678 2919 2700 ou
2936 2672 3031 2701 avoir
3045 2680 3089 2703 en
3105 2681 3187 2709 rap¬

2290 2703 2379 2738 port.
2396 2717 2414 2723 -
2431 2703 2471 2732 N'
2489 2703 2577 2733 4973.

2331 2801 2535 2834 Lieutenant
2545 2806 2584 2834 38
2601 2814 2672 2842 ans,
2693 2807 2792 2844 brun,
2811 2809 2961 2846 sérieux,
2980 2811 3072 2848 actif,
3089 2821 3191 2851 pour¬

2290 2843 2356 2871 rait
2370 2844 2518 2879 prendre
2533 2852 2570 2873 sa
2586 2847 2728 2876 retraite
2743 2855 2832 2885 pour
2847 2857 2883 2879 se
2899 2849 3004 2880 livrer
3026 2860 3069 2882 au
3095 2861 3190 2883 com¬

2290 2889 2417 2917 merce,
2442 2884 2555 2913 desire
2570 2887 2676 2915 union
2692 2895 2776 2916 avec
2791 2889 2988 2921 demoiselle
3004 2899 3048 2921 ou
3069 2900 3188 2930 veuve,

2290 2921 2451 2953 situation
2464 2930 2506 2952 en
2521 2928 2673 2963 rapport.
2690 2942 2708 2948 -
2725 2928 2766 2957 N-
2783 2927 2873 2959 4974.

2329 3024 2446 3055 Suisse
2461 3026 2499 3055 45
2510 3034 2582 3062 ans,
2594 3028 2687 3058 avoir
2704 3029 2815 3060 12.000
2829 3031 2881 3066 fr.,
2896 3032 3072 3067 cuisinier,
3084 3036 3186 3072 épou¬

2290 3064 2395 3093 serait
2421 3066 2530 3103 jeune
2571 3067 2640 3097 fille
2680 3068 2851 3107 française
2877 3080 2921 3103 ou
2951 3072 3020 3103 fille
3049 3074 3187 3112 d’hôtel,

2289 3104 2413 3134 femme
2427 3106 2636 3144 d’intérieur,
2651 3108 2730 3140 bien
2741 3118 2822 3141 sous
2838 3116 2913 3142 tous
2923 3113 2972 3144 les
2988 3120 3157 3151 rapports.
3176 3133 3189 3138 -

2289 3145 2330 3174 N-
2347 3145 2435 3175 4975.

2327 3249 2531 3280 Demoiselle
2567 3251 2607 3280 36
2642 3259 2714 3287 ans,
2757 3254 2923 3289 sérieuse,
2962 3256 3183 3296 affectueuse,

2287 3286 2410 3319 femme
2429 3290 2638 3326 d’intérieur,
2656 3293 2859 3333 catholique,
2876 3296 3041 3335 physique
3058 3301 3183 3336 agréa¬

2286 3327 2352 3363 ble,
2371 3330 2438 3363 dot,
2470 3330 2582 3361 désire
2598 3333 2749 3370 mariage
2765 3342 2847 3365 avec
2863 3338 3040 3368 monsieur
3054 3340 3092 3369 38
3108 3341 3128 3369 à
3142 3340 3181 3370 45

2287 3376 2359 3403 ans,
2377 3373 2478 3407 ayant
2494 3371 2667 3403 situation.
2683 3389 2702 3395 -
2718 3374 2757 3403 N-
2774 3374 2862 3405 4976.

2325 3471 2434 3500 Jeune
2463 3471 2599 3502 homme
2628 3474 2665 3503 24
2690 3483 2762 3511 ans,
2796 3477 2945 3514 sérieux,
2971 3481 3125 3519 employé
3143 3481 3183 3512 de

2288 3509 2421 3539 chemin
2461 3512 2501 3540 de
2542 3512 2604 3548 fer,
2634 3518 2735 3551 ayant
2771 3518 2960 3555 propriété,
2987 3521 3186 3558 épouserait

2287 3549 2485 3580 demoiselle
2514 3559 2557 3582 ou
2574 3560 2681 3584 veuve
2698 3555 2735 3584 19
2751 3556 2771 3585 à
2786 3556 2825 3586 27
2847 3565 2918 3594 ans,
2948 3564 3049 3596 ayant
3079 3562 3183 3597 petite

2287 3589 2354 3618 dot.
2371 3605 2385 3610 -
2400 3591 2428 3620 N
2437 3599 2442 3605 -
2458 3591 2547 3621 4977.

2324 3692 2558 3724 Jeunefille29
2573 3703 2645 3730 ans,
2664 3697 2904 3734 représentant
2920 3700 2961 3731 de
2977 3709 3182 3740 commerce,

2286 3734 2388 3769 ayant
2402 3733 2590 3771 propriété,
2608 3735 2795 3767 cherchant
2806 3737 2977 3777 affection,
2987 3749 3024 3771 se
3040 3742 3184 3773 dévoue¬

2287 3773 2352 3801 rait
2381 3773 2399 3801 à
2420 3775 2528 3811 grand
2555 3774 2669 3806 blessé
2693 3777 2734 3806 de
2749 3785 2887 3814 guerre,
2912 3786 2956 3811 ou
2973 3784 2991 3810 à
3007 3783 3184 3814 monsieur

2286 3812 2455 3850 distingué
2485 3813 2633 3851 fortuné,
2664 3816 2892 3848 recherchant
2912 3821 3014 3857 appui
3030 3824 3148 3853 moral.
3168 3839 3181 3846 -

2286 3853 2325 3882 N'
2344 3852 2432 3883 4978.

2322 3956 2432 3985 Jeune
2449 3957 2685 3994 sous-offlcier,
2715 3959 2754 3987 26
2770 3967 2841 3995 ans,
2859 3963 3048 3994 secrétaire
3065 3965 3181 3995 d’état-

2285 3996 2405 4032 major,
2436 3997 2633 4034 épouserait
2655 3999 2761 4036 jeune
2778 3998 2846 4029 fille
2862 4001 3033 4039 instruite,
3051 4005 3182 4036 intelli¬

2284 4037 2398 4072 gente,
2415 4036 2479 4074 âge
2494 4045 2537 4066 en
2552 4041 2703 4076 rapport.
2721 4055 2733 4060 -
2748 4040 2778 4069 N
2784 4048 2789 4055 -
2807 4041 2896 4069 4980.

2323 4136 2496 4174 Capitaine
2511 4139 2634 4174 active,
2651 4139 2690 4169 34
2703 4147 2774 4175 ans,
2800 4148 2843 4170 au
2859 4143 2975 4173 Maroc
2991 4150 3182 4177 momenta¬

2283 4178 2434 4211 nément,
2446 4177 2558 4208 désire
2574 4180 2825 4218 correspondre
2835 4189 2920 4219 pour
2932 4185 3083 4224 mariage
3098 4195 3181 4219 avec

2280 4218 2386 4253 jeune
2403 4217 2472 4247 fille
2500 4218 2705 4256 catholique,
2733 4219 2845 4250 bonne
2861 4221 2999 4260 famille,
3018 4226 3179 4259 situation

2284 4264 2325 4285 en
2343 4263 2493 4296 rapport.
2510 4274 2529 4279 -
2545 4260 2584 4288 N-
2602 4259 2692 4289 4981.

2321 4358 2430 4388 Jeune
2446 4359 2582 4389 homme
2597 4360 2636 4389 24
2666 4369 2737 4396 ans,
2766 4360 2947 4395 industriel
2978 4374 3020 4396 au
3051 4370 3178 4406 Maroc,

2285 4396 2446 4428 situation
2463 4399 2573 4429 16.000
2588 4400 2643 4433 fr.,
2673 4403 2871 4438 épouserait
2893 4404 3091 4440 demoiselle
3108 4411 3145 4440 16
3161 4412 3179 4442 à

2282 4437 2321 4465 20
2337 4445 2408 4474 ans,
2426 4438 2587 4469 situation
2603 4447 2645 4469 en
2669 4446 2819 4479 rapport.
2837 4459 2849 4465 -
2863 4444 2904 4473 N-
2921 4447 3011 4477 4982.

2320 4545 2431 4573 Jeune
2460 4545 2595 4576 homme
2608 4546 2648 4575 23
2669 4554 2742 4581 ans,
2774 4548 2922 4586 sérieux,
2953 4554 3176 4592 agriculteur,

2283 4592 2361 4613 sans
2377 4583 2526 4617 fortune,
2545 4589 2751 4623 espérances
2775 4591 2876 4627 après
2892 4597 3043 4630 parents,
3076 4599 3178 4634 épou¬

2283 4624 2388 4653 serait
2416 4624 2613 4655 demoiselle
2643 4633 2685 4657 ou
2702 4636 2820 4664 veuve,
2839 4631 2875 4660 19
2890 4633 2908 4662 à
2923 4634 2962 4663 28
2978 4643 3049 4671 ans,
3076 4639 3178 4673 ayant

2282 4664 2387 4701 petite
2403 4664 2577 4695 situation.
2594 4682 2610 4687 -
2627 4667 2665 4696 N'
2683 4668 2772 4698 4983.

2321 4766 2525 4797 Célibataire
2540 4769 2577 4798 35
2594 4778 2666 4804 ans,
2696 4771 2946 4806 fonctionnaire
2976 4785 3018 4806 au
3047 4779 3174 4814 Marod,

2281 4806 2442 4837 situation
2469 4807 2561 4838 9.000
2574 4809 2628 4843 fr.,
2646 4811 2759 4842 désire
2776 4815 2926 4853 mariage
2944 4824 3026 4845 avec
3043 4819 3175 4847 demoi¬

2282 4846 2365 4875 selle
2382 4854 2425 4876 ou
2441 4856 2547 4879 veuve
2561 4850 2601 4879 25
2616 4851 2635 4880 à
2649 4852 2688 4881 30
2705 4861 2775 4887 ans,
2793 4858 2895 4891 ayant
2910 4855 3071 4886 situation
3091 4865 3097 4893 ;
3114 4866 3176 4896 pas

2282 4886 2421 4916 sérieux
2437 4887 2625 4920 s’abstenir.
2643 4907 2661 4913 -
2676 4893 2716 4923 N'
2734 4893 2823 4923 4984.

2320 5003 2523 5034 Demoiselle
2539 5005 2577 5034 35
2593 5013 2664 5041 ans,
2683 5005 2806 5034 femme
2824 5004 2865 5034 du
2888 5006 3020 5041 monde,
3038 5006 3173 5044 blonde,

2280 5041 2483 5081 distinguée,
2514 5045 2627 5075 désire
2655 5045 2760 5074 union
2777 5052 2858 5074 avec
2883 5046 3060 5076 monsieur
3075 5052 3176 5085 ayant

2278 5082 2367 5113 belle
2383 5084 2555 5115 situation.
2572 5101 2591 5106 -
2606 5085 2635 5114 N
2641 5092 2647 5098 -
2664 5085 2752 5113 4985.

600 5144 644 5188 T

598 5183 687 5230 JO

1969 5390 2010 5412 Mb

1833 5396 1975 5423 hbmbhi
