3536 5552
403 475 636 517 Propriétaire
665 470 889 511 agriculteur,
912 466 1052 504 Afrique
1091 463 1135 493 du
1160 460 1258 495 nord,

363 520 450 557 veuf,
464 519 483 547 3
498 515 643 550 enfants,
659 513 749 543 belle
771 510 945 544 situation,
971 503 1162 536 recherche
1186 509 1261 530 ma¬

365 562 460 596 riage
471 561 579 595 jeune
603 555 672 584 fille
701 552 923 585 affectueuse,
951 547 991 577 25
1019 547 1039 575 à
1066 544 1105 573 35
1134 550 1207 572 ans.
1223 556 1263 561 —

367 602 406 631 N-
425 600 514 630 6018.

409 676 625 711 Demoiselle,
654 676 689 705 31
721 681 793 706 ans,
824 668 1055 702 travailleuse,
1082 666 1264 695 économe,

372 720 536 751 demande
552 720 653 755 jeune
669 715 806 745 homme
822 719 865 741 ou
882 708 963 740 veuf
975 714 1054 737 sans
1080 704 1206 738 enfant,
1229 699 1270 730 30

374 765 389 792 à
405 761 446 791 40
461 767 533 790 ans.
552 758 589 787 —
603 758 644 786 N-
661 754 751 785 6019.

414 848 616 880 Lieutenant
630 842 760 876 bientôt
773 839 955 880 capitaine,
971 837 1010 866 44
1021 842 1094 869 ans,
1109 829 1269 863 situation

377 890 488 922 10.000
502 890 543 918 fr.
561 886 676 918 désire
692 882 856 914 connaîre
876 881 983 918 jeune
1006 875 1074 906 fille
1098 881 1142 904 ou
1165 876 1274 901 veuve

378 939 456 962 sans
472 929 599 963 enfant,
615 927 654 956 35
669 926 689 955 à
703 924 743 954 40
757 930 830 953 ans.
847 937 885 941 —
897 920 927 950 N
931 928 937 933 -
955 916 1046 948 6020.

418 1024 527 1052 Jeune
542 1019 690 1051 homme,
715 1014 754 1043 23
773 1018 848 1044 ans,
878 1016 956 1039 sans
986 1007 1134 1037 fortune,
1165 1001 1279 1031 bonne

381 1064 490 1097 santé,
507 1057 726 1090 connaissant
752 1055 781 1082 la
812 1052 956 1085 culture,
984 1046 1097 1077 désire
1123 1042 1275 1078 mariage

382 1110 463 1134 avec
476 1103 581 1138 jeune
598 1097 665 1127 fille
690 1094 801 1125 même
831 1093 905 1129 âge,
931 1095 1026 1118 assez
1050 1084 1221 1116 fortunée.
1243 1096 1280 1102 —

383 1144 423 1175 N-
442 1142 531 1172 6021.

429 1225 529 1253 Dame
544 1220 583 1250 50
597 1225 670 1252 ans,
688 1223 767 1246 sans
784 1211 921 1246 famille,
939 1208 1163 1239 affectueuse,
1180 1201 1284 1240 ayant

384 1262 544 1294 situation
561 1266 642 1298 gros
664 1256 806 1295 rapport
833 1255 868 1282 et
895 1249 1001 1283 avoir,
1032 1246 1144 1277 désiré
1176 1241 1279 1272 union

386 1311 468 1335 avec
483 1300 660 1332 monsieur
675 1304 716 1326 en
733 1294 885 1333 rapport,
902 1298 969 1320 aux
985 1286 1187 1318 sentiments
1210 1281 1284 1311 éle¬

386 1347 456 1380 vés,
473 1343 584 1372 bonne
601 1338 774 1368 situation.
788 1334 826 1363 —
841 1334 884 1362 N'
905 1329 995 1360 6022.

427 1421 523 1456 Veuf,
541 1422 578 1451 48
595 1427 667 1451 ans,
684 1412 925 1457 propriétaire,
942 1417 1009 1440 une
1024 1406 1145 1437 fillette
1169 1405 1188 1432 8
1210 1410 1284 1436 ans,

388 1463 502 1496 50.000
516 1462 571 1496 fr.,
595 1458 709 1490 désire
725 1455 877 1491 mariage
901 1458 984 1481 avec
1007 1455 1114 1478 veuve
1136 1453 1178 1475 en
1204 1451 1286 1480 rap¬

388 1507 478 1544 port,
495 1500 650 1542 pourrait
665 1505 702 1528 se
727 1495 898 1534 déplacer,
924 1488 1074 1521 cherche
1097 1489 1286 1523 compagne

390 1552 480 1586 pour
494 1543 588 1573 vivre
601 1540 770 1569 heureux.
786 1535 825 1565 —
840 1535 869 1564 N
873 1542 879 1548 -
896 1531 986 1562 6023.

430 1636 539 1664 Jeune
554 1631 691 1660 homme
707 1622 866 1662 français,
882 1621 921 1651 30
936 1627 1009 1652 ans,
1035 1613 1204 1655 orphelin,
1232 1612 1289 1642 sé¬

393 1675 505 1707 rieux,
520 1669 632 1701 20.000
648 1668 688 1697 fr.
706 1666 837 1703 argent,
856 1662 1062 1700 espérances
1091 1653 1203 1686 50.000
1232 1652 1287 1687 fr.,

395 1723 437 1745 au
453 1715 580 1745 Maroc,
599 1708 712 1740 désire
729 1707 866 1736 rentrer
877 1709 920 1732 en
930 1701 1059 1730 France
1071 1703 1158 1736 pour
1170 1692 1290 1723 maria¬

393 1763 434 1794 ge
447 1761 528 1784 avec
543 1753 646 1790 jeune
661 1748 731 1777 fille
745 1746 858 1776 bonne
885 1739 1057 1772 situation.
1079 1735 1172 1765 —N-
1196 1732 1286 1762 6024.

435 1846 548 1873 Veuve
562 1841 602 1869 42
617 1846 689 1873 ans,
700 1834 892 1875 paraissant
899 1831 1077 1865 beaucoup
1089 1826 1164 1864 plus
1171 1825 1289 1861 jeune,

396 1886 499 1922 ayant
526 1881 644 1911 fillette
665 1879 706 1908 de
736 1876 773 1906 10
788 1882 861 1909 ans,
891 1869 1088 1910 épouserait
1114 1863 1291 1895 monsieur

396 1925 509 1955 bonne
524 1919 686 1951 situation
702 1924 746 1947 ou
760 1916 908 1947 fortune,
926 1911 967 1940 de
984 1910 1023 1939 43
1050 1911 1068 1938 à
1096 1905 1135 1936 60
1164 1911 1236 1934 ans.
1253 1918 1292 1924 —

397 1966 439 1996 N-
456 1962 547 1995 6025.

438 2048 540 2076 Dame
569 2040 728 2072 divorcée
763 2038 782 2067 à
815 2042 875 2065 son
911 2030 1024 2072 profit,
1060 2029 1098 2058 47
1135 2034 1207 2061 ans,
1238 2025 1294 2054 dot

397 2085 510 2116 80.000
525 2084 579 2118 fr.,
597 2082 729 2119 argent,
745 2076 853 2108 belles
866 2074 1083 2112 espérances,
1097 2063 1295 2106 épouserait

399 2127 574 2157 monsieur
587 2122 665 2152 bien
683 2127 762 2150 sous
777 2120 855 2148 tous
884 2114 1043 2152 rapports
1073 2107 1184 2139 même
1212 2112 1295 2135 avec

398 2167 529 2198 enfant.
551 2180 588 2185 —
603 2163 642 2193 N'
660 2160 750 2190 6026.

440 2247 615 2278 Monsieur
642 2242 729 2277 seul,
753 2241 792 2270 38
821 2246 893 2273 ans,
925 2233 1172 2269 commerçant,
1202 2226 1298 2259 avoir

399 2288 512 2319 40.000
528 2288 581 2319 fr.,
598 2283 752 2314 bénéfice
768 2283 835 2314 net,
855 2276 944 2307 1.500
960 2276 998 2305 fr.
1009 2281 1072 2312 par
1080 2271 1176 2308 mois,
1189 2271 1297 2307 épou¬

402 2330 507 2360 serait
522 2324 721 2357 demoiselle
738 2329 780 2352 ou
796 2326 903 2350 veuve
920 2319 959 2346 de
974 2316 1013 2345 24
1029 2315 1048 2344 à
1063 2313 1101 2343 34
1130 2318 1200 2347 ans,
1216 2310 1298 2348 pré¬

403 2371 537 2400 sentant
563 2366 649 2398 bien,
680 2364 779 2402 ayant
806 2359 890 2399 petit
919 2355 1024 2390 avoir,
1064 2351 1229 2383 sérieuse.
1260 2364 1300 2369 —

402 2412 443 2441 N-
458 2409 549 2440 6027.

443 2493 717 2529 Fonctionnaire,
731 2491 770 2522 40
785 2498 858 2524 ans,
881 2485 1083 2527 présentant
1109 2481 1200 2514 bien,
1232 2479 1297 2508 bon

405 2538 592 2570 caractère,
609 2532 815 2569 catholique,
832 2527 958 2558 famille
974 2523 1174 2556 honorable,
1200 2519 1302 2550 situa¬

405 2581 488 2614 tion,
504 2576 591 2607 7.000
607 2575 660 2610 fr.,
678 2573 775 2603 avoir
787 2568 899 2599 20.000
915 2568 955 2597 fr.
985 2568 1018 2596 et
1046 2562 1158 2593 40.000
1187 2560 1227 2589 fr.
1259 2566 1301 2589 en

406 2620 554 2652 valeurs,
570 2614 658 2651 veuf,
674 2615 762 2642 deux
778 2609 912 2640 enfants
933 2607 969 2636 12
985 2608 1019 2636 et
1032 2605 1050 2634 8
1066 2611 1126 2633 ans
1141 2609 1201 2640 pas
1223 2601 1242 2630 à
1267 2607 1302 2628 sa

407 2660 545 2696 charge,
563 2652 759 2694 épouserait
784 2647 995 2680 demoiselle,
1011 2651 1119 2675 veuve
1132 2650 1175 2671 ou
1192 2641 1300 2669 divor¬

409 2703 480 2734 cée,
498 2698 609 2728 même
626 2696 699 2733 plus
716 2692 813 2731 âgée,
831 2697 874 2719 en
889 2688 1041 2725 rapport.
1060 2700 1098 2705 —
1112 2683 1141 2713 N
1148 2691 1153 2696 -
1172 2680 1262 2711 6028.

447 2778 535 2809 Jolie
563 2774 686 2806 blonde
712 2772 752 2802 40
776 2778 848 2803 ans,
874 2776 918 2797 ne
945 2767 997 2796 les
1021 2763 1217 2804 paraissant
1230 2767 1304 2798 pas,

410 2819 534 2849 femme
572 2813 783 2846 d’intérieur,
813 2807 926 2839 80.000
949 2806 990 2835 fr.
1019 2805 1153 2841 argent,
1192 2801 1304 2832 titres,

410 2858 542 2889 maison
571 2858 605 2885 et
620 2853 714 2883 riche
731 2849 899 2883 mobilier,
930 2852 1069 2885 grosses
1086 2843 1305 2881 espérances,

410 2895 606 2937 épouserait
636 2892 812 2923 monsieur
845 2891 945 2926 ayant
967 2885 1054 2924 jolie
1084 2881 1258 2913 situation.
1289 2894 1308 2900 -

410 2940 450 2970 N-
469 2937 557 2968 6030.

451 3020 545 3048 Deux
574 3010 822 3045 millionnaires
851 3005 1056 3038 américains
1086 3003 1127 3033 de
1154 3001 1195 3032 30
1223 3002 1257 3030 et
1270 2998 1310 3028 50

412 3067 484 3092 ans,
502 3056 654 3087 désirent
669 3051 847 3083 connaitre
859 3050 983 3085 jeunes
1000 3045 1101 3078 filles,
1123 3048 1250 3072 veuves
1265 3046 1310 3069 ou

413 3099 601 3131 divorcées,
633 3094 812 3124 aimantes,
837 3088 1079 3120 affectueuses,
1095 3080 1311 3122 passeraient

411 3140 432 3169 6
446 3138 531 3168 mois
548 3144 590 3167 en
606 3135 735 3165 France
751 3131 881 3168 chaque
899 3129 1019 3158 année.
1042 3141 1054 3146 -
1075 3124 1103 3154 N
1110 3132 1115 3138 -
1132 3122 1208 3152 6031

453 3229 561 3257 Jeune
591 3221 744 3261 anglaise
759 3220 798 3250 25
815 3226 886 3253 ans,
914 3216 985 3246 très
1000 3214 1171 3247 fortunée,
1197 3208 1310 3240 désire

414 3267 519 3299 union
536 3272 618 3295 avec
634 3260 781 3298 français
798 3267 841 3290 ou
858 3259 967 3291 autre,
999 3255 1126 3284 aimant
1149 3257 1309 3288 voyages,

413 3305 564 3342 instruit,
600 3304 642 3334 de
675 3302 788 3332 bonne
826 3296 1018 3328 éducation.
1059 3295 1111 3324 Ne
1139 3289 1311 3330 répondra

417 3348 540 3385 qu’aux
579 3349 768 3383 personnes
797 3336 1023 3376 susceptibles
1053 3336 1094 3364 de
1122 3332 1243 3372 plaire.
1272 3345 1312 3350 —

415 3389 455 3420 N-
473 3387 563 3418 6032.

455 3468 534 3502 Vve,
551 3466 588 3495 43
605 3471 678 3498 ans,
695 3459 918 3493 musicienne,
941 3456 1020 3486 bien
1048 3461 1127 3484 sous
1158 3455 1235 3482 tous
1265 3451 1314 3480 les

417 3509 585 3546 rapports,
604 3507 703 3541 ayant
719 3502 824 3534 avoir,
841 3496 1024 3529 immeuble
1042 3497 1075 3525 et
1092 3491 1266 3532 propriété
1297 3491 1314 3518 à

418 3550 449 3578 la
466 3552 663 3584 campagne,
683 3543 722 3572 de
740 3541 889 3579 rapport,
908 3537 1003 3567 riche
1019 3533 1187 3567 mobilier,
1206 3533 1316 3569 épou¬

419 3589 523 3618 serait
539 3586 715 3616 monsieur
732 3582 832 3619 ayant
843 3579 927 3617 jolie
943 3575 1117 3607 situation.
1133 3588 1150 3595 -
1164 3571 1201 3601 N-
1218 3570 1311 3601 6033.

457 3669 492 3697 Fi
503 3665 619 3703 ançais
634 3663 723 3697 veuf,
739 3662 779 3691 52
803 3667 875 3693 ans,
900 3657 991 3691 bien,
1017 3655 1130 3684 bonne
1155 3650 1317 3681 situation

417 3707 592 3745 bijoutier,
610 3702 741 3736 100,000
755 3701 811 3732 fr..
827 3701 960 3735 argent,
990 3692 1185 3733 épouserait
1210 3692 1317 3728 jeune

420 3748 487 3778 fille
505 3755 548 3777 ou
565 3751 671 3775 veuve
688 3741 797 3772 même
823 3747 900 3769 sans
931 3737 987 3765 dot
1016 3742 1060 3764 ou
1089 3738 1242 3772 pesonne
1275 3737 1317 3760 en

419 3790 569 3827 rapport.
587 3787 742 3820 Envoyer
756 3781 872 3820 photo.
890 3795 905 3800 -
924 3778 964 3807 N'
982 3775 1074 3806 6034.

459 3871 527 3900 Vve
543 3868 834 3903 d’avant-guerre,
865 3859 1054 3896 orpheline,
1084 3855 1252 3885 sérieuse.
1280 3852 1320 3883 34

421 3918 493 3944 ans,
510 3917 552 3938 en
567 3906 760 3947 paraissant
773 3904 823 3939 30,
839 3900 925 3941 petit
939 3905 1068 3937 garçon
1083 3897 1102 3926 8
1128 3903 1200 3927 ans,
1230 3893 1321 3923 doux

421 3953 455 3980 et
484 3949 610 3979 aimant
637 3946 817 3979 intérieur,
847 3943 950 3979 ayant
977 3937 1084 3976 gentil
1113 3941 1318 3966 commerce,

420 3989 533 4020 20.000
548 3988 588 4017 fr.
606 3986 747 4017 environ
763 3987 798 4014 et
810 3984 894 4022 petit
915 3978 1095 4012 intérieur,
1123 3973 1321 4014 épouserait

422 4031 598 4060 monsieur
612 4027 650 4057 35
665 4027 684 4055 à
699 4024 738 4054 40
754 4032 825 4057 ans,
842 4021 1048 4060 pratiquant,
1066 4025 1110 4047 ou
1136 4013 1219 4045 veuf
1240 4020 1321 4043 avec

423 4070 610 4108 garçonnet
637 4074 703 4096 aux
733 4063 861 4094 mêmes
890 4059 1000 4098 goûts,
1032 4060 1132 4093 ayant
1160 4053 1320 4084 situation

423 4107 661 4140 commerciale
677 4107 759 4134 dans
775 4111 815 4132 ce
831 4109 887 4130 cas
904 4099 1009 4130 serait
1030 4096 1206 4135 puissante
1229 4092 1322 4122 auxi¬

422 4150 532 4182 liaire,
562 4156 605 4178 ou
636 4144 797 4175 situation
814 4141 893 4172 sûre
923 4144 1005 4167 dans
1034 4133 1319 4166 administration.

422 4190 568 4220 Divorcé
583 4184 774 4216 s’abstenir.
790 4199 810 4204 -
831 4183 871 4212 N'
885 4179 978 4210 6035.

461 4273 727 4316 Adjudant-chef
739 4269 954 4302 d’infanterie
970 4265 1149 4300 coloniale,
1180 4264 1220 4293 29
1248 4270 1321 4296 ans,

425 4316 735 4349 momentanément
746 4321 788 4343 au
804 4313 931 4344 Maroc,
948 4307 1060 4337 désire
1070 4303 1322 4343 correspondre

424 4367 511 4398 pour
526 4357 677 4393 mariage
701 4361 783 4383 avec
805 4355 910 4388 jeune
935 4347 1003 4377 fille
1031 4346 1071 4375 de
1088 4342 1168 4374 18%
1194 4345 1233 4373 25
1249 4349 1321 4376 ans,

425 4400 590 4431 sérieuse,
607 4397 718 4425 bonne
736 4392 907 4425 situation,
925 4387 1096 4418 instruite.
1114 4401 1131 4406 -
1148 4386 1187 4415 N'
1204 4383 1284 4413 6036

463 4490 571 4518 Jeune
586 4485 734 4517 homme,
750 4481 789 4511 25
806 4488 877 4512 ans,
895 4477 1013 4508 mutilé
1027 4476 1068 4505 de
1078 4479 1215 4512 guerre,
1227 4479 1325 4501 exer¬

425 4531 503 4566 çant
536 4525 568 4554 la
605 4522 797 4561 profession
836 4517 1078 4550 d’électricien,
1110 4513 1193 4543 mais
1224 4513 1326 4548 ayant

425 4567 615 4597 l’inten'ion
623 4564 663 4593 de
672 4561 823 4602 prendre
832 4564 1037 4591 commerce,
1049 4551 1326 4590 correspondrait

426 4615 508 4638 avec
524 4604 721 4635 demoiselle
739 4604 778 4631 de
796 4601 833 4630 18
848 4601 865 4629 à
881 4599 921 4628 26
936 4605 1007 4633 ans,
1034 4593 1256 4626 connaissant
1279 4598 1324 4620 un

426 4656 492 4687 peu
508 4647 537 4676 le
555 4649 757 4675 commerce.
777 4657 790 4662 -
813 4640 840 4669 N
847 4648 852 4655 -
870 4639 958 4668 6037.

466 4733 678 4767 Célibataire,
695 4730 733 4760 59
749 4737 821 4765 ans,
833 4726 1024 4766 paraissant
1035 4724 1110 4762 plus
1117 4725 1236 4760 jeune,
1248 4721 1324 4750 bien

427 4784 507 4808 sous
523 4779 598 4806 tous
616 4773 784 4810 rapports,
800 4768 894 4798 avoir
911 4765 1040 4796 100.000
1055 4763 1085 4793 fr
1108 4764 1261 4801 espèces,
1293 4762 1327 4790 et

427 4816 556 4855 grande
575 4813 664 4847 villa,
692 4807 888 4848 épouserait
917 4803 1117 4836 demoiselle
1146 4810 1189 4832 ou
1219 4808 1326 4830 veuve

429 4864 507 4886 sans
523 4854 650 4886 enfant,
669 4851 709 4881 de
726 4849 764 4879 40
778 4850 798 4877 à
813 4848 851 4877 48
867 4854 939 4880 ans,
961 4845 1085 4874 femme
1114 4841 1326 4874 d’intérieur,

427 4897 655 4935 pratiquante,
674 4890 799 4921 famille
816 4886 1011 4920 honorable,
1031 4883 1197 4921 physique
1209 4882 1327 4919 agréa¬

429 4937 495 4968 ble,
512 4933 673 4964 situation
690 4938 731 4960 en
747 4929 897 4966 rapport,
924 4925 964 4954 de
994 4923 1196 4962 préférence
1226 4923 1266 4951 de
1298 4920 1328 4948 la

429 4974 548 5013 région
566 4974 605 5003 de
621 4973 779 5002 Valence.
798 4984 814 4990 -
836 4968 876 4997 N'
893 4965 985 4995 6038.

469 5051 673 5083 Demoiselle
688 5052 726 5080 33
738 5057 810 5084 ans,
823 5047 876 5077 dot
888 5044 1000 5075 25.000
1010 5043 1049 5073 fr.
1065 5045 1098 5072 et
1110 5043 1328 5079 espérances,

427 5094 600 5126 instruite,
617 5088 816 5128 épouserait
829 5083 1027 5117 célibataire
1042 5089 1085 5112 ou
1101 5081 1189 5114 veuf,
1200 5079 1332 5110 officier

429 5143 473 5166 ou
491 5130 753 5164 fonctionnaire,
771 5124 994 5164 échangerait
1006 5122 1123 5162 photo.
1139 5122 1180 5151 N'
1198 5120 1291 5150 6039.

1353 452 1619 488 Fonctionnaire
1633 451 1673 481 33
1687 458 1761 484 ans,
1777 446 1870 478 7.500
1884 446 1926 475 fr.
1943 443 2141 475 traitement
2149 447 2217 470 non

1315 496 1466 535 compris
1505 492 1725 526 indemnités,
1765 487 1878 519 25.000
1915 485 1958 515 fr.
1997 485 2218 522 espérances,

1318 535 1520 578 épouserait
1530 535 1638 572 jeune
1653 530 1722 561 fille
1738 537 1781 560 ou
1795 535 1904 558 veuve
1931 526 1972 555 de
1995 525 2035 554 24
2059 525 2078 553 à
2093 522 2131 552 28
2148 528 2219 555 ans,

1319 576 1527 614 accepterait
1551 572 1677 608 enfant,
1706 578 1766 609 pas
1796 568 1956 606 exigeant
1985 573 2044 595 sur
2073 564 2220 593 fortune.

1320 619 1360 649 N-
1391 617 1483 647 6040.

1362 700 1477 728 Veuve
1493 696 1534 724 de
1550 699 1687 733 guerre,
1702 691 1741 720 34
1756 697 1829 724 ans,
1845 687 1968 721 brune,
1985 685 2110 714 femme
2139 681 2225 711 d’in¬

1325 738 1469 773 térieur,
1476 735 1537 766 800
1542 734 1584 764 fr.
1595 735 1636 764 de
1643 731 1788 771 pension
1797 731 1832 760 et
1841 729 2005 765 quelques
2015 722 2224 756 économies,

1327 777 1525 817 épouserait
1552 774 1730 804 monsieur
1760 770 1802 800 de
1829 768 1868 798 35
1897 768 1916 798 à
1944 766 1984 796 40
2012 772 2085 800 ans,
2114 762 2227 792 bonne

1328 817 1504 850 situation.
1519 832 1537 838 -
1553 813 1702 846 N-6041.

1371 894 1574 924 Lieutenant
1612 886 1827 919 d’infanterie
1865 881 2044 916 colaniale,
2079 878 2119 909 30
2157 884 2228 910 ans,

1333 935 1470 969 décoré,
1488 932 1583 963 avoir
1609 928 1722 960 25.000
1749 927 1804 962 fr.,
1834 921 2032 964 épouserait
2059 925 2231 958 personne

1334 983 1417 1006 avec
1433 974 1500 1007 dot,
1517 971 1592 1010 âge,
1610 967 1814 1001 antécédent
1839 963 2047 995 indifférent.
2063 976 2082 982 -
2096 959 2136 990 N-
2154 957 2234 987 6042

1374 1066 1483 1093 Jeune
1498 1061 1635 1092 homme
1650 1059 1722 1088 très
1738 1056 1888 1089 sérieux,
1910 1045 2234 1090 ajusteur-mécani¬

1337 1104 1425 1140 cien,
1441 1104 1480 1133 23
1495 1110 1569 1135 ans,
1586 1100 1698 1130 désire
1713 1093 1963 1133 correspondre
1992 1098 2075 1121 avec
2104 1086 2236 1118 demoi¬

1337 1144 1433 1180 selle,
1446 1142 1544 1182 jolie,
1561 1139 1718 1174 aimable,
1735 1137 1776 1167 de
1790 1135 1827 1165 18
1843 1136 1860 1165 à
1874 1135 1914 1164 22
1929 1140 2001 1163 ans.
2015 1147 2034 1152 -
2049 1130 2090 1161 N'
2107 1128 2199 1158 6043.

1378 1226 1594 1261 Demoiselle,
1610 1225 1646 1255 31
1664 1231 1736 1259 ans,
1754 1218 1956 1259 comptable,
1973 1214 2063 1246 7.000
2083 1214 2125 1244 fr.
2156 1214 2238 1242 éco¬

1340 1269 1472 1300 nomies
1488 1271 1521 1298 et
1537 1268 1755 1305 espérances,
1774 1263 1873 1299 ayant
1887 1262 2071 1289 trousseau
2086 1257 2121 1284 et
2134 1251 2239 1283 mobi¬

1339 1310 1416 1345 lier,
1433 1307 1631 1347 épouserait
1646 1303 1824 1334 monsieur
1838 1301 1940 1338 ayant
1967 1295 2130 1327 situation
2157 1292 2239 1322 sûre

1340 1355 1374 1382 et
1389 1349 1502 1380 bonne
1517 1346 1710 1378 éducation.
1727 1359 1738 1365 -
1753 1342 1782 1373 N
1787 1350 1793 1357 -
1811 1341 1903 1371 6044.

1381 1440 1496 1470 Veuve
1505 1437 1583 1467 d’un
1590 1434 1784 1473 ingénieur,
1796 1432 1894 1461 rente
1905 1427 1995 1458 1.700
2004 1425 2058 1462 fr.,
2074 1422 2187 1454 49.000
2198 1421 2239 1452 fr.

1342 1480 1539 1516 dommages
1555 1477 1596 1506 de
1611 1481 1749 1513 guerre,
1767 1471 1829 1510 âge
1844 1471 1882 1500 57
1898 1477 1972 1504 ans,
1985 1467 2097 1497 désire
2108 1471 2239 1501 compa¬

1342 1527 1430 1560 gnon
1451 1519 1562 1549 bonne
1578 1513 1770 1546 éducation.
1787 1528 1804 1534 -
1820 1512 1849 1542 N
1854 1520 1860 1526 -
1877 1509 1969 1538 6045.

1383 1596 1584 1630 Célibataire
1598 1596 1637 1625 35
1653 1602 1725 1629 ans,
1743 1592 1882 1623 sérieux
1904 1591 2004 1627 ayant
2033 1585 2136 1616 élude
2165 1583 2243 1613 d’un

1345 1642 1486 1679 rapport
1501 1638 1542 1668 de
1556 1638 1575 1666 8
1590 1638 1610 1666 à
1625 1635 1663 1665 10
1677 1633 1736 1665 000
1751 1633 1792 1662 fr.
1822 1629 2022 1668 épouserait
2048 1631 2170 1657 veuve,
2200 1631 2243 1653 ou

1345 1678 1545 1711 demoiselle
1560 1676 1784 1709 affectueuse,
1800 1671 1900 1710 goûts
1917 1667 2056 1707 simples
2082 1664 2244 1695 situation

1345 1729 1388 1752 en
1403 1721 1554 1759 rapport.
1571 1733 1590 1739 -
1605 1718 1643 1747 N-
1662 1714 1754 1746 6046.

1385 1785 1591 1818 Demoiselle
1605 1783 1645 1813 35
1660 1790 1733 1818 ans,
1764 1779 1940 1818 employée
1956 1771 2240 1806 administration,

1347 1830 1495 1867 gagnant
1509 1827 1528 1855 4
1543 1824 1602 1854 800
1617 1826 1657 1853 fr.
1674 1829 1737 1862 par
1755 1828 1810 1854 an,
1829 1817 1935 1848 12.000
1963 1816 2003 1845 fr.
2035 1811 2246 1844 économies,

1347 1867 1544 1907 épouserait
1559 1863 1735 1894 monsieur
1749 1862 1791 1891 de
1804 1859 1844 1889 35
1858 1860 1877 1888 à
1891 1857 1930 1887 45
1945 1864 2018 1890 ans,
2035 1852 2191 1892 employé
2203 1858 2247 1881 ou

1348 1911 1446 1939 autre
1462 1905 1635 1937 situation.
1651 1919 1670 1925 -
1685 1903 1724 1933 N'
1738 1901 1831 1931 6047.

1387 1999 1492 2028 Dame
1507 1995 1678 2027 divorcée,
1694 1992 1733 2022 50
1761 1998 1835 2026 ans,
1866 1988 1989 2018 femme
2021 1986 2060 2015 de
2090 1984 2246 2020 ménage,

1349 2042 1448 2078 ayant
1463 2036 1643 2070 intérieur,
1662 2033 1774 2062 désire
1791 2029 1942 2066 mariage
1967 2034 2048 2057 avec
2076 2023 2250 2054 monsieur

1351 2077 1561 2110 mécanicien
1578 2082 1620 2105 ou
1638 2072 1808 2104 militaire,
1819 2077 1862 2100 ou
1874 2073 2047 2108 personne
2057 2062 2251 2096 travaillant

1351 2121 1411 2152 Lia
1427 2123 1624 2155 campagne.
1641 2129 1660 2136 -
1674 2114 1714 2144 N'
1731 2111 1823 2141 6048.

1390 2201 1606 2236 Demoiselle,
1635 2199 1676 2229 50
1703 2205 1776 2232 ans,
1807 2203 1850 2225 ne
1880 2194 1930 2224 les
1957 2191 2150 2231 paraissant
2177 2196 2251 2227 pas,

1352 2244 1523 2276 exellente
1540 2240 1667 2271 famille
1682 2236 1866 2277 possédant
1885 2233 2018 2264 maison
2046 2228 2253 2268 bourgeoise

1353 2282 1661 2316 confortablement
1688 2279 1825 2308 montée
1854 2283 1896 2305 en
1927 2272 2092 2306 meubles,
2122 2271 2253 2308 bijoux,

1353 2324 1560 2365 argenterie,
1576 2321 1665 2351 belle
1682 2317 1841 2349 situation
1859 2316 1899 2345 de
1915 2314 2051 2344 fortune
2080 2315 2113 2341 et
2143 2314 2252 2342 rente,

1354 2363 1551 2405 épouserait
1579 2360 1755 2391 monsieur
1784 2356 1989 2393 catholique,
2027 2351 2169 2383 retraité
2211 2356 2253 2379 ou

1355 2407 1496 2437 rentier.
1513 2420 1532 2425 -
1547 2404 1574 2434 N
1582 2413 1586 2417 -
1602 2401 1693 2431 6050.

1395 2481 1602 2514 Demoiselle
1612 2480 1651 2509 38
1664 2485 1735 2514 ans,
1746 2474 1909 2505 situation
1919 2472 2002 2502 dans
2012 2471 2045 2499 le
2057 2473 2253 2499 commerce

1355 2524 1448 2554 8.000
1462 2522 1501 2552 fr.
1517 2529 1580 2560 par
1595 2528 1649 2554 an,
1667 2517 1762 2548 avoir
1787 2513 1900 2545 30.000
1928 2511 1983 2548 fr.,
2014 2511 2135 2544 brune,
2158 2505 2256 2545 jolie,

1357 2567 1428 2595 très
1444 2563 1565 2595 douce,
1582 2556 1777 2597 épouserait
1794 2554 1969 2585 monsieur
1985 2550 2136 2584 sérieux,
2165 2547 2255 2581 bien,

1359 2605 1423 2643 âge
1440 2611 1482 2634 en
1498 2603 1637 2640 rapport
1652 2615 1671 2620 -
1686 2599 1725 2629 N'
1743 2596 1836 2626 5051.

1399 2681 1513 2710 Veuve
1528 2677 1567 2707 48
1583 2684 1654 2708 ans,
1671 2673 1784 2704 60.000
1795 2671 1836 2701 fr.
1860 2672 1893 2700 et
1908 2666 2103 2708 propriétés
2119 2664 2161 2694 de
2176 2670 2259 2700 rap¬

1359 2726 1448 2760 port,
1465 2718 1589 2752 bonne,
1616 2714 1836 2750 affectueuse,
1864 2707 2062 2748 épouserait
2088 2704 2261 2735 fonction¬

1360 2760 1456 2790 naire
1472 2766 1516 2789 ou
1530 2754 1760 2795 propriétaire
1775 2751 1857 2786 aisé,
1873 2750 2066 2789 protestant
2081 2746 2122 2775 de
2145 2742 2261 2782 préfé¬

1361 2806 1478 2830 rence.
1494 2813 1513 2820 -
1528 2798 1568 2828 N*
1585 2795 1678 2825 5052.

1403 2873 1578 2905 Monsieur
1594 2872 1663 2902 très
1679 2869 1769 2902 bien,
1788 2867 1888 2904 ayant
1911 2865 1952 2895 de
1980 2862 2088 2893 belles
2119 2859 2263 2896 qualités

1363 2915 1523 2948 morales,
1549 2912 1698 2943 sérieux,
1727 2906 1878 2942 instruit,
1909 2903 2092 2941 distingué,
2122 2900 2163 2930 36
2189 2906 2262 2934 ans,

1361 2953 1591 2995 propriétaire
1607 2949 1803 2981 viticulteur
1828 2949 1862 2976 et
1890 2943 2083 2983 publiciste,
2113 2946 2264 2970 revenus

1364 2994 1476 3026 10.000
1499 2993 1554 3027 fr.,
1579 2991 1728 3023 divorcé,
1758 2983 1956 3026 épouserait
1983 2979 2190 3012 institutrice
2219 2985 2263 3008 ou

1365 3033 1565 3066 demoiselle
1581 3032 1682 3070 ayant
1697 3027 1869 3059 situation.
1888 3042 1902 3047 -
1918 3025 1959 3055 N'
1976 3023 2065 3053 6053.

1402 3103 1513 3132 Jeune
1528 3100 1666 3129 homme
1680 3096 1716 3126 31
1735 3102 1808 3128 ans,
1826 3092 1977 3123 sérieux,
1994 3088 2085 3123 actif,
2109 3086 2161 3117 fils
2187 3085 2267 3116 uni¬

1366 3150 1442 3178 que,
1471 3139 1654 3175 ingénieur
1682 3137 1742 3165 des
1782 3134 1904 3166 mines,
1946 3130 2041 3160 avoir
2079 3125 2266 3166 personnel

1363 3181 1497 3212 200.000
1511 3179 1566 3214 fr.,
1583 3175 1782 3217 épouserait
1797 3179 1968 3212 personne
1983 3169 2139 3200 sérieuse
2168 3167 2268 3203 ayant

1367 3231 1435 3253 une
1451 3221 1518 3251 dot.
1536 3236 1555 3241 -
1571 3218 1607 3248 N'
1625 3216 1717 3248 6054.

1404 3299 1514 3328 Jeune
1529 3296 1666 3326 homme
1680 3293 1720 3322 33
1736 3299 1808 3324 ans,
1826 3290 1926 3325 ayant
1937 3284 2109 3319 situation,
2121 3281 2267 3321 pension

1368 3339 1410 3369 de
1426 3344 1552 3376 guerre
1566 3334 1626 3365 720
1639 3334 1682 3363 fr.
1698 3340 1760 3372 par
1776 3339 1818 3360 an
1843 3336 1932 3368 pour
1959 3325 2065 3365 petite
2093 3321 2266 3356 infirmité,

1369 3380 1470 3416 ayant
1485 3376 1658 3414 logement
1672 3375 1707 3403 et
1717 3371 1832 3410 jardin
1848 3372 1882 3399 et
1899 3367 1976 3397 1500
1990 3365 2031 3395 fr.
2060 3361 2268 3396 économies,

1369 3417 1566 3456 épouserait
1575 3413 1772 3445 demoiselle
1782 3418 1826 3442 ou
1835 3414 1945 3440 veuve
1955 3407 1995 3436 de
2006 3404 2107 3443 goûts
2116 3402 2267 3440 simples.

1370 3461 1409 3490 N-
1425 3458 1516 3488 6049.

1411 3531 1613 3564 Célibataire
1640 3530 1680 3559 43
1709 3536 1781 3562 ans,
1811 3526 1863 3555 fils
1893 3522 2032 3560 unique,
2061 3520 2199 3549 homme
2229 3517 2273 3546 du

1373 3573 1507 3606 monde,
1538 3572 1676 3602 fortune
1707 3566 1841 3597 500.000
1866 3565 1907 3594 fr.
1935 3570 1996 3592 sur
2021 3558 2223 3590 immeubles
2253 3557 2273 3586 à

1372 3613 1468 3644 Paris
1484 3616 1518 3642 et
1533 3610 1727 3650 propriétés
1743 3615 1786 3638 en
1801 3604 1975 3645 province,
2002 3601 2154 3630 habitant
2177 3597 2276 3627 hiver

1373 3653 1481 3688 Paris,
1498 3654 1553 3682 été
1568 3651 1600 3680 la
1615 3648 1791 3688 province,
1808 3643 2007 3684 épouserait
2022 3637 2220 3670 demoiselle
2231 3643 2274 3665 ou

1373 3700 1481 3724 veuve
1495 3694 1536 3723 de
1551 3691 1664 3721 bonne
1676 3688 1803 3718 famille
1814 3685 1914 3724 ayant
1927 3691 1969 3712 au
1983 3680 2091 3711 moins
2102 3676 2234 3709 300.000
2243 3675 2274 3705 fr

1373 3736 1413 3765 N-
1431 3733 1523 3763 6055.

1413 3800 1496 3830 Très
1507 3797 1594 3837 jolie
1608 3795 1743 3830 blonde,
1752 3800 1872 3827 veuve,
1888 3791 1929 3821 40
1938 3797 2009 3824 ans,
2027 3795 2070 3817 ne
2083 3786 2132 3816 les
2148 3783 2276 3823 parais¬

1374 3843 1451 3871 sant
1463 3847 1536 3879 pas,
1553 3841 1655 3874 ayant
1662 3835 1752 3865 belle
1762 3833 1924 3864 situation
1934 3830 1975 3860 de
1986 3829 2134 3861 fortune,
2146 3824 2277 3854 maison

1375 3882 1524 3915 montée,
1568 3878 1696 3915 bijoux,
1737 3871 1943 3911 argenterie,
1984 3866 2206 3899 musicienne,
2237 3863 2278 3892 de

1374 3918 1674 3952 bonneéducation
1685 3915 1797 3946 désire
1809 3912 1913 3943 union
1922 3909 2005 3940 libre
2013 3915 2095 3938 avec
2103 3904 2279 3935 monsieur

1375 3962 1477 3998 ayant
1489 3958 1573 3997 jolie
1590 3957 1751 3987 situation
1767 3962 1810 3984 ou
1826 3953 1975 3985 fortune,
1993 3949 2172 3986 n’importe
2199 3943 2276 3982 quel

1375 4001 1450 4039 âge.
1468 4016 1484 4022 -
1500 4000 1541 4030 N-
1557 3997 1651 4028 6056.

1414 4068 1522 4096 Jeune
1538 4064 1675 4094 homme
1690 4060 1993 4100 étranger,27ans,
2011 4056 2080 4085 très
2095 4052 2276 4089 distingué,

1375 4105 1488 4137 20.000
1523 4104 1564 4134 fr.
1596 4104 1636 4133 de
1669 4104 1796 4136 rentes,
1828 4100 1940 4130 désire
1970 4094 2148 4127 connaître
2175 4094 2279 4130 jeune

1375 4147 1445 4177 fille
1461 4153 1505 4176 ou
1519 4151 1627 4175 veuve
1644 4144 1681 4173 18
1696 4143 1716 4173 à
1729 4142 1769 4171 25
1785 4149 1856 4175 ans,
1870 4139 1984 4169 bonne
1998 4134 2192 4166 éducation,
2212 4139 2280 4161 mu¬

1378 4186 1543 4220 sicienne,
1560 4184 1670 4214 même
1681 4191 1758 4213 sans
1768 4181 1916 4212 fortune,
1927 4177 2107 4214 acceptant
2115 4179 2262 4210 voyages
2273 4180 2281 4207 ;

1376 4226 1513 4267 plaisirs
1529 4225 1577 4255 lui
1593 4225 1711 4254 seront
1726 4220 1855 4252 offerts.
1872 4235 1891 4241 -
1906 4219 1946 4248 N’
1963 4216 2056 4246 6057.

1416 4296 1525 4324 Jeune
1542 4293 1678 4323 homme
1693 4290 1731 4319 27
1747 4296 1819 4322 ans,
1832 4287 1963 4316 facteur
1975 4287 2156 4313 receveur,
2169 4279 2281 4308 secré¬

1379 4336 1466 4366 taire
1484 4335 1523 4363 de
1541 4332 1671 4365 mairie,
1689 4326 1887 4365 épouserait
1899 4326 2005 4362 jeune
2028 4320 2097 4351 fille
2127 4320 2168 4347 de
2197 4318 2234 4347 16
2262 4317 2281 4346 à

1377 4376 1418 4405 25
1434 4382 1505 4408 ans,
1524 4374 1677 4403 désirant
1691 4377 1728 4400 se
1744 4368 1872 4398 marier
1884 4364 1926 4394 de
1942 4363 2042 4393 suite.
2060 4362 2101 4390 N-
2118 4359 2198 4389 6058

1420 4452 1522 4481 Dame
1551 4447 1710 4478 divorcée
1739 4446 1757 4474 à
1785 4451 1846 4474 son
1877 4438 1988 4479 profit,
2015 4438 2054 4467 42
2070 4444 2143 4471 ans,
2173 4442 2217 4464 ne
2233 4433 2282 4462 les

1381 4499 1463 4529 para
1480 4492 1574 4519 ssant
1599 4495 1670 4526 pas,
1700 4483 1852 4522 gentille,
1871 4479 2095 4512 affectueuse,
2121 4475 2282 4505 situation

1381 4531 1511 4560 variant
1530 4530 1570 4558 de
1586 4526 1678 4557 6.000
1701 4526 1741 4555 fr.
1761 4526 1778 4554 à
1794 4521 1887 4552 7.000
1904 4520 1942 4549 fr.
1962 4526 2025 4557 par
2041 4525 2094 4552 an,
2113 4523 2172 4549 pas
2188 4515 2283 4543 d’en¬

1380 4571 1463 4603 fant,
1481 4569 1596 4599 désire
1613 4566 1763 4603 mariage
1781 4571 1822 4594 en
1839 4566 1995 4599 rapport.
2013 4574 2030 4579 -
2046 4557 2075 4587 N
2082 4566 2087 4572 -
2104 4555 2209 4585 6.059.

1420 4647 1530 4675 Jeune
1547 4644 1683 4677 femme,
1701 4641 1741 4670 28
1757 4647 1829 4673 ans,
1848 4638 1904 4667 dot
1918 4633 2033 4664 50.000
2048 4632 2102 4665 fr.,
2118 4632 2285 4669 espéran¬

1381 4694 1439 4716 ces
1457 4683 1588 4714 150.000
1603 4683 1658 4717 fr.,
1676 4680 1802 4710 famille
1818 4675 2017 4709 honorable,
2030 4679 2108 4702 sans
2125 4671 2284 4704 relation,

1381 4727 1541 4757 divorcée
1584 4724 1603 4752 à
1630 4730 1691 4752 son
1732 4719 1834 4758 profit
1861 4723 1943 4746 avec
1972 4712 2113 4752 pension
2145 4710 2203 4739 600
2231 4709 2285 4744 fr.,

1381 4764 1522 4806 grande,
1546 4764 1667 4797 brune,
1698 4760 1921 4791 musicienne,
1938 4755 2060 4784 femme
2077 4749 2288 4786 d’intérieur,

1382 4806 1550 4838 sérieuse,
1581 4800 1779 4840 épouserait
1809 4796 1986 4829 monsieur
2014 4794 2055 4822 de
2070 4792 2109 4820 35
2125 4794 2141 4820 à
2158 4790 2197 4819 48
2214 4797 2286 4824 ans,

1383 4845 1503 4886 grand,
1533 4842 1624 4874 belle
1640 4840 1802 4870 situation
1833 4840 1866 4868 et
1895 4834 2044 4868 fortune,
2075 4832 2207 4861 France
2242 4837 2286 4859 ou

1382 4884 1550 4917 Colonies.
1569 4899 1589 4905 -
1608 4882 1636 4912 N
1642 4890 1647 4896 -
1666 4880 1756 4911 6060.

1425 4951 1629 4984 Demoiselle
1643 4949 1682 4979 46
1711 4956 1783 4981 ans,
1814 4945 1944 4985 pieuse,
1976 4940 2144 4973 sérieuse,
2162 4939 2283 4972 brune,

1384 4993 1511 5024 famille
1551 4989 1751 5022 honorable,
1796 4986 1920 5016 femme
1960 4980 2171 5014 d’intérieur,
2231 4978 2289 5007 dot

1384 5033 1498 5065 40.000
1514 5034 1554 5062 fr.
1572 5034 1607 5062 et
1623 5029 1730 5060 belles
1747 5028 1967 5065 espérances,
1988 5019 2186 5058 épouserait
2214 5026 2289 5047 em¬

1385 5075 1486 5113 ployé
1516 5066 1834 5103 d’administration,
1872 5063 2035 5093 douanes,
2076 5057 2288 5096 professeur,

1386 5111 1688 5151 enregistrement,
1700 5108 1783 5145 juré
1799 5114 1842 5136 ou
1857 5099 2124 5143 propriétaire.-
2140 5099 2168 5129 N
2174 5106 2179 5112 -
2198 5097 2288 5126 6061.

2414 458 2563 516 Avis
2603 471 2720 511 aux
2755 450 3031 512 Abonnés

2316 586 2413 613 Nous
2441 581 2646 612 conseillons
2672 585 2747 607 aux
2770 580 2964 612 personnes
2976 569 3135 607 pouvant
3148 569 3177 595 le

2277 624 2380 660 faire,
2407 623 2448 651 de
2473 621 2649 651 souscrire
2676 620 2717 647 de
2728 618 2935 653 préférence
2950 619 2998 643 un
3022 611 3174 640 abonne¬

2278 665 2374 694 ment
2389 661 2428 692 dê
2442 664 2464 692 6
2479 662 2578 690 mois.
2601 660 2690 688 Elles
2713 660 2842 687 auront
2866 653 3065 687 l'avantage
3081 650 3120 679 de
3136 654 3179 676 ne

2277 711 2342 740 pas
2354 704 2482 738 perdre
2496 703 2536 731 de
2550 707 2616 730 vue
2631 705 2680 728 un
2690 699 2763 727 seul
2779 697 2914 727 abonné
2929 695 2960 724 et
2975 694 3016 722 de
3030 690 3179 720 réaliser

2282 751 2350 775 une
2365 743 2540 773 économie
2555 741 2595 770 de
2610 741 2656 769 20
2671 740 2719 775 %.

2325 872 2428 902 AVIS.
2461 886 2496 891 —
2525 870 2588 897 Les
2616 866 2774 896 Abonnés
2799 864 2840 894 de
2869 864 2900 893 la
2919 861 3057 893 REVUE
3072 856 3184 888 MEN¬

2286 912 2453 946 SUELLE,
2480 907 2631 939 désirant
2659 905 2817 935 recevoir
2840 905 2872 933 la
2898 904 3080 933 «Revue»
3103 904 3183 927 sous

2287 952 2494 990 enveloppes
2523 948 2670 978 fermées
2700 946 2778 975 sont
2810 944 2902 981 priés
2931 941 3123 972 d’adresser
3151 936 3181 966 la

2289 1000 2417 1024 somme
2435 991 2475 1020 de
2490 991 2509 1019 2
2525 989 2564 1018 fr.
2581 994 2622 1017 en
2638 985 2715 1025 plus
2732 992 2818 1023 pour
2843 985 2893 1013 les
2924 982 3006 1012 frais
3037 980 3077 1009 de
3104 978 3184 1008 tim¬

2289 1034 2368 1064 bres
2385 1040 2392 1068 ;
2423 1031 2473 1060 les
2499 1029 2651 1059 abonnés
2679 1028 2756 1055 sont
2785 1024 2979 1063 également
3008 1020 3099 1059 priés
3145 1017 3185 1046 de

2291 1073 2433 1103 timbrer
2461 1071 2554 1100 leurs
2585 1068 2705 1097 lettres
2734 1067 2753 1095 à
2780 1064 2819 1094 25
2835 1066 2923 1095 cent,
2952 1069 3037 1100 pour
3053 1064 3185 1089 corres¬

2291 1114 2422 1154 pondre
2432 1112 2531 1142 entre
2545 1107 2709 1138 abonnés.

2332 1215 2456 1243 Jeunes
2476 1215 2558 1245 gens
2563 1208 2569 1243 ,
2589 1208 2717 1242 jeunes
2742 1204 2828 1239 filles
2855 1205 2888 1233 et
2915 1208 3000 1232 vous
3028 1202 3104 1228 tous
3132 1196 3192 1232 qui

2293 1254 2423 1283 désirez
2461 1256 2547 1280 vous
2583 1247 2722 1277 marier
2725 1246 2731 1277 ,
2771 1245 2964 1274 demandez
3000 1242 3030 1269 le
3059 1236 3193 1269 GUIDE

2294 1291 2520 1323 PRATIQUE
2552 1289 2617 1318 DU
2647 1286 2860 1316 BONHEUR
2893 1285 2957 1313 EN
2990 1272 3191 1310 MÉNAGE,

2295 1331 2485 1363 contenant
2497 1331 2556 1359 des
2570 1327 2714 1358 conseils
2726 1325 2795 1354 très
2808 1325 2909 1354 utiles
2918 1328 3012 1358 pour
3019 1322 3049 1349 le
3058 1317 3194 1348 maria¬

2295 1381 2348 1409 ge,
2364 1375 2393 1402 le
2407 1373 2544 1401 volume
2555 1374 2627 1403 par
2641 1369 2669 1395 J.
2691 1357 2919 1395 PÊLISSIER
2941 1359 3100 1398 pouvant
3121 1356 3193 1387 être

2297 1416 2332 1443 lu
2345 1419 2414 1448 par
2430 1411 2502 1441 tout
2518 1411 2547 1439 le
2559 1409 2694 1438 monde.

2337 1454 2505 1484 Adressez
2521 1451 2555 1479 la
2569 1453 2701 1478 somme
2714 1447 2753 1475 de
2764 1447 2784 1475 3
2796 1445 2843 1480 fr.
2862 1446 2907 1474 50
2922 1443 2944 1473 à
2958 1444 2992 1471 la
3008 1438 3196 1470 Directrice

2297 1496 2337 1523 de
2351 1495 2386 1523 la
2401 1491 2550 1522 REVUE
2564 1486 2843 1518 MENSUELLE,
2861 1485 2920 1520 qui
2941 1487 3025 1513 vous
3053 1478 3197 1508 l’adres¬

2296 1541 2378 1563 sera
2392 1534 2520 1567 franco
2534 1531 2574 1558 de
2585 1528 2678 1563 port.

2340 1635 2404 1663 Les
2432 1633 2608 1660 annonces
2635 1627 2723 1655 dans
2751 1626 2786 1653 la
2800 1632 2818 1650 «
2834 1625 2948 1653 Revue
2963 1626 2980 1649 »
3006 1619 3086 1648 sont
3116 1618 3157 1645 de
3177 1615 3199 1644 4

2302 1675 2413 1709 lignes
2426 1678 2475 1700 au
2488 1668 2690 1698 maximun.
2704 1666 2962 1698 Lespersonnes
2976 1661 3036 1696 qui
3050 1655 3201 1688 désirent

2301 1715 2379 1743 leur
2403 1715 2564 1740 annonce
2589 1708 2667 1741 plus
2682 1707 2807 1740 longue
2818 1702 2984 1738 paieront
2995 1706 3046 1730 un
3060 1697 3198 1731 supplé¬

2302 1753 2398 1783 ment
2410 1753 2450 1780 de
2464 1752 2486 1779 3
2501 1750 2549 1784 fr.
2568 1749 2602 1777 la
2618 1747 2718 1782 ligne.

2343 1857 2393 1885 La
2407 1856 2425 1883 «
2435 1855 2550 1883 Revue
2565 1848 2749 1880 Mensuelle
2758 1854 2775 1876 »
2790 1846 2927 1879 accepte
2943 1843 3052 1873 toutes
3067 1845 3201 1870 annon¬

2303 1902 2356 1925 ces
2384 1892 2646 1924 commerciales
2671 1895 2716 1918 ou
2731 1887 2862 1920 autres,
2878 1885 2944 1914 soit
2954 1883 3071 1913 ventes
3075 1881 3082 1915 ,
3099 1880 3202 1915 fonds

2304 1937 2343 1965 de
2355 1938 2548 1964 commerce
2563 1938 2608 1960 ou
2622 1928 2803 1958 industrie.

2333 2098 2744 2163 ANNONCES
2800 2089 3180 2151 DIVERSES

2571 2222 2701 2254 maison
2721 2218 2941 2251 d’habitation
2971 2218 2989 2245 à
3017 2215 3050 2244 la
3078 2220 3209 2250 campa¬

2570 2271 2649 2302 gne,
2666 2262 2707 2292 de
2718 2262 2736 2291 6
2753 2263 2771 2291 à
2786 2261 2804 2289 8
2821 2259 2936 2298 pièces
2964 2254 3113 2294 garnies,
3142 2255 3211 2290 jar¬

2310 2310 2376 2344 din,
2393 2307 2550 2338 banlieue
2567 2304 2665 2334 d’une
2687 2302 2791 2339 petite
2813 2299 2904 2334 ville,
2917 2305 2998 2337 pays
3025 2296 3065 2325 de
3090 2293 3211 2324 chasse

2311 2353 2344 2380 et
2360 2350 2400 2379 de
2416 2346 2535 2387 pêche.
2555 2361 2574 2366 -
2590 2346 2629 2374 N-
2649 2342 2697 2373 10.

2575 2409 2813 2449 appartement
2846 2406 2866 2435 4
2897 2403 3013 2443 pièces
3057 2400 3209 2439 garnies,

2573 2452 2592 2481 2
2607 2449 2801 2482 chambres,
2818 2445 2902 2476 salle
2919 2447 2937 2474 à
2953 2449 3107 2480 manger,
3135 2439 3211 2469 cui¬

2313 2497 2398 2532 sine,
2418 2492 2593 2528 vestibule,
2603 2488 2848 2522 water-closet,
2860 2483 2996 2516 cabinet
3012 2483 3052 2512 de
3069 2479 3211 2511 toilette.

2313 2553 2331 2559 -
2347 2537 2387 2567 N-
2406 2536 2453 2564 11.

2312 2238 2335 2292 A
2371 2233 2523 2291 LOUER

2313 2424 2337 2478 A
2372 2420 2528 2478 LOUER

2338 2609 2354 2665 A
2380 2610 2403 2651 \/
2413 2609 2435 2650 F
2446 2608 2470 2650 M
2482 2607 2506 2649 n
2516 2607 2539 2648 R
2549 2604 2571 2647 F
2618 2605 2640 2635 S
2643 2596 2748 2626 I>ande
2780 2592 2957 2632 propriété
2991 2587 3216 2626 comprenant

2385 2633 2399 2663 V
2414 2632 2437 2664 L
2447 2631 2471 2664 IN
2483 2630 2506 2663 U
2517 2635 2539 2661 n
2550 2634 2573 2661 L
2620 2637 2770 2667 maisons
2785 2634 2825 2663 de
2836 2632 2958 2662 maître
2968 2632 3001 2661 et
3013 2630 3052 2660 de
3063 2626 3214 2657 fermier.

2316 2683 2396 2713 Prix
2411 2683 2430 2711 à
2447 2680 2612 2711 débattre.
2629 2693 2648 2699 -
2663 2676 2692 2706 N
2697 2684 2703 2690 -
2722 2675 2771 2705 12.

2322 2758 2345 2810 A
2384 2753 2577 2810 VENDRE

2318 2827 2469 2860 fermier.
2488 2825 2569 2856 Prix

2620 2742 2728 2782 petite
2756 2741 2866 2770 ferme
2896 2736 3122 2774 comprenant
3151 2735 3218 2763 ter¬

2623 2782 2715 2812 rains
2733 2784 2767 2811 et
2782 2780 2912 2809 maison
2940 2773 3158 2806 d’habitation
3177 2773 3217 2802 de

2610 2821 2722 2853 20.000
2736 2820 2776 2850 fr.
2795 2835 2813 2841 -
2829 2819 2869 2849 N-
2889 2817 2937 2847 13.

2322 2903 2345 2957 A
2387 2901 2442 2942 VF
2453 2901 2477 2940 M
2489 2899 2545 2940 RR
2556 2896 2580 2938 F
2625 2887 2758 2919 maison
2766 2883 2985 2916 d’habitation
2993 2882 3077 2911 dans
3084 2879 3220 2916 village,

2392 2923 2407 2947 v
2420 2923 2443 2956 L
2454 2922 2477 2955 IN
2490 2921 2513 2955 U
2524 2921 2545 2954 fl
2557 2926 2580 2953 L
2626 2936 2710 2959 avec
2723 2928 2743 2957 4
2754 2928 2776 2956 à
2789 2926 2808 2955 5
2823 2925 2983 2955 hectares
2999 2922 3042 2952 de
3057 2919 3216 2950 terrains.

2320 2975 2401 3005 Prix
2416 2976 2433 3003 à
2450 2972 2614 3003 débattre.
2632 2985 2650 2991 -
2665 2969 2694 2998 N
2701 2977 2706 2983 -
2725 2968 2773 2997 14.

2324 3046 2517 3105 GRANDS
2545 3042 2654 3100 VINS
2688 3036 2951 3098 MOUSSEUX
2996 3033 3220 3064 mar<lues

2323 3130 2405 3153 avec
2429 3121 2479 3150 les
2504 3119 2581 3157 plus
2608 3115 2733 3154 grands

2323 3162 2489 3193 modérés.
2508 3175 2527 3181 -
2541 3158 2570 3188 N
2577 3166 2582 3173 -
2601 3157 2649 3186 15.

2996 3066 3143 3098 rivalis
3154 3066 3223 3095 ant

2763 3112 3007 3150 champagnes.
3039 3107 3118 3138 Prix
3149 3107 3221 3135 très

2326 3237 2350 3291 A
2389 3231 2583 3290 VENDRE

2324 3311 2364 3340 N-
2383 3308 2431 3338 16.

2330 3383 2352 3437 A
2394 3377 2589 3436 VENDRE

2326 3452 2529 3485 CHABAUD.

2331 3523 2666 3584 VOULEZ-VOUS

2627 3220 2776 3252 terrains
2796 3225 2885 3256 pour
2911 3217 2944 3246 la
2972 3212 3219 3246 construction.

2627 3260 2856 3297 Paris-Plage,
2896 3257 2961 3286 site
2989 3255 3171 3284 ravissant.
3204 3267 3223 3274 -

2632 3367 2847 3399 lotissement
2862 3365 2904 3393 de
2919 3360 3068 3392 terrains
3091 3361 3110 3389 à
3125 3361 3226 3388 Arca-

2633 3409 2732 3439 chon.
2749 3423 2787 3427 —
2802 3404 2998 3434 S’adresser
3013 3402 3032 3431 à
3052 3401 3141 3430 Mme
3159 3400 3225 3428 Vve

2709 3516 2851 3544 trouver
2879 3518 2923 3540 un
2952 3508 3129 3546 logement
3154 3505 3173 3535 à
3195 3505 3227 3533 la

2710 3558 2899 3590 campagne
2940 3556 2984 3578 ou
3027 3554 3070 3576 en
3107 3545 3185 3575 ville
3208 3543 3229 3574 ?

2330 3601 2599 3631 Adressez-vous
2621 3597 2641 3625 à
2668 3595 2753 3624 Mme
2783 3594 2850 3622 Vve
2874 3587 3079 3622 CHABAUD,
3109 3585 3225 3614 Direc¬

2329 3641 2415 3671 trice
2443 3641 2485 3669 de
2512 3638 2542 3667 la
2572 3639 2590 3668 «
2613 3639 2728 3667 Revue
2739 3632 2923 3665 Mensuelle
2947 3639 2964 3655 »
3007 3627 3063 3664 qui
3102 3631 3229 3663 pourra

2332 3682 2508 3718 s’occuper
2525 3678 2729 3714 moyennant
2744 3671 2961 3704 rétribution,
2980 3667 3020 3697 de
3037 3673 3120 3696 vous
3131 3668 3229 3694 trou¬

2331 3729 2392 3752 ver
2406 3728 2450 3751 un
2467 3719 2651 3757 logement.

3130 3793 3171 3823 de
3211 3792 3231 3822 6

3151 3834 3171 3862 à
3212 3833 3231 3861 7

2335 3807 2846 3885 APPARTEMENT
2877 3801 3086 3873 GARNI

2333 3891 2458 3930 pièces,
2473 3896 2556 3918 avec
2568 3884 2693 3925 jardin,
2708 3883 2773 3913 site
2784 3878 2955 3919 agréable,
2967 3876 3021 3905 vie
3037 3876 3056 3904 à
3069 3874 3129 3904 bas
3144 3872 3232 3911 prix,

2335 3932 2416 3961 dans
2433 3929 2568 3960 localité
2586 3924 2763 3956 desservie
2787 3928 2851 3959 par
2865 3919 2955 3948 deux
2970 3915 3080 3952 lignes
3097 3914 3138 3943 de
3153 3912 3232 3942 che¬

2335 3971 2402 4001 min
2420 3970 2461 3999 de
2478 3970 2540 3998 fer.
2556 3983 2575 3990 -
2599 3965 2793 3996 S’adresser
2816 3963 2832 3990 à
2850 3960 2939 3988 Mme
2957 3957 2983 3985 la
3002 3952 3231 3993 propriétaire

2335 4012 2377 4042 du
2393 4011 2466 4040 Clos
2483 4007 2649 4043 Chabaud,
2665 4006 2683 4035 à
2699 3997 2968 4036 Pont-St-Esprit
2988 3993 3115 4033 (Gard).

2776 4083 2828 4111 est
2840 4075 3029 4109 demandée
3054 4081 3141 4112 pour
3158 4080 3234 4102 ser-

2595 4150 2608 4159 m
2608 4147 2730 4160 .,*,—.
2774 4121 2849 4151 vice
2885 4119 2925 4148 de
2962 4116 3053 4145 deux
3087 4120 3234 4151 person-

2337 4196 2409 4203 _
2451 4169 2646 4200 S’adresser
2660 4166 2680 4195 à
2693 4165 2783 4194 Mme
2798 4161 2830 4189 la
2854 4153 3083 4196 progriétaire
3099 4153 3142 4183 du
3157 4152 3232 4182 Clos

2334 4211 2500 4246 Chabaud,
2516 4211 2533 4237 à
2549 4201 2820 4240 Pont-St-Esprit
2835 4197 2961 4238 (Gard).

2322 4298 2400 4366 U
2458 4285 2860 4325 ninrUTnir'C'
2910 4277 2950 4306 de
2980 4274 3010 4303 la
3046 4275 3068 4304 “
3082 4271 3233 4303 Revue”

2459 4298 2658 4362 UIKRL.
2675 4297 2690 4358 1
2709 4294 2862 4354 KILCi
2910 4319 3008 4352 ayant
3053 4314 3130 4342 loué
3166 4319 3234 4341 une

2338 4372 2415 4402 villa
2431 4372 2449 4400 à
2464 4370 2496 4399 la
2520 4372 2706 4405 campagne
2721 4368 2802 4392 avec
2817 4357 2926 4396 grand
2937 4353 3029 4393 jardi
3035 4362 3050 4373 n
3058 4372 3066 4388 ,
3083 4353 3148 4382 site
3164 4353 3234 4381 très

2339 4410 2510 4450 agréable,
2539 4415 2622 4446 pays
2653 4405 2694 4435 de
2720 4402 2842 4432 chasse
2867 4399 2902 4426 et
2931 4402 2971 4424 ne
2999 4393 3115 4430 pêche.
3130 4393 3236 4422 Sous-

2338 4452 2484 4483 louerait
2499 4445 2738 4487 appartement
2750 4437 2849 4480 garni
2867 4445 2874 4473 ;
2893 4432 3099 4466 détaillerait
3119 4432 3235 4470 pièces

2365 4096 2474 4166 INE
2509 4091 2730 4165 BONNE

2505 4588 2569 4622 A.
2573 4586 2667 4620 vis
2715 4576 3079 4623 Important

2381 4697 2542 4726 Madame
2563 4695 2628 4722 Vve
2645 4684 2857 4720 CHABAUD
2872 4681 2922 4711 est
2937 4680 3030 4709 seule
3044 4677 3240 4706 directrice-

2338 4728 2742 4772 propriétaire-gérante
2756 4726 2796 4753 de
2811 4725 2846 4752 la
2854 4731 2871 4748 «.
2881 4722 2996 4751 Revue
3011 4718 3194 4747 Mensuelle
3209 4725 3238 4743 ».

2342 4779 2413 4806 Elle
2427 4774 2485 4804 n’a
2496 4780 2562 4808 pas
2576 4774 2615 4801 de
2629 4764 2828 4799 succursale
2832 4768 2839 4796 ,
2855 4763 2888 4790 et
2903 4759 2995 4789 toute
3010 4757 3186 4787 imitation
3201 4757 3240 4784 de

2343 4817 2427 4846 cette
2467 4816 2581 4844 Revue
2625 4815 2707 4839 sera
2739 4801 2944 4840 poursuivie
2971 4804 3046 4828 aux
3074 4796 3184 4832 règles
3209 4796 3241 4824 et

2342 4859 2507 4893 rigueurs
2522 4854 2561 4881 de
2578 4853 2611 4880 la
2627 4849 2681 4878 loi.

2826 4881 2891 4910 Vve
2907 4877 3132 4908 CHABAUD.

2383 5006 2428 5033 La
2443 4995 2799 5032 Directrice-Gérante
2817 4999 2824 5020 :
2862 4990 2976 5020 Veuve
3000 4987 3202 5017 CHABAUD.

2540 5097 2611 5130 Imp.
2634 5077 3046 5121 BAFFERTVMontiRlinar.
3136 5076 3160 5107 J
