3536 5552
1471 453 1571 503 PRIX
1624 452 1633 501 :
1693 450 1790 500 50
1848 449 2043 499 Centimes

376 613 1273 826 REVUE
1480 594 3129 812 MENSUELLE

659 867 849 925 Liste
880 864 1326 920 d’Annonces
1356 852 1929 914 Matrimoniales
1960 856 2025 908 et
2054 850 2500 906 d’Annonces
2531 847 2857 905 Diverses

394 966 528 1006 (Fonds
566 965 611 995 de
648 968 874 999 commerce,
919 958 1113 995 industrie,
1150 956 1258 987 vente
1301 951 1568 989 d’immeubles,
1613 949 1780 987 location,
1818 946 2012 985 échange).
2121 941 2157 973 —
2260 940 2505 973 Paraissant
2542 940 2578 972 le
2616 941 2674 972 fer
2708 941 2754 972 de
2797 940 2951 982 chaque
2985 939 3099 971 mois.

542 1030 854 1072 LAbonnement
870 1030 908 1067 et
926 1029 973 1066 de
993 1027 1042 1065 25
1062 1026 1191 1073 francs
1208 1035 1314 1073 pour
1330 1021 1356 1059 4
1376 1022 1492 1069 mois,
1515 1019 1565 1057 45
1586 1017 1710 1067 francs
1727 1027 1833 1067 pour
1849 1015 1877 1055 8
1894 1016 1996 1053 mois
2017 1015 2055 1052 et
2071 1013 2122 1052 65
2142 1012 2269 1062 francs
2284 1024 2390 1062 pour
2411 1012 2429 1049 1
2453 1023 2506 1049 an
2526 1013 2713 1050 donnant
2730 1011 2837 1050 droit
2854 1014 2880 1049 à
2900 1023 2977 1050 une

356 1101 589 1151 inscription
606 1098 782 1149 gratuite
800 1107 872 1134 sur
890 1107 954 1133 ma
974 1094 1075 1133 liste.
1101 1092 1140 1130 —
1160 1092 1230 1129 Les
1245 1099 1446 1128 annonces
1460 1087 1554 1125 sont
1572 1086 1621 1123 de
1639 1086 1777 1135 quatre
1797 1085 1925 1134 lignes
1944 1082 2175 1120 maximum.
2197 1102 2237 1107 —
2263 1078 2304 1124 Les
2320 1078 2396 1137 lignes
2412 1077 2621 1135 supplémentaires
2638 1081 2689 1123 sont
2705 1080 2790 1136 payés!
2806 1080 2819 1122 i
2834 1078 2912 1123 raison
2929 1077 2955 1122 ds
2972 1077 2984 1122 3
3001 1076 3031 1123 fr.
3047 1077 3071 1123 la
3086 1076 3161 1135 ligîî-î.

857 1161 954 1192 Pour
984 1158 1192 1197 l’Etranger
1208 1167 1214 1186 :
1254 1155 1278 1186 4
1298 1154 1402 1192 mois,
1431 1151 1487 1184 30
1516 1151 1659 1182 francs.
1701 1167 1739 1171 —
1782 1149 1807 1179 8
1831 1147 1934 1186 mois,
1953 1146 2006 1178 50
2034 1146 2177 1177 francs.
2219 1163 2257 1166 —
2304 1144 2312 1175 I
2347 1153 2405 1182 an,
2433 1142 2485 1174 70
2513 1143 2656 1175 francs.

519 1233 698 1272 Adresser
718 1231 854 1270 Lettres
871 1231 905 1268 et
925 1227 1102 1267 Mandats
1122 1228 1143 1265 à
1163 1225 1269 1263 Mme
1297 1222 1426 1262 Veuve
1445 1218 1714 1265 CHABAUD,
1737 1216 1936 1256 Directrice
1965 1215 2012 1254 de
2040 1214 2074 1255 la
2103 1214 2241 1255 Revue
2268 1212 2499 1256 Mensuelle,
2534 1212 2592 1256 18,
2626 1212 2706 1253 Rue
2734 1211 3004 1259 Sainte-Croix,

1506 1286 1748 1329 Montélimar
1780 1284 1952 1334 (Drôme)

394 1410 485 1438 Noire
499 1418 595 1436 œuvre
611 1417 628 1434 a
643 1410 714 1441 pour
730 1406 777 1432 but
793 1405 825 1431 de
841 1404 924 1431 venir
937 1413 969 1430 en
986 1402 1050 1428 aide
1060 1411 1120 1428 aux
1128 1399 1259 1432 familles

358 1448 408 1481 qui
423 1446 550 1473 désirent
565 1443 672 1471 marier
688 1444 765 1468 leurs
781 1443 905 1473 enfants,
923 1448 983 1465 aux
1001 1447 1105 1464 veuves
1121 1436 1171 1471 qui
1187 1445 1257 1461 vou¬

358 1482 471 1508 draient
486 1490 516 1507 se
529 1479 678 1509 remarier,
696 1488 756 1503 aux
783 1476 934 1510 orphelins
964 1478 989 1500 et
1018 1483 1077 1499 aux
1106 1471 1258 1498 messieurs

359 1518 409 1552 qui
424 1519 523 1544 rêvent
537 1516 570 1542 de
585 1525 614 1542 se
621 1513 728 1548 fonder
743 1522 781 1538 un
789 1513 816 1546 f
824 1521 878 1546 yer
881 1520 888 1543 ,
903 1520 957 1536 une
965 1508 1096 1542 famille.

395 1553 486 1581 Notre
501 1561 598 1578 œuvre
612 1559 677 1577 sera
696 1550 860 1583 approuvée
878 1550 933 1581 par
948 1550 1014 1572 tous
1043 1553 1092 1570 nos
1122 1542 1247 1569 abonnés

361 1587 510 1623 lorsqu'ils
525 1592 647 1614 sauront
659 1584 746 1620 qu'ils
761 1588 885 1618 peuvent
901 1586 1017 1608 trouver
1042 1582 1133 1615 grâce
1148 1581 1165 1605 à
1181 1582 1260 1604 notre

360 1633 500 1652 concours
505 1624 511 1656 ,
529 1624 555 1649 le
570 1631 670 1657 moyen
685 1621 717 1647 de
732 1619 874 1646 semarier
886 1618 965 1644 selon
978 1617 1055 1642 leurs
1069 1618 1166 1651 goûts,
1183 1614 1260 1640 leurs

364 1669 430 1687 vues
446 1663 472 1686 et
486 1659 565 1685 selon
583 1659 646 1684 leur
660 1656 816 1682 condition.

397 1696 480 1722 Nous
495 1695 594 1728 prions
610 1694 651 1719 les
668 1692 766 1718 Dames
782 1694 807 1717 et
823 1690 863 1715 les
880 1689 1036 1715 Messieurs
1061 1687 1094 1712 de
1116 1694 1186 1712 nous
1211 1693 1260 1710 en¬

364 1740 452 1765 voyer
468 1731 494 1756 le
509 1730 576 1764 plus
590 1727 741 1755 d’abonnés
756 1725 893 1760 possible,
910 1723 970 1759 afin
985 1732 1038 1757 que
1057 1726 1137 1748 notre
1165 1729 1262 1746 œuvre

364 1767 385 1795 f
389 1766 563 1801 agrandisse
578 1769 602 1790 et
618 1763 712 1798 puisse
723 1766 776 1797 par
791 1770 822 1788 ce
836 1769 936 1794 moyen
945 1758 1083 1792 Jaciliter
1099 1756 1214 1784 nombre
1230 1755 1262 1781 de

365 1803 512 1836 mariages
528 1805 553 1827 et
562 1800 644 1833 faire
660 1799 687 1825 le
701 1799 767 1833 plus
791 1796 949 1823 d'heureux
964 1793 1100 1829 possible,
1117 1801 1168 1819 car
1195 1790 1262 1817 c'est

365 1848 420 1864 une
432 1837 522 1864 bonne
539 1836 636 1862 action
650 1843 703 1868 que
715 1843 785 1860 vous
793 1835 881 1866 fere\
909 1840 943 1856 en
970 1831 1152 1864 propageant
1184 1831 1263 1853 notre

364 1882 470 1904 x.vre,
486 1882 556 1899 vous
564 1880 635 1897 nous
654 1870 768 1903 aiderez
784 1868 864 1895 ainsi
879 1869 895 1893 à
910 1865 1075 1892 contribuer
1087 1874 1124 1890 au
1135 1863 1263 1890 bonheur

365 1910 411 1936 des
419 1909 556 1942 familles
570 1908 620 1942 qui
630 1906 753 1932 désirent
765 1909 880 1931 trouver
891 1912 930 1928 un
940 1905 1035 1936 époux
1045 1910 1081 1926 ou
1091 1909 1147 1926 une
1157 1902 1265 1932 épouse

365 1949 438 1980 pour
459 1945 537 1971 leurs
553 1945 675 1976 enfants,
695 1950 754 1967 aux
769 1948 874 1966 veuves
894 1948 933 1963 un
948 1936 1074 1968 soutien,
1105 1938 1122 1961 à
1141 1937 1150 1961 l
1162 1935 1262 1968 orphe¬

366 1982 408 2007 lin
424 1989 463 2007 un
471 1982 560 2014 foyer
576 1983 601 2005 et
616 1987 652 2004 au
668 1977 839 2003 relèvement
853 1974 886 2000 de
902 1974 932 1999 la
949 1973 1056 1999 France
1084 1971 1134 2005 qui
1162 1970 1262 2001 donne,

365 2021 419 2052 par
436 2017 475 2042 les
491 2016 636 2050 mariages
644 2012 775 2045 féconds,
791 2010 838 2037 des
854 2009 962 2036 soldats
978 2010 995 2034 à
1011 2008 1039 2033 la
1056 2006 1158 2033 Patrie
1174 2010 1199 2032 et
1214 2005 1264 2040 qui

364 2055 427 2083 font
441 2051 488 2078 des
504 2053 618 2079 femmes
634 2049 667 2074 de
681 2048 785 2075 bonnes
795 2048 884 2073 mères
900 2046 933 2071 de
941 2044 1072 2077 famille.

403 2087 478 2115 C'est
494 2087 564 2112 dans
579 2095 610 2112 ce
625 2084 673 2110 but
688 2093 741 2118 que
756 2091 826 2109 nous
846 2090 935 2108 avons
944 2079 1037 2114 fondé
1053 2079 1082 2105 la
1098 2078 1112 2104 «
1128 2075 1265 2104 REVUE

366 2121 608 2150 MENSUELLE
625 2127 649 2146 ».

401 2159 487 2186 Nous
503 2167 537 2183 ne
551 2161 650 2183 tenons
665 2158 716 2189 pas
733 2164 787 2180 une
800 2162 909 2188 agence
922 2150 1136 2178 matrimoniale
1155 2152 1181 2174 et
1195 2157 1265 2173 nous

367 2204 401 2221 ne
416 2200 539 2228 prenons
553 2201 663 2218 aucune
677 2190 859 2217 commission
872 2197 922 2214 sur
939 2188 966 2214 la
986 2186 1040 2212 dot.
1078 2184 1162 2211 Voici
1190 2193 1265 2210 com¬

367 2235 442 2256 ment
457 2238 529 2255 nous
541 2227 695 2263 procédons
710 2237 716 2252 :

410 2266 486 2292 Vous
502 2273 572 2290 nous
592 2263 758 2296 indiquerez
771 2259 885 2286 d'abord
900 2263 979 2285 votre
994 2259 1060 2293 âge,
1077 2260 1157 2283 votre
1172 2255 1266 2281 situa-

368 2301 467 2328 tionde
470 2302 603 2334 fortune,
612 2302 691 2325 votre
701 2296 863 2331 profession
867 2304 874 2328 ,
886 2299 965 2321 votre
970 2293 1029 2325 dot,
1038 2301 1086 2319 vos
1098 2294 1266 2326 espérances

368 2341 394 2364 et
408 2347 440 2363 ce
454 2345 507 2371 que
522 2335 592 2362 vous
620 2333 799 2360 désireet
828 2339 898 2357 noue
926 2338 995 2356 vous
1024 2328 1189 2354 inscrivons
1217 2335 1267 2352 sur

370 2377 448 2399 notre
464 2372 541 2403 liste,
552 2374 625 2403 pour
637 2378 655 2403 4
670 2369 752 2400 mois,
764 2367 783 2394 8
798 2366 869 2394 mois
886 2375 924 2392 ou
943 2375 953 2391 1
965 2374 1012 2397 an,
1024 2367 1079 2398 par
1090 2373 1146 2389 une
1156 2371 1266 2388 annon¬

368 2418 400 2435 ce
413 2417 468 2443 que
474 2407 509 2443 je
516 2407 583 2440 fais
594 2405 754 2432 moi-même
764 2408 789 2429 et
798 2411 870 2428 nous
881 2410 951 2428 vous
962 2400 1090 2426 donnons
1101 2409 1139 2425 un
1151 2398 1267 2424 numéro

361 2445 480 2477 faisant
499 2443 575 2469 suite
596 2444 612 2467 à
633 2444 704 2467 cette
722 2447 858 2465 annonce.
877 2436 952 2464 C’est
965 2442 1019 2468 par
1033 2436 1059 2462 le
1074 2443 1175 2470 moyen
1190 2433 1222 2459 de
1237 2442 1268 2459 ce

369 2482 484 2506 numéro
511 2488 563 2512 que
589 2486 658 2504 vous
681 2479 790 2509 pouvez
812 2471 1019 2507 correspondre
1045 2480 1115 2498 avec
1141 2474 1202 2496 tous
1227 2469 1267 2495 les

371 2516 495 2542 abonnés
511 2514 544 2540 de
560 2518 637 2539 notre
653 2512 728 2537 liste.

404 2551 533 2584 Lorsque
549 2557 619 2575 vous
633 2547 743 2573 désirez
757 2543 960 2578 correspondre
976 2551 1045 2568 avec
1056 2551 1094 2567 un
1110 2540 1218 2567 abonné
1242 2544 1268 2566 et

367 2596 422 2621 que
436 2595 507 2613 vous
522 2594 597 2619 avez^
610 2583 707 2610 choisi
722 2582 793 2607 dans
818 2581 847 2606 la
867 2579 993 2605 Revue
1017 2576 1215 2603 Mensuelle
1243 2576 1270 2601 le

370 2622 449 2657 parti
463 2621 514 2655 qui
523 2630 591 2647 vous
600 2618 706 2654 piaille
712 2618 779 2652 plus
794 2615 871 2643 voici
886 2617 1022 2641 comment
1037 2611 1253 2647 vousprocédez
1262 2623 1268 2636 :

706 2668 896 2697 EXEMPLE
913 2680 920 2694 :

413 2722 527 2753 Jeune
543 2718 699 2755 homme,
725 2715 768 2747 30
789 2722 866 2750 ans,
888 2713 959 2744 très
988 2711 1080 2743 belle
1102 2708 1267 2742 situation

371 2766 460 2797 dans
480 2761 668 2800 industrie,
690 2761 835 2801 rapport
851 2758 893 2789 10
905 2757 922 2788 à
941 2755 1065 2788 12.000
1081 2756 1139 2795 fr.,
1152 2753 1270 2786 désire

372 2808 530 2848 mariage
551 2816 593 2838 en
615 2808 771 2846 rapport.
788 2821 831 2826 —
851 2801 971 2833 Ecrire
993 2800 1032 2831 N-
1058 2800 1091 2831 2.

549 2859 594 2882 ou

415 2894 628 2928 Demoiselle
654 2892 697 2924 25
733 2900 809 2932 ans,
845 2888 1012 2921 situation
1048 2887 1090 2919 de
1129 2887 1270 2918 fortune

370 2940 496 2973 25.000
515 2939 647 2976 francs,
663 2940 732 2968 etc.
756 2954 796 2958 —
816 2933 937 2966 Ecrire
952 2932 980 2964 N
987 2941 994 2947 -
1018 2934 1051 2963 4.

415 2994 515 3026 Vous
527 2991 576 3023 lui
588 2989 723 3023 écrivez
737 2988 963 3020 vous-même
977 2994 1022 3017 ou
1040 2984 1141 3016 faites
1156 2982 1269 3015 écrire

372 3048 436 3080 par
457 3036 650 3078 quelqu’un
681 3034 724 3065 de
752 3035 849 3064 votre
876 3029 1023 3068 famille,
1053 3038 1095 3061 en
1127 3027 1270 3069 signant

372 3084 415 3115 de
437 3086 535 3113 votre
553 3078 713 3117 numéro,
731 3080 765 3109 et
780 3084 867 3108 vous
883 3078 1008 3107 mettez
1023 3082 1084 3105 sur
1100 3072 1270 3104 l’adresse

372 3125 542 3159 cachetée
559 3128 592 3156 et
601 3123 749 3156 timbrée
762 3122 795 3153 le
809 3119 958 3152 numéro
970 3119 1014 3151 de
1027 3118 1062 3149 la
1076 3125 1268 3159 personne,

374 3170 561 3203 deuxième
582 3167 790 3208 enveloppe,
814 3173 900 3197 avec
920 3172 978 3196 ces
991 3162 1163 3204 quelques
1181 3164 1271 3192 mots

375 3226 435 3248 sur
446 3224 514 3246 une
526 3217 623 3246 carte
638 3221 680 3243 ou
697 3221 740 3242 un
755 3211 839 3242 bout
851 3210 894 3241 de
904 3206 1027 3250 papier
1037 3206 1127 3239 ainsi
1138 3205 1269 3237 libellé:

376 3272 393 3290 «
411 3258 591 3293 Monsieur
607 3266 653 3289 ou
667 3256 842 3290 Madame,
857 3262 901 3285 ou
915 3249 1183 3284 Mademoiselle
1195 3251 1268 3281 X...

375 3305 487 3346 (votre
513 3312 594 3335 nom
612 3305 646 3334 et
666 3304 763 3332 votre
784 3297 947 3339 numéro)
962 3295 1035 3338 prie
1055 3295 1218 3327 Madame
1238 3294 1273 3325 la

376 3348 566 3381 Directrice
588 3348 631 3378 de
649 3345 680 3377 la
698 3345 814 3377 Revue
823 3344 866 3374 de
888 3341 975 3374 faire
998 3339 1161 3381 parvenir
1181 3340 1272 3370 cette

377 3395 478 3425 lettre
496 3392 514 3424 à
534 3392 581 3423 tel
602 3390 751 3422 numéro
772 3400 790 3418 »
807 3390 841 3419 et
858 3396 944 3418 vous
964 3384 1131 3418 cachetez
1147 3385 1182 3415 et
1193 3382 1272 3414 tim¬

375 3439 456 3470 brez
484 3440 575 3468 cette
612 3433 798 3467 deuxième
829 3431 1025 3472 enveloppe
1061 3428 1079 3460 à
1117 3427 1272 3469 laquelle

376 3490 463 3513 vous
485 3483 610 3512 mettez
628 3487 708 3509 mon
731 3478 888 3512 adresse,
911 3479 944 3506 et
969 3473 1119 3506 aussitôt
1152 3481 1271 3511 reçue,

378 3526 408 3562 je
430 3525 543 3558 défais
562 3525 591 3555 la
623 3521 797 3564 première
824 3520 1032 3560 enveloppe,
1065 3516 1209 3559 j’efface
1240 3516 1272 3548 le

376 3569 526 3602 numéro
548 3569 591 3600 de
613 3568 644 3598 la
666 3566 852 3598 deuxième
873 3568 907 3596 et
928 3567 1018 3595 mets
1038 3562 1207 3594 l’adresse
1230 3561 1272 3592 de

376 3615 407 3646 la
429 3621 606 3656 personne
623 3615 656 3643 et
675 3608 862 3652 réexpédie
880 3609 913 3640 la
929 3609 1043 3640 lettre.
1066 3607 1164 3638 Vous
1182 3614 1273 3646 pou¬

376 3669 436 3690 vez
454 3656 712 3698 correspondre
728 3663 814 3686 avec
826 3658 904 3685 tous
925 3660 989 3684 nos
1011 3650 1169 3683 abonnés
1192 3658 1274 3681 sans

378 3712 463 3734 vous
480 3701 568 3733 faire
585 3701 782 3733 connaître.
822 3698 868 3730 Ce
902 3697 992 3728 n’est
1023 3705 1091 3737 que
1130 3695 1273 3735 lorsque

377 3756 464 3779 vous
483 3755 588 3777 aurez
610 3745 671 3777 fait
691 3748 788 3775 votre
810 3741 928 3779 choix,
964 3749 1032 3782 que
1071 3748 1158 3771 vous
1187 3747 1273 3769 vous

378 3792 514 3823 donnez
537 3788 806 3821 mutuellement
824 3789 921 3818 votre
942 3784 1112 3818 véritable
1129 3783 1273 3816 adresse

379 3839 412 3867 et
433 3843 502 3877 que
537 3843 623 3865 vous
661 3841 748 3864 vous
786 3830 957 3872 ménagez
998 3837 1066 3861 une
1104 3830 1274 3860 entrevue

378 3888 468 3922 pour
485 3877 629 3910 décider
649 3877 692 3908 de
707 3879 805 3908 votre
826 3878 911 3907 sort.

415 3932 454 3959 Le
469 3931 539 3965 prix
553 3930 586 3956 de
597 3933 677 3957 notre
691 3929 878 3955 abonnement
892 3932 932 3954 est
945 3927 978 3953 de
994 3928 1029 3959 25
1033 3928 1079 3959 fr.
1096 3929 1168 3960 pour
1176 3933 1195 3959 4
1203 3924 1275 3951 mois

377 3977 414 4002 45
423 3969 450 4001 f
447 3977 459 3991 r
463 3988 468 3993 -
485 3970 557 3999 pour
570 3966 589 3992 8
605 3965 687 3994 mois;
703 3964 738 3997 65
749 3966 791 3996 fr.
808 3967 881 3997 pour
900 3973 910 3989 1
929 3972 974 3992 an,
993 3966 1019 3988 et
1035 3971 1104 3988 vous
1121 3970 1190 3988 avez
1200 3961 1275 3987 droit

379 4008 396 4030 à
410 4007 470 4030 être
483 4002 589 4027 inscrit
603 4000 810 4036 gratuitement
823 4008 875 4024 sur
889 4008 935 4023 ma
949 3998 1026 4024 liste.

421 4039 499 4065 I'oks
515 4046 607 4071 voye^
621 4035 738 4070 qu'avec
753 4038 825 4060 cette
840 4035 970 4067 modique
982 4042 1096 4063 somme,
1115 4041 1184 4058 vous
1199 4034 1274 4065 pou¬

380 4083 429 4100 vez
441 4082 511 4100 vous
526 4073 642 4102 marier,
656 4079 722 4096 sans
739 4070 822 4096 avoir
836 4071 853 4094 à
877 4072 977 4102 passer
1005 4071 1059 4101 par
1075 4069 1123 4093 des
1151 4076 1275 4102 agences

378 4110 428 4143 qui
443 4117 472 4135 se
486 4111 548 4138 font
564 4115 660 4132 verser
674 4105 811 4131 d’avance
825 4104 857 4129 de
871 4111 984 4137 grosses
1000 4103 1164 4135 provisions
1186 4106 1211 4127 et
1226 4102 1276 4135 qui

379 4146 550 4177 escomp'ent
565 4142 597 4167 de
612 4150 727 4177 grosses
745 4139 951 4170 commissions,
982 4141 1055 4172 pour
1076 4137 1220 4164 n’arriver
1250 4137 1275 4163 le

380 4180 446 4214 plus
461 4181 581 4204 souvent
594 4177 611 4203 à
627 4185 721 4202 aucun
737 4176 867 4202 résultat.
892 4174 975 4201 Nous
1004 4174 1123 4200 n'avons
1151 4173 1215 4199 rien
1243 4173 1276 4199 de

379 4223 510 4241 commun
527 4221 596 4239 avec
612 4214 652 4238 les
668 4220 799 4246 agences,
818 4219 868 4236 car
884 4219 953 4236 nous
969 4219 1004 4235 ne
1019 4213 1141 4243 prenons
1165 4218 1276 4234 aucune

379 4249 562 4277 commission
577 4257 627 4274 sur
643 4248 672 4273 la
688 4243 742 4272 dot.
770 4245 814 4274 Un
843 4246 963 4272 modeste
992 4244 1179 4271 abonnement
1205 4253 1276 4270 nous

380 4292 437 4312 se-1
452 4285 485 4310 de
496 4284 649 4318 paiement.

416 4319 576 4353 Lorsqu’un
591 4317 700 4344 abonné
714 4315 778 4342 s'est
786 4315 886 4350 fiancé
902 4320 928 4342 et
940 4314 1013 4350 qu’il
1029 4315 1073 4341 n’a
1089 4316 1156 4349 plus
1179 4314 1276 4341 besoin

379 4357 413 4382 de
424 4359 503 4382 notre
514 4363 608 4386 revue,
621 4353 647 4378 il
660 4361 732 4378 nous
743 4353 770 4378 le
778 4352 836 4382 fait
845 4352 945 4377 savoir
954 4350 1015 4386 afin
1025 4360 1079 4384 que
1090 4359 1160 4377 nous
1171 4357 1277 4384 rayons

379 4401 430 4417 son
446 4398 575 4417 annonce
586 4392 659 4423 pour
675 4397 708 4413 ne
720 4390 772 4421 pas
778 4387 862 4420 faire
877 4387 1079 4421 correspondre
1094 4386 1277 4412 inutilement

381 4436 430 4453 nos
446 4425 582 4452 abonnés.

418 4462 491 4488 Tout
506 4460 614 4486 abonné
629 4458 688 4483 doit
700 4456 837 4491 répondre
853 4459 870 4482 à
886 4460 975 4482 toutes
992 4456 1032 4482 les
1057 4457 1153 4482 lettres
1167 4456 1217 4489 qui
1233 4456 1277 4482 lui

380 4502 440 4524 ■■'onl
457 4497 599 4522 adressées
615 4494 621 4527 ;
640 4494 668 4519 la
683 4493 819 4527 politesse
835 4491 950 4525 l’exige,
982 4500 1016 4517 ne
1028 4493 1140 4521 fussent
1168 4500 1221 4525 que
1231 4500 1276 4517 ces

379 4533 450 4560 trois
469 4541 504 4558 ou
516 4535 616 4565 quatre
630 4533 700 4554 mots
710 4528 716 4554 :
735 4528 851 4558 Inutile,
862 4531 925 4553 tous
938 4535 995 4552 mes
1006 4531 1128 4561 regrets.
1140 4526 1171 4552 —
1183 4526 1276 4552 N'...»

421 4595 519 4625 Pour
527 4593 651 4623 toutes
663 4589 914 4619 lesannonces
926 4587 1103 4625 ci-après,
1114 4586 1278 4616 s’adres¬

381 4652 447 4675 ser
463 4644 483 4673 à
511 4641 679 4672 Madame
697 4637 815 4668 Veuve
832 4635 1045 4672 CHABAUD,
1070 4634 1276 4665 Directrice

380 4694 425 4724 de
440 4692 472 4723 la
495 4691 515 4708 “
533 4690 656 4721 Revue
675 4684 876 4717 Mensuelle

418 4798 534 4827 Veuve
550 4795 587 4823 43
602 4799 674 4823 ans,
689 4798 767 4820 sans
780 4788 907 4820 enfant,
924 4787 1060 4817 fortune
1074 4785 1207 4815 300.000
1222 4787 1276 4821 fr.,

381 4844 528 4867 revenus
544 4832 656 4864 20.000
672 4830 711 4860 fr.
725 4838 787 4867 par
811 4836 865 4862 an,
890 4825 1087 4864 épouserait
1103 4826 1279 4855 monsieur

380 4879 482 4915 ayant
493 4875 579 4913 jolie
594 4871 756 4903 situation
772 4877 816 4900 ou
832 4868 980 4897 fortune.
997 4882 1016 4887 -
1030 4867 1060 4896 N
1065 4874 1071 4880 -
1087 4865 1178 4895 2100.

419 4932 624 4964 Demoiselle
652 4930 691 4959 29
714 4936 786 4962 ans,
818 4934 896 4955 sans
913 4930 1118 4957 commerce,
1136 4923 1279 4958 épouse¬

379 4975 445 5004 rait
459 4980 585 5011 garçon
602 4972 664 5007 âge
681 4977 723 4998 en
740 4968 890 5005 rapport,
917 4966 957 4995 de
972 4964 1096 4994 beauté
1124 4961 1275 4999 exquise,

379 5015 475 5043 avoir
491 5012 548 5041 100
563 5011 621 5041 000
637 5010 676 5038 fr.
693 5017 735 5039 ou
753 5006 943 5038 s’abstenir.
966 5020 986 5026 -
1001 5003 1028 5033 N
1039 5011 1044 5017 -
1066 5002 1154 5032 4966.

419 5063 624 5094 Demoiselle
652 5063 691 5090 28
706 5070 778 5096 ans,
810 5061 923 5089 bonne
939 5056 1077 5090 famille,
1094 5055 1174 5084 bien
1197 5062 1277 5084 sous

379 5108 456 5135 tous
474 5106 644 5141 rapports,
675 5102 729 5130 dot
747 5105 780 5130 et
792 5100 876 5138 jolie
899 5097 1060 5128 situation
1085 5096 1125 5125 de
1141 5094 1278 5124 fortune

381 5145 482 5180 après
498 5145 650 5180 parents,
662 5140 858 5179 épouserait
874 5138 1049 5169 monsieur
1063 5136 1102 5166 30
1117 5137 1134 5166 à
1149 5135 1188 5164 45
1203 5143 1276 5170 ans,

379 5180 627 5216 sérieux,actif,
638 5180 817 5210 industriel
828 5187 871 5209 ou
883 5179 1126 5214 commerçant.
1137 5176 1178 5206 N*
1187 5175 1275 5204 4970.

1352 1394 1557 1425 Demoiselle
1593 1394 1632 1423 36
1668 1400 1740 1425 ans,
1784 1391 1949 1421 sérieuse,
1989 1389 2209 1424 affectueuse,

1314 1436 1437 1466 femme
1456 1434 1665 1467 d’intérieur,
1683 1431 1887 1469 catholique,
1905 1431 2069 1469 physique
2086 1431 2210 1466 agréa¬

1313 1476 1379 1510 ble,
1397 1477 1466 1507 dot,
1497 1473 1611 1504 désire
1627 1472 1777 1507 mariage
1794 1478 1875 1501 avec
1892 1470 2069 1500 monsieur
2083 1470 2122 1498 38
2138 1470 2157 1498 à
2172 1468 2211 1498 45

1314 1524 1388 1551 ans,
1404 1516 1506 1553 ayant
1521 1513 1694 1543 situation.
1711 1527 1730 1533 -
1744 1512 1785 1540 N-
1802 1511 1890 1540 4976.

1353 1571 1462 1599 Jeune
1471 1567 1540 1597 fille
1549 1567 1587 1596 29
1603 1575 1674 1601 ans,
1693 1566 1932 1603 représentant
1949 1564 1990 1594 de
2006 1570 2210 1597 commerce,

1316 1612 1417 1647 ayant
1432 1607 1620 1648 propriété,
1638 1605 1824 1636 cherchant
1836 1603 2006 1639 affection,
2017 1611 2053 1632 se
2069 1603 2212 1632 dévoue¬

1316 1651 1381 1680 rait
1410 1651 1428 1679 à
1451 1648 1557 1687 grand
1586 1647 1699 1676 blessé
1724 1646 1764 1675 de
1780 1652 1917 1682 guerre,
1943 1652 1987 1674 ou
2003 1648 2020 1673 à
2038 1642 2213 1672 monsieur

1316 1689 1486 1726 distingué
1516 1687 1665 1722 fortuné,
1695 1685 1924 1715 recherchant
1943 1683 2045 1723 appui
2061 1683 2180 1713 moral.
2199 1697 2212 1704 -

1316 1731 1357 1760 N-
1374 1729 1463 1758 4978.

1356 1780 1465 1807 Jeune,
1504 1777 1640 1806 homme
1681 1775 1720 1804 25
1759 1782 1832 1810 ans,
1863 1772 2023 1803 situation
2053 1772 2213 1801 annuelle

1316 1818 1429 1849 60.000
1442 1817 1496 1853 fr.,
1527 1825 1567 1846 au
1585 1818 1713 1848 Maroc,
1737 1817 1831 1845 avoir
1845 1814 1884 1844 30
1899 1813 1957 1842 000
1976 1814 2013 1842 fr.
2032 1815 2066 1841 et
2083 1812 2212 1841 maison

1318 1857 1542 1890 confortable,
1573 1856 1769 1894 épouserait
1798 1856 1901 1892 jeune
1925 1854 1995 1884 fille
2012 1853 2049 1883 18
2064 1853 2084 1882 à
2099 1853 2137 1881 22
2152 1859 2213 1881 ans

1318 1899 1456 1929 voulant
1471 1897 1605 1927 habiter
1622 1898 1748 1926 Maroc.
1765 1911 1777 1916 -
1788 1896 1828 1924 N'
1846 1895 1935 1925 4991.

1357 1952 1446 1982 Veuf
1457 1952 1495 1980 58
1511 1959 1583 1985 ans,
1613 1949 1816 1986 catholique,
1846 1947 1924 1977 bien
1956 1954 2036 1977 sous
2066 1949 2142 1976 tous
2167 1947 2215 1976 les

1319 1995 1488 2031 rapports,
1506 1990 1601 2021 avoir
1615 1989 1727 2020 60.000
1742 1990 1782 2018 fr.
1807 1987 2005 2026 épouserait
2023 1986 2216 2024 catholique

1317 2033 1545 2073 pratiquante,
1576 2030 1797 2064 affectueuse,
1829 2027 1927 2067 goûts
1944 2027 2096 2066 simples,
2114 2026 2217 2056 situa¬

1320 2074 1390 2104 tion
1407 2080 1448 2102 en
1466 2074 1617 2109 rapport.
1633 2071 1674 2100 N-
1689 2070 1778 2099 5002.

1360 2124 1563 2156 Demoiselle
1585 2124 1624 2153 46
1653 2131 1725 2157 ans,
1756 2121 1961 2159 catholique,
1992 2120 2117 2150 famille
2145 2121 2216 2149 très

1320 2166 1519 2196 honorable,
1537 2166 1607 2193 très
1631 2163 1797 2197 sérieuse,
1828 2163 1847 2192 b
1864 2170 1918 2195 en,
1948 2163 2071 2191 femme
2102 2159 2217 2190 d’inté¬

1320 2207 1425 2239 rieur,
1438 2204 1677 2239 dot40.000fr,,
1689 2203 1885 2241 épouserait
1897 2202 2053 2240 employé
2065 2200 2215 2234 sérieux,

1321 2249 1430 2286 poste,
1448 2247 1592 2279 douane,
1610 2244 1787 2278 P.-L.-M.,
1806 2242 2088 2276 administration,
2108 2240 2219 2270 même

1320 2287 1409 2316 veuf.
1427 2302 1446 2308 -
1461 2287 1501 2316 N-
1518 2285 1607 2314 4931.

1360 2337 1468 2365 Jeune
1484 2334 1619 2364 homme
1631 2334 1671 2362 32
1686 2340 1758 2366 ans,
1776 2332 1971 2362 sud-ouest,
1998 2330 2048 2360 fils
2078 2329 2216 2367 unique,

1320 2375 1453 2406 300.000
1469 2375 1522 2408 fr.,
1540 2374 1639 2408 brun,
1651 2381 1711 2412 pas
1724 2372 1871 2407 fumeur,
1885 2369 2081 2409 épouserait
2093 2370 2219 2400 demoi¬

1323 2417 1406 2445 selle
1429 2424 1473 2445 ou
1495 2421 1606 2444 veuve
1634 2413 1802 2447 sérieuse,
1832 2413 1895 2450 âge
1924 2414 1958 2440 et
1985 2410 2146 2440 situation
2176 2417 2218 2440 en

1322 2458 1474 2494 rapport.
1492 2470 1511 2477 -
1526 2456 1565 2483 N-
1584 2453 1687 2483 5.004.

1363 2511 1567 2543 Demoiselle
1581 2512 1621 2540 33
1637 2519 1708 2540 ans.
1727 2510 1783 2539 dot
1807 2509 1917 2540 15.000
1945 2508 2000 2542 fr.,
2030 2508 2108 2538 bien
2138 2514 2218 2538 sous

1322 2555 1492 2591 rapports,
1523 2551 1721 2589 épouserait
1755 2549 2004 2580 fonctionnaire
2044 2549 2149 2578 d’Etat
2176 2555 2219 2578 ou

1323 2593 1402 2624 veuf
1417 2593 1566 2627 fortuné,
1583 2592 1647 2630 âge
1662 2598 1730 2630 peu
1744 2590 1902 2629 importe.
1919 2606 1938 2611 -
1951 2590 1993 2619 N'
2009 2588 2100 2623 5019,

1364 2650 1566 2681 Célibataire
1580 2650 1620 2679 35
1636 2657 1707 2684 ans,
1735 2649 1871 2683 aimant,
1889 2648 2039 2677 instruit,
2057 2646 2221 2677 situation

1322 2691 1465 2722 libérale
1507 2690 1770 2728 indépendante,
1802 2688 1857 2718 bel
1886 2688 1992 2723 avoir,
2024 2687 2223 2725 épouserait

1323 2739 1498 2771 personne
1514 2732 1583 2760 très
1602 2729 1760 2762 aimante,
1778 2728 1853 2765 âge.
1871 2728 1998 2763 enfant,
2016 2730 2101 2762 tare,
2121 2728 2221 2756 anté¬

1326 2772 1465 2802 cédents
1479 2769 1707 2800 indifférents.
1720 2785 1758 2790 —
1771 2770 1812 2799 N'
1829 2767 1921 2798 5006.

1366 2830 1474 2857 Jeune
1501 2834 1621 2861 veuve,
1653 2827 1772 2859 douce,
1796 2825 2017 2859 affectueuse,
2036 2823 2223 2853 sentimen¬

1325 2868 1404 2902 tale,
1420 2868 1532 2896 désire
1543 2865 1794 2902 correspondre
1811 2872 1892 2894 avec
1903 2864 2078 2894 monsieur
2091 2863 2131 2893 30
2146 2871 2219 2897 ans,

1325 2908 1532 2946 gentleman,
1578 2908 1679 2943 ayant
1722 2911 1915 2935 commerce
1958 2912 2002 2934 ou
2045 2903 2219 2937 situation,

1326 2948 1463 2985 dispose
1479 2946 1613 2986 photos.
1630 2963 1668 2966 —
1680 2946 1721 2974 N-
1733 2945 1823 2975 5032.

1365 2995 1569 3026 Demoiselle
1598 2996 1637 3024 26
1662 3002 1734 3025 ans,
1760 2994 1884 3024 femme
1902 2992 2114 3027 d’intérieur,
2131 2992 2221 3030 gaie,

1325 3037 1550 3070 musicienne,
1565 3035 1622 3064 dot
1639 3035 1768 3065 100.000
1785 3035 1839 3068 fr.,
1867 3036 2086 3072 espérances,
2118 3035 2221 3070 épou¬

1325 3077 1432 3107 serait
1451 3075 1627 3106 monsieur
1643 3073 1792 3109 sérieux,
1810 3075 1963 3110 docteur,
1981 3073 2162 3103 industriel
2178 3079 2222 3102 ou

1325 3118 1570 3153 commerçant.
1588 3133 1625 3136 —
1640 3117 1680 3145 N"
1692 3115 1782 3144 5034.

1366 3165 1534 3202 Adjudant
1562 3163 1740 3199 artillerie,
1770 3164 1808 3193 29
1835 3171 1910 3196 ans,
1940 3163 2091 3195 sérieux,
2128 3162 2224 3192 avoir

1325 3205 1364 3235 20
1379 3205 1438 3235 000
1453 3205 1494 3235 fr.
1511 3207 1545 3234 et
1561 3206 1780 3243 espérances,
1798 3203 1997 3241 épouserait
2007 3202 2223 3232 -demoiselle

1327 3247 1364 3275 18
1381 3249 1395 3274 à
1409 3246 1449 3274 25
1461 3253 1532 3278 ans,
1546 3244 1623 3273 bien
1635 3251 1714 3274 sous
1727 3246 1803 3273 tous
1813 3244 1862 3273 les
1872 3243 2038 3282 rapporis,
2050 3241 2221 3277 fortunée,

1326 3285 1361 3315 fil
1366 3287 1370 3302 1
1377 3293 1394 3315 e
1411 3287 1645 3321 commerçant
1654 3292 1699 3314 ou
1713 3282 1933 3313 institutrice.
1950 3300 1989 3303 —
2005 3283 2047 3312 N.
2063 3282 2154 3312 5040.

1366 3333 1568 3363 Célibataire
1596 3333 1635 3362 40
1664 3341 1735 3367 ans,
1779 3332 1960 3370 distingué,
2004 3332 2075 3361 très
2112 3332 2225 3361 bonne

1328 3374 1465 3408 famille,
1485 3373 1571 3402 belle
1588 3373 1760 3407 situation,
1779 3374 1874 3402 avoir
1887 3372 2000 3402 30.000
2015 3373 2067 3405 fr.,
2081 3373 2225 3409 épouse¬

1328 3415 1393 3444 rait
1408 3413 1608 3444 demoiselle
1634 3421 1677 3443 ou
1707 3421 1813 3443 veuve
1842 3412 1905 3450 âge
1930 3415 1964 3442 et
1990 3411 2150 3441 situation
2180 3418 2224 3441 en

1326 3457 1480 3492 rapport.
1496 3469 1534 3474 —
1549 3454 1589 3483 N-
1606 3453 1697 3483 5042.

1368 3501 1623 3535 Ex-industriel,
1641 3502 1777 3532 divorcé
1807 3502 1826 3531 à
1851 3508 1912 3530 son
1940 3500 2054 3539 profit,
2084 3500 2122 3530 40
2151 3508 2224 3531 ans,

1328 3545 1436 3578 santé,
1454 3543 1644 3578 caractère,
1662 3542 1827 3581 physique
1847 3540 2018 3578 agréable,
2037 3540 2168 3570 110.000
2184 3540 2224 3570 fr.

1328 3585 1363 3613 et
1377 3582 1454 3611 villa
1470 3582 1582 3612 35.000
1597 3583 1650 3616 fr.,
1681 3582 1878 3619 épouserait
1889 3583 1997 3619 jeune
2013 3579 2082 3610 fille
2097 3581 2135 3610 25
2152 3587 2224 3615 ans,

1328 3623 1386 3652 dot
1399 3622 1512 3652 50.000
1529 3622 1568 3651 fr.
1585 3639 1625 3642 —
1641 3623 1679 3652 N-
1697 3622 1786 3651 5048.

1369 3670 1608 3702 Sous-officier
1620 3672 1656 3700 31
1675 3678 1747 3705 ans,
1763 3670 1841 3708 prêt
1857 3670 1897 3700 de
1913 3670 1943 3698 la
1965 3669 2107 3699 retraite
2136 3668 2228 3699 1.800

1328 3711 1371 3741 fr.
1387 3720 1450 3750 par
1465 3719 1519 3746 an,
1537 3710 1732 3741 économies
1747 3711 1840 3740 9.000
1855 3709 1910 3744 fr.,
1927 3710 2039 3740 bonne
2064 3709 2227 3739 situation

1329 3753 1370 3782 de
1386 3751 1525 3785 famille,
1539 3750 1734 3789 épouserait
1748 3752 1851 3788 jeune
1868 3749 1934 3779 fille
1949 3751 2051 3787 ayant
2063 3749 2225 3779 situation

1329 3800 1371 3822 en
1387 3794 1539 3831 rapport.
1558 3808 1593 3812 —
1610 3792 1649 3820 X-
1665 3791 1754 3820 5058.

1370 3850 1583 3883 Dieutenant,
1602 3848 1715 3886 légion
1733 3847 1932 3878 d’honneur.
1963 3849 2001 3876 37
2031 3855 2099 3882 sns,
2132 3847 2228 3877 avoir

1329 3890 1440 3920 13.000
1451 3889 1670 3926 fr.,situation
1680 3888 1791 3918 13.000
1803 3888 2017 3924 fr.,sérieux,
2030 3889 2228 3926 épouserait

1328 3938 1501 3969 personne
1516 3929 1555 3958 20
1569 3930 1587 3958 à
1599 3930 1638 3958 28
1648 3928 1804 3962 ans,bien
1815 3936 1895 3959 sous
1905 3932 1980 3958 tous
1993 3931 2041 3957 les
2055 3930 2225 3965 rapports,

1329 3975 1429 4009 ayant
1445 3969 1608 4000 situation
1625 3969 1929 4007 correspondante.
1946 3985 1985 3989 —
2000 3969 2029 3999 N
2034 3976 2041 3982 -
2057 3968 2151 3997 5062.

1369 4028 1573 4058 Lieutenant
1588 4026 1708 4061 active,
1725 4027 1763 4056 29
1779 4034 1851 4062 ans,
1877 4026 2048 4056 stationné
2075 4025 2154 4055 ville
2186 4026 2226 4055 de

1329 4068 1360 4096 la
1378 4068 1452 4097 côte
1469 4070 1595 4098 Maroc,
1615 4066 1727 4096 désire
1756 4067 1933 4097 ardement
1962 4068 2113 4102 mariage
2144 4073 2227 4095 avec

1330 4107 1528 4137 demoiselle
1556 4107 1595 4136 20
1620 4109 1637 4136 à
1661 4107 1699 4136 28
1719 4114 1790 4140 ans,
1821 4106 2027 4143 distinguée,
2044 4113 2126 4135 avec
2157 4105 2224 4135 dot.

1328 4164 1366 4169 —
1382 4148 1422 4177 N-
1440 4147 1528 4177 5069.

1369 4207 1478 4235 Jeune
1494 4205 1630 4235 homme
1645 4206 1680 4234 21
1699 4212 1771 4238 ans,
1798 4203 1851 4234 fils
1876 4203 2013 4242 unique,
2032 4203 2225 4241 négociant,

1329 4245 1418 4275 belle
1435 4247 1597 4275 situation
1614 4253 1654 4283 ap
1660 4254 1668 4264 r
1677 4245 1714 4274 ès
1731 4244 1873 4277 service,
1901 4245 1996 4273 avoir
2025 4243 2154 4273 120.000
2170 4243 2224 4277 fr.,

1329 4284 1527 4324 épouserait
1539 4287 1644 4322 jeune
1658 4284 1726 4313 fille
1743 4283 1908 4319 sôiieuse,
1922 4284 2034 4313 bonne
2051 4283 2225 4313 situation.

1329 4342 1368 4347 —
1382 4327 1422 4356 N-
1440 4325 1529 4355 5030.

1372 4383 1573 4413 Lieutenant
1589 4383 1630 4412 de
1647 4381 1829 4412 chasseurs
1847 4383 1862 4411 à
1879 4390 1899 4419 p
1904 4381 1911 4395 ;
1917 4377 1969 4417 ed,
1994 4382 2033 4410 32
2048 4388 2121 4411 ans,
2138 4380 2228 4418 phy¬

1331 4423 1426 4461 sique
1443 4423 1603 4461 agréable
1619 4423 1733 4452 désire
1749 4424 1867 4451 entrer
1897 4429 1939 4450 en
1965 4421 2128 4451 relations
2145 4428 2227 4450 avec

1330 4462 1528 4493 demoiselle
1544 4471 1586 4491 ou
1604 4470 1710 4492 veuve
1726 4469 1805 4490 sans
1833 4460 1961 4496 enfant,
1993 4460 2153 4491 situation
2184 4468 2226 4490 en

1329 4506 1482 4541 rapport.
1499 4519 1537 4524 —
1552 4503 1579 4532 N
1586 4511 1591 4516 -
1610 4503 1699 4535 4859,

1371 4560 1571 4590 Célibataire
1615 4559 1667 4589 fils
1709 4558 1846 4596 unique,
1887 4559 1927 4588 36
1962 4566 2034 4594 ans,
2066 4558 2227 4588 situation

1331 4599 1442 4629 40.000
1455 4602 1493 4630 fr.
1506 4601 1581 4638 plus
1595 4599 1705 4630 15.000
1717 4599 1756 4628 fr.
1768 4599 1976 4629 association
1988 4598 2117 4636 grande
2128 4600 2228 4627 usine

1330 4644 1471 4677 rapport
1509 4640 1601 4669 8.000
1630 4640 1684 4675 fr.,
1727 4640 1924 4677 épouserait
1952 4638 2075 4668 femme
2104 4637 2225 4672 brune,

1331 4679 1494 4709 situation
1510 4687 1553 4709 en
1569 4681 1720 4718 rapport.
1738 4695 1775 4699 —
1790 4679 1830 4708 N-
1849 4679 1937 4709 4557.

1372 4735 1573 4765 Lieu'enant
1596 4738 1636 4766 32
1664 4744 1736 4767 ans,
1767 4736 1862 4765 avoir
1889 4735 2003 4765 40.000
2031 4735 2084 4770 fr.,
2115 4734 2228 4764 désire

1331 4775 1483 4812 mariage
1499 4783 1580 4805 avec
1596 4783 1767 4814 personne
1787 4777 1941 4805 sérieuse
1958 4779 1992 4805 et
2007 4775 2168 4804 situation
2185 4781 2228 4804 en

1332 4818 1484 4852 rapport.
1500 4831 1538 4837 —
1551 4817 1590 4845 N-
1608 4816 1695 4846 5076.

1372 4872 1576 4901 Demoiselle
1611 4874 1650 4902 33
1689 4881 1762 4906 ans,
1805 4873 2012 4902 institutrice
2053 4871 2227 4909 publique,

1331 4909 1453 4946 brune,
1491 4911 1655 4949 physique
1691 4912 1863 4950 agréable,
1907 4913 2086 4942 caractère
2126 4911 2227 4947 doux,

1331 4952 1531 4980 écotiserait
1560 4951 1810 4983 fonctionnaire
1839 4960 1882 4983 ou
1903 4953 2058 4991 employé
2076 4951 2116 4980 de
2133 4959 2229 4981 com¬

1333 4997 1459 5019 merce.
1478 5006 1514 5011 —
1531 4991 1572 5020 N-
1588 4992 1678 5022 5079.

1372 5047 1573 5077 Célibataire
1583 5049 1622 5078 49
1631 5058 1703 5085 ans,
1715 5049 1828 5079 60.000
1844 5049 1883 5078 fr.
1901 5048 2109 5080 économies,
2126 5048 2229 5078 situa¬

1333 5086 1403 5117 tion
1434 5087 1545 5116 10.000
1574 5089 1615 5118 fr.
1650 5097 1712 5127 par
1740 5097 1794 5123 an,
1825 5090 1938 5120 désire
1967 5090 2117 5126 mariage
2147 5096 2229 5119 avec

1333 5126 1532 5156 demoiselle
1549 5135 1591 5158 ou
1609 5137 1714 5159 veuve
1732 5134 1830 5166 ayant
1847 5129 1956 5159 12.000
1966 5130 2005 5159 fr.
2022 5129 2062 5158 de
2074 5131 2173 5159 rente
2186 5136 2229 5158 ou

1332 5167 1537 5205 propriétés.
1555 5183 1573 5189 -
1585 5170 1626 5199 N-
1643 5169 1733 5199 5081.

2306 1387 2510 1418 Demoiselle
2539 1387 2578 1417 30
2603 1395 2675 1420 ans,
2715 1386 2854 1424 grande,
2899 1386 2998 1419 forte,
3042 1386 3164 1415 femme

2268 1427 2480 1462 d’intérieur,
2530 1428 2753 1460 musicienne,
2793 1426 2920 1456 famille
2962 1425 3164 1459 honorable,

2267 1468 2371 1502 aisée,
2405 1468 2461 1496 dot
2495 1467 2607 1497 30.000
2633 1467 2687 1499 fr..
2731 1470 2938 1504 espérances
2979 1466 3163 1500 certaines,

2267 1508 2465 1545 épouserait
2481 1507 2658 1537 monsieur
2675 1506 2825 1541 sérieux,
2843 1505 2971 1544 grande
2988 1506 3161 1536 situation.

2267 1563 2284 1569 -
2299 1549 2341 1577 N-
2358 1547 2448 1578 5083.

2306 1607 2415 1635 Jeune
2430 1604 2566 1635 homme
2581 1605 2621 1634 30
2636 1613 2708 1640 ans,
2726 1604 2815 1635 belle
2836 1603 3009 1636 situation,
3040 1603 3164 1643 capital

2268 1645 2399 1676 100.000
2417 1646 2468 1681 fr.,
2487 1645 2600 1675 désire
2615 1645 2720 1675 union
2736 1653 2817 1675 avec
2841 1644 3039 1674 demoiselle
3062 1644 3164 1674 musi¬

2267 1686 2389 1716 cienne
2406 1686 2446 1715 de
2462 1685 2678 1724 préférence,
2693 1686 2750 1716 dot
2766 1693 2807 1715 en
2823 1687 2974 1724 rapport.
2987 1700 3005 1706 -
3019 1685 3058 1714 N-
3073 1685 3162 1714 4767.

2308 1747 2642 1787 Expert-comptable
2655 1749 2693 1777 46
2709 1755 2782 1781 ans,
2805 1747 2955 1783 sérieux,
2974 1746 3167 1778 affectueux

2269 1787 2394 1817 aimant
2410 1788 2463 1817 vie
2480 1788 2520 1817 de
2536 1788 2673 1823 famille,
2693 1787 2803 1817 15.000
2826 1787 2867 1816 fr.
2898 1795 2961 1827 par
2989 1795 3043 1821 an,
3073 1786 3169 1817 avoir

2268 1828 2380 1858 25.000
2395 1827 2450 1863 fr.,
2468 1829 2665 1866 épouserait
2679 1828 2877 1858 demoiselle
2888 1836 2928 1857 ou
2942 1835 3049 1858 veuve
3066 1830 3167 1866 ayant

2270 1867 2433 1898 situation
2448 1875 2492 1898 ou
2507 1868 2656 1898 fortune.
2673 1884 2690 1890 -
2706 1869 2746 1898 N-
2763 1868 2855 1898 5020.

2310 1931 2515 1961 Demoiselle
2524 1930 2563 1960 40
2575 1938 2647 1966 ans,
2661 1930 2739 1960 bien
2754 1938 2834 1960 sous
2848 1934 2925 1961 tous
2937 1930 2987 1960 les
3000 1932 3170 1970 rapports,

2272 1971 2434 2001 situation
2459 1971 2552 2001 7.000
2566 1969 2620 2006 fr.,
2647 1971 2845 2008 épouserait
2874 1971 3051 2000 monsieur
3080 1971 3171 2003 bien,

2272 2015 2373 2048 ayant
2388 2010 2549 2041 situation
2566 2018 2610 2040 ou
2626 2011 2774 2046 fortune,
2785 2011 2823 2040 40
2835 2012 2853 2040 à
2863 2011 2902 2041 50
2914 2019 2985 2040 ans.
2998 2027 3016 2033 -
3029 2012 3068 2040 N-
3080 2011 3172 2041 5086.

2311 2070 2429 2098 Veuve
2443 2069 2482 2098 48
2498 2077 2570 2103 ans,
2589 2076 2718 2098 revenu
2744 2069 2868 2099 annuel
2900 2069 3011 2098 10.000
3039 2069 3081 2098 fr.
3108 2068 3173 2106 joli

2272 2109 2452 2143 intérieur,
2470 2109 2583 2139 désire
2599 2109 2703 2139 union
2727 2117 2808 2139 avec
2836 2110 2972 2139 homme
2989 2110 3031 2138 du
3048 2109 3172 2139 monde

2272 2157 2352 2178 sans
2375 2149 2503 2183 enfant,
2534 2148 2644 2179 même
2673 2149 2748 2187 âge,
2780 2149 2940 2180 situation
2971 2152 3122 2186 rapport.
3153 2165 3173 2170 -

2272 2191 2312 2219 N-
2344 2189 2434 2219 5093.

2314 2251 2519 2281 Demoiselle
2536 2252 2572 2282 18
2589 2259 2659 2287 ans,
2673 2251 2770 2290 jolie,
2788 2251 2888 2287 forte,
2905 2251 2983 2282 bien
2998 2259 3078 2282 sous
3094 2254 3171 2281 tous

2273 2297 2445 2330 rapports,
2470 2292 2538 2322 fille
2564 2291 2703 2329 unique,
2735 2292 2871 2322 fortune
2900 2293 3000 2329 après
3031 2295 3172 2330 parents

2273 2332 2406 2362 500.000
2422 2332 2476 2366 fr.,
2494 2333 2692 2370 épouserait
2707 2333 2860 2366 docteur,
2877 2331 3021 2366 notaire,
3039 2340 3083 2362 ou
3095 2339 3172 2370 pro¬

2273 2372 2438 2410 priétaire
2455 2372 2677 2409 agriculteur,
2709 2371 2840 2402 officier
2870 2380 2913 2402 ou
2943 2372 3136 2402 industriel.
3153 2388 3172 2394 -

2274 2412 2469 2442 S’adresser
2481 2414 2501 2442 à
2515 2412 2548 2442 la
2564 2411 2749 2442 directrice
2773 2413 2815 2441 de
2843 2412 2876 2443 la
2903 2414 3017 2443 Revue
3043 2411 3101 2450 qui
3128 2420 3172 2441 ne

2275 2457 2398 2482 mettra
2415 2460 2457 2481 en
2474 2455 2614 2491 rapport
2641 2460 2706 2489 que
2736 2452 2764 2482 si
2792 2454 2939 2490 proposé
2969 2454 3138 2482 convient.
3155 2467 3172 2474 -

2275 2493 2315 2522 N-
2333 2492 2423 2522 2651.

2315 2550 2520 2580 Demoiselle
2537 2550 2575 2580 40
2591 2558 2663 2585 ans,
2686 2549 2765 2580 bien
2781 2557 2861 2580 sous
2890 2552 2966 2581 tous
2995 2551 3167 2589 rapports,

2276 2593 2378 2628 ayant
2394 2590 2493 2620 avoir
2507 2594 2542 2620 et
2556 2593 2776 2628 espérances,
2793 2591 3074 2628 correspondrait
3090 2597 3173 2620 avec

2276 2630 2453 2660 monsieur
2482 2630 2621 2661 sérieux
2650 2633 2750 2668 ayant
2778 2630 2890 2660 bonne
2920 2630 3094 2660 situation.
3136 2647 3174 2650 —

2276 2672 2317 2700 N-
2333 2670 2425 2700 5099.

2315 2732 2554 2763 Sous-officier
2578 2732 2619 2762 de
2644 2732 2808 2765 carrière,
2838 2733 2877 2762 26
2903 2740 2977 2765 ans,
3006 2732 3172 2771 physique

2278 2772 2450 2810 agréable,
2467 2773 2665 2802 traitement
2677 2772 2771 2802 6.000
2786 2771 2840 2807 fr.,
2858 2773 3054 2810 épouserait
3064 2775 3173 2810 jeune

2277 2812 2345 2841 fille
2362 2812 2398 2840 17
2414 2813 2432 2840 à
2446 2813 2485 2841 23
2501 2820 2573 2847 ans,
2591 2812 2752 2842 situation
2768 2819 2810 2840 en
2827 2814 2978 2849 rapport.
2991 2827 3008 2833 -
3023 2812 3063 2840 N-
3082 2811 3170 2840 6002.

2316 2867 2518 2899 Célibataire
2547 2869 2585 2898 29
2613 2876 2686 2904 ans,
2722 2867 3036 2904 Alsacien-Lorain,
3081 2876 3175 2898 sous-

2276 2908 2409 2939 officier
2421 2909 2460 2938 de
2477 2909 2729 2946 gendarmerie,
2746 2908 2960 2943 cultivateur,
2978 2909 3084 2947 petite
3101 2908 3173 2938 for¬

2277 2952 2370 2982 tune,
2388 2949 2502 2978 désire
2519 2949 2669 2986 mariage
2686 2956 2767 2979 avec
2783 2948 2983 2978 demoiselle
3006 2956 3049 2978 ou
3066 2956 3174 2979 veuve

2277 2989 2445 3028 posédant
2459 2989 2635 3028 propriété
2652 2988 2812 3026 agricole.
2830 3004 2841 3009 -
2856 2989 2897 3018 N-
2915 2988 3004 3018 6003.

2317 3046 2556 3076 Sous-officier
2585 3045 2801 3076 d’infanterie
2831 3045 3007 3083 coloniale,
3043 3047 3082 3076 26
3107 3054 3177 3076 ans.

2277 3085 2390 3116 bonne
2407 3086 2567 3116 situation
2586 3087 2625 3115 de
2641 3085 2778 3122 famille,
2795 3086 2990 3116 économies
3008 3087 3047 3115 10
3061 3086 3119 3116 000
3133 3087 3172 3116 fr.

2279 3127 2478 3165 épouserait
2519 3125 2719 3156 demoiselle
2748 3127 2912 3163 sérieuse,
2942 3126 3103 3156 situation
3134 3134 3175 3156 en

2279 3169 2431 3205 rapport.
2448 3182 2467 3188 -
2482 3168 2522 3197 N:
2541 3166 2627 3196 6004.

2318 3231 2427 3259 Jeune
2442 3229 2580 3259 homme
2604 3229 2642 3258 24
2658 3236 2730 3265 ans,
2747 3228 2864 3258 mutilé
2881 3229 2922 3258 de
2937 3236 3075 3266 guerre,
3094 3236 3175 3267 pen¬

2279 3269 2353 3298 sion
2370 3269 2531 3299 annuelle
2553 3269 2646 3298 3.500
2661 3268 2714 3305 fr.,
2730 3268 2785 3298 dot
2800 3269 2887 3299 8.000
2903 3268 2955 3305 fr.,
2979 3269 3176 3306 épouserait

2275 3310 2382 3346 jeune
2398 3308 2466 3339 fille
2482 3317 2526 3339 ou
2542 3317 2649 3339 veuve
2666 3317 2744 3338 sans
2761 3308 2909 3339 fortune.
2926 3325 2938 3330 -
2959 3310 2988 3339 N
2992 3318 2998 3323 -
3016 3309 3104 3339 6005.

2320 3367 2521 3404 Ex-officier,
2549 3366 2588 3396 30
2611 3374 2679 3403 ans,
2696 3366 2819 3404 Légion
2848 3367 3048 3403 d’honneur,
3064 3367 3177 3396 indus¬

2279 3408 2368 3444 triel,
2396 3407 2509 3437 50.000
2525 3408 2564 3436 fr.
2579 3415 2642 3445 par
2655 3415 2708 3442 an,
2733 3410 2819 3443 auto,
2849 3407 3046 3445 épouserait
3071 3409 3176 3445 jeune

2279 3446 2350 3477 fille
2367 3447 2569 3485 distinguée,
2600 3447 2824 3483 musicienne,
2854 3447 3015 3477 situation
3037 3455 3080 3477 en
3096 3455 3177 3485 rap¬

2280 3490 2370 3525 port.
2386 3503 2405 3509 -
2421 3489 2461 3517 N-
2479 3488 2568 3517 6006.

2323 3550 2412 3581 Veuf
2417 3550 2454 3580 44
2464 3557 2536 3586 ans,
2546 3549 2616 3579 très
2626 3548 2738 3579 banne
2748 3548 2886 3586 famille,
2904 3549 3039 3579 fortune
3053 3549 3179 3580 150.000

2281 3593 2334 3625 fr.,
2365 3591 2526 3620 situation
2568 3588 2710 3618 libérale
2739 3590 2756 3618 à
2773 3590 2874 3626 Lyon,
2911 3593 3051 3628 rapport
3066 3590 3178 3620 25.000

2280 3633 2322 3663 fr.
2351 3631 2664 3670 épouseraitveuve
2678 3636 2722 3658 ou
2733 3629 2939 3660 demoiselle,
2948 3629 3012 3667 âge
3020 3633 3054 3660 et
3069 3630 3179 3660 situa¬

2280 3673 2352 3703 tion
2368 3679 2410 3702 en
2424 3671 2575 3709 rapport.
2592 3685 2605 3690 -
2616 3670 2645 3699 N
2651 3677 2656 3683 -
2673 3669 2763 3703 6007,

2319 3733 2455 3765 Officier
2483 3733 2524 3762 de
2553 3731 2737 3768 cavalerie,
2765 3734 2876 3761 comte
2892 3731 3124 3770 authentique,
3141 3733 3180 3762 42

2281 3784 2353 3812 ans,
2368 3774 2459 3804 3.000
2474 3772 2514 3802 fr.
2529 3771 2671 3810 pension
2685 3774 2720 3801 et
2735 3771 2897 3801 situation
2912 3772 3176 3811 indépendante,

2280 3815 2448 3854 physique
2476 3814 2548 3843 très
2574 3811 2745 3849 agréable,
2775 3811 2956 3849 distingué,
2981 3812 3117 3842 homme
3133 3812 3177 3843 du

2281 3856 2414 3890 monde,
2444 3854 2556 3883 désire
2585 3851 2737 3889 mariage
2766 3858 2848 3880 avec
2877 3853 2974 3881 dame
2990 3859 3033 3882 ou
3061 3860 3178 3889 veuve,

2282 3895 2393 3926 même
2411 3895 2504 3931 âgée,
2521 3894 2621 3930 ayant
2638 3892 2704 3921 dot.
2717 3891 2756 3921 N-
2773 3890 2860 3920 6008.

2320 3951 2525 3983 Demoiselle
2541 3950 2579 3979 57
2595 3957 2667 3984 ans,
2686 3950 2782 3978 santé
2797 3947 2954 3986 parfaite,
2985 3951 3177 3987 paraissant

2279 3994 2318 4023 45
2334 4001 2407 4027 ans,
2423 3990 2626 4022 immeubles
2638 3989 2679 4018 de
2694 3989 2783 4026 prix,
2793 3995 2873 4025 gros
2890 3992 3031 4025 rapport
3044 3993 3176 4027 argent,

2281 4034 2534 4068 commerçante
2562 4029 2603 4058 de
2631 4033 2764 4061 nature,
2792 4028 2988 4066 épouserait
3003 4029 3179 4060 monsieur

2282 4074 2364 4102 dans
2381 4073 2412 4101 le
2429 4076 2622 4100 commerce
2639 4076 2682 4098 ou
2699 4067 2840 4103 rentier,
2858 4069 3019 4098 situation
3036 4077 3078 4098 en
3096 4077 3177 4107 rap¬

2280 4115 2368 4151 port.
2386 4127 2397 4132 -
2414 4111 2454 4140 N-
2472 4110 2561 4140 6013.

2319 4173 2458 4210 Daçtylo
2469 4173 2508 4201 25
2517 4178 2588 4201 ans.
2600 4169 2954 4208 intelligente,femme
2971 4170 3180 4209 d’intérieur,

2282 4215 2394 4244 désire
2412 4212 2562 4249 mariage
2579 4218 2661 4239 avec
2683 4209 2911 4241 sous-officier
2926 4211 2967 4241 de
2983 4212 3134 4243 carrière
3152 4222 3179 4242 si

2281 4253 2442 4293 possible.
2459 4268 2477 4274 -
2492 4252 2534 4281 N-
2557 4250 2647 4280 6014.

2319 4317 2434 4346 Veuve
2460 4321 2539 4343 sans
2568 4312 2693 4347 enfant,
2722 4311 2760 4342 60
2776 4320 2844 4349 ans,
2860 4321 2903 4343 ne
2919 4313 2968 4343 les
2985 4314 3178 4352 paraissant

2280 4364 2350 4394 pas,
2364 4356 2479 4385 bonne
2494 4350 2686 4388 éducation)
2717 4353 2787 4382 très
2815 4353 3017 4391 distinguée,
3027 4355 3120 4385 6.000
3137 4355 3176 4384 fr.

2282 4400 2321 4425 de
2350 4397 2475 4430 rentes,
2504 4394 2702 4431 épouserait
2732 4394 2873 4424 rétraité
2903 4401 2945 4424 ou
2974 4396 3106 4425 rentier
3138 4396 3178 4425 de

2281 4436 2393 4466 bonne
2410 4433 2602 4464 éducation.
2615 4448 2633 4454 -
2648 4434 2688 4462 N.
2704 4432 2794 4462 6015.

2320 4496 2537 4530 Demoiselle,
2557 4495 2597 4524 39
2613 4503 2685 4529 ans,
2712 4495 2972 4531 fonctionnaire,
2998 4496 3108 4526 10.000
3134 4497 3175 4526 fr.

2283 4536 2599 4576 d’appointements,
2615 4535 2728 4566 bonne
2737 4535 2873 4573 famille,
2883 4536 3054 4572 instruite,
3075 4539 3177 4574 épou¬

2283 4579 2388 4607 serait
2403 4576 2580 4605 monsieur
2596 4575 2636 4605 de
2647 4576 2686 4605 45
2701 4578 2719 4605 à
2734 4575 2773 4605 50
2789 4584 2860 4612 ans,
2879 4576 3040 4606 situation
3052 4576 3132 4606 faite
3146 4579 3179 4606 et

2284 4618 2429 4655 quelque
2444 4615 2594 4646 fortune.
2612 4632 2650 4635 —
2665 4617 2704 4646 N-
2723 4615 2811 4646 6016.

2321 4678 2538 4714 Demoiselle,
2565 4678 2605 4707 35
2642 4686 2715 4710 ans,
2745 4678 2955 4713 charmante,
2985 4679 3179 4716 paraissant

2282 4719 2358 4757 plus
2385 4720 2499 4754 jeune,
2531 4718 2697 4754 sérieuse,
2728 4717 2852 4748 femme
2881 4718 3092 4753 d’intérieur,
3124 4718 3180 4747 dot

2283 4759 2394 4790 10.000
2415 4760 2468 4794 fr.,
2498 4759 2696 4798 épouserait
2723 4759 2897 4788 monsieur
2926 4757 3076 4791 sérieux,
3107 4758 3147 4786 36
3162 4758 3180 4786 à

2282 4800 2321 4829 42
2363 4807 2434 4832 ans,
2479 4798 2730 4830 fonctionnaire
2768 4806 2811 4828 ou
2841 4797 2962 4827 travail
2991 4799 3123 4827 assuré.
3141 4813 3178 4818 —

2283 4841 2325 4870 N°
2340 4841 2430 4870 6017.

2323 4901 2555 4940 Propriétaire
2585 4900 2805 4938 agriculteur,
2836 4898 2975 4936 Afrique
3015 4898 3057 4927 du
3084 4898 3178 4934 nord,

2283 4943 2370 4980 veuf,
2384 4943 2403 4972 3
2419 4941 2563 4975 enfants,
2581 4940 2669 4970 belle
2692 4940 2865 4974 situation,
2893 4938 3082 4968 recherche
3107 4946 3181 4967 ma¬

2283 4984 2378 5019 riage
2389 4983 2497 5019 jeune
2522 4981 2590 5011 fille
2619 4980 2840 5014 affectueuse,
2870 4978 2909 5006 25
2937 4978 2956 5006 à
2984 4977 3022 5005 35
3053 4985 3124 5006 ans.
3143 4994 3181 4998 —

2283 5023 2322 5051 N-
2341 5023 2430 5051 6018.

2325 5083 2541 5118 Demoiselle,
2570 5084 2606 5111 31
2638 5089 2710 5115 ans,
2741 5077 2972 5112 travailleuse,
2999 5079 3179 5111 économe,

2285 5124 2450 5153 demande
2466 5125 2567 5159 jeune
2584 5123 2721 5150 homme
2737 5125 2780 5149 ou
2796 5117 2878 5147 veuf
2890 5125 2968 5147 sans
2993 5119 3119 5154 enfant,
3143 5119 3181 5148 30

2285 5166 2302 5193 à
2319 5164 2358 5192 40
2373 5171 2445 5193 ans.
2463 5179 2501 5183 —
2516 5163 2556 5192 N-
2574 5162 2662 5190 6019.
