3536 5552
368 409 467 436 Veuve
481 404 618 434 d’officier
634 414 664 438 31
682 412 746 437 ans,
763 410 832 429 sans
849 399 959 432 enfant,
976 398 1043 426 bien
1066 405 1134 424 sous
1166 400 1232 421 tous

333 449 480 479 rapports,
498 451 580 482 2.400
592 440 628 468 fr.
644 440 679 467 de
694 444 786 471 rente,
801 445 919 472 grosses
949 436 1130 468 espérances,
1145 433 1233 464 épou¬

335 480 425 509 serait
441 477 589 506 monsieur
604 481 692 511 ayant
708 473 850 501 situation
865 481 902 499 ou
925 469 1032 498 officier
1062 467 1171 495 France
1199 474 1235 492 ou

336 515 473 544 colonies.
489 528 504 534 -
518 513 554 542 N'
570 514 649 545 6117.

376 569 550 597 l.ieutenant
556 576 590 599 30
598 575 663 598 ans,
671 563 783 592 bientôt
792 560 946 596 capitaine,
957 558 1052 594 légion
1063 556 1238 586 d'honneur,

341 618 355 641 7
371 604 519 636 citations,
535 602 622 635 doux,
641 598 838 630 sentimental,
855 596 934 624 taille
951 602 1101 630 moyenne,
1122 589 1239 619 chatain

341 642 433 673 foncé,
446 649 521 675 yeux
540 638 644 670 bruns,
660 635 741 664 avoir
754 643 852 669 50,000
866 632 915 666 fr.,
926 630 1022 659 désire
1031 628 1159 662 mariage
1174 634 1242 653 avec

345 678 426 711 jeune
443 675 499 703 fille
514 684 550 702 ou
568 673 651 707 jeune
675 680 766 699 veuve
795 670 889 697 bonne
918 665 1070 695 éducation
1100 670 1127 690 et
1151 663 1212 689 dot.
1229 675 1241 680 -

345 713 381 742 N"
397 714 475 747 6119.

383 763 609 794 Fonctionnaire
623 762 732 794 d’Etat,
747 770 783 796 44
797 768 860 792 ans,
888 766 957 785 sans
986 754 1097 787 enfant,
1127 750 1246 780 retraité

348 803 421 830 dans
438 802 511 829 deux
530 809 592 832 ans,
609 798 691 826 avoir
717 805 817 824 20.000
837 794 890 822 fr..
920 788 1155 825 correspondrait
1180 796 1247 815 avec

350 835 517 866 demoiselle
531 844 568 863 ou
584 843 685 867 veuve,
714 836 766 868 âge
794 837 823 859 et
850 828 994 858 situation
1023 836 1058 854 en
1085 829 1217 859 rapport.
1232 836 1247 841 -

350 874 385 902 N"
401 876 480 902 6120.

390 926 564 955 Demoiselle
578 934 609 959 27
624 933 687 957 ans,
701 922 751 950 dot
763 928 790 949 et
811 923 992 954 espérances,
1013 915 1116 943 femme
1145 913 1250 940 d’inté¬

352 963 442 998 rieur,
460 960 656 992 travailleuse,
685 956 851 992 épouserait
876 955 961 989 jeune
989 953 1106 980 homme
1126 948 1250 980 sérieux,

353 999 483 1033 employé
496 997 530 1024 de
546 996 718 1031 préférence,
736 993 844 1021 France
859 1000 895 1019 ou
907 988 1044 1017 colonies.
1062 986 1098 1015 N'
1115 987 1196 1013 6121.

389 1053 478 1085 Jeune
494 1051 620 1083 homme,
637 1058 670 1084 24
686 1058 748 1080 ans,
766 1046 896 1081 employé
904 1044 938 1071 de
948 1050 1117 1073 commerce,
1130 1037 1253 1073 appoin¬

354 1094 479 1116 tements
494 1088 511 1115 6
524 1096 577 1114 000
591 1085 638 1116 fr.,
656 1083 737 1112 avoir
755 1092 853 1110 12.000
869 1081 916 1111 fr.,
933 1078 1027 1107 désire
1043 1075 1171 1110 mariage
1187 1083 1255 1101 avec

356 1125 438 1158 jeune
454 1123 512 1150 fille
531 1122 561 1149 18
576 1124 591 1148 à
620 1130 652 1148 22
679 1129 743 1153 ans,
772 1117 846 1152 jolie,
877 1114 1060 1145 affectueuse,
1091 1110 1254 1146 préférence

356 1159 470 1188 blonde.
488 1173 501 1178 -
516 1158 551 1186 N'
568 1157 642 1185 6118.

392 1214 483 1247 Jeune
512 1212 627 1239 homme
655 1219 688 1244 24
716 1217 780 1242 ans,
807 1206 873 1234 bien
899 1204 1138 1240 physiquement,
1167 1204 1255 1234 ayant

359 1259 463 1283 agence
480 1247 593 1276 maison
610 1244 744 1280 Sénégal,
763 1240 926 1278 épouserait
942 1241 1024 1274 jeune
1041 1236 1098 1265 fille
1118 1236 1255 1267 honnête,

359 1285 500 1317 fortunée,
517 1291 644 1318 envoyer
658 1280 759 1315 photo.
775 1294 789 1298 -
803 1278 839 1307 N'
856 1279 936 1305 6122.

397 1332 571 1363 Célibataire
612 1340 645 1366 35
674 1339 737 1362 ans,
780 1327 851 1360 seul,
893 1324 1082 1360 agriculteur,
1122 1318 1258 1348 domaine

361 1372 460 1399 28.000
467 1369 514 1402 fr.,
523 1367 610 1403 petite
620 1366 708 1398 taille,
718 1364 884 1399 énergique,
895 1363 976 1389 santé
983 1360 1018 1387 de
1027 1358 1079 1392 fer,
1089 1355 1257 1391 passionné,

361 1405 533 1435 travailleur
548 1409 576 1431 et
590 1406 734 1431 économe,
751 1400 806 1428 dur
822 1397 976 1430 d’oreilles,
993 1394 1100 1423 service
1116 1397 1144 1420 et
1160 1390 1257 1419 muni-

362 1441 502 1470 tionniste
518 1443 533 1467 à
549 1440 575 1467 la
590 1447 704 1474 guerre,
720 1435 813 1464 désire
831 1433 958 1467 mariage
978 1440 1045 1460 avec
1067 1430 1170 1457 femme
1191 1429 1259 1461 âgée

360 1479 396 1507 de
411 1477 476 1512 plus
492 1476 527 1504 de
554 1485 588 1503 22
603 1484 667 1507 ans,
697 1476 841 1504 économe,
858 1469 995 1500 sérieuse,
1007 1466 1086 1495 taille
1105 1472 1258 1498 moyenne,

362 1512 528 1547 catholique
542 1516 630 1543 ayant
646 1510 705 1541 dot,
722 1513 788 1542 apte
804 1510 819 1534 à
830 1505 919 1537 aider,
937 1513 999 1532 sera
1016 1505 1074 1530 très
1091 1500 1192 1533 aimée,
1210 1501 1260 1525 née

363 1560 398 1578 en
415 1548 482 1583 mai,
499 1547 572 1581 juin,
590 1545 754 1580 septembre
768 1553 805 1570 ou
821 1541 947 1573 octobre,
961 1541 1104 1567 caractère
1116 1536 1260 1563 s’harmo¬

364 1585 505 1617 niseront,
522 1583 652 1611 divorcée
668 1578 833 1610 s’abstenir,
849 1593 862 1597 -
878 1577 914 1605 N'
931 1578 1003 1609 6123.

402 1638 518 1668 Officier
529 1647 563 1665 en
580 1635 708 1668 retraite,
725 1631 868 1660 chevalier
884 1630 918 1658 de
934 1630 960 1657 la
976 1627 1072 1663 légion
1087 1626 1261 1656 d’honneur,

364 1677 400 1712 48
409 1684 474 1708 ans,
484 1673 579 1702 bonne
587 1674 680 1704 santé,
692 1669 786 1698 désire
797 1666 926 1700 mariage
936 1674 1004 1693 avec
1014 1663 1109 1694 dame,
1121 1659 1264 1689 situation

365 1722 400 1740 en
415 1715 544 1745 rapport.
557 1723 571 1728 -
586 1708 621 1736 N'
638 1709 717 1741 6124.

402 1764 487 1798 Veuf,
504 1773 537 1798 47
553 1772 615 1794 ans,
633 1759 779 1795 physique
806 1755 949 1791 agréable,
981 1764 995 1781 2
1021 1752 1146 1783 fillettes,
1160 1751 1176 1777 6
1193 1755 1220 1777 et
1242 1759 1264 1776 n

366 1811 429 1833 ans,
445 1797 618 1830 économies,
641 1794 798 1824 immeuble
824 1794 924 1820 26.000
952 1789 1001 1823 fr,,
1031 1785 1224 1823 propriétaire
1239 1791 1267 1813 et

367 1835 523 1867 industrie,
546 1831 711 1869 épouserait
729 1828 906 1860 demoiselle,
937 1835 1028 1853 veuve
1058 1833 1093 1851 ou
1122 1821 1265 1853 divorcée,

367 1871 538 1902 honorable.
554 1884 567 1890 -
582 1869 619 1897 N'
634 1870 709 1903 6125.

406 1923 583 1954 Célibataire
607 1922 653 1950 fils
673 1921 794 1955 unique,
812 1920 846 1954 36
860 1927 924 1951 ans,
944 1913 1084 1944 situation
1098 1921 1209 1940 100.000
1220 1909 1269 1944 fr.,

373 1971 472 1997 25.000
488 1959 524 1988 fr.
550 1957 725 1987 association
751 1956 824 1984 dans
849 1953 959 1988 grande
984 1950 1067 1978 usine
1094 1946 1270 1976 association

370 2003 491 2032 rapport
507 2005 609 2023 20.000
624 1993 661 2022 fr.
672 1991 838 2028 épouserait
851 1991 955 2017 femme
966 1987 1069 2020 brune,
1082 1983 1224 2013 situation
1235 1992 1270 2009 en

371 2039 500 2068 rapport.
516 2047 529 2051 -
545 2031 580 2060 N'
597 2031 676 2058 6126.

410 2089 587 2120 Célibataire
616 2098 647 2123 32
674 2097 736 2120 ans,
764 2085 894 2120 employé
917 2082 952 2110 de
982 2081 1101 2111 bureau,
1130 2076 1271 2106 situation

375 2137 461 2163 5.400
475 2127 572 2154 francs
583 2134 635 2159 par
646 2134 693 2157 an,
706 2126 764 2150 très
776 2120 900 2153 sérieux,
912 2118 1083 2148 affectueux,
1095 2112 1272 2147 catholique,

374 2161 538 2198 épouserait
553 2159 719 2188 demoiselle
740 2168 777 2186 ou
797 2166 888 2184 veuve
904 2152 1076 2187 catholique,
1104 2150 1138 2177 de
1164 2148 1273 2176 famille

375 2200 460 2232 aisée,
478 2197 589 2226 aimant
603 2197 631 2223 la
647 2203 815 2229 campagne,
832 2191 964 2219 bonheur
978 2190 1090 2216 assuré.
1108 2201 1117 2204 -
1141 2185 1176 2214 N’
1193 2186 1270 2217 6127.

413 2246 588 2277 Célibataire
612 2254 644 2279 52
667 2253 731 2277 ans,
755 2242 828 2276 seul,
855 2239 947 2268 établi
968 2235 1152 2268 cordonnier,
1181 2232 1275 2261 désire

378 2284 504 2318 mariage
520 2291 587 2310 avec
601 2279 767 2309 demoiselle
782 2288 818 2305 ou
835 2285 924 2304 veuve
941 2279 1030 2309 ayant
1053 2271 1154 2299 métier
1174 2278 1275 2297 secon¬

376 2321 467 2353 daire,
490 2318 579 2353 petite
600 2317 661 2349 dot,
689 2318 741 2349 âge
771 2311 947 2342 indifférent,
977 2319 1014 2336 ou
1041 2318 1077 2335 en
1105 2310 1236 2341 rapport.
1261 2319 1275 2323 -

378 2357 412 2385 N'
430 2356 507 2384 6128.

414 2412 624 2446 Ex-adjudant,
651 2419 677 2445 41
703 2418 765 2443 ans,
795 2405 926 2435 médaille
957 2402 1104 2433 militaire,
1136 2399 1214 2427 croix
1244 2398 1278 2426 de

378 2460 492 2485 guerre,
517 2447 640 2482 pension
665 2455 748 2473 2.200
775 2443 824 2477 fr.,
850 2440 938 2469 établi
968 2437 1122 2470 armurier,
1148 2441 1280 2470 gagnant

380 2488 462 2514 8.000
478 2485 513 2513 fr.
535 2493 586 2518 par
605 2492 652 2512 an,
677 2480 772 2509 désire
800 2485 959 2512 compagne
983 2475 1017 2503 de
1047 2483 1078 2508 33
1104 2476 1119 2500 à
1150 2481 1185 2506 40
1214 2480 1277 2503 ans,

381 2527 470 2558 ayant
484 2520 575 2549 avoir.
592 2534 606 2538 -
619 2518 656 2547 N’
672 2519 747 2552 6129.

418 2571 517 2599 Veuve
547 2578 576 2603 51
607 2577 671 2599 ans,
702 2566 839 2595 honnête,
866 2562 970 2590 femme
999 2557 1181 2589 d’intérieur,
1212 2564 1279 2584 sans

384 2607 492 2639 enfant,
516 2603 597 2632 avoir
624 2611 717 2635 15.000
740 2601 789 2633 fr.,
812 2599 877 2634 plus
903 2595 1044 2627 mobilier,
1071 2593 1165 2622 désire
1190 2591 1282 2619 s’unir

382 2653 450 2671 avec
477 2641 609 2675 employé
638 2638 775 2670 honnête,
804 2633 929 2666 sérieux,
956 2635 1010 2666 âge
1035 2640 1071 2658 en
1107 2633 1238 2663 rapport.
1269 2641 1282 2646 -

384 2680 419 2707 N'
436 2680 510 2713 6130.

423 2725 599 2756 Célibataire
614 2723 687 2754 seul,
703 2731 736 2757 45
753 2729 815 2754 ans,
833 2717 1001 2754 paraissant
1023 2715 1089 2743 bien
1106 2714 1171 2748 plus
1188 2712 1282 2746 jeune,

386 2763 504 2792 châtain
520 2761 611 2794 foncé,
627 2758 709 2787 avoir
735 2765 833 2791 50.000
848 2754 896 2789 fr.,
926 2750 1091 2787 épouserait
1118 2747 1285 2776 demoiselle

386 2809 476 2827 veuve
490 2808 526 2826 ou
542 2796 684 2827 divorcée,
699 2793 813 2821 fortune
824 2790 1003 2824 réciproque,
1019 2787 1118 2814 lettres
1133 2784 1259 2817 signées.
1271 2796 1285 2802 -

387 2836 422 2864 N'
438 2837 519 2869 6131.

421 2889 522 2917 Veuve
538 2896 569 2922 55
583 2895 647 2918 ans,
663 2894 697 2911 ne
711 2883 751 2911 les
763 2880 930 2918 paraissant
939 2887 1001 2912 pas,
1013 2876 1107 2904 bonne
1119 2872 1284 2906 éducation,

388 2924 505 2953 retraite
524 2931 602 2951 1.000
617 2920 665 2953 fr.,
683 2918 824 2948 situation
842 2924 923 2950 3.000
938 2914 974 2941 fr.
988 2922 1041 2948 par
1052 2922 1110 2945 an.,
1122 2908 1287 2945 épouserait

389 2960 538 2989 monsieur
553 2957 678 2986 sérieux,
695 2955 768 2990 petit
792 2951 901 2980 rentier
928 2959 966 2977 ou
994 2946 1199 2983 propriétaire,
1215 2953 1288 2979 pour

389 3000 448 3025 être
465 2996 615 3023 heureuse.
633 3007 646 3012 -
662 2992 697 3019 N’
714 2992 793 3026 6132.

426 3046 650 3077 Fonctionnaire
666 3055 696 3080 53
712 3054 776 3077 ans,
805 3043 899 3070 bonne
928 3041 1022 3072 santé,
1053 3035 1288 3071 appointements

393 3095 490 3114 10.000
505 3084 553 3116 fr.,
569 3093 600 3111 se
615 3080 764 3110 marierait
780 3087 847 3106 avec
876 3084 967 3104 veuve
994 3083 1031 3101 ou
1060 3073 1202 3103 divorcée,
1219 3079 1288 3098 sans

390 3124 500 3155 enfant,
518 3129 568 3154 pas
585 3118 651 3153 plus
666 3127 700 3151 47
713 3125 776 3148 ans,
794 3118 883 3149 ayant
899 3119 979 3146 2.500
995 3110 1031 3137 fr.
1047 3109 1082 3136 de
1097 3112 1205 3135 rentes.
1222 3120 1235 3125 -
1252 3106 1288 3133 N'

389 3160 469 3193 6133.

428 3208 603 3239 Demoiselle
618 3217 648 3242 31
664 3216 728 3237 ans,
748 3213 827 3237 1.500
851 3202 887 3230 fr.
917 3201 952 3228 de
981 3204 1089 3231 rentes,
1120 3199 1291 3231 espérances

392 3247 531 3282 quelques
547 3243 694 3272 centaines
709 3241 743 3268 de
760 3239 838 3268 mille
851 3238 958 3269 francs,
974 3234 1046 3263 belle
1062 3236 1155 3267 santé,
1173 3231 1290 3264 simple,

391 3284 529 3315 aimante,
544 3279 679 3310 cultivée,
708 3276 802 3304 désire
832 3272 961 3307 mariage
989 3268 1191 3298 d’inclination
1221 3275 1289 3294 avec

393 3318 542 3347 monsieur
557 3316 592 3343 de
608 3325 640 3350 32
656 3317 671 3341 à
684 3322 718 3349 40
734 3321 797 3340 ans.
815 3326 826 3329 -
843 3309 878 3337 N'
895 3308 975 3343 6136.

428 3371 515 3405 Veuf,
532 3380 565 3405 44
581 3378 645 3402 ans,
660 3376 726 3395 avec
741 3375 781 3393 un
804 3364 851 3392 fils
880 3363 915 3390 de
948 3370 978 3389 10
1006 3369 1070 3393 ans,
1101 3357 1293 3392 propriétaire

394 3410 468 3437 deux
483 3405 646 3442 propriétés
663 3412 675 3438 5
694 3402 835 3433 hectares,
856 3399 959 3433 vignes
985 3402 1013 3423 et
1039 3395 1167 3422 cultures
1185 3396 1292 3420 maraî¬

394 3445 503 3475 chères,
521 3440 679 3477 possédant
693 3439 839 3472 logement
851 3445 886 3462 en
902 3433 980 3465 ville,
998 3430 1163 3466 épouserait
1182 3428 1293 3456 demoi¬

395 3480 464 3508 selle
478 3488 515 3506 ou
531 3486 622 3505 veuve
637 3485 706 3504 sans
719 3473 830 3505 enfant,
846 3467 1042 3498 honorabilité
1056 3465 1190 3501 parfaite,
1211 3464 1246 3492 de
1261 3472 1294 3499 35

395 3520 409 3543 à
425 3526 459 3551 40
475 3523 537 3542 ans.
556 3510 720 3540 Habiterait
736 3509 762 3536 la
779 3515 938 3541 compagne
950 3504 1013 3532 l’été
1028 3508 1055 3530 et
1065 3503 1091 3529 la
1100 3501 1168 3529 ville
1179 3500 1293 3528 l’hiver.

396 3553 432 3580 N'
450 3553 531 3585 6137.

432 3602 608 3632 Demoiselle
622 3602 658 3637 46
671 3608 735 3632 ans,
766 3596 914 3628 instruite,
944 3595 1048 3622 femme
1077 3592 1115 3619 du
1148 3589 1252 3618 monde
1268 3595 1295 3617 et

398 3639 579 3672 d’intérieur,
592 3640 781 3672 protestante,
800 3632 856 3660 fille
885 3632 919 3659 de
948 3626 1162 3657 fonctionnaire
1191 3625 1295 3653 estimé

398 3680 574 3705 récemment
586 3672 699 3706 décédé,
715 3667 896 3704 portefeuille
926 3674 1026 3700 50.000
1051 3663 1099 3696 fr.,
1129 3661 1297 3696 épouserait

398 3710 609 3740 fonctionnaire
625 3718 660 3736 en
690 3705 806 3734 activité
836 3713 872 3731 ou
902 3711 937 3729 en
963 3698 1091 3730 retraite,
1120 3696 1227 3725 officier
1258 3706 1295 3723 ou

398 3745 589 3783 propriétaire
603 3745 638 3772 de
653 3745 687 3778 46
702 3745 717 3770 à
735 3743 767 3776 58
781 3749 835 3767 ans
851 3750 858 3771 ;
874 3736 970 3765 désire
984 3737 1078 3768 santé,
1089 3731 1295 3765 honorabilité,

397 3781 569 3813 distinction
585 3789 657 3815 pour
672 3777 774 3806 fonder
790 3776 869 3811 foyer
885 3771 1088 3801 harmonieux.
1102 3784 1115 3788 -
1132 3769 1166 3797 N'
1184 3768 1264 3802 6138.

434 3827 607 3856 Instituteur
623 3822 751 3855 retraité,
771 3830 804 3856 57
820 3829 883 3852 ans,
901 3817 965 3846 n’en
982 3814 1149 3850 paraissant
1177 3822 1228 3847 pas
1254 3822 1295 3847 50,

398 3864 475 3896 veuf,
483 3863 550 3890 bien
559 3865 688 3896 portant,
696 3867 765 3886 sans
772 3857 889 3889 charge,
900 3852 1023 3889 pension
1030 3850 1163 3879 annuelle
1170 3857 1252 3883 4.050
1260 3848 1295 3876 fr.

399 3897 563 3934 épouserait
578 3905 668 3925 veuve
683 3895 718 3922 de
728 3902 842 3928 guerre,
859 3890 1079 3923 enseignement
1094 3896 1130 3914 ou
1153 3881 1297 3913 adminis¬

401 3935 521 3969 tration,
536 3933 572 3960 de
584 3942 618 3966 40
634 3934 650 3959 à
666 3940 697 3966 55
712 3939 777 3964 ans,
787 3927 924 3958 sérieuse,
934 3923 1119 3955 affectueuse,
1131 3920 1298 3949 demoiselle

400 3982 435 3999 ou
451 3971 534 3999 dame
548 3969 679 3996 divorcée
696 3970 710 3993 à
726 3974 779 3993 son
795 3963 892 3998 profit,
908 3959 1049 3988 situation
1079 3968 1113 3986 en
1137 3962 1267 3991 rapport.
1284 3970 1298 3975 -

400 4008 425 4035 N
430 4015 435 4020 -
453 4009 534 4042 6139.

435 4062 526 4094 Jeune
540 4059 658 4086 homme
673 4065 706 4090 27
721 4064 786 4087 ans,
816 4052 895 4087 parle
924 4047 1073 4078 marocain
1103 4053 1131 4074 et
1159 4045 1297 4081 algérien,

403 4095 592 4124 connaissant
606 4092 727 4124 culture,
758 4089 852 4118 désire
881 4084 1090 4119 correspondre
1120 4092 1188 4110 avec
1216 4082 1297 4115 jeune

402 4132 459 4160 fille
473 4132 509 4160 de
527 4131 557 4158 18
572 4133 588 4157 à
603 4139 637 4156 20
653 4137 716 4160 ans,
728 4131 817 4161 ayant
827 4123 878 4151 dot
892 4134 899 4156 ;
911 4132 947 4149 ne
958 4120 1066 4155 répond
1078 4118 1186 4153 qu’aux
1197 4117 1298 4145 lettres

401 4169 526 4203 signées.
541 4181 555 4185 -
571 4165 607 4193 N'
623 4166 704 4198 6140.

439 4218 613 4249 Demoiselle
630 4225 661 4251 25
678 4224 741 4248 ans,
755 4216 944 4248 protestante,
960 4208 1137 4242 distinguée,
1150 4205 1298 4238 instruite,

402 4261 460 4285 très
475 4256 603 4284 aimante
628 4258 657 4281 et
684 4252 820 4281 dévouée,
848 4247 900 4274 dot
927 4251 1029 4280 30.000
1056 4242 1105 4274 fr.,
1135 4240 1300 4276 épouserait

403 4291 551 4321 monsieur
567 4289 680 4318 sérieux
697 4292 723 4314 et
747 4284 853 4313 cultivé
877 4288 966 4318 ayant
981 4278 1134 4308 situation.
1147 4292 1159 4296 -
1171 4277 1196 4304 N
1201 4283 1207 4289 -
1219 4277 1298 4311 6141.

439 4343 595 4374 Industriel
610 4348 638 4370 et
654 4346 860 4373 entrepreneur
875 4336 909 4372 48
922 4344 985 4366 ans,
1003 4332 1170 4368 paraissant
1193 4330 1299 4364 moins,

402 4383 519 4410 divorcé
533 4383 547 4407 à
571 4388 624 4407 son
653 4375 740 4411 profit
768 4383 820 4409 par
848 4372 925 4400 suite
953 4371 987 4398 de
1015 4377 1129 4405 guerre,
1155 4365 1300 4401 physique

404 4417 546 4453 agréable,
563 4414 733 4446 affectueux,
749 4409 872 4440 sérieux,
890 4406 968 4440 actif,
984 4405 1061 4433 idées
1073 4405 1179 4437 larges,
1190 4403 1301 4430 aimant

403 4452 553 4483 intérieur,
570 4449 712 4479 situation
726 4455 824 4475 10.000
835 4444 883 4477 fr.,
898 4448 1002 4478 argent
1012 4447 1040 4469 et
1051 4438 1133 4468 avoir
1145 4447 1243 4474 50.000
1252 4437 1300 4471 fr.,

403 4488 495 4517 désire
512 4497 585 4523 pour
601 4485 739 4513 terminer
755 4481 800 4510 vie
816 4482 968 4512 heureuse,
986 4477 1077 4505 union
1093 4484 1160 4503 avec
1189 4473 1300 4501 demoi¬

405 4525 483 4558 selle,
500 4531 590 4551 veuve
606 4531 643 4548 ou
657 4520 801 4550 divorcée,
817 4515 1002 4546 affectueuse,
1019 4511 1145 4547 qualités
1160 4509 1195 4537 de
1210 4518 1298 4540 cœur,

405 4560 507 4588 femme
522 4556 702 4589 d’intérieur,
718 4556 804 4589 goûts
823 4551 977 4583 modestes,
995 4554 1084 4583 ayant
1112 4545 1185 4580 petit
1208 4545 1300 4576 avoir,

405 4595 529 4630 qualités
558 4602 593 4620 en
622 4596 742 4625 rapport
770 4600 777 4623 ;
807 4587 903 4615 aurait
940 4583 1105 4613 l’intention
1136 4581 1236 4609 d’aller
1266 4590 1301 4607 au

404 4632 511 4659 Maroc.
528 4644 540 4649 -
556 4629 592 4657 N'
608 4629 690 4663 6142.

439 4688 520 4716 Veuf
533 4697 557 4721 51
573 4696 636 4720 ans,
652 4684 738 4712 belles
755 4681 880 4717 qualités
903 4679 936 4707 de
965 4687 1054 4708 cœur,
1085 4681 1173 4710 ayant
1203 4674 1303 4702 enfant

406 4734 463 4753 non
493 4727 508 4751 à
533 4733 564 4751 sa
594 4722 708 4755 charge,
741 4717 909 4746 traitement
939 4723 1020 4747 3.000
1048 4712 1096 4745 fr.,
1126 4711 1192 4745 plus
1221 4709 1303 4737 avoir

404 4758 588 4793 (immeubles
601 4756 714 4785 maison
726 4760 753 4782 et
767 4752 947 4786 campagne),
955 4746 1121 4784 épouserait
1136 4745 1303 4773 demoiselle

405 4807 440 4824 ou
457 4803 546 4824 veuve
561 4794 596 4821 de
612 4794 646 4827 38
660 4795 675 4819 à
691 4801 722 4826 45
739 4799 803 4822 ans,
821 4793 908 4823 ayant
924 4784 1016 4812 avoir.
1033 4798 1046 4803 -
1061 4783 1087 4811 N
1092 4790 1097 4795 -
1112 4783 1194 4817 6143.

441 4857 527 4890 Veuf,
544 4866 557 4889 3
574 4854 688 4883 enfants
704 4851 820 4881 ouvrier
837 4847 961 4883 agricole
973 4851 1104 4881 gagnant
1116 4854 1167 4879 300
1184 4843 1232 4876 fr.,
1252 4852 1302 4877 par

405 4893 490 4927 mois,
507 4891 601 4920 désire
617 4889 745 4923 mariage
759 4897 827 4915 avec
841 4882 1008 4914 demoiselle
1024 4890 1060 4909 ou
1082 4889 1173 4908 veuve
1190 4888 1221 4914 35
1237 4882 1253 4906 à
1268 4888 1303 4914 40

405 4939 467 4959 ans,
486 4937 559 4963 pour
575 4926 668 4955 élever
683 4925 798 4952 entants
814 4928 842 4949 et
855 4919 930 4948 tenir
946 4918 1098 4946 intérieur.
1114 4930 1128 4934 -
1145 4916 1178 4943 N'
1196 4916 1273 4950 6144.

439 4986 516 5016 Veut
531 4995 564 5020 40
579 4994 642 5016 ans,
659 4992 725 5010 avec
733 4981 808 5009 deux
821 4978 928 5014 gentils
938 4975 1053 5004 enfants
1061 4974 1097 5001 de
1111 4974 1129 5000 8
1144 4979 1171 5001 et
1191 4982 1219 5000 12
1236 4982 1300 5006 ans,

403 5028 492 5058 ayant
507 5020 580 5056 petit
594 5027 751 5047 commerce
767 5022 794 5044 et
811 5013 913 5043 travail
931 5014 1032 5040 assuré
1048 5019 1115 5037 avec
1130 5011 1300 5043 espérances

401 5059 435 5085 de
452 5066 547 5091 15.000
562 5056 597 5083 fr.
622 5054 754 5082 environ,
785 5048 951 5085 épouserait
976 5045 1143 5074 demoiselle
1158 5054 1196 5072 ou
1210 5052 1301 5071 veuve

401 5102 470 5121 sans
485 5091 595 5125 enfant,
611 5091 647 5117 de
660 5099 692 5124 35
709 5092 723 5116 à
749 5097 783 5122 42
812 5095 877 5119 ans,
907 5082 1049 5112 situation
1078 5090 1114 5109 en
1140 5085 1269 5114 rapport.
1287 5094 1300 5098 -

400 5129 434 5157 N'
453 5130 532 5162 6145.

1328 390 1531 420 Sous-officier
1547 390 1582 417 de
1599 387 1737 418 carrière,
1768 383 1907 412 libérable
1934 381 2009 408 dans
2024 378 2099 407 deux
2116 379 2169 403 ans
2182 379 2196 395 r

1291 428 1397 460 demie,
1414 436 1482 454 avec
1497 425 1622 460 pension
1634 428 1661 451 et
1683 423 1742 449 bon
1758 418 1876 454 emploi,
1894 416 1990 446 désire
2001 410 2183 448 correspond

1293 474 1361 492 avec
1376 461 1545 491 demoiselle
1574 460 1610 488 de
1639 468 1671 486 22
1707 460 1720 484 à
1750 458 1783 484 26
1812 464 1876 487 ans,
1909 458 1999 488 ayant
2027 447 2182 478 situation.

1294 501 1329 528 N'
1346 501 1427 535 6146.

1332 558 1423 590 Jeune
1439 557 1556 584 homme
1572 563 1605 586 30
1620 562 1684 585 ans,
1700 550 1788 586 petite
1801 547 1954 581 situation,
1965 544 2060 573 désire
2070 541 2197 575 mariage

1297 603 1364 621 avec
1380 590 1547 620 demoiselle
1562 589 1596 617 de
1610 599 1641 624 23
1659 591 1674 615 à
1689 597 1721 622 30
1731 596 1793 619 ans,
1804 595 1840 612 ou
1852 593 1943 611 veuve
1958 582 1993 609 de
2005 590 2038 614 25
2055 583 2069 606 à
2087 588 2120 612 30
2134 585 2196 607 ans,

1297 645 1312 649 -
1327 629 1362 657 N'
1380 630 1450 663 6147

1337 687 1477 714 Divorcée
1492 688 1508 711 à
1522 693 1576 712 son
1591 682 1689 717 profit,
1706 690 1739 716 39
1754 689 1816 710 ans,
1835 687 1903 706 sans
1921 676 2032 707 enfant,
2049 673 2115 700 bien
2132 679 2200 699 sous

1303 730 1369 751 tous
1386 722 1426 749 les
1444 726 1589 754 rapports,
1607 718 1711 745 femme
1726 711 1905 745 d’intérieur,
1922 720 2021 739 20.000
2038 709 2085 742 fr.,
2100 711 2203 741 argent

1303 759 1370 793 plus
1387 756 1523 786 mobilier
1542 762 1570 782 et
1595 763 1713 788 grosses
1743 754 1923 785 espérances,
1952 746 2048 774 désire
2076 742 2203 777 mariage

1304 804 1372 822 avec
1389 792 1547 825 monsieur,
1564 789 1636 825 petit
1651 787 1769 820 rentier,
1786 796 1822 814 ou
1838 790 1927 820 ayant
1954 780 2105 812 situation,
2121 778 2155 806 de
2171 786 2203 813 45

1303 834 1320 858 à
1334 832 1368 864 65
1385 839 1448 862 ans,
1465 829 1592 856 honnête
1606 832 1635 852 et
1647 825 1743 853 bonne
1757 825 1848 851 santé.
1864 836 1878 840 -
1893 820 1928 848 N"
1946 818 2027 853 6148.

1340 887 1422 915 Veuf
1431 889 1466 915 62
1481 895 1545 918 ans,
1562 883 1664 912 ancien
1674 885 1880 913 commerçant,
1900 878 1996 906 bonne
2013 877 2106 905 santé,
2120 870 2207 900 habi¬

1308 929 1373 952 tant
1389 923 1455 957 jolie
1470 922 1538 949 ville
1553 921 1592 948 du
1609 918 1691 952 midi,
1706 918 1820 945 fortune
1836 923 1953 942 200.000
1969 912 2016 944 fr.,
2047 910 2207 937 affectueux

1308 966 1336 988 et
1364 957 1540 992 catholique,
1568 954 1734 990 épouserait
1775 960 1919 986 personne
1948 953 2037 984 ayant
2065 944 2209 973 situation

1308 996 1460 1030 analogue.
1476 1009 1489 1013 -
1505 993 1540 1021 N'
1558 994 1637 1027 6149.

1346 1042 1523 1072 Célibataire
1551 1039 1686 1074 français,
1719 1039 1752 1065 28
1789 1046 1850 1068 ans,
1889 1033 2053 1069 ingénieur,
2094 1030 2210 1058 homme

1309 1079 1466 1113 d’affaires,
1489 1075 1681 1112 propriétaire
1710 1084 1746 1101 en
1776 1070 1948 1103 Roumanie,
1977 1066 2082 1104 grand,
2113 1066 2210 1098 blond,

1311 1120 1394 1146 santé
1409 1114 1542 1149 parfaite,
1560 1112 1653 1140 désire
1670 1109 1797 1144 mariage
1813 1117 1880 1135 avec
1904 1107 1985 1139 jeune
2003 1103 2060 1130 fille
2076 1111 2112 1129 ou
2131 1102 2212 1134 jeune

1312 1162 1403 1181 veuve
1418 1153 1512 1178 même
1527 1152 1579 1183 âge
1593 1158 1631 1176 ou
1647 1146 1754 1179 moins,
1771 1144 1874 1176 brune,
1903 1141 1938 1169 de
1953 1139 2118 1176 préférence
2132 1137 2167 1164 de
2185 1136 2211 1162 la

1312 1196 1481 1223 campagne,
1499 1183 1641 1213 situation
1663 1192 1697 1209 en
1727 1185 1846 1215 rapport
1863 1189 1870 1211 ;
1887 1177 2008 1205 timbrer
2025 1179 2039 1202 à
2056 1183 2129 1208 0,50.
2147 1188 2160 1191 -
2177 1172 2211 1199 N'

1311 1227 1387 1260 6151.

1349 1282 1490 1316 Employé
1504 1280 1540 1307 de
1555 1280 1669 1306 chemin
1684 1277 1719 1304 de
1734 1275 1786 1309 fer,
1803 1273 1910 1306 Maroc,
1932 1281 1966 1306 40
1982 1279 2046 1302 ans,
2063 1267 2214 1303 appointe¬

1315 1324 1409 1347 ments
1426 1315 1547 1345 annuels
1563 1314 1645 1350 4.800
1661 1312 1708 1346 fr.,
1725 1308 1887 1339 économies
1909 1316 1990 1335 2.000
2007 1306 2071 1337 frs.,
2088 1303 2214 1334 sérieux,

1314 1353 1480 1390 épouserait
1495 1350 1662 1379 demoiselle
1678 1359 1714 1376 ou
1730 1347 1814 1375 dame
1830 1355 1898 1373 avec
1913 1343 2041 1375 fortune,
2057 1343 2111 1375 âge
2127 1338 2216 1366 indif¬

1313 1391 1417 1419 férent.
1434 1404 1448 1408 -
1463 1387 1498 1417 N"
1516 1387 1595 1420 6152.

1350 1443 1438 1477 Veuf,
1457 1443 1488 1478 58
1504 1450 1568 1474 ans,
1590 1439 1649 1475 gai,
1666 1440 1749 1466 santé
1764 1437 1799 1464 de
1825 1435 1878 1468 fer,
1909 1432 1990 1461 avoir
2006 1440 2106 1466 70.000
2122 1428 2174 1457 frs.
2191 1434 2218 1455 et

1315 1479 1467 1513 intérieur,
1481 1475 1648 1512 épouserait
1662 1475 1756 1507 dame,
1773 1475 1826 1506 âge
1840 1476 1869 1498 et
1882 1468 2026 1497 situation
2048 1476 2084 1494 en
2098 1465 2167 1493 ville
2181 1474 2218 1491 ou

1317 1521 1331 1545 à
1349 1517 1375 1543 la
1391 1522 1561 1548 campagne.
1577 1527 1590 1531 -
1606 1511 1732 1544 N'6153.

1354 1570 1445 1602 Jeune
1461 1567 1579 1596 homme
1603 1575 1635 1600 33
1666 1573 1728 1596 ans,
1760 1560 1861 1589 mutilé
1890 1560 1924 1586 de
1953 1566 2066 1593 guerre,
2098 1554 2220 1590 pension

1319 1607 1389 1642 3860
1408 1604 1472 1637 frs.,
1491 1602 1660 1630 traitement
1674 1608 1757 1634 4.400
1771 1597 1824 1625 frs.
1851 1595 1974 1625 sérieux,
1993 1594 2051 1621 bon
2066 1594 2220 1623 caractère,

1320 1641 1491 1672 affectueux,
1508 1637 1602 1666 désire
1620 1635 1747 1669 mariage
1772 1642 1838 1661 avec
1866 1631 1949 1665 jeune
1980 1628 2036 1656 fille
2065 1638 2101 1655 ou
2131 1635 2221 1654 veuve

1321 1682 1372 1713 âge
1388 1686 1422 1704 en
1439 1680 1569 1709 rapport.
1589 1688 1600 1693 -
1615 1672 1652 1700 N'
1668 1673 1743 1706 6154.

1357 1732 1447 1764 Jeune
1462 1729 1580 1757 homme
1596 1727 1638 1755 ,26
1665 1734 1729 1757 ans,
1759 1721 1943 1753 cordonnier,
1973 1718 2063 1753 petite
2090 1716 2223 1751 pension,

1325 1778 1404 1795 1.100
1421 1765 1468 1799 fr.,
1485 1764 1580 1791 blessé
1595 1773 1631 1790 au
1647 1760 1712 1796 pied
1728 1759 1816 1790 droit,
1833 1757 1961 1789 robuste,
1980 1753 2126 1790 physique
2140 1754 2224 1786 agré¬

1323 1804 1396 1836 able,
1411 1800 1535 1836 qualités
1553 1798 1676 1826 morales
1692 1802 1720 1824 et
1735 1794 1910 1823 sentiments
1937 1792 2044 1819 élevés.
2062 1804 2075 1808 -
2090 1789 2125 1817 N’
2142 1789 2223 1821 6155.

1360 1857 1485 1885 Divorcé
1500 1857 1516 1881 à
1531 1863 1585 1882 son
1603 1850 1701 1886 profit,
1713 1860 1747 1884 37
1763 1858 1826 1881 ans,
1843 1857 1884 1875 un
1900 1845 2000 1874 enfant
2013 1854 2038 1871 11
2056 1853 2120 1876 ans,
2137 1851 2195 1869 non
2211 1844 2227 1868 à

1327 1904 1358 1922 sa
1375 1892 1491 1926 charge,
1509 1890 1623 1918 fortune
1649 1895 1748 1914 20.000
1763 1885 1827 1918 frs.,
1857 1882 1952 1911 désire
1981 1880 2084 1908 femme
2100 1879 2134 1906 de
2149 1887 2227 1905 com¬

1326 1938 1428 1962 merce,
1445 1935 1537 1954 veuve
1552 1935 1588 1952 ou
1603 1923 1746 1955 divorcée,
1777 1929 1845 1948 sans
1877 1923 1988 1951 entant,
2018 1915 2091 1950 petit
2106 1914 2197 1942 avoir.
2215 1928 2228 1931 -

1327 1965 1362 1994 N-
1380 1965 1455 1998 6156.

1364 2016 1538 2046 Demoiselle
1568 2014 1601 2041 28
1630 2022 1693 2045 ans,
1724 2010 1871 2044 employée
1896 2016 1947 2042 300
1975 2006 2038 2039 frs.,
2066 2013 2118 2038 par
2144 2003 2228 2034 mois,

1327 2055 1416 2091 petite
1431 2054 1492 2086 dot,
1509 2053 1689 2085 espérances.
1697 2055 1798 2082 30.000
1815 2046 1879 2077 frs,,
1896 2045 1987 2077 après,
1996 2046 2126 2075 parents,
2143 2043 2232 2073 épou¬

1329 2091 1417 2120 serait
1440 2087 1589 2116 monsieur
1609 2085 1643 2112 de
1659 2093 1692 2119 30
1710 2086 1725 2111 à
1741 2092 1776 2115 40
1797 2090 1859 2111 ans,
1883 2078 2014 2113 employé
2037 2086 2073 2104 ou
2090 2084 2231 2103 commer¬

1332 2133 1408 2161 çant.
1426 2140 1440 2144 -
1456 2123 1492 2153 N'
1508 2124 1590 2156 6157.

1365 2180 1456 2213 Jeune
1485 2177 1552 2208 fille,
1578 2176 1614 2203 28
1642 2183 1705 2206 ans,
1734 2170 1880 2207 physique
1908 2167 2052 2203 agréable,
2080 2165 2233 2193 excellente

1330 2215 1448 2247 famille,
1467 2212 1656 2243 musicienne,
1674 2208 1795 2243 peintre,
1823 2203 1987 2240 épouserait
2002 2201 2118 2236 officier,
2134 2206 2233 2228 avocat

1331 2262 1367 2280 ou
1384 2248 1552 2281 industriel,
1567 2263 1581 2266 -
1595 2246 1631 2275 N'
1648 2245 1730 2280 6158.

1368 2308 1767 2348 Propriétaire-agriculteur,
1781 2303 1957 2335 célibataire,
1981 2302 2055 2335 seul,
2072 2300 2138 2328 bien
2165 2309 2234 2327 sous

1333 2358 1399 2379 tous
1416 2354 1563 2384 rapports,
1578 2347 1665 2381 goûts
1682 2337 1812 2377 simples,
1842 2339 1924 2368 avoir
1939 2349 1971 2366 20
1986 2347 2038 2365 000
2060 2336 2124 2370 frs.,
2141 2335 2236 2363 désire

1335 2386 1464 2419 mariage
1480 2393 1547 2411 avec
1561 2382 1667 2409 femme
1690 2376 1871 2409 d’intérieur,
1896 2375 2008 2403 aimant
2022 2373 2050 2400 la
2065 2380 2233 2406 campagne,

1333 2423 1368 2450 de
1383 2431 1417 2458 40
1434 2425 1449 2448 à
1467 2429 1498 2456 50
1515 2428 1567 2447 ans
1584 2419 1675 2445 même
1691 2424 1758 2442 avec
1774 2423 1813 2441 un
1829 2411 1939 2440 enfant.
1957 2425 1970 2429 -
1984 2409 2020 2438 N'
2035 2410 2115 2444 6159.

1373 2476 1471 2502 Veuve
1486 2473 1556 2500 d’un
1572 2470 1725 2499 architecte
1741 2468 1775 2503 48
1790 2476 1852 2499 ans,
1883 2466 2026 2492 caractère
2057 2461 2148 2495 jeune,
2179 2463 2236 2488 très

1337 2512 1411 2547 gaie,
1429 2509 1557 2545 position
1572 2507 1648 2534 aisée
1669 2503 1804 2532 aimerait
1831 2503 1982 2529 connaître
2010 2506 2154 2533 personne
2167 2506 2237 2524 ana¬

1337 2549 1432 2583 logue.
1450 2543 1612 2573 Désirerait
1627 2541 1784 2569 au-dessus
1801 2539 1834 2566 de
1859 2542 1923 2565 tout
1939 2535 2071 2563 bonheur
2091 2532 2236 2566 conjugal.

1337 2583 1472 2612 Timbrer
1487 2581 1587 2608 lettres
1602 2581 1618 2606 à
1635 2586 1698 2612 0,50
1715 2587 1721 2609 ;
1738 2579 1883 2608 étranger.
1900 2587 1914 2591 -
1929 2572 1955 2599 N
1957 2578 1965 2584 -
1979 2571 2059 2599 6160.

1375 2643 1550 2674 Demoiselle
1567 2643 1599 2677 38
1614 2651 1678 2674 ans,
1700 2640 1766 2667 bien
1794 2647 1862 2665 sous
1892 2642 1957 2663 tous
1985 2639 2133 2668 rapports,
2149 2630 2240 2666 petite

1339 2681 1491 2712 situation,
1509 2677 1671 2707 économies
1689 2685 1721 2708 30
1737 2684 1789 2701 000
1814 2672 1879 2705 frs.,
1910 2669 2046 2699 s’unirait
2060 2672 2074 2695 à
2091 2668 2240 2695 monsieur

1340 2722 1399 2747 très
1416 2716 1541 2749 sérieux,
1555 2713 1727 2744 affectueux,
1744 2713 1795 2744 âge
1811 2718 1845 2736 en
1863 2712 1994 2742 rapport.
2011 2721 2018 2724 -
2035 2704 2061 2733 N
2065 2711 2071 2718 -
2087 2705 2169 2732 6161.

1376 2774 1527 2803 Monsieur
1556 2766 1856 2804 horloger-bijoutier,
1887 2764 1949 2792 seul
1977 2763 2060 2791 avoir
2080 2770 2178 2796 17.000
2192 2759 2240 2793 fr.,

1340 2811 1435 2840 désire
1451 2808 1579 2842 mariage
1595 2815 1662 2834 avec
1677 2802 1853 2834 demoiselle,
1871 2809 1961 2827 veuve
1972 2809 2009 2826 ou
2019 2799 2152 2825 divorcée
2163 2805 2197 2823 en
2210 2805 2241 2823 sa

1342 2848 1453 2879 faveur,
1470 2854 1505 2872 en
1517 2848 1637 2877 rapport
1651 2840 1734 2875 d’âge
1750 2845 1776 2866 et
1791 2838 1826 2865 de
1841 2835 1994 2864 situation.
2011 2849 2025 2853 -
2040 2833 2076 2862 N'.
2089 2833 2170 2866 6163.

1377 2906 1478 2932 Veuve
1493 2912 1526 2937 42
1542 2911 1604 2933 ans,
1623 2908 1691 2927 sans
1701 2896 1821 2928 famille,
1839 2894 1984 2929 physique
2000 2891 2143 2927 agréable,
2160 2893 2244 2918 santé

1343 2948 1371 2969 et
1400 2939 1554 2968 éducation
1584 2935 1731 2971 parfaites,
1762 2932 1856 2960 désire
1885 2938 2028 2963 personne
2057 2926 2242 2958 affectueuse,

1344 2977 1413 3005 irait
1428 2977 1462 3003 de
1478 2973 1639 3010 préférence
1664 2973 1679 2998 à
1691 2970 1719 2996 la
1741 2969 1912 3001 Campagne
1936 2975 1972 2992 ou
1995 2963 2132 2994 colonies,
2155 2961 2245 2989 écrire

1344 3022 1418 3048 pour
1434 3018 1500 3039 tous
1515 3007 1765 3042 renseignements
1781 3001 1968 3031 nécessaires.
1985 3014 2018 3019 —
2034 3000 2069 3028 N'
2086 3000 2167 3032 6164.

1382 3067 1568 3100 Célibataire,
1606 3075 1640 3101 44
1669 3073 1732 3097 ans,
1763 3060 1886 3093 sérieux,
1910 3064 2126 3093 entrepreneur,
2157 3062 2246 3090 ayant

1345 3115 1452 3142 40.000
1467 3104 1515 3138 fr.,
1532 3102 1626 3131 désire
1647 3099 1784 3132 mariage,
1809 3106 1875 3124 avec
1901 3104 1992 3122 veuve
2015 3103 2052 3120 ou
2074 3091 2241 3120 demoiselle

1345 3143 1381 3171 de
1396 3142 1430 3177 38
1444 3144 1460 3168 à
1474 3150 1510 3176 44
1522 3149 1586 3171 ans,
1597 3135 1747 3167 instruite,
1757 3132 1898 3161 situation
1910 3140 1945 3158 en
1954 3134 2084 3164 rapport.
2095 3143 2108 3147 -
2125 3128 2159 3156 N'
2171 3129 2244 3161 6165.

1382 3199 1470 3232 Veuf,
1488 3207 1519 3233 55
1542 3207 1605 3229 ans,
1636 3190 1846 3222 fonctionnaire
1875 3189 1909 3216 de
1939 3188 2038 3219 l’Etat,
2068 3185 2145 3214 droit
2175 3189 2189 3213 à
2219 3185 2245 3212 la

1328 3246 1332 3249 '
1347 3235 1477 3269 retraite,
1495 3243 1549 3261 une
1565 3226 1623 3259 fille
1646 3231 1680 3258 de
1706 3239 1739 3256 20
1768 3237 1830 3259 ans,
1862 3223 2036 3258 catholique,
2064 3221 2246 3256 pratiquant,

1347 3276 1406 3301 très
1423 3268 1583 3298 honorable
1599 3265 1719 3299 famille,
1736 3262 1876 3292 situation
1893 3263 2022 3291 assurée,
2045 3256 2245 3292 propriétaire,

1348 3317 1454 3344 30.000
1468 3307 1505 3333 fr.
1523 3309 1636 3339 argent,
1654 3304 1712 3329 très
1729 3299 1852 3331 sérieux,
1868 3296 1962 3324 désire
1978 3297 2127 3322 connaître
2136 3293 2248 3320 demoi¬

1348 3344 1417 3373 selle
1432 3353 1469 3370 ou
1480 3350 1572 3370 veuve
1586 3339 1621 3366 de
1636 3347 1669 3373 35
1685 3340 1701 3363 à
1715 3345 1749 3370 45
1776 3344 1840 3366 ans,
1870 3331 2047 3365 catholique,
2076 3329 2249 3363 pratiquant

1348 3381 1443 3408 bonne
1459 3379 1549 3408 santé,
1567 3374 1703 3405 sérieuse,
1721 3367 1835 3399 fortune
1851 3378 1885 3396 en
1901 3373 2032 3401 rapport.
2050 3381 2063 3385 -
2078 3365 2113 3393 N'
2131 3365 2210 3393 6166.

1387 3435 1525 3468 Retraité,
1542 3434 1642 3462 décoré
1659 3430 1768 3464 Légion
1784 3428 1956 3457 d’honneur,
1981 3434 2011 3459 57
2037 3433 2104 3458 ans,
2125 3432 2248 3450 revenus

1348 3475 1438 3502 6.000
1453 3472 1503 3504 fr.,
1519 3469 1592 3505 petit
1620 3466 1736 3501 capital,
1761 3461 1927 3499 épouserait
1949 3469 2092 3494 personne
2116 3458 2198 3493 d’âge
2223 3464 2251 3486 et

1349 3508 1492 3538 situation
1509 3516 1543 3534 en
1560 3508 1690 3538 rapport,
1707 3510 1775 3529 sans
1792 3499 1902 3528 enfant.
1919 3511 1953 3517 —
1968 3496 2004 3524 N'
2021 3496 2102 3529 6167.

1386 3574 1537 3603 Monsieur
1549 3569 1763 3604 seul,divorcéà
1783 3576 1835 3595 son
1847 3564 1945 3600 profit,
1962 3564 1996 3598 48
2011 3571 2074 3594 ans,
2091 3567 2188 3595 aspect
2207 3571 2250 3595 40,

1351 3610 1495 3640 situation
1516 3617 1598 3644 4.500
1623 3605 1671 3638 fr.;
1699 3600 1940 3631 administration
1968 3597 2126 3629 Marseille,
2157 3596 2252 3624 désire

1351 3646 1480 3680 mariage
1500 3641 1676 3674 demoiselle,
1698 3649 1788 3667 veuve
1803 3648 1839 3666 ou
1862 3636 2004 3667 divorcée,
2028 3643 2061 3667 32
2089 3636 2104 3659 à
2128 3634 2160 3666 38
2186 3642 2250 3665 ans,

1351 3684 1428 3715 bien,
1447 3680 1549 3712 mince,
1564 3677 1740 3711 distinguée,
1759 3673 1921 3709 préférence
1936 3669 2050 3701 blonde,
2063 3668 2206 3696 situation
2217 3678 2252 3694 en

1351 3723 1482 3753 rapport.
1500 3731 1533 3735 —
1550 3715 1585 3742 N'
1604 3715 1675 3748 6169

1389 3760 1563 3790 Demoiselle
1584 3768 1615 3792 27
1633 3766 1695 3790 ans,
1715 3755 1822 3783 famille
1847 3751 2016 3782 honorable,
2048 3747 2199 3783 propriéta
2216 3747 2256 3774 ire

1351 3799 1403 3827 dot
1417 3807 1499 3825 assez
1515 3796 1694 3829 importante
1708 3802 1744 3819 en
1760 3789 1919 3825 prévision,
1932 3786 2026 3815 désire
2043 3784 2173 3818 mariage
2185 3793 2254 3810 avec

1352 3835 1435 3867 jeune
1448 3833 1564 3860 homme
1580 3830 1613 3857 de
1630 3839 1662 3863 30
1679 3831 1693 3855 à
1710 3828 1743 3861 38
1756 3837 1818 3859 ans,
1836 3825 1972 3856 honnête,
1990 3826 2077 3856 ayant
2093 3819 2248 3847 situation.

1352 3870 1389 3899 N'
1405 3871 1489 3903 6170.

1389 3919 1479 3952 Jeune
1494 3916 1552 3943 fille
1569 3925 1600 3950 24
1617 3923 1680 3946 ans,
1696 3912 1817 3947 grande,
1829 3910 1933 3940 brune,
1946 3906 2022 3940 jolie,
2037 3907 2095 3932 très
2110 3903 2253 3931 instruite

1354 3954 1543 3984 musicienne,
1588 3953 1693 3978 femme
1735 3946 1915 3976 d’intérieur,
1960 3943 2068 3975 brevet,
2099 3939 2252 3974 diplômée,

1352 3989 1637 4025 comptable-teneur
1651 3985 1685 4012 de
1709 3983 1808 4015 livres,
1824 3980 1950 4014 dactylo,
1981 3976 2147 4012 épouserait
2176 3984 2253 4002 com¬

1355 4032 1483 4061 merçant
1500 4034 1535 4051 ou
1558 4020 1724 4053 industriel,
1749 4017 1837 4046 serait
1862 4017 1956 4044 bonne
1980 4011 2208 4041 collaboratrice.
2221 4025 2254 4029 —

1352 4063 1391 4092 N‘
1406 4063 1480 4096 6171.

1390 4111 1542 4144 Adjudant
1579 4104 1773 4137 d’infanterie,
1803 4103 1835 4130 28
1874 4110 1938 4134 ans,
1977 4101 2059 4126 santé
2089 4096 2252 4129 excellente,

1355 4156 1461 4182 30.000
1476 4145 1510 4173 fr.
1533 4142 1706 4174 économies,
1730 4136 1895 4174 épouserait
1917 4133 2083 4163 demoiselle
2105 4141 2141 4159 ou
2164 4141 2255 4159 veuve

1353 4174 1389 4210 de
1405 4192 1439 4209 20
1454 4185 1469 4208 à
1485 4181 1520 4208 28
1534 4188 1598 4211 ans,
1612 4177 1751 4208 sérieuse,
1765 4181 1793 4201 et
1807 4173 1894 4201 d’une
1910 4168 2043 4198 moralité
2072 4167 2204 4202 parfaite.
2220 4180 2255 4187 —

1355 4218 1390 4246 N'
1407 4220 1487 4250 6172.

1391 4265 1471 4294 Veuf
1481 4263 1596 4292 divorcé
1612 4264 1628 4289 à
1645 4270 1697 4288 son
1713 4260 1809 4294 profit,
1827 4266 1911 4285 cause
1933 4255 1967 4282 de
1989 4262 2102 4289 guerre,
2135 4254 2167 4286 36
2191 4262 2254 4286 ans,

1354 4301 1454 4334 blond,
1471 4299 1536 4327 bien
1554 4306 1621 4325 sous
1637 4302 1703 4324 tous
1718 4301 1864 4329 rapports,
1881 4290 1942 4319 seul
1954 4299 2021 4317 avec
2037 4298 2092 4316 une
2109 4288 2180 4315 belle
2196 4287 2256 4315 fille

1355 4340 1390 4367 de
1409 4348 1436 4364 11
1459 4345 1523 4368 ans,
1540 4334 1596 4362 bon
1608 4334 1760 4363 caractère,
1782 4331 1811 4358 ni
1827 4327 1952 4357 cafetier,
1981 4325 2010 4352 ni
2035 4325 2160 4356 fumeur,
2187 4332 2255 4356 pro¬

1356 4374 1459 4410 priété,
1470 4369 1577 4405 capital
1588 4377 1694 4403 32.000
1705 4367 1752 4393 fr.:
1766 4365 1890 4394 bénéfice
1900 4362 2005 4390 annuel
2015 4361 2049 4387 de
2060 4362 2076 4387 6
2086 4363 2101 4386 à
2113 4361 2195 4387 8.000
2207 4359 2255 4394 fr.,

1355 4407 1521 4444 épouserait
1536 4403 1713 4435 demoiselle,
1731 4411 1821 4429 veuve
1832 4411 1868 4427 ou
1880 4398 2020 4429 divorcée,
2034 4397 2068 4423 de
2080 4405 2112 4422 22
2122 4399 2135 4422 à
2149 4405 2180 4430 34
2192 4404 2254 4428 ans,

1356 4444 1503 4480 physique
1522 4439 1666 4476 agréable,
1693 4438 1750 4465 bon
1774 4446 1862 4469 cœur,
1888 4435 2024 4465 honnête,
2052 4441 2121 4459 sans
2145 4432 2254 4463 enfant,

1358 4484 1450 4510 même
1469 4486 1586 4513 pauvre.
1603 4491 1616 4495 -
1634 4475 1667 4502 N‘
1685 4475 1764 4508 6173.

1393 4531 1482 4563 Jeune
1492 4527 1608 4554 homme
1619 4534 1647 4559 31
1659 4532 1722 4555 ans,
1734 4521 1806 4549 belle
1815 4518 1966 4549 situation,
1977 4516 2082 4550 capital
2096 4524 2208 4544 100.000
2219 4515 2255 4543 fr.

1356 4566 1453 4595 désire
1469 4563 1561 4591 union
1576 4569 1643 4588 avec
1657 4556 1835 4590 demoiselle,
1847 4553 2027 4583 musicienne
2038 4552 2072 4579 de
2083 4550 2257 4585 préférence,

1358 4607 1448 4637 ayant
1465 4600 1518 4627 dot
1532 4607 1567 4625 en
1583 4599 1711 4630 rapport.
1731 4607 1762 4612 —
1775 4593 1799 4620 N
1804 4601 1809 4606 -
1826 4594 1906 4627 4767.

1394 4641 1598 4673 Sous-officier
1610 4638 1761 4670 coloniale,
1791 4639 1824 4665 26
1852 4645 1917 4668 ans,
1947 4633 2079 4662 médaille
2108 4631 2256 4666 militaire,

1357 4682 1435 4710 croix
1456 4680 1490 4707 de
1505 4687 1620 4714 guerre,
1639 4676 1724 4706 brun,
1741 4671 1906 4706 épouserait
1925 4668 2091 4699 demoiselle
2118 4668 2151 4695 de
2184 4668 2213 4696 18
2244 4673 2257 4695 à

1358 4728 1390 4752 25
1407 4726 1470 4750 ans,
1488 4719 1576 4750 ayant
1591 4710 1735 4739 situation
1753 4718 1759 4740 ;
1776 4717 1901 4743 envoyer
1917 4706 2016 4741 photo.
2041 4703 2074 4732 —
2088 4703 2126 4732 N'
2138 4706 2221 4739 6175.

1394 4757 1631 4795 Sergent-major
1646 4753 1801 4782 infanterie
1816 4751 1966 4783 coloniale,
1993 4759 2026 4784 34
2051 4758 2115 4781 ans,
2141 4748 2258 4776 retraité

1357 4798 1430 4826 dans
1451 4806 1480 4823 10
1498 4794 1582 4825 mois,
1599 4789 1761 4819 économies
1791 4798 1885 4825 15.000
1900 4787 1955 4819 fr.;
1985 4784 2150 4820 épouserait
2178 4785 2259 4817 jeune

1358 4833 1414 4861 fille
1430 4832 1558 4860 sérieuse
1573 4833 1662 4862 ayant
1677 4824 1819 4853 situation
1831 4835 1867 4852 en
1882 4829 2003 4858 rapport
2031 4835 2061 4840 —
2079 4821 2113 4848 N'
2131 4821 2212 4855 6176.

1395 4883 1573 4915 Célibataire
1592 4888 1628 4916 49
1642 4889 1705 4910 ans,
1723 4878 1788 4905 bien
1805 4876 2045 4913 physiquement,
2070 4874 2259 4908 agriculteur,

1358 4923 1482 4952 sérieux,
1493 4920 1576 4947 8.000
1587 4918 1623 4944 fr.
1634 4920 1747 4949 argent,
1760 4913 1854 4942 désire
1868 4912 1995 4945 mariage
2009 4920 2077 4939 avec
2092 4908 2259 4938 demoiselle

1356 4961 1410 4993 âge
1425 4954 1604 4985 indifférent,
1634 4949 1777 4978 situation
1805 4959 1840 4977 en
1870 4953 2001 4982 rapport.
2018 4946 2088 4974 —N'
2106 4948 2186 4979 6177.

1394 4999 1569 5030 Demoiselle
1584 4993 1745 5030 orpheline,
1765 5003 1793 5028 35
1822 5003 1885 5025 ans,
1912 4991 2080 5026 paraissant
2110 4990 2258 5021 beaucoup

1357 5039 1423 5073 plus
1441 5037 1535 5069 jeune,
1553 5033 1648 5060 bonne
1663 5029 1782 5062 famille,
1800 5026 2000 5057 honorabilité
2011 5025 2143 5061 parfaite,
2162 5026 2258 5057 possé¬

1355 5074 1427 5102 dant
1438 5069 1579 5099 intérieur
1590 5065 1771 5094 confortable
1783 5072 1809 5092 et
1822 5069 1928 5096 rentes,
1937 5061 2100 5096 épouserait
2110 5059 2259 5088 monsieur

1357 5114 1445 5144 ayant
1462 5105 1528 5141 jolie
1544 5101 1697 5134 situation,
1716 5101 1824 5128 France
1840 5109 1877 5126 ou
1893 5098 2031 5126 colonies.
2047 5097 2083 5125 N'
2100 5095 2183 5129 6178.

2284 374 2504 409 Célibataire48
2515 382 2577 404 ans,
2591 372 2680 407 petite
2690 370 2879 405 instruction,
2892 368 3016 399 sérieux,
3029 364 3150 394 travail¬

2249 413 2322 445 leur,
2337 413 2431 440 bonne
2448 412 2542 442 santé,
2558 408 2749 436 connaissant
2765 408 2789 435 le
2805 414 2974 438 commerce,
3006 406 3063 431 très
3093 402 3149 428 bon

2250 448 2439 483 agriculteur,
2457 445 2529 477 seul,
2547 451 2677 479 pouvant
2693 454 2723 471 se
2745 443 2888 478 déplacer,
2913 440 3072 477 possédant
3100 438 3150 465 des

2250 483 2421 514 économies,
2437 480 2604 516 épouserait
2617 479 2784 508 demoiselle
2800 489 2837 507 ou
2852 488 2943 507 veuve
2966 481 3055 512 ayant
3074 483 3152 502 com¬

2253 530 2345 548 merce
2361 529 2396 547 ou
2413 516 2569 553 propriété,
2587 525 2661 550 pour
2676 515 2845 543 collaborer.
2860 529 2892 534 —
2909 514 2934 542 N
2938 521 2944 527 -
2961 515 3036 548 6179.

2289 565 2378 598 Jeune
2392 564 2520 594 homme,
2533 571 2566 595 27
2582 570 2646 594 ans,
2661 563 2832 594 présentant
2843 560 2920 592 bien,
2934 558 3059 589 sérieux,
3074 553 3156 582 avoir

2256 610 2336 635 3.000
2353 600 2388 627 fr.
2419 605 2445 626 et
2466 600 2647 631 espérances,
2671 602 2876 630 commerçant,
2907 601 2976 623 sans
3002 590 3155 621 situation,

2255 636 2350 665 désire
2364 634 2492 668 mariage
2508 643 2575 660 avec
2590 632 2757 660 demoiselle
2774 641 2809 659 ou
2827 631 2910 665 jeune
2926 639 3017 658 veuve
3032 628 3067 656 de
3093 636 3123 661 25
3141 628 3157 653 à

2257 683 2290 707 30
2306 682 2369 705 ans,
2386 676 2475 706 ayant
2490 677 2648 697 commerce
2664 677 2699 695 ou
2717 668 2870 695 situation.
2889 682 2920 686 —
2935 666 2970 694 N’
2987 665 3067 693 6180.

2294 715 2374 744 Veuf
2403 725 2472 743 sans
2504 713 2629 743 enfants,
2665 721 2697 748 45
2734 722 2798 747 ans,
2841 711 3002 745 distingué,
3034 717 3157 737 revenus

2259 762 2360 788 30.000
2370 751 2402 779 fr.
2420 761 2473 786 par
2485 760 2533 783 an,
2550 748 2716 783 épouserait
2730 748 2898 776 demoiselle
2914 757 2955 775 ou
2967 755 3059 774 veuve
3088 753 3159 771 sans

2260 789 2369 822 enfant,
2387 797 2419 822 30
2432 790 2447 814 à
2459 796 2493 821 40
2509 796 2570 814 ans,
2590 784 2726 817 sérieuse,
2744 784 2800 812 bon
2816 787 2968 815 caractère,
2981 781 3158 815 distinguée,

2261 826 2400 857 éduquée,
2412 823 2517 851 femme
2525 820 2707 853 d’intérieur,
2720 820 2863 848 situation
2875 830 2914 848 un
2923 829 2976 851 peu
2987 820 3158 849 enrapport.

2264 876 2293 879 -
2312 860 2346 887 N-
2363 860 2442 888 6181.

2299 905 2387 938 Jeune
2401 903 2457 931 fille
2475 913 2506 938 27
2523 911 2586 935 ans,
2604 901 2708 929 blonde
2724 911 2779 929 aux
2795 911 2869 937 yeux
2886 901 2978 932 bleus,
3004 901 3060 926 très
3091 896 3162 925 belle

2265 941 2353 974 taille,
2390 940 2526 969 honnête,
2561 947 2632 966 sans
2658 937 2784 970 fortune,
2813 937 2910 964 désire
2939 935 3067 968 mariage
3095 942 3164 960 avec

2266 977 2414 1005 monsieur
2429 980 2518 1009 ayant
2535 974 2630 1001 bonne
2643 973 2797 1006 situation,
2814 973 2849 1000 de
2878 982 2912 1008 30
2928 975 2943 999 à
2969 981 3000 1006 35
3031 979 3092 998 ans.
3126 978 3162 996 ou

2266 1016 2359 1041 même
2371 1015 2435 1045 âge.
2452 1026 2483 1030 —
2498 1010 2534 1038 N‘
2551 1010 2626 1037 6182:

2303 1057 2452 1091 Adjudant
2468 1054 2637 1087 d’aviation,
2655 1064 2686 1088 32
2705 1063 2768 1086 ans,
2786 1052 2929 1081 situation
2945 1062 3027 1089 9.000
3056 1050 3092 1078 fr.
3112 1059 3165 1084 par

2268 1104 2313 1126 an,
2331 1092 2497 1127 épouserait
2512 1099 2656 1125 personn:
2671 1090 2705 1117 de
2722 1100 2754 1124 27
2770 1093 2784 1116 à
2802 1090 2835 1117 28
2851 1099 2914 1122 ans,
2932 1089 2998 1117 bien
3014 1096 3082 1116 sous
3102 1093 3167 1113 tous

2268 1131 2308 1158 les
2323 1133 2459 1164 rapports
2470 1134 2559 1163 ayant
2574 1126 2717 1153 situation
2728 1125 2984 1159 correspondante.
2993 1139 3023 1143 —
3041 1123 3167 1157 N'6183.

2272 1188 2795 1255 Renseignements

2271 1271 2397 1295 sonnes
2427 1267 2462 1293 et
2494 1263 2587 1292 leurs
2617 1260 2775 1292 familles.
2805 1279 2846 1285 —
2875 1263 3003 1299 Agents
3032 1262 3067 1289 et
3095 1258 3173 1288 fila¬

2271 1308 2365 1334 tures
2383 1304 2464 1332 dans
2481 1306 2557 1333 tous
2576 1310 2667 1340 pays.
2685 1319 2724 1324 —
2741 1302 2868 1333 Marins
2899 1303 3058 1335 Beaume,
3075 1299 3094 1329 5
3111 1300 3170 1334 bis,

2274 1352 2335 1375 rue
2351 1342 2579 1380 Henry-Ding,
2598 1344 2616 1372 à
2633 1342 2803 1373 Grenoble
2818 1341 2952 1382 (Isère).

2414 1464 2563 1521 Avis
2605 1479 2721 1520 aux
2755 1464 3032 1521 Abonnés

2316 1577 2413 1605 Nous
2441 1574 2646 1603 conseillons
2673 1580 2748 1602 aux
2773 1578 2966 1608 personnes
2979 1570 3136 1606 pouvant
3150 1570 3180 1598 le

2277 1617 2380 1651 faire,
2408 1617 2448 1644 de
2475 1615 2651 1644 souscrire
2668 1621 2715 1643 un
2738 1613 2973 1643 abonnement
2988 1609 3028 1641 dê
3042 1613 3064 1640 8
3080 1610 3179 1642 mois,

2277 1657 2311 1686 et
2325 1657 2366 1685 de
2377 1655 2585 1690 préférence
2609 1656 2622 1683 1
2641 1661 2700 1683 an.
2718 1655 2807 1683 Elles
2829 1654 2962 1683 auront
2983 1651 3182 1686 l'avantage

2279 1699 2318 1726 de
2334 1703 2377 1725 ne
2388 1702 2454 1730 pas
2466 1696 2595 1729 perdre
2616 1695 2656 1724 de
2677 1701 2743 1723 vue
2767 1701 2816 1723 un
2835 1695 2909 1723 seul
2925 1692 3061 1722 abonné
3087 1691 3119 1719 et
3142 1691 3182 1719 de

2280 1737 2427 1766 réaliser
2442 1741 2511 1765 une
2526 1736 2702 1764 économie
2718 1736 2757 1763 de
2773 1736 2819 1764 20
2833 1729 2882 1769 %.

2322 1831 2424 1860 AVIS.
2458 1846 2493 1850 —
2522 1830 2585 1859 Les
2615 1828 2771 1858 Abonnés
2799 1828 2839 1857 de
2868 1827 2900 1856 la
2919 1827 3057 1856 REVUE
3074 1825 3185 1855 MEN¬

2284 1872 2450 1903 SUELLE,
2478 1869 2629 1899 désirant
2658 1868 2816 1898 recevoir
2840 1867 2870 1895 la
2898 1878 2915 1894 «
2931 1868 3047 1897 Revue
3064 1877 3079 1892 »
3103 1872 3183 1895 sous

2284 1910 2492 1949 enveloppes
2521 1909 2669 1939 fermées
2698 1910 2777 1938 sont
2809 1907 2902 1945 priés
2931 1906 3124 1935 d’adresser
3153 1905 3182 1934 la

2286 1959 2415 1982 somme
2432 1951 2473 1980 de
2488 1951 2507 1980 2
2522 1949 2562 1978 fr.
2579 1957 2621 1978 en
2637 1949 2714 1986 plus
2731 1955 2818 1986 pour
2842 1948 2893 1977 les
2924 1946 3006 1976 frais
3038 1947 3078 1975 de
3105 1946 3185 1975 tim¬

2285 1993 2365 2022 bres
2382 1999 2389 2026 ;
2421 1991 2471 2020 les
2497 1989 2649 2020 abonnés
2678 1991 2754 2019 sont
2783 1988 2980 2026 également
3008 1987 3099 2024 priés
3144 1985 3186 2014 de

2287 2032 2430 2062 timbrer
2459 2031 2551 2060 leurs
2582 2029 2702 2059 lettres
2732 2030 2751 2058 à
2778 2028 2817 2057 25
2833 2030 2922 2058 cent,
2950 2033 3036 2065 pour
3052 2033 3185 2056 corres¬

2288 2073 2418 2111 pondre
2428 2074 2527 2101 entre
2543 2069 2705 2100 abonnés.

2327 2175 2453 2202 Jeunes
2471 2178 2566 2207 gens,
2586 2171 2714 2205 jeunes
2739 2169 2826 2204 filles
2853 2169 2886 2197 et
2914 2174 3000 2197 vous
3028 2169 3104 2196 tous
3131 2167 3192 2202 qui

2289 2214 2419 2244 désirez
2458 2218 2543 2241 vous
2580 2211 2728 2243 marier,
2769 2209 2962 2238 demandez
3000 2209 3029 2236 le
3059 2208 3192 2236 GUIDE

2291 2253 2515 2285 PRATIQUE
2548 2252 2613 2281 DU
2644 2250 2857 2280 BONHEUR
2890 2249 2955 2278 EN
2989 2239 3190 2278 MÉNAGE,

2291 2293 2481 2324 contenant
2494 2293 2551 2322 des
2565 2292 2710 2321 conseils
2723 2289 2792 2319 Irès
2805 2289 2907 2318 utiles
2914 2294 3009 2323 pour
3018 2288 3047 2316 le
3057 2289 3192 2316 maria¬

2291 2341 2342 2370 ge,
2360 2336 2388 2363 le
2403 2334 2540 2363 volume
2551 2338 2623 2366 par
2637 2332 2665 2360 J.
2686 2322 2917 2360 PÉLISSIER
2938 2327 3098 2362 pouvant
3119 2325 3193 2356 être

2292 2377 2327 2404 lu
2339 2381 2410 2409 par
2424 2374 2499 2403 tout
2513 2373 2543 2401 le
2555 2372 2690 2402 monde.

2331 2415 2500 2444 Adressez
2516 2414 2550 2441 la
2563 2418 2696 2441 somme
2709 2411 2748 2439 de
2759 2412 2780 2439 3
2791 2409 2840 2444 fr.
2858 2411 2904 2439 50
2919 2407 2941 2438 à
2955 2409 2990 2437 la
3004 2407 3194 2437 Directrice

2292 2457 2331 2484 de
2347 2456 2380 2484 la
2396 2454 2545 2483 REVUE
2559 2451 2840 2482 MENSUELLE,
2858 2450 2917 2484 qui
2937 2455 3022 2478 vous
3050 2446 3195 2477 l’adres¬

2291 2502 2372 2525 sera
2386 2495 2515 2528 franco
2529 2494 2569 2521 de
2579 2492 2673 2526 port.

2334 2593 2398 2620 Les
2426 2594 2604 2619 annonces
2631 2587 2719 2616 dans
2748 2586 2782 2614 la
2797 2586 2814 2614 «
2830 2585 2945 2614 Revue
2961 2590 2978 2611 »
3005 2583 3084 2612 sont
3115 2584 3154 2611 de
3175 2583 3197 2611 4

2296 2631 2406 2666 lignes
2421 2636 2469 2659 au
2483 2628 2684 2658 maximun.
2698 2626 2761 2655 Les
2764 2630 2958 2660 personnes
2973 2623 3033 2658 qui
3046 2623 3199 2652 désirent

2296 2673 2374 2701 leur
2399 2675 2560 2699 annonce
2582 2669 2660 2701 plus
2676 2668 2801 2701 longue
2814 2665 2980 2699 paieront
2993 2669 3043 2692 un
3058 2663 3198 2697 supplé¬

2297 2711 2392 2741 ment
2404 2712 2444 2739 de
2460 2711 2480 2738 3
2496 2708 2544 2743 fr.
2563 2710 2597 2738 la
2613 2709 2714 2742 ligne.

2337 2806 2387 2834 La
2402 2806 2419 2833 «
2431 2805 2545 2833 Revue
2560 2801 2744 2831 Mensuelle
2753 2806 2769 2827 »
2786 2798 2923 2832 accepte
2939 2798 3048 2826 toutes
3065 2803 3198 2825 annon¬

2299 2851 2352 2875 ces
2379 2843 2641 2874 commerciales
2667 2847 2712 2869 ou
2727 2839 2858 2872 autres,
2875 2838 2941 2867 soit
2951 2838 3079 2869 ventes,
3098 2837 3200 2870 fonds

2298 2886 2338 2914 de
2350 2889 2544 2914 commerce
2558 2888 2604 2911 ou
2617 2880 2799 2910 industrie.

2326 3005 2737 3065 ANNONCES
2793 2999 3175 3058 DIVERSES

2304 3141 2327 3196 A
2363 3138 2515 3196 LOUER

2309 3498 2332 3554 A
2372 3496 2565 3553 VENDRE

2562 3129 2693 3160 maison
2715 3125 2933 3156 d’habitation
2965 3125 2982 3154 à
3011 3124 3042 3154 la
3072 3129 3203 3160 campa¬

2562 3178 2641 3208 gne,
2659 3169 2699 3198 de
2711 3169 2730 3197 6
2745 3168 2764 3197 à
2780 3167 2798 3195 8
2815 3165 2930 3203 pièces
2957 3163 3107 3201 garnies,
3135 3164 3204 3199 jar¬

2302 3214 2369 3250 din,
2384 3212 2544 3243 banlieue
2559 3209 2659 3240 d’une
2679 3207 2784 3246 petite
2805 3206 2898 3241 ville,
2910 3212 2993 3243 pays
3018 3204 3058 3234 de
3083 3203 3205 3233 chasse

2304 3257 2337 3285 et
2354 3255 2393 3284 de
2408 3252 2529 3292 pêche.
2548 3267 2566 3273 -
2582 3252 2622 3280 N"
2642 3249 2690 3279 10.

2309 3319 2327 3361 A
2367 3320 2371 3360 I
2396 3318 2435 3359 01
2450 3317 2488 3359 IP
2499 3317 2521 3358 R
2569 3307 2809 3346 appartement
2843 3304 2862 3333 4
2894 3302 3010 3341 pièces
3053 3300 3205 3338 garnies,

2307 3342 2329 3374 M
2366 3340 2522 3379 LUUtn
2566 3349 2586 3379 2
2603 3346 2795 3380 chambres,
2814 3344 2898 3374 salle
2914 3346 2932 3372 à
2949 3349 3103 3380 manger,
3131 3340 3207 3370 cui¬

2305 3393 2390 3428 sine,
2409 3390 2587 3425 vestibule,
2596 3385 2843 3420 water-closet,
2854 3382 2990 3414 cabinet
3006 3383 3046 3412 de
3061 3380 3204 3412 toilette.

2305 3450 2321 3456 -
2338 3435 2378 3463 N-
2398 3433 2445 3462 11.

2611 3484 2739 3525 grande
2773 3481 2950 3522 propriété
2984 3480 3208 3518 comprenant

2611 3526 2762 3556 maisons
2776 3524 2818 3553 de
2826 3522 2950 3552 maître
2960 3523 2995 3551 et
3004 3521 3045 3550 de
3054 3519 3205 3549 fermier.

2307 3572 2386 3602 Prix
2402 3573 2420 3601 à
2437 3570 2604 3601 débattre.
2621 3583 2639 3589 -
2654 3567 2682 3595 N
2688 3574 2694 3580 -
2714 3565 2761 3594 12.

2310 3637 2334 3692 A
2374 3637 2395 3676 \/
2406 3637 2463 3675 PM
2477 3635 2532 3674 HR
2544 3633 2566 3673 P
2611 3634 2631 3664 P
2636 3627 2669 3655 et
2672 3632 2681 3653 *
2684 3626 2718 3653 te
2747 3622 2857 3652 Isrme
2887 3619 3113 3657 comprenant
3144 3620 3211 3647 ter-

2377 3657 2393 3692 V
2406 3657 2429 3692 t.
2440 3656 2465 3692 IM
2477 3655 2533 3691 UH
2544 3662 2567 3689 L
2613 3664 2706 3695 rains
2723 3666 2757 3692 et
2773 3662 2906 3692 maison
2931 3656 3152 3688 d’habitation
3169 3657 3210 3686 de

2308 3710 2459 3741 fermier.
2479 3707 2558 3739 Prix
2576 3715 2582 3736 :
2601 3704 2713 3735 20.000
2727 3703 2767 3732 fr.
2785 3717 2804 3723 -
2819 3701 2848 3731 N
2854 3709 2860 3715 -
2880 3700 2928 3729 13.

2314 3776 2332 3815 A
2377 3772 2569 3814 \/PMnRP
2617 3762 2747 3793 maison
2757 3757 2977 3789 d’habitation
2986 3756 3068 3786 dans
3076 3755 3211 3793 village,

2311 3797 2334 3832 A
2381 3802 2395 3820 »
2410 3804 2432 3830 L
2444 3795 2467 3829 IM
2480 3795 2503 3829 U
2513 3794 2537 3829 H
2547 3801 2569 3828 L
2617 3811 2699 3834 avec
2714 3802 2734 3831 4
2746 3802 2765 3830 à
2779 3800 2799 3829 5
2814 3799 2975 3829 hectares
2991 3797 3033 3826 de
3048 3797 3208 3825 terrains.

2309 3850 2389 3879 Prix
2405 3851 2422 3878 à
2439 3847 2604 3877 débattre.
2621 3860 2640 3866 -
2656 3844 2684 3872 N
2691 3852 2695 3857 1
2715 3842 2763 3870 14.

2312 3913 2507 3972 GRANDS
2536 3909 2645 3966 VINS
2680 3902 2943 3964 MOUSSEUX
2990 3902 3212 3932 marques

2309 3995 2392 4018 avec
2416 3987 2466 4016 les
2492 3985 2567 4024 plus
2597 3981 2723 4020 grands

2310 4028 2477 4058 modérés.
2496 4042 2514 4047 -
2529 4025 2557 4054 N
2563 4033 2569 4039 -
2589 4024 2637 4053 15.

2989 3933 3213 3963 rivalisant

2754 3978 2999 4015 champagnes.
3030 3974 3110 4004 Prix
3140 3974 3211 4003 très

2616 4078 2764 4110 terrains
2786 4083 2873 4113 pour
2902 4073 2932 4103 la
2963 4071 3209 4103 construction.

2615 4114 2915 4154 Paris-Plage,site
2930 4113 3114 4143 ravissant.
3129 4112 3213 4142 N16

2618 4176 2834 4209 lotissement
2849 4173 2891 4202 de
2906 4170 3054 4200 terrains
3079 4172 3098 4200 à
3111 4171 3214 4200 Arca-

2619 4218 2717 4249 chon.
2736 4232 2772 4237 —
2789 4212 2984 4243 S’adresser
3000 4211 3019 4240 à
3040 4212 3128 4240 Mme
3146 4211 3212 4240 Vve

2612 4315 2702 4346 belle
2733 4311 2886 4341 carrière
2922 4309 2963 4338 de
2998 4308 3132 4347 pierres
3171 4308 3212 4337 de

2613 4355 2705 4385 taille
2723 4353 2763 4382 de
2773 4351 2861 4381 belle
2872 4349 3008 4387 qualité.
3018 4348 3213 4378 S’adresser

2576 4401 2689 4428 Revue
2724 4392 2917 4426 Mensuelle,
2948 4390 2966 4419 à
2997 4389 3214 4419 Montélimar

2313 4094 2335 4147 A
2376 4090 2569 4147 VENDRE

2312 4192 2335 4246 A
2379 4188 2573 4246 VENDRE

2310 4264 2512 4295 GHABAUD.

2315 4330 2336 4384 A
2378 4326 2570 4384 VENDRE

2312 4405 2330 4433 à
2360 4401 2547 4432 Directrice

2311 4442 2473 4483 (Drôme).

2315 4508 2420 4543 \/n|||
2446 4506 2468 4530 r
2477 4506 2500 4540 7
2508 4501 2650 4539 .\/ni|Q
2696 4495 2838 4521 trouver
2865 4496 2912 4517 un
2940 4488 3117 4525 logement
3142 4488 3162 4516 à
3184 4487 3215 4515 la

2319 4524 2652 4565 VUULllVUUo
2697 4535 2885 4566 campagne
2927 4535 2972 4557 ou
3014 4534 3056 4557 en
3095 4525 3216 4556 ville?

2313 4583 2584 4613 Adressez-vous
2606 4575 2625 4603 à
2652 4572 2738 4600 Mme
2768 4571 2836 4599 Vve
2859 4568 3065 4602 GHABAUD,
3095 4566 3213 4596 Direc¬

2313 4622 2398 4653 trice
2428 4621 2469 4649 de
2496 4618 2527 4647 la
2556 4616 2572 4645 «
2598 4616 2711 4644 Revue
2725 4610 2909 4640 Mensuelle
2933 4618 2950 4634 »
2993 4606 3050 4645 qui
3088 4614 3216 4645 pourra

2314 4662 2492 4698 s’occuper
2508 4654 2713 4692 moyennant
2730 4649 2946 4683 rétribution,
2965 4647 3006 4677 de
3022 4654 3105 4677 vous
3116 4649 3216 4676 trou¬

2313 4711 2374 4733 ver
2387 4709 2433 4731 un
2450 4696 2634 4735 logement.

3078 4720 3108 4748 *

2315 4774 2400 4842 U
2437 4757 2841 4808 mDcrTDiri?
2890 4757 2931 4787 de
2960 4756 2992 4785 la
3027 4757 3179 4786 iiReoue
3199 4751 3216 4763 "

2438 4792 2637 4837 IJlnCiU
2655 4789 2670 4833 1
2689 4786 2843 4831 rvILiH
2891 4797 2992 4834 ayant
3034 4794 3111 4825 loué
3149 4798 3217 4823 une

2315 4848 2392 4877 villa
2410 4849 2427 4876 à
2443 4847 2475 4875 la
2498 4848 2685 4880 campagne
2699 4847 2782 4869 avec
2797 4838 2907 4876 grand
2919 4835 3046 4874 jardin,
3064 4836 3129 4864 site
3145 4833 3216 4862 très

2314 4886 2489 4925 agréable,
2517 4889 2602 4922 pays
2631 4881 2673 4910 de
2699 4879 2822 4909 chasse
2847 4880 2882 4908 et
2911 4879 2951 4906 de
2978 4875 3096 4913 pêche.
3109 4874 3217 4902 Sous-

2314 4927 2460 4958 louerait
2478 4922 2719 4962 appartement
2732 4918 2830 4957 garni
2850 4926 2856 4954 ;
2874 4913 3082 4947 détaillerait
3101 4913 3217 4951 pièces

2355 5022 2399 5049 La
2414 5015 2773 5047 Directrice-Gérante
2789 5020 2797 5041 :
2834 5012 2950 5042 Veuve
2973 5008 3177 5040 GHABAUD.

2514 5087 2586 5120 Imp.
2609 5084 2738 5113 BAFFE
