3536 5552
350 522 1254 739 REVUE

635 783 825 839 Liste
856 781 1302 838 d’Annonces
1332 774 1906 833 Matrimoniales
1937 778 2001 830 et
2031 773 2478 829 d’Annonces
2509 772 2835 829 Diverses

370 880 503 919 (Fonds
542 878 587 908 de
624 885 850 915 commerce,
896 876 1090 913 industrie,
1128 876 1235 905 vente
1278 872 1547 910 d’immeubles,
1593 870 1760 908 location,
1798 868 1992 908 échange).
2102 866 2136 895 —
2244 865 2486 897 Paraissant
2524 864 2560 896 le
2598 866 2615 896 i
2622 870 2656 888 er
2690 864 2735 895 de
2778 866 2934 906 chaque
2969 862 3083 895 mois.

383 947 696 986 LAbonnement
710 947 748 983 et
766 945 814 983 de
834 943 945 989 MIE
967 942 1078 993 FRANCS
1093 955 1199 993 pour
1215 941 1243 981 3
1261 942 1376 989 mois,
1399 938 1554 997 QUARANTE
1574 936 1684 988 FRANCS
1701 949 1806 988 pour
1823 937 1849 976 4
1868 937 1969 975 mois
1990 938 2029 974 et
2046 935 2207 993 CINQUANTE
2226 934 2337 985 FRANCS
2352 948 2458 985 pour
2475 936 2502 974 6
2521 937 2622 974 mois
2642 935 2828 973 donnant
2845 936 2951 974 droit
2970 938 2995 974 à
3015 945 3092 972 une

331 1016 564 1064 inscription
581 1013 758 1062 gratuite
777 1023 848 1050 sur
866 1022 931 1049 ma
951 1011 1052 1048 liste.
1078 1010 1117 1047 —
1137 1010 1207 1048 Les
1222 1018 1424 1047 annonces
1437 1008 1532 1045 sont
1551 1006 1599 1044 de
1617 1007 1756 1055 quatre
1776 1005 1904 1054 lignes
1924 1005 2154 1042 maximum.
2178 1003 2215 1047 —
2243 1003 2284 1047 Le:
2300 1001 2377 1059 lignes
2392 1002 2603 1059 supplémentaires
2619 1003 2670 1047 sont
2686 1004 2770 1058 payées
2787 1004 2800 1046 i
2816 1002 2894 1047 raison
2910 1002 2936 1047 Le
2953 1001 2965 1047 3
2982 1001 3012 1048 fr.
3028 1000 3052 1046 la
3068 1000 3146 1059 ligna.

799 1077 895 1108 Pour
926 1075 1157 1115 l’Etranger:
1186 1073 1208 1105 3
1241 1073 1345 1111 mois,
1376 1071 1429 1103 35
1459 1072 1602 1102 francs.
1725 1069 1749 1100 4
1774 1071 1878 1108 mois,
1895 1068 1947 1100 45
1978 1068 2120 1099 francs.
2163 1087 2202 1090 —
2246 1068 2268 1099 6
2296 1068 2401 1105 mois,
2443 1067 2494 1098 55
2523 1068 2666 1099 francs.

492 1133 830 1185 Adres6#tMres
846 1144 1077 1184 et-Mandats
1098 1145 1119 1182 à
1139 1143 1246 1181 Mme
1273 1141 1403 1180 Veuve
1422 1138 1691 1185 CHABAUD,
1715 1138 1915 1177 Directrice
1943 1137 1990 1175 de
2019 1136 2052 1177 la
2081 1137 2219 1177 Revue
2247 1136 2478 1180 Mensuelle,
2513 1137 2572 1180 18,
2607 1137 2685 1176 Rue
2713 1135 2984 1183 Sainte-Croix,

404 1235 416 1241 -
434 1233 437 1236 •
479 1234 503 1246 •.
1086 1208 1094 1250 .
1482 1205 1725 1249 Montélimar
1757 1204 1928 1255 (Drôme)

367 1322 458 1350 Notre
472 1331 569 1349 œuvre
584 1318 688 1354 a'poù>
704 1319 751 1346 but
768 1320 800 1345 de
816 1319 898 1345 venir
911 1327 944 1343 en
960 1318 1025 1343 aide
1035 1327 1094 1343 aux
1099 1317 1233 1349 familles

332 1368 382 1393 qui
397 1359 430 1384 dé
447 1358 524 1384 irent
538 1356 646 1383 marier
662 1356 740 1382 leurs
756 1357 880 1388 enfants,
898 1362 958 1379 aux
975 1362 1080 1380 veuves
1096 1353 1146 1387 qui
1163 1362 1232 1378 vou¬

331 1394 445 1420 draient
460 1403 489 1420 se
503 1392 653 1423 remarier,
671 1400 730 1417 aux
758 1391 909 1425 orphelins
939 1393 964 1415 et
993 1398 1053 1414 aux
1080 1388 1233 1415 messieurs

332 1430 383 1465 qui
397 1433 496 1456 révent
510 1430 544 1456 de
558 1438 588 1454 se
595 1428 702 1461 fonder
718 1436 756 1453 un
763 1428 863 1461 fiyer,
877 1435 933 1452 une
939 1425 1071 1458 famille.

368 1474 459 1501 Notre
474 1482 571 1500 œuvre
586 1482 650 1498 sera
670 1474 834 1505 approuvée
853 1474 907 1505 par
923 1473 988 1496 tous
1018 1478 1067 1495 nos
1096 1468 1230 1495 abonnés,

335 1509 482 1544 lorsqu'ils
497 1512 621 1535 sauront
632 1507 719 1542 qu'ils
735 1510 860 1541 peuvent
875 1510 991 1532 trouver
1017 1507 1107 1540 grâce
1123 1507 1139 1530 à
1155 1509 1235 1531 notre

334 1555 485 1578 concours,
501 1546 529 1571 le
545 1553 644 1578 moyen
659 1544 692 1569 de
706 1552 737 1569 se
743 1543 849 1569 marier
861 1542 940 1569 selon
952 1541 1030 1567 leurs
1044 1543 1142 1576 goûts,
1157 1541 1236 1566 leurs

336 1591 404 1608 vues
421 1585 446 1607 et
460 1581 540 1608 selon
557 1580 620 1606 leur
635 1579 791 1605 condition.

371 1625 452 1653 Nous
468 1625 568 1659 prions
584 1624 626 1650 les
642 1623 741 1649 Dames
757 1627 783 1649 et
799 1623 839 1648 les
855 1621 1011 1649 Messieurs
1037 1621 1069 1647 de
1092 1630 1162 1647 nous
1187 1630 1236 1646 en¬

337 1671 424 1696 voyer
440 1662 467 1687 le
482 1662 548 1695 plus
563 1659 714 1685 d’abonnés
730 1658 867 1692 possible,
884 1656 944 1692 afin
959 1666 1012 1691 que
1032 1660 1111 1683 notre
1139 1664 1237 1682 œuvre

336 1697 535 1732 s’agrandisse
550 1699 575 1721 et
591 1695 686 1729 puisse
696 1697 751 1728 par
765 1703 797 1720 ce
811 1702 911 1728 moyen
920 1692 1058 1724 faciliter
1073 1691 1189 1718 nombre
1204 1692 1237 1717 de

337 1733 484 1767 mariages
500 1737 525 1759 et
534 1731 618 1764 faire
634 1731 660 1756 le
675 1731 741 1764 plus
765 1729 923 1755 d'heureux
938 1727 1074 1762 possible,
1092 1736 1142 1754 car
1170 1726 1236 1753 c'est

337 1778 392 1794 une
405 1768 494 1795 bonne
511 1767 608 1794 action
623 1775 676 1800 que
688 1775 758 1792 vous
767 1767 855 1800 ferez,
883 1773 917 1790 en
944 1767 1126 1798 propageant
1158 1767 1237 1789 notre

336 1814 441 1836 œuvre,
459 1813 528 1830 vous
536 1811 607 1828 nous
627 1802 741 1835 aiderez^
759 1801 838 1827 ainsi
853 1803 869 1826 à
884 1799 1049 1826 contribuer
1061 1808 1098 1825 au
1110 1798 1237 1825 bonheur

336 1840 383 1866 des
390 1840 527 1872 familles
542 1837 592 1872 qui
602 1837 727 1863 désirent
738 1841 854 1863 trouver
864 1845 903 1862 un
914 1838 1009 1869 époux
1019 1844 1054 1861 ou
1065 1844 1121 1860 une
1131 1838 1238 1868 épouse

336 1879 411 1909 pour
430 1876 509 1901 leurs
524 1876 648 1907 enfants,
666 1882 726 1899 aux
741 1881 846 1898 veuves
865 1880 905 1897 un
920 1870 1047 1902 soutien,
1077 1873 1093 1896 à
1113 1869 1233 1904 l'orphe¬

338 1911 382 1937 lin
397 1920 436 1937 un
443 1913 533 1945 foyer
548 1913 574 1935 et
589 1919 626 1934 au
641 1909 814 1934 relèvement
828 1908 860 1933 de
876 1907 906 1933 la
923 1906 1031 1932 France
1058 1905 1109 1939 qui
1136 1906 1236 1938 donne,

338 1950 391 1981 par
408 1947 448 1973 les
463 1945 608 1980 mariages
617 1944 748 1977 féconds,
765 1943 812 1969 des
827 1942 936 1969 soldats
951 1944 968 1968 à
985 1942 1012 1968 la
1029 1941 1132 1967 Patrie
1148 1945 1172 1967 et
1188 1940 1239 1975 qui

336 1985 398 2012 font
413 1982 460 2008 des
475 1984 590 2012 femmes
606 1980 639 2006 de
654 1980 758 2006 bonnes
769 1981 859 2005 mères
875 1978 907 2004 de
915 1977 1046 2010 famille.

374 2026 449 2054 C'est
465 2027 536 2052 dans
551 2034 582 2051 ce
597 2024 645 2050 but
661 2033 713 2059 que
729 2032 800 2049 nous
819 2031 908 2050 avons
917 2021 1010 2054 fondé
1027 2022 1055 2047 la
1071 2021 1085 2048 «
1102 2019 1239 2048 REVUE

338 2060 581 2089 MENSUELLE
598 2067 622 2086 ».

374 2106 458 2134 Nous
475 2116 508 2132 ne
523 2109 622 2132 tenons
638 2107 689 2138 pas
705 2113 760 2130 une
773 2112 883 2139 agence
895 2101 1110 2128 matrimoniale
1129 2105 1155 2127 et
1169 2109 1238 2127 nous

339 2152 373 2168 ne
387 2146 510 2176 prenons
524 2150 635 2168 aucune
649 2139 832 2166 commission
845 2147 895 2165 sur
912 2138 941 2163 la
959 2137 1014 2164 dot.
1051 2136 1136 2163 Voici
1163 2146 1240 2163 com¬

339 2183 413 2204 ment
429 2187 500 2204 nous
514 2176 668 2212 procédons
683 2186 688 2202 :

380 2222 456 2248 Vous
473 2230 543 2248 nous
563 2220 730 2254 indiquerez
743 2218 857 2244 d'abord
872 2221 951 2244 votre
966 2219 1034 2252 âge,
1051 2220 1130 2243 votre
1145 2216 1239 2242 situa-

341 2258 439 2284 tionde
443 2259 575 2290 fortune,
585 2260 664 2282 votre
674 2255 847 2289 profession,
860 2257 939 2280 votre
944 2252 1003 2285 dot,
1012 2262 1060 2279 vos
1072 2255 1240 2286 espérances

340 2298 366 2320 et
380 2303 412 2319 ce
426 2303 479 2328 que
494 2301 564 2319 vous
592 2291 716 2326 désirez^,
747 2294 772 2316 et
802 2299 871 2316 noue
899 2298 969 2315 vous
998 2288 1163 2314 inscrivons
1191 2297 1241 2313 sur

340 2333 420 2356 notre
436 2329 512 2362 liste,
529 2331 603 2361 pour
615 2327 686 2353 trois
701 2326 783 2358 itiois,
795 2328 849 2360 par
862 2334 917 2351 une
932 2333 1059 2350 annonce
1074 2333 1127 2358 que
1134 2324 1168 2359 je
1176 2323 1241 2356 fais

340 2365 501 2391 moi-même
515 2367 540 2390 et
556 2372 626 2388 nous
642 2371 712 2389 vous
725 2361 851 2388 donnons
867 2370 906 2386 un
919 2363 1033 2386 numéro
1036 2360 1153 2391 faisant
1166 2360 1241 2386 suite

340 2403 357 2426 à
372 2404 443 2427 cette
456 2408 593 2426 annonce,
603 2397 688 2425 .C'est
700 2403 754 2430 par
768 2398 795 2424 le
809 2405 910 2431 moyen
925 2395 957 2421 de
985 2405 1016 2421 ce
1045 2398 1160 2422 numéro
1188 2403 1242 2429 que

341 2445 411 2462 vous
427 2439 538 2470 pouvez
553 2433 759 2467 correspondre
773 2441 842 2459 avec
856 2436 918 2458 tous
930 2431 970 2457 les
987 2431 1110 2457 abonnés
1120 2431 1153 2456 de
1166 2435 1242 2457 notre

340 2472 417 2498 liste.

376 2515 504 2550 Lorsque
521 2523 590 2542 vous
606 2513 716 2539 désirez
731 2511 934 2546 correspondre
949 2520 1019 2537 avec
1029 2520 1068 2536 un
1084 2510 1192 2536 abonné
1215 2513 1241 2536 et

339 2561 393 2586 que
409 2561 478 2578 vous
494 2559 568 2585 ave%
583 2549 681 2575 choisi
695 2549 766 2574 dans
792 2549 820 2574 la
841 2547 966 2574 Revue
991 2546 1188 2573 Mensuelle
1217 2546 1242 2572 le

340 2587 421 2621 parti
434 2586 486 2621 qui
494 2595 564 2613 vous
572 2584 753 2619 plaîtleplus
766 2583 845 2610 voici
858 2586 996 2610 comment
1011 2591 1084 2609 vous
1090 2582 1227 2616 procédez
1234 2592 1242 2607 :

679 2645 870 2672 EXEMPLE
887 2656 894 2671 :

386 2700 498 2730 Jeune
516 2697 672 2735 homme,
698 2695 742 2727 30
762 2704 839 2730 ans,
862 2694 933 2725 très
962 2693 1054 2725 belle
1075 2693 1241 2725 situation

343 2740 639 2779 dans,industrie,
663 2743 807 2780 rapport
827 2740 865 2772 lO
878 2739 894 2770 à
915 2738 1038 2769 12.000
1055 2738 1111 2777 fr.,
1125 2737 1242 2770 désire

343 2786 501 2827 mariage
522 2794 563 2817 en
586 2788 743 2824 rapport.
761 2801 803 2806 —
824 2781 944 2814 Ecrire
965 2783 990 2813 N
998 2791 1004 2798 1
1030 2782 1063 2813 2.

520 2846 563 2870 ou

386 2890 598 2923 Demoiselle
625 2889 668 2921 25
704 2898 780 2929 ans,
816 2887 983 2920 situation
1019 2888 1061 2919 de
1101 2888 1241 2919 fortune

340 2937 466 2969 25.000
486 2936 618 2973 francs,
635 2937 702 2965 etc.
728 2952 767 2955 —
788 2933 909 2964 Ecrire
924 2932 952 2963 N
959 2941 965 2947 -
991 2934 1022 2963 4.

388 2990 486 3021 Vous
499 2987 546 3019 lui
559 2987 694 3019 écrivez
710 2987 936 3018 vous-même
949 2993 994 3016 ou
1014 2985 1114 3016 faites
1128 2984 1241 3016 écrire

344 3043 408 3074 par
428 3032 620 3074 quelqu’un
653 3032 696 3062 de
725 3034 822 3062 votre
848 3029 995 3068 famille,
1025 3039 1067 3060 en
1099 3029 1241 3070 signant

343 3079 387 3110 de
409 3082 506 3109 votre
524 3075 686 3114 numéro,
704 3078 737 3107 et
755 3083 840 3106 vous
856 3077 981 3105 mettez
996 3082 1057 3105 sur
1074 3073 1242 3105 t’adresse

343 3122 512 3154 cachetée
529 3124 563 3153 et
573 3119 719 3151 timbrée
735 3119 766 3150 le
781 3119 929 3150 numéro
942 3118 986 3149 de
1000 3117 1032 3148 la
1049 3127 1239 3159 personne,

344 3167 532 3198 deuxième
553 3164 762 3205 enveloppe,
785 3172 871 3194 avec
891 3171 949 3193 ces
962 3162 1134 3203 quelques
1153 3166 1242 3194 mots

345 3220 406 3242 sur
416 3220 484 3242 une
497 3213 594 3242 carte
609 3218 653 3240 ou
668 3217 712 3239 un
727 3208 812 3239 bout
823 3207 866 3238 de
876 3205 999 3248 papier
1009 3206 1098 3237 ainsi
1109 3206 1240 3238 libellé:

346 3267 363 3285 «
382 3255 562 3287 Monsieur
578 3262 624 3284 ou
639 3253 814 3288 Madame,
828 3261 873 3282 ou
887 3250 1155 3282 Mademoiselle
1168 3252 1240 3283 X...

344 3299 457 3341 (votre
484 3307 563 3331 nom
581 3301 616 3329 et
635 3300 734 3328 votre
754 3295 919 3337 numéro)
932 3294 1007 3336 prie
1026 3296 1189 3327 Madame
1209 3297 1244 3327 la

348 3344 460 3373 Direct
467 3343 537 3372 rice
558 3342 601 3374 de
619 3342 650 3373 la
668 3342 785 3373 Revue
795 3341 837 3371 de
859 3339 946 3372 faire
970 3339 1132 3380 parvenir
1152 3344 1243 3371 celte

348 3392 448 3422 lettre
465 3388 482 3419 à
504 3387 550 3419 tel
572 3386 721 3417 numéro
743 3396 760 3414 »
778 3387 812 3416 et
829 3393 915 3415 vous
935 3384 1102 3416 cachetez
1119 3388 1153 3415 et
1167 3384 1242 3415 tim¬

346 3434 425 3464 brez
453 3435 545 3464 cette
581 3429 769 3462 deuxième
801 3428 996 3469 enveloppe
1033 3428 1048 3459 à
1089 3429 1243 3470 laquelle

346 3487 432 3509 vous
454 3479 579 3508 mettez
597 3484 678 3506 mon
701 3473 858 3511 adresse,
881 3475 915 3504 et
940 3472 1088 3504 aussitôt
1123 3482 1241 3512 reçue,

347 3521 378 3557 je
399 3521 512 3553 défais
530 3521 561 3551 la
593 3517 767 3559 première
794 3517 1003 3557 enveloppe,
1036 3516 1180 3557 j’efface
1211 3518 1242 3549 le

345 3566 494 3598 numéro
517 3564 560 3596 de
583 3564 614 3594 la
635 3562 823 3593 deuxième
844 3565 878 3593 et
899 3565 989 3592 mets
1009 3561 1178 3593 l’adresse
1200 3562 1243 3593 de

345 3611 378 3642 la
400 3617 576 3652 personne
592 3611 627 3639 et
645 3605 833 3647 réexpédie
851 3606 883 3637 la
899 3605 1014 3637 lettre.
1037 3606 1135 3636 Vous
1155 3615 1243 3646 pou¬

347 3665 407 3686 vez
424 3652 682 3693 correspondre
698 3659 785 3682 avec
795 3654 875 3681 tous
896 3658 960 3680 nos
981 3649 1139 3681 abonnés
1163 3658 1244 3681 sans

349 3709 433 3731 vous
451 3698 538 3730 faire
555 3697 753 3728 connaître.
793 3694 839 3726 Ce
874 3693 962 3725 n’est
994 3703 1062 3735 que
1101 3694 1244 3735 lorsque

348 3752 434 3775 vous
453 3750 558 3774 aurez
580 3739 641 3772 fait
662 3743 759 3771 votre
780 3738 898 3775 choix,
935 3746 1003 3779 que
1042 3747 1129 3769 vous
1157 3746 1243 3770 vous

348 3789 484 3819 donnez
506 3784 777 3817 mutuellement
794 3786 891 3814 votre
913 3781 1082 3814 véritable
1100 3783 1244 3814 adresse

346 3836 380 3863 et
400 3840 469 3873 que
504 3838 591 3861 vous
630 3836 716 3860 vous
756 3827 927 3868 ménagez
968 3835 1036 3858 une
1074 3831 1244 3859 entrevue

345 3885 435 3917 pour
453 3873 597 3907 décider
617 3873 660 3904 de
676 3874 774 3904 votre
796 3876 880 3903 sort.

380 3946 421 3972 Le
435 3945 505 3980 prix
536 3944 568 3970 de
579 3947 660 3970 notre
687 3942 875 3969 abonnement
906 3945 945 3968 est
971 3942 1005 3967 de
1026 3946 1117 3968 trente
1139 3945 1245 3976 francs

345 3985 417 4016 pour
444 3980 515 4007 trois
530 3979 602 4006 mois
629 3983 653 4005 et
674 3978 827 4012 cinquante
831 3980 937 4011 francs
961 3981 1034 4012 pour
1057 3979 1106 4004 six
1129 3978 1199 4004 mois
1220 3981 1246 4004 et

346 4026 415 4044 vous
427 4025 497 4043 avez
507 4015 582 4041 droit
597 4017 614 4041 à
629 4017 687 4041 être
702 4014 807 4040 inscrit
820 4013 1028 4050 gratuitement
1043 4023 1093 4040 sur
1107 4024 1152 4040 ma
1169 4014 1244 4041 liste.

386 4061 464 4088 Vous
481 4069 573 4094 voyez,
588 4058 706 4093 qu'avec
721 4063 794 4085 cette
809 4059 939 4093 modique
952 4067 1065 4090 somme,
1083 4068 1154 4085 vous
1170 4062 1244 4093 pou¬

345 4106 396 4124 vez
407 4106 477 4123 vous
493 4096 609 4127 marier,
623 4104 690 4121 sans
706 4095 790 4121 avoir
806 4097 822 4120 à
846 4098 946 4128 passer
975 4097 1029 4127 par
1045 4095 1092 4120 des
1122 4103 1245 4130 agences

344 4132 395 4166 qui
409 4141 439 4158 se
452 4135 514 4163 font
531 4139 628 4157 verser
641 4130 779 4156 d’avance
794 4130 826 4155 de
840 4137 953 4163 grosses
969 4129 1134 4163 provisions
1156 4134 1181 4156 et
1195 4129 1245 4164 qui

345 4170 517 4201 escomptent
532 4166 565 4192 de
579 4174 695 4201 grosses
713 4165 920 4196 commissions,
951 4168 1024 4198 pour
1045 4165 1190 4192 n’arriver
1219 4166 1245 4191 le

346 4203 412 4236 plus
427 4205 547 4228 souvent
561 4201 577 4227 à
593 4210 687 4227 aucun
704 4201 835 4226 résultat.
861 4200 943 4227 Nous
973 4200 1090 4226 n’avons
1120 4201 1183 4226 rien
1212 4201 1244 4226 de

344 4247 475 4264 commun
492 4245 562 4264 avec
577 4237 619 4262 les
634 4245 766 4270 agences,
785 4244 835 4261 car
852 4245 922 4262 nous
938 4245 972 4261 ne
987 4239 1110 4269 prenons
1133 4245 1245 4263 aucune

343 4273 527 4299 commission
542 4281 592 4297 sur
608 4272 638 4297 la
653 4272 709 4297 dot.
738 4270 782 4298 Un
810 4271 932 4297 modeste
960 4271 1147 4298 abonnement
1174 4281 1244 4298 nous

343 4319 382 4335 se’
391 4315 402 4334 t
417 4309 449 4334 de
460 4308 615 4342 paiement.

379 4352 539 4386 Lorsqu’un
556 4350 665 4377 abonné
679 4349 745 4376 s'est
752 4349 854 4384 fiancé
868 4353 896 4376 et
907 4350 981 4383 qu’il
996 4351 1042 4376 n’a
1057 4352 1125 4385 plus
1146 4351 1244 4378 besoin

342 4389 376 4414 de
386 4392 465 4414 notre
476 4396 572 4419 revue,
586 4387 612 4412 il
627 4395 697 4412 nous
710 4386 736 4411 le
746 4386 803 4416 fait
813 4386 912 4412 savoir
923 4384 982 4419 afin
994 4395 1047 4419 que
1058 4396 1128 4412 nous
1139 4397 1244 4421 rayons

341 4433 393 4450 son
409 4432 538 4449 annonce
550 4425 623 4456 pour
639 4430 673 4447 ne
685 4424 738 4455 pas
744 4423 764 4454 J
766 4422 828 4447 aire
843 4421 1047 4455 correspondre
1061 4422 1245 4450 inutilement

344 4468 394 4486 nos
410 4458 547 4485 abonnés.

381 4502 453 4529 Tout
469 4502 576 4528 abonné
592 4501 651 4526 doit
665 4500 803 4534 répondre
819 4503 835 4526 à
851 4503 941 4526 toutes
958 4500 998 4526 les
1024 4501 1120 4527 lettres
1133 4502 1184 4535 qui
1199 4502 1244 4528 lui

342 4542 404 4564 *ont
420 4537 564 4564 adressées
579 4536 586 4568 ;
605 4536 634 4562 la
648 4536 785 4570 politesse
802 4535 917 4570 l’exige,
948 4544 983 4561 ne
996 4538 1107 4565 fussent
1135 4546 1188 4571 que
1197 4547 1243 4564 ces

342 4574 414 4600 trois
433 4583 468 4600 ou
480 4576 580 4607 quatre
596 4575 665 4597 mots
677 4581 681 4597 :
699 4571 818 4603 Inutile,
829 4576 891 4597 tous
906 4580 960 4597 mes
973 4576 1094 4607 regrets.
1106 4572 1136 4599 —
1150 4572 1242 4599 N’...»

384 4634 482 4664 Pour
490 4634 615 4664 toutes
627 4631 879 4662 lesannonces
890 4631 1068 4669 ci-après,
1079 4633 1243 4663 s’adres¬

341 4692 408 4713 ser
426 4684 445 4712 à
474 4682 643 4712 Madame
661 4679 780 4711 Veuve
798 4679 1011 4719 CHABAUD,
1036 4681 1241 4712 Directrice

341 4732 385 4762 de
402 4732 434 4761 la
458 4731 477 4748 "
496 4731 619 4762 Revue
638 4729 840 4760 Mensuelle
857 4729 884 4759 ”.

379 4840 493 4869 Veuve
509 4839 548 4868 43
563 4846 635 4869 ans,
650 4846 729 4867 sans
742 4838 869 4871 enfant,
885 4836 1022 4867 fortune
1037 4838 1170 4867 280.000
1186 4840 1239 4873 tr.,

340 4887 488 4909 revenus
504 4878 617 4908 20.000
634 4877 673 4906 fr.
687 4886 749 4914 par
773 4885 826 4912 an,
851 4877 1050 4914 épouserait
1065 4879 1241 4907 monsieur

339 4922 438 4956 ayant
453 4919 538 4956 jolie
555 4918 716 4947 situation
734 4925 776 4947 ou
794 4917 940 4947 fortune.
958 4933 977 4938 -
992 4919 1021 4948 N
1027 4926 1033 4932 -
1049 4918 1137 4947 2100.

1327 1321 1436 1348 Jeune
1454 1319 1589 1347 homme
1605 1318 1640 1346 31
1659 1325 1732 1349 ans,
1758 1316 1918 1346 situation
1937 1315 2046 1345 12.000
2068 1314 2107 1344 fr.
2126 1321 2188 1352 par

1289 1367 1342 1393 an,
1362 1359 1474 1389 désire
1491 1365 1661 1396 personne
1676 1356 1809 1395 simple,
1823 1356 1994 1394 agréable.
2011 1371 2022 1376 -
2038 1356 2078 1385 N‘
2096 1355 2184 1384 4955.

1328 1426 1564 1457 Sous-offlcier
1580 1425 1620 1454 de
1637 1424 1801 1457 carrière,
1820 1423 1979 1457 aviation,
2005 1423 2043 1452 29
2060 1430 2132 1457 ans,
2152 1422 2188 1451 10

1290 1475 1350 1496 ans
1389 1467 1430 1496 de
1466 1466 1611 1500 service,
1641 1463 1838 1494 économies
1866 1463 1959 1493 7.000
1990 1463 2042 1495 fr.,
2074 1462 2187 1492 désire

1290 1507 1453 1537 relations
1483 1514 1570 1544 pour
1593 1505 1699 1534 union
1736 1512 1817 1533 avec
1841 1505 1947 1541 jeune
1978 1502 2045 1531 fille
2063 1503 2100 1531 18
2116 1503 2133 1531 à
2149 1502 2188 1531 26

1291 1555 1363 1583 an«,
1381 1555 1441 1586 pas
1459 1547 1600 1576 sérieux
1616 1544 1807 1574 s’abstenir.
1831 1560 1848 1566 -
1864 1545 1905 1573 N-
1926 1542 2016 1573 4961.

1330 1614 1497 1652 Adjudant
1508 1613 1608 1651 génie
1623 1613 1658 1641 31
1678 1619 1750 1644 ans,
1768 1611 1862 1641 solde
1878 1609 2066 1640 mensuelle
2078 1610 2137 1638 537
2148 1609 2186 1639 fr.

1292 1655 1403 1684 bonne
1420 1653 1612 1685 éducation,
1632 1652 1789 1681 médaille
1819 1651 1990 1684 militaire,
2022 1650 2118 1679 croix
2148 1650 2188 1679 de

1292 1702 1428 1732 guerre,
1445 1694 1465 1723 2
1479 1694 1647 1725 citations,
1657 1693 1674 1721 4
1691 1691 1865 1720 médailles
1881 1690 2060 1720 deuxième
2073 1689 2188 1726 ordre,

1292 1734 1405 1764 désire
1420 1734 1571 1771 mariage
1594 1740 1635 1761 en
1649 1734 1799 1770 rapport.
1818 1747 1827 1753 -
1842 1732 1884 1761 N'
1907 1730 1996 1760 4962.

1330 1803 1439 1830 Jeune
1456 1800 1615 1829 militaire
1632 1798 1754 1828 faisant
1769 1805 1826 1827 son
1852 1798 1984 1826 service
2001 1804 2042 1825 au
2060 1798 2188 1831 Maroc,

1291 1843 1330 1871 22
1346 1849 1417 1875 ans,
1427 1840 1516 1870 belle
1533 1840 1703 1873 situation,
1723 1839 1780 1868 dot
1792 1838 1900 1867 20.000
1914 1837 1953 1866 fr.
1979 1837 2073 1866 avoir
2088 1838 2189 1875 après

1292 1885 1443 1919 parents,
1468 1880 1667 1919 épouserait
1682 1879 1882 1909 demoiselle
1896 1879 1998 1915 ayant
2026 1876 2190 1906 situation

1293 1930 1336 1952 en
1353 1926 1503 1959 rapport,
1519 1937 1536 1942 -
1553 1921 1580 1950 N
1588 1928 1593 1935 1
1604 1920 1692 1948 4964.

1333 1990 1497 2018 Brunette
1519 1988 1558 2016 22
1583 1994 1654 2021 ans,
1686 1985 1815 2018 artiste,
1843 1985 2008 2020 sérieuse,
2029 1984 2191 2015 situation

1295 2029 1384 2058 1.000
1400 2028 1440 2057 fr.
1460 2036 1521 2065 par
1537 2027 1632 2061 mois,
1651 2026 1845 2055 économies
1861 2026 1880 2054 4
1895 2025 1953 2055 000
1971 2025 2009 2054 fr.
2030 2027 2063 2054 et
2080 2024 2191 2054 mobi¬

1294 2069 1369 2103 lier,
1399 2070 1605 2106 espérances
1622 2067 1722 2104 après
1740 2068 1831 2103 père,
1863 2064 2060 2104 épouserait
2085 2066 2191 2101 jeune

1294 2109 1429 2138 homme
1445 2108 1541 2145 d’âge
1557 2110 1591 2137 et
1607 2106 1767 2136 situation
1784 2113 1825 2135 en
1839 2107 1989 2144 rapport.
2007 2121 2023 2126 -
2041 2106 2068 2134 N
2075 2114 2080 2119 -
2100 2105 2188 2134 4965.

1334 2175 1538 2205 Demoiselle
1566 2174 1604 2204 29
1629 2181 1702 2205 ans,
1733 2181 1810 2201 sans
1828 2179 2032 2205 commerce,
2050 2173 2194 2208 épouse¬

1294 2216 1360 2245 rait
1374 2222 1501 2253 garçon
1517 2215 1579 2251 âge
1596 2221 1638 2242 en
1655 2216 1805 2249 rapport,
1833 2213 1872 2242 de
1888 2213 2010 2242 beauté
2038 2212 2192 2249 exquise,

1296 2258 1391 2285 avoir
1407 2255 1537 2284 100.000
1553 2254 1592 2283 fr.
1609 2261 1651 2283 ou
1669 2253 1859 2282 s’abstenir.
1884 2269 1902 2274 -
1917 2252 1961 2282 N'
1982 2252 2071 2281 4966.

1335 2323 1355 2352 S
1370 2321 1632 2352 >us-lieutenant
1647 2319 1829 2350 infanterie
1846 2318 2025 2350 coloniale,
2043 2318 2192 2352 divorcé,

1294 2364 1334 2391 32
1350 2369 1422 2395 ans,
1447 2361 1546 2396 brun,
1577 2361 1772 2390 éoouserait
1795 2361 1898 2396 jeune
1923 2358 2002 2391 fille,
2028 2366 2133 2388 veuve
2150 2366 2193 2387 ou

1297 2403 1468 2435 divorcée,
1484 2402 1523 2431 25
1541 2406 1555 2430 S
1578 2400 1617 2430 30
1633 2408 1705 2434 ans,
1724 2400 1877 2437 échange
1894 2398 2191 2436 renseignements

1296 2445 1329 2472 et
1346 2442 1448 2480 photo
1464 2442 1617 2480 premier
1631 2440 1798 2470 courrier.
1815 2456 1834 2461 -
1855 2441 1896 2470 N'
1914 2439 2002 2469 4967.

1336 2503 1541 2533 Demoiselle
1568 2503 1607 2532 28
1623 2510 1695 2537 ans,
1728 2502 1839 2531 bonne
1855 2500 1992 2535 famille,
2010 2500 2089 2529 bien
2113 2508 2193 2530 sous

1297 2547 1372 2574 tous
1390 2553 1399 2571 r
1409 2547 1559 2582 apports,
1591 2543 1647 2571 dot
1663 2546 1696 2571 et
1708 2542 1791 2579 jolie
1814 2542 1975 2571 situation
2000 2541 2040 2569 de
2057 2540 2193 2569 fortune

1297 2586 1399 2620 après
1414 2586 1566 2622 parents,
1577 2582 1774 2620 épouserait
1789 2582 1966 2611 monsieur
1978 2580 2018 2609 30
2032 2581 2051 2610 à
2065 2581 2104 2609 45
2119 2588 2192 2611 ans,

1298 2623 1543 2658 sérieux,actif,
1553 2622 1734 2652 industriel
1745 2630 1788 2651 ou
1798 2624 2041 2657 commerçant.
2053 2622 2083 2650 N
2087 2629 2094 2636 -
2103 2620 2192 2649 4970.

1337 2688 1445 2716 Jeune
1462 2686 1597 2715 homme
1612 2684 1651 2713 30
1673 2692 1745 2719 ans,
1768 2683 1984 2714 cordonnier,
2008 2690 2087 2712 sans
2123 2682 2195 2712 for¬

1299 2731 1390 2760 tune,
1422 2725 1535 2755 désire
1559 2728 1710 2759 mariage
1741 2732 1823 2754 avec
1852 2725 1954 2759 jeune
1978 2722 2045 2752 fille
2061 2723 2099 2751 24
2122 2724 2140 2751 à
2156 2723 2196 2751 30

1299 2775 1371 2795 ans.
1389 2782 1398 2787 -
1416 2767 1455 2795 N-
1474 2766 1562 2794 4972.
1592 2760 1602 2768 *

1337 2831 1426 2862 Veuf
1443 2832 1483 2861 59
1498 2839 1569 2863 ans,
1588 2830 1685 2865 libre,
1703 2829 1797 2859 avoir
1812 2830 1925 2859 50.000
1938 2828 1991 2864 fr,,
2019 2828 2097 2857 bien
2114 2835 2193 2856 sous

1299 2875 1374 2902 tous
1391 2873 1439 2902 les
1456 2873 1625 2909 rapport-,
1655 2869 1852 2908 épouserait
1881 2876 2052 2908 personne
2068 2869 2106 2897 35
2122 2869 2139 2897 à
2156 2868 2195 2896 48

1297 2921 1369 2947 ans,
1386 2912 1558 2944 instruite,
1583 2913 1683 2947 ayant
1705 2910 1868 2940 situation
1883 2917 1925 2939 ou
1942 2909 2038 2939 avoir
2053 2916 2096 2937 en
2113 2916 2195 2945 rap¬

1297 2955 1385 2991 port.
1403 2969 1420 2973 -
1437 2953 1477 2981 N'
1495 2952 1584 2981 4973.

1338 3024 1543 3053 Lieutenant
1553 3024 1591 3052 38
1608 3030 1679 3055 ans,
1701 3022 1800 3057 brun,
1818 3022 1969 3051 sérieux,
1987 3019 2078 3054 actif,
2096 3027 2197 3058 pour¬

1298 3065 1364 3094 rait
1379 3064 1527 3101 prendre
1541 3072 1576 3092 sa
1595 3063 1736 3092 retraite
1751 3069 1839 3100 pour
1854 3069 1891 3091 se
1907 3061 2011 3090 livrer
2033 3068 2075 3089 au
2101 3067 2197 3090 com¬

1299 3112 1425 3138 merce,
1450 3105 1562 3132 désire
1578 3103 1682 3132 union
1700 3110 1782 3131 a«ec
1799 3101 1995 3130 demoiselle
2011 3108 2052 3129 ou
2077 3108 2194 3135 veuve,

1299 3144 1458 3174 situation
1474 3151 1516 3172 en
1532 3144 1683 3181 rapport.
1700 3157 1718 3163 -
1735 3143 1762 3171 N
1769 3151 1775 3157 -
1792 3142 1881 3172 4974,

1338 3211 1453 3241 Suisse
1470 3211 1507 3240 45
1519 3218 1592 3246 ans,
1604 3209 1697 3239 avoir
1715 3209 1828 3239 12.000
1843 3209 1896 3243 fr.,
1909 3207 2196 3245 cuisinier,épou-

1299 3252 1515 3289 seraitjeune
1527 3250 1595 3280 fille
1606 3249 1775 3286 française
1786 3257 1828 3278 ou
1843 3249 1911 3279 fille
1926 3247 2061 3281 d’hôtel,
2073 3248 2197 3277 femme

1299 3292 1509 3328 d’intérieur,
1524 3291 1603 3320 bien
1615 3297 1696 3320 sous
1713 3294 1788 3319 tous
1797 3289 1847 3319 les
1861 3289 2078 3328 rapports.-N
2082 3297 2088 3303 -
2105 3288 2196 3317 4975.

1338 3358 1543 3388 Demoiselle
1579 3357 1618 3387 36
1654 3365 1726 3390 ans,
1770 3356 1936 3387 sérieuse,
1975 3354 2196 3390 affectueuse,

1299 3398 1423 3428 femme
1441 3398 1650 3431 d’intérieur,
1668 3396 1873 3434 catholique,
1891 3396 2056 3435 physique
2073 3397 2198 3431 agréa¬

1298 3439 1364 3474 ble,
1383 3440 1451 3470 dot,
1482 3438 1596 3468 désire
1612 3436 1763 3473 mariage
1780 3445 1861 3466 avec
1879 3435 2055 3466 monsieur
2070 3436 2109 3464 38
2125 3436 2143 3464 à
2159 3435 2198 3464 45

1299 3487 1371 3514 ans,
1389 3480 1490 3515 ayant
1506 3476 1679 3507 situation.
1697 3493 1716 3498 -
1731 3477 1759 3506 N
1765 3485 1771 3491 -
1788 3477 1876 3506 4976.

1337 3542 1445 3570 Jeune
1456 3539 1524 3569 fille
1533 3540 1571 3569 29
1587 3547 1659 3574 ans,
1677 3540 1918 3576 représentant
1933 3537 1975 3568 de
1991 3545 2197 3573 commerce,

1299 3583 1401 3618 ayant
1416 3582 1603 3619 propnété,
1621 3579 1808 3609 cherchant
1820 3578 1991 3613 affection,
2001 3586 2038 3607 se
2054 3578 2198 3607 dévoue¬

1299 3621 1365 3650 rait
1394 3622 1412 3650 à
1434 3621 1541 3658 grand
1568 3619 1682 3649 blessé
1708 3619 1748 3648 de
1765 3627 1902 3656 guerre,
1927 3626 1971 3649 ou
1988 3621 2005 3647 à
2023 3618 2199 3647 monsieur

1300 3660 1471 3698 distingué
1500 3659 1649 3695 fortuné,
1680 3659 1909 3689 recherchant
1929 3658 2031 3696 appui
2048 3658 2166 3687 moral.
2185 3673 2199 3679 -

1299 3702 1339 3731 N-
1358 3701 1445 3730 4978.

1339 3762 1511 3801 Capitaine
1528 3763 1650 3797 active,
1667 3762 1706 3791 34
1719 3770 1790 3798 ans,
1815 3770 1857 3791 au
1876 3763 1989 3791 Maroc
2006 3763 2198 3792 momenta¬

1300 3805 1450 3836 nément,
1462 3803 1574 3833 désire
1591 3802 1841 3841 correspondre
1853 3810 1937 3839 pour
1949 3801 2099 3839 mariage
2116 3808 2198 3830 avec

1295 3845 1402 3880 jeune
1419 3843 1487 3872 fille
1516 3842 1722 3880 catholique,
1750 3842 1862 3872 bonne
1879 3841 2016 3876 famille,
2036 3840 2197 3870 situation

1300 3891 1342 3912 en
1360 3886 1509 3921 rapport.
1528 3899 1546 3904 -
1561 3885 1601 3913 IX-
1619 3883 1708 3912 4981.

1338 3946 1447 3975 Jeune
1477 3945 1612 3976 homme
1626 3945 1665 3974 23
1687 3952 1760 3978 ans,
1792 3944 1941 3977 sérieux,
1973 3943 2195 3981 agriculteur,

1300 3994 1379 4015 sans
1395 3985 1545 4019 fortune,
1562 3988 1770 4022 espérances
1794 3986 1896 4023 après
1911 3986 2064 4022 parents,
2095 3985 2197 4021 épou¬

1301 4026 1406 4056 serait
1434 4024 1632 4056 demoiselle
1663 4032 1706 4054 ou
1722 4033 1840 4058 veuve,
1860 4026 1897 4054 19
1911 4026 1929 4054 à
1944 4025 1983 4053 28
1999 4032 2071 4058 ans,
2096 4025 2198 4059 ayant

1300 4066 1406 4104 petite
1422 4066 1597 4096 situation.
1613 4081 1629 4087 -
1646 4067 1674 4095 N
1704 4066 1792 4094 4983.

1339 4127 1542 4158 Célibataire
1557 4128 1596 4158 35
1614 4136 1685 4160 ans,
1716 4126 1967 4157 fonctionnaire
1996 4134 2038 4156 au
2068 4127 2194 4160 Maroc,

1300 4168 1460 4198 situation
1488 4168 1580 4197 9.000
1595 4167 1648 4201 fr.,
1667 4168 1780 4197 désire
1797 4167 1948 4204 mariage
1965 4174 2046 4195 avec
2065 4166 2196 4195 demoi¬

1299 4208 1383 4237 selle
1400 4216 1443 4238 ou
1459 4216 1566 4238 veuve
1581 4208 1620 4238 25
1636 4209 1654 4237 à
1669 4208 1708 4237 30
1725 4215 1795 4241 ans,
1813 4211 1915 4244 ayant
1931 4206 2093 4236 situation
2112 4213 2118 4242 ;
2136 4213 2196 4244 pas

1299 4248 1439 4278 sérieux
1455 4247 1644 4278 s’abstenir.
1661 4263 1680 4269 -
1696 4249 1724 4277 N
1730 4256 1735 4262 -
1752 4247 1842 4276 4984.

1337 4314 1542 4345 Demoiselle
1556 4315 1596 4344 35
1611 4322 1683 4350 ans,
1702 4315 1825 4345 femme
1843 4314 1886 4343 du
1908 4313 2041 4347 monde,
2059 4312 2194 4347 blonde,

1299 4355 1503 4393 distinguée,
1534 4354 1647 4385 désire
1675 4355 1780 4384 union
1797 4362 1879 4384 avec
1905 4353 2082 4384 monsieur
2097 4355 2198 4390 ayant

1298 4395 1386 4426 belle
1403 4394 1575 4424 situation.
1593 4410 1611 4417 -
1626 4395 1666 4424 N'
1684 4395 1773 4424 4985.

1337 4461 1541 4491 Demoiselle
1569 4462 1608 4491 48
1633 4469 1703 4498 ans,
1732 4469 1810 4490 sans
1837 4459 2038 4499 profession,
2072 4459 2196 4489 femme

1298 4501 1509 4534 d’intérieur,
1521 4503 1632 4531 bonne
1643 4501 1834 4536 éducation,
1843 4500 2010 4539 physique
2021 4499 2193 4537 agréable,

1298 4541 1437 4579 capable
1452 4541 1492 4570 de
1509 4542 1745 4575 dévouement,
1755 4541 1952 4579 épouserait
1966 4540 2140 4569 monsieur
2152 4546 2194 4568 ou

1297 4581 1438 4610 retraité
1455 4584 1556 4618 ayant
1571 4581 1682 4611 bonne
1699 4581 1871 4610 situation.
1895 4597 1913 4602 -
1929 4581 1969 4610 N-
1986 4580 2076 4609 4986.

1337 4644 1449 4672 Veuve
1464 4643 1503 4672 35
1518 4651 1591 4676 ans,
1609 4651 1687 4672 sans
1711 4643 1836 4675 enfant,
1855 4641 2015 4672 situation
2032 4643 2050 4670 7
2066 4642 2124 4671 000
2143 4642 2190 4677 fr.,

1297 4681 1492 4711 économies
1509 4682 1619 4712 10.000
1635 4682 1689 4718 fr.,
1705 4683 1875 4713 intérieur
1891 4682 2062 4720 agréable,
2093 4685 2195 4713 épou¬

1298 4721 1404 4751 serait
1419 4723 1596 4753 monsieur
1611 4725 1711 4760 ayant
1727 4722 1888 4753 situation
1905 4722 1995 4752 sûre.
2012 4737 2031 4743 -
2046 4723 2087 4751 N-
2104 4722 2194 4751 4987.

1335 4788 1696 4823 Adjuuantinfanterie
1713 4789 1893 4823 coloniale,
1904 4791 1942 4820 28
1953 4797 2025 4824 ans,
2038 4788 2194 4818 médaille

1297 4828 1469 4864 militaire,
1487 4830 1684 4867 épouserait
1696 4831 1802 4867 jeune
1818 4829 1885 4859 fille
1901 4838 1944 4860 ou
1960 4837 2067 4859 veuve
2085 4828 2195 4859 même

1296 4875 1377 4897 avec
1394 4869 1521 4906 enfant,
1538 4870 1576 4900 20
1592 4871 1609 4900 à
1625 4870 1664 4899 30
1679 4878 1751 4905 ans,
1770 4869 1930 4900 situation
1954 4877 1995 4899 en
2013 4871 2163 4906 rapport.
2176 4885 2196 4891 -

1296 4908 1335 4937 N-
1355 4909 1412 4938 49*

2285 1310 2490 1340 Demoiselle
2511 1311 2550 1340 35
2578 1319 2649 1344 ans,
2664 1309 2759 1346 jo’ie.
2780 1309 2984 1347 distinguée,
3003 1307 3147 1337 affectu¬

2243 1359 2337 1381 euse.
2354 1351 2545 1384 éducaiiori,
2565 1350 2659 1379 avoir
2681 1353 2714 1378 et.
2743 1349 2918 1385 situation,
2950 1347 3149 1387 épouserait

2244 1390 2420 1420 monsieur
2436 1391 2584 1427 sérieux,
2599 1391 2638 1419 38
2655 1391 2672 1418 à
2689 1389 2727 1418 40
2744 1397 2816 1424 ans,
2845 1389 3006 1419 situation
3035 1387 3146 1423 Paris,

2243 1431 2313 1460 très
2331 1431 2480 1459 sérieux.
2499 1447 2510 1451 -
2526 1431 2566 1459 N-
2584 1430 2674 1459 4992.

2284 1488 2488 1518 Célibataire
2515 1489 2553 1517 45
2570 1496 2642 1521 ans,
2674 1487 2824 1522 sérieux,
2856 1487 3017 1519 honnête,
3053 1486 3149 1515 avoir

2244 1530 2284 1559 20
2298 1529 2358 1558 000
2373 1528 2429 1563 fr.,
2448 1528 2626 1564 musicien,
2644 1528 2780 1561 culiivé,
2804 1528 3002 1566 épouserait
3017 1525 3149 1555 demoi¬

2247 1569 2331 1599 selle
2344 1577 2388 1598 ou
2405 1577 2517 1598 veuve
2529 1577 2607 1598 sans
2625 1568 2751 1604 enfant,
2770 1568 2833 1606 âge
2851 1570 2885 1598 et
2900 1568 3036 1598 fortune
3052 1565 3149 1595 indif¬

2248 1610 2369 1639 férent.
2388 1625 2403 1630 -
2420 1610 2461 1639 N’
2479 1609 2568 1638 4994.

2284 1667 2394 1697 Jeune
2408 1666 2478 1696 fil'e
2493 1667 2531 1695 23
2548 1674 2620 1699 ans,
2639 1666 2827 1703 employée,
2844 1666 2965 1700 brune,
2984 1664 3148 1703 physique

2246 1706 2419 1746 agréable,
2448 1707 2561 1736 20.000
2576 1706 2630 1740 fr.,
2662 1707 2730 1736 très
2760 1705 2982 1739 affectueuse,
3001 1707 3148 1742 épouse¬

2247 1749 2312 1776 rait
2328 1755 2500 1785 personne
2532 1746 2694 1776 situation
2715 1754 2756 1775 en
2773 1749 2924 1784 rapport.
2955 1762 2971 1767 -
3001 1746 3039 1774 N-
3058 1745 3136 1774 4996

2286 1806 2395 1834 Jeune
2420 1804 2491 1833 fille
2515 1805 2553 1834 25
2583 1812 2655 1835 ans,
2669 1803 2767 1841 jolie,
2783 1803 3008 1838 musicienne,
3026 1802 3151 1832 femme

2248 1846 2289 1874 du
2308 1846 2441 1879 monde,
2461 1844 2631 1879 instruite,
2645 1844 2714 1874 fille
2732 1845 2772 1873 de
2788 1844 2870 1873 haut
2885 1842 3149 1877 fenctionnaire,

2247 1885 2447 1923 épouserait
2463 1885 2640 1915 monsieur
2649 1885 2689 1913 26
2699 1887 2713 1913 à
2723 1885 2765 1913 38
2775 1892 2836 1913 ans
2851 1884 3005 1913 habitant
3020 1883 3152 1920 grande

2247 1926 2327 1955 ville
2344 1926 2476 1954 France
2492 1932 2535 1955 ou
2552 1924 2716 1955 colonies.
2734 1941 2752 1946 -
2768 1925 2808 1954 N-
2827 1925 2914 1954 4997.

2286 1984 2396 2012 Jeune
2412 1982 2550 2012 homme
2570 1984 2608 2012 24
2637 1990 2709 2015 ans,
2736 1982 2835 2016 brun,
2864 1981 2958 2011 avoir
2970 1980 3082 2011 20.000
3099 1980 3152 2015 fr.,

2249 2023 2408 2053 situation
2428 2023 2582 2057 libérale,
2601 2022 2769 2052 demande
2779 2023 2883 2057 jeune
2902 2021 2973 2051 fille
2990 2029 3033 2051 ou
3045 2028 3154 2050 veuve

2249 2062 2409 2093 situation
2427 2071 2469 2092 en
2487 2065 2638 2101 rapport.
2657 2078 2669 2084 -
2684 2063 2712 2092 N
2719 2071 2724 2077 -
2744 2063 2836 2092 4862.

2287 2122 2397 2150 Jeune
2415 2120 2564 2156 homme,
2583 2122 2777 2154 sud-ouest,
2796 2120 2848 2149 fils
2866 2119 3003 2157 unique,
3020 2119 3079 2148 300
3093 2119 3152 2147 000

2250 2162 2303 2195 fr.,
2320 2160 2418 2192 brun,
2441 2169 2503 2199 pas
2521 2161 2665 2195 fumeur,
2678 2159 2875 2198 épouserait
2891 2158 3090 2189 demoiselle
3107 2166 3150 2188 ou

2249 2209 2355 2231 veuve
2372 2202 2547 2234 sérieuse,
2578 2202 2641 2239 âge
2670 2203 2704 2230 et
2719 2199 2881 2229 situation
2897 2208 2938 2230 en
2964 2201 3116 2237 rapport.
3134 2215 3151 2220 -

2249 2243 2288 2272 N-
2306 2241 2396 2270 4998.

2288 2298 2378 2329 Veuf
2400 2301 2409 2328 1
2434 2299 2561 2331 enfant,
2578 2300 2616 2328 46
2632 2306 2704 2332 ans,
2727 2297 2847 2327 maître
2870 2297 3007 2327 tailleur
3023 2298 3150 2331 armée,

2247 2339 2360 2369 30.000
2394 2339 2436 2368 fr.
2477 2340 2684 2370 économies,
2710 2338 2884 2376 propriété
2912 2338 2951 2367 20
2980 2337 3150 2371 hectares,

2249 2379 2449 2418 épouserait
2467 2379 2664 2408 demoiselle
2675 2386 2717 2408 ou
2728 2386 2835 2408 veuve
2845 2377 3038 2415 catholique
3052 2379 3154 2413 ayant

2249 2419 2354 2450 avoir.
2372 2435 2389 2440 -
2407 2421 2446 2449 N'
2466 2419 2555 2449 4999.

2288 2476 2378 2507 Veuf
2388 2477 2427 2506 50
2443 2478 2515 2508 ans,
2544 2478 2564 2505 2
2579 2476 2722 2511 enfants,
2748 2476 2912 2505 demande
2929 2473 3147 2505 cultivatrice

2250 2525 2332 2547 avec
2360 2517 2465 2555 pe'üe
2495 2517 2561 2551 dot,
2579 2517 2618 2546 30
2633 2518 2650 2547 à
2664 2516 2703 2545 40
2718 2524 2789 2551 ans,
2820 2516 2972 2551 robuste,
3005 2521 3151 2551 envoyer

2250 2557 2367 2596 photo.
2385 2574 2396 2578 -
2411 2558 2452 2586 N-
2469 2557 2559 2587 5000.

2290 2614 2375 2644 Veuf
2389 2616 2427 2644 45
2443 2623 2517 2649 ans,
2542 2616 2744 2652 protestant,
2763 2614 2776 2642 1
2795 2613 2911 2643 enfant
2926 2614 2945 2642 9
2962 2620 3034 2643 ans,
3061 2611 3151 2641 fonc¬

2251 2655 2432 2690 tionnaire,
2469 2656 2630 2684 situation
2659 2654 2678 2683 6
2693 2654 2751 2683 000
2768 2653 2822 2686 fr.,
2846 2653 2942 2683 avoir
2969 2651 3081 2682 10.000
3095 2652 3150 2686 fr.,

2251 2696 2449 2731 épouserait
2475 2695 2674 2724 demoiselle
2702 2702 2745 2723 ou
2774 2701 2883 2723 veuve
2910 2694 2950 2722 33
2981 2696 2998 2722 à
3022 2693 3062 2721 42
3078 2700 3139 2721 ans

2251 2736 2411 2765 situation
2430 2743 2472 2764 en
2489 2737 2638 2774 rapport,
2651 2750 2662 2755 -
2682 2735 2721 2763 N'
2738 2733 2827 2763 5001.

2290 2792 2378 2822 Veuf
2390 2793 2428 2821 58
2445 2800 2516 2825 ans,
2546 2791 2750 2828 catholique,
2779 2790 2857 2819 bien
2890 2797 2969 2819 sous
3001 2792 3077 2819 tous
3102 2786 3150 2819 les

2252 2834 2420 2870 rapports,
2439 2831 2533 2861 avoir
2547 2830 2659 2861 60.000
2675 2831 2714 2859 fr.
2739 2830 2937 2867 épouserait
2956 2829 3151 2866 catholique

2250 2872 2478 2911 pratiquante,
2509 2871 2729 2905 affectueuse,
2761 2870 2858 2908 goûts
2876 2870 3028 2907 simples,
3048 2868 3151 2898 situa¬

2251 2914 2322 2942 tion
2339 2919 2380 2941 en
2398 2914 2549 2950 rapport.
2567 2912 2595 2940 N
2603 2921 2607 2925 -
2623 2910 2712 2941 5002.

2294 2971 2419 3003 Maroc,
2444 2977 2554 2999 veuve
2569 2969 2608 2998 50
2624 2976 2697 3003 ans,
2728 2967 2920 3005 paraissant
2944 2967 3019 3005 plus
3032 2967 3153 3003 jeune,

2253 3011 2323 3040 très
2357 3009 2524 3043 sérieuse,
2554 3009 2726 3042 instruite,
2758 3007 2837 3037 bien
2868 3007 2996 3042 élevée,
3027 3006 3153 3036 femme

2254 3049 2464 3082 d’intérieur,
2476 3052 2577 3086 ayant
2586 3050 2713 3085 occupé
2726 3048 2814 3077 belle
2825 3047 2996 3082 situation,
3009 3046 3153 3075 recher¬

2253 3091 2316 3120 che
2347 3089 2497 3127 mariage
2527 3097 2608 3118 avec
2626 3087 2765 3122 rentier,
2783 3087 2976 3122 industriel,
2995 3086 3146 3120 sérieux,

2254 3138 2320 3160 aux
2337 3129 2499 3159 colonies.
2520 3145 2529 3150 -
2546 3131 2585 3158 N-
2604 3128 2693 3158 4946.

2292 3187 2497 3217 Demoiselle
2519 3187 2557 3216 46
2586 3195 2657 3220 ans,
2689 3185 2893 3222 catholique,
2929 3183 3055 3214 famille
3081 3185 3105 3212 tr
3116 3185 3153 3213 ès

2253 3227 2453 3257 honorable,
2470 3229 2540 3256 très
2565 3227 2730 3259 sérieuse,
2762 3225 2852 3259 bien,
2883 3226 3007 3254 femme
3038 3223 3153 3253 d’inté¬

2253 3270 2358 3300 rieur,
2371 3267 2547 3297 dot40.000
2558 3267 2611 3302 fr,.
2623 3266 2819 3305 épouserait
2831 3265 2987 3302 employé
3001 3263 3151 3297 sérieux,

2253 3310 2362 3346 poste,
2382 3308 2525 3342 douane,
2544 3308 2720 3340 P.-L.-M.,
2739 3305 3022 3338 administration,
3044 3303 3154 3333 même

2253 3348 2341 3378 veuf.
2359 3363 2378 3369 -
2393 3349 2422 3377 N
2428 3356 2433 3361 -
2450 3348 2539 3377 4931.

2292 3409 2496 3440 Demoiselle
2512 3409 2550 3438 25
2568 3417 2640 3445 ans,
2653 3407 2751 3445 jolie,
2770 3407 2994 3442 musicienne,
3026 3405 3151 3436 femme

2253 3450 2296 3480 du
2314 3451 2448 3482 monde,
2467 3450 2523 3478 dot
2539 3449 2596 3478 150
2613 3450 2652 3477 fr.
2672 3456 2732 3485 par
2753 3448 2849 3481 mois,
2881 3447 3051 3481 instruite,
3083 3445 3150 3474 fille

2254 3491 2293 3519 de
2310 3490 2392 3519 haut
2409 3489 2669 3520 fonctionnaire,
2689 3487 2885 3526 épouserait
2912 3485 3086 3516 monsieur
3113 3485 3152 3514 26

2253 3532 2271 3561 à
2285 3530 2325 3560 38
2341 3538 2401 3559 ans
2417 3528 2511 3558 habit
2520 3531 2571 3558 int
2586 3528 2715 3566 grande
2730 3527 2821 3557 ville.
2838 3543 2856 3548 -
2873 3527 2913 3556 N-
2931 3527 3021 3556 4997.

2290 3588 2399 3616 Jeune
2415 3587 2550 3616 homme
2563 3586 2603 3614 32
2618 3593 2691 3619 ans,
2709 3585 2902 3618 sud-ouest,
2931 3584 2981 3613 fils
3012 3582 3149 3620 unique,

2252 3627 2386 3658 300.000
2401 3626 2456 3661 fr.,
2472 3626 2573 3660 brun,
2583 3634 2643 3664 pas
2657 3625 2804 3660 fumeur,
2818 3623 3012 3662 épouserait
3024 3623 3151 3652 demoi¬

2254 3665 2338 3697 selle
2360 3675 2404 3697 ou
2427 3674 2538 3696 veuve
2568 3666 2735 3696 sérieuse,
2767 3665 2829 3702 âge
2858 3667 2891 3693 et
2918 3662 3080 3693 situation
3112 3671 3152 3691 en

2255 3710 2407 3747 rapport.
2424 3723 2443 3728 -
2459 3708 2499 3736 N:
2517 3706 2620 3735 5.004.

2291 3765 2591 3796 Sous-lieutenant
2607 3761 2815 3797 célibataire,
2829 3761 2906 3791 bien
2917 3769 2997 3791 sous
3011 3763 3086 3790 tous
3104 3761 3152 3790 les

2253 3808 2422 3844 rapports,
2467 3803 2665 3842 épouserait
2702 3803 2809 3839 jeune
2847 3801 2915 3830 fille
2946 3800 3152 3838 catholique,

2253 3848 2373 3881 brune,
2393 3845 2555 3874 situation
2572 3851 2612 3873 en
2631 3844 2781 3880 rapport.
2799 3857 2817 3863 -
2833 3843 2862 3872 N
2868 3850 2874 3856 -
2889 3841 2977 3871 5004.

2290 3906 2399 3933 Jeune
2416 3902 2484 3932 fille
2499 3902 2538 3931 30
2554 3909 2626 3934 ans,
2644 3899 2770 3930 famille
2800 3899 3001 3933 honorable,
3033 3899 3154 3929 catho¬

2255 3944 2354 3982 lique,
2385 3943 2441 3972 dot
2471 3945 2504 3971 et
2533 3942 2669 3971 fortune
2698 3939 2809 3969 40.000
2837 3939 2892 3974 fr.,
2923 3940 3035 3969 désire
3066 3939 3150 3968 faire

2252 3983 2500 4014 connaissance
2525 3989 2608 4011 avec
2628 3979 2804 4010 monsieur
2818 3979 3024 4017 catholique,
3058 3986 3151 4009 com¬

2253 4026 2408 4060 merçant
2424 4030 2467 4052 ou
2484 4021 2652 4060 employé.
2675 4035 2692 4040 -
2708 4021 2736 4049 N
2742 4028 2748 4034 -
2766 4019 2855 4049 5005.

2290 4080 2493 4111 Célibataire
2521 4079 2560 4108 35
2589 4087 2660 4112 ans,
2693 4077 2911 4112 cultivateur,
2956 4077 3068 4107 20.000
3095 4076 3150 4110 fr.,

2252 4120 2450 4159 épouserait
2474 4118 2673 4149 demoiselle
2703 4125 2746 4146 ou
2775 4125 2881 4147 veuve
2910 4125 2989 4147 sans
3020 4116 3149 4152 enfant,

2253 4160 2413 4191 situation
2430 4167 2472 4189 en
2489 4161 2640 4197 rapport.
2656 4174 2667 4179 -
2684 4158 2712 4187 N
2720 4166 2725 4172 -
2743 4157 2832 4187 5009.

2292 4218 2388 4252 Veuf,
2400 4218 2439 4246 55
2456 4225 2527 4252 ans,
2545 4225 2625 4246 sans
2642 4215 2770 4249 enfant,
2789 4216 2875 4248 seul,
2893 4215 3044 4247 sérieux,
3063 4214 3155 4244 habi¬

2252 4261 2324 4289 tant
2335 4257 2482 4293 Algérie,
2494 4257 2650 4295 employé
2663 4256 2704 4285 de
2717 4256 2849 4291 mairie,
2869 4259 2969 4293 ayant
2984 4255 3154 4285 intérieur

2252 4302 2284 4329 et
2301 4297 2470 4331 mobilier,
2493 4297 2606 4326 désire
2635 4296 2740 4327 union
2770 4304 2853 4325 avec
2883 4295 3082 4326 demoiselle
3109 4302 3152 4324 ou

2250 4345 2359 4369 veuve
2374 4338 2414 4366 36
2429 4339 2447 4366 à
2462 4338 2501 4367 46
2517 4345 2589 4372 ans,
2604 4339 2707 4375 ayant
2720 4336 2895 4366 situation.
2910 4352 2927 4357 -
2942 4336 2972 4365 N
2977 4344 2983 4350 -
3001 4334 3092 4364 5010.

2291 4395 2497 4425 Demoiselle
2512 4395 2624 4425 bonne
2640 4393 2778 4429 famille,
2802 4394 2841 4424 40
2868 4402 2940 4430 ans,
2958 4391 3154 4432 paraissant

2247 4438 2365 4475 jeune,
2384 4434 2733 4469 femme'd’intérieur,
2753 4434 2974 4468 affectueuse,
3002 4434 3153 4469 épouse¬

2252 4475 2318 4506 rait
2334 4475 2464 4506 officier
2480 4483 2524 4505 ou
2540 4474 2791 4506 fonctionnaire
2819 4473 2969 4509 sérieux,
3002 4472 3039 4501 40
3067 4472 3084 4500 à
3115 4471 3153 4499 45

2253 4524 2325 4546 ans.
2343 4532 2360 4537 -
2376 4516 2416 4545 N'
2434 4516 2524 4545 5011.

2290 4573 2529 4604 Sous-officier
2544 4573 2585 4603 de
2601 4572 2764 4603 carrière.
2792 4572 2831 4600 30
2853 4578 2926 4604 ans,
2945 4569 3151 4601 affectueux,

2252 4613 2407 4646 aimable,
2426 4614 2623 4643 économies
2641 4612 2750 4642 10.000
2767 4611 2820 4644 fr.,
2849 4610 2991 4639 retraite
3022 4608 3104 4636 dans
3136 4608 3154 4635 2

2251 4662 2323 4687 ans,
2341 4654 2538 4691 épouserait
2554 4651 2753 4683 demoiselle
2769 4649 2935 4679 situation
2952 4656 2993 4677 en
3013 4649 3153 4685 rapport

2251 4702 2295 4725 ou
2310 4693 2531 4724 institutrice.
2547 4709 2566 4715 -
2581 4694 2610 4723 N
2615 4702 2621 4708 -
2638 4692 2728 4722 5012.

2289 4753 2399 4782 Jeune
2415 4752 2482 4781 fille
2498 4752 2536 4781 26
2552 4759 2625 4784 ans,
2642 4748 2717 4779 bien
2733 4746 3012 4789 physiquement,
3044 4744 3151 4773 douce

2252 4796 2285 4822 et
2296 4793 2464 4827 sérieuse,
2478 4788 2726 4820 fonc'ionnaire
2739 4786 2856 4816 d’Etat,
2875 4785 3150 4823 appointements

2250 4834 2269 4862 6
2284 4833 2343 4863 000
2386 4832 2439 4867 fr.,
2483 4829 2679 4860 économies
2720 4825 2813 4855 6.000
2842 4824 2897 4859 fr.,
2944 4828 3150 4863 espérances

2250 4873 2362 4903 20.000
2379 4872 2431 4906 fr.,
2463 4868 2660 4907 épouserait
2690 4865 2865 4895 monsieur
2893 4866 2932 4894 27
2960 4866 2979 4894 à
3007 4865 3046 4894 38
3075 4872 3148 4899 ans,

2252 4912 2414 4943 situation
2431 4909 2512 4939 sûre
2529 4916 2570 4937 en
2587 4908 2738 4946 rapport.
2757 4921 2774 4926 -
2789 4905 2830 4934 N-
2847 4905 2939 4935 5013.

3333 539 3357 616 1

379 4977 561 5014 Disposant
591 4976 667 5004 d’un
685 4974 815 5005 certain
833 4974 954 5012 capital
982 4975 1018 5010 je
1045 4975 1239 5004 m’intéres¬

338 5016 429 5045 serai
446 5018 463 5046 à
481 5015 600 5046 affaire
613 5015 768 5045 sérieuse
785 5017 802 5044 à
819 5015 936 5043 lancer
950 5017 1097 5051 pouvant
1109 5015 1239 5043 donner

338 5064 419 5093 gros
435 5055 620 5085 bénéfices.
637 5055 663 5084 Il
679 5063 724 5083 ne
735 5062 811 5083 sera
821 5053 974 5086 répondu
984 5053 1107 5088 qu’aux
1119 5054 1238 5083 lettres

339 5096 566 5134 susceptibles
583 5095 816 5124 d’intéresser.
832 5109 852 5115 -
866 5093 909 5122 N°
924 5093 1013 5122 4947.

1333 4971 1443 5000 Jeunt,
1482 4971 1618 5001 homme
1660 4973 1698 5001 25
1739 4979 1811 5005 ans,
1843 4971 2003 5001 situation
2033 4972 2194 5002 annuelle

1293 5010 1406 5039 60.000
1418 5010 1473 5045 fr.,
1504 5019 1545 5040 au
1563 5013 1690 5043 Maroc,
1715 5012 1809 5041 avoir
1822 5011 1862 5041 30
1876 5012 1935 5040 000
1953 5011 1991 5040 fr.
2010 5013 2044 5040 et
2061 5011 2191 5041 maison

1293 5050 1519 5083 confortable,
1549 5052 1746 5088 épouserait
1774 5052 1878 5088 jeune
1902 5051 1973 5081 fille
1989 5052 2027 5080 18
2041 5052 2062 5081 à
2075 5052 2115 5080 22
2130 5060 2191 5081 ans

1295 5089 1432 5120 voulant
1447 5089 1581 5120 habiter
1597 5092 1725 5121 Maroc.
1742 5107 1753 5112 -
1764 5092 1803 5121 N'
1822 5092 1912 5120 4991.

2289 4967 2494 5000 Demoiselle
2516 4965 2555 4995 30
2571 4972 2643 4999 ans,
2672 4963 2784 4992 bonne
2813 4961 2953 4998 famille,
2985 4961 3153 5001 physique

2249 5008 2421 5048 agréable,
2440 5004 2663 5037 musicienne,
2684 5003 2793 5032 bonne
2809 5002 3028 5034 instruction,
3048 5003 3156 5037 épou¬

2248 5048 2353 5078 serait
2367 5046 2546 5075 monsieur
2561 5044 2701 5074 sérieux
2715 5045 2817 5079 ayant
2832 5050 2900 5071 une
2914 5042 3029 5071 bonne
3047 5041 3155 5070 situa¬

2248 5089 2332 5121 tion,
2349 5084 2530 5115 industriel
2546 5092 2591 5114 ou
2607 5082 2892 5113 administration.
2909 5098 2929 5104 -
2944 5083 2986 5111 N-
3003 5081 3091 5111 5016.
