3536 5552
370 371 572 403 Célibataire
599 370 805 401 cultivateur
819 368 858 397 49
874 375 947 403 ans,
963 366 1042 396 bien
1060 372 1140 396 sous
1152 367 1228 394 tous

331 416 502 453 rapports,
521 411 614 442 avoir
628 410 722 441 6.000
738 409 793 443 fr.,
811 406 1008 446 épouserait
1031 404 1230 437 demoiselle

333 461 377 484 ou
407 461 514 484 veuve
530 460 609 483 sans
626 452 753 486 enfant,
784 449 823 479 35
839 449 858 478 à
872 449 911 478 45
927 455 999 482 ans,
1031 447 1159 476 aimant
1179 444 1232 474 vie

333 494 374 524 de
390 500 589 532 campagne,
603 491 765 522 situation
780 497 822 519 en
838 490 990 528 rapport.
1008 504 1026 509 -
1048 486 1085 516 N-
1100 486 1150 515 61.

372 561 516 591 Divorcé
532 562 550 590 à
573 567 636 589 son
651 557 765 597 profit,
781 556 822 586 36
840 564 914 592 ans,
931 554 1126 593 négociant,
1144 552 1234 582 deux

335 600 469 631 enfants
484 601 503 630 9
526 605 560 630 et
574 601 592 628 7
608 607 680 635 ans,
712 604 906 627 commerce
936 595 1094 625 mobilier
1122 592 1234 623 40.000

334 641 389 678 fr.,
407 643 614 680 espérances
626 638 736 669 15.000
745 638 796 672 fr.,
812 635 1010 674 épouserait
1020 632 1231 668 demoiselle,

333 689 442 712 veuve
457 688 502 711 ou
519 681 691 716 divorcée,
704 678 832 708 aimant
845 676 993 711 entants,
1010 676 1111 712 ayant
1125 673 1232 704 avoir.

335 738 352 744 -
374 723 414 752 N-
426 721 476 751 62.

373 787 576 819 Célibataire
591 788 630 816 38
641 794 713 820 ans,
731 784 937 822 catholique,
955 782 1055 820 goûts
1073 780 1224 818 simples,

335 828 403 860 bon
419 828 628 863 travailleur,
656 826 823 866 physique
844 823 1017 862 agréable,
1047 822 1118 852 très
1135 820 1237 850 aima¬

336 869 403 904 ble,
414 868 611 908 épouserait
627 866 826 898 demoiselle
838 872 881 894 ou
897 871 1005 894 veuve
1017 863 1119 901 ayant
1134 861 1235 891 situa¬

336 909 407 940 tion
423 917 466 940 en
483 910 634 948 rapport.
652 923 669 931 -
685 908 724 938 N'
739 907 789 936 63.

377 975 495 1006 Mutilé
511 975 552 1005 de
566 982 703 1012 guerre,
713 973 914 1011 pensionné,
933 971 1058 1002 décoré
1075 968 1233 1000 médaille

337 1015 509 1051 militaire,
545 1016 584 1045 34
603 1023 675 1050 ans,
699 1014 798 1050 brun,
830 1012 942 1043 bonne
972 1010 1110 1041 famille,
1130 1008 1235 1043 avoir,

337 1056 512 1095 propriété
534 1057 636 1095 après
664 1057 817 1094 parents,
847 1053 976 1090 fatigué
1005 1051 1047 1081 de
1077 1050 1171 1080 vivre
1193 1056 1237 1079 en

339 1097 496 1132 solitude,
523 1095 635 1126 désire
672 1095 823 1132 mariage
853 1101 934 1123 avec
960 1094 1066 1129 jeune
1095 1090 1166 1119 fille
1194 1096 1238 1118 ou

337 1144 446 1168 veuve
475 1137 516 1166 de
542 1144 668 1175 guerre
694 1134 822 1174 (même
838 1136 937 1171 ayant
952 1141 997 1162 un
1023 1130 1166 1168 enfant),
1197 1128 1238 1158 de

337 1178 378 1207 25
392 1179 410 1207 à
424 1177 465 1207 30
479 1185 551 1211 ans,
582 1179 684 1214 ayant
707 1175 868 1205 situation
895 1173 975 1203 sûre
992 1180 1035 1202 ou
1055 1171 1205 1200 fortune.
1220 1184 1239 1190 -

338 1219 378 1247 N-
397 1218 446 1247 64.

378 1284 553 1315 Monsieur
578 1283 618 1313 30
647 1291 717 1321 ans,
747 1283 817 1311 très
847 1279 994 1319 grandes
1027 1277 1173 1317 qualités
1196 1276 1237 1306 de

339 1333 445 1360 cœur,
463 1324 590 1354 aimant
604 1323 661 1353 vie
669 1323 848 1356 intérieur,
860 1321 999 1351 divorcé
1011 1320 1029 1349 à
1043 1326 1106 1349 son
1121 1316 1236 1356 profit,

339 1374 417 1395 sans
434 1364 562 1398 enfant,
580 1363 777 1403 épouserait
793 1360 993 1392 demoiselle
1010 1361 1112 1397 ayant
1125 1357 1237 1396 quali¬

340 1408 391 1435 tés
428 1405 469 1435 de
496 1412 601 1440 cœur,
631 1403 818 1434 cherchant
846 1402 931 1432 faire
947 1400 1115 1434 bonheur,
1140 1400 1240 1436 ayant

339 1446 396 1476 dot
410 1453 455 1476 ou
477 1452 683 1475 commerce.
700 1459 720 1465 -
733 1443 775 1472 N-
791 1442 842 1473 65.

379 1512 584 1543 Demoiselle
611 1512 651 1541 34
677 1519 749 1542 ans,
777 1508 861 1547 jolie
883 1508 1005 1543 brune,
1024 1507 1094 1537 très
1118 1504 1241 1535 distin¬

340 1555 440 1591 guée,
458 1551 616 1583 conduite
631 1549 902 1589 irréprochable,
918 1547 1065 1588 parfaite
1086 1546 1241 1576 honora¬

340 1593 446 1629 bilité,
491 1593 712 1626 musicienne,
757 1591 883 1620 femme
925 1588 1139 1621 d’intérieur,
1184 1586 1241 1616 dot

340 1633 454 1663 50.000
467 1632 521 1668 fr.,
539 1633 747 1670 espérances
759 1631 909 1660 directes
921 1628 1053 1658 130.000
1066 1627 1121 1662 fr.,
1138 1628 1242 1665 épou¬

342 1675 448 1704 serait
481 1674 658 1704 monsieur
687 1672 839 1703 sérieux,
871 1669 1014 1707 parfaite
1043 1667 1239 1701 éducation,

342 1714 455 1745 bonne
471 1713 643 1748 situation,
661 1712 817 1742 divorcés
833 1708 1024 1740 s’asbtenir.
1053 1723 1072 1730 -
1093 1708 1121 1737 N
1128 1716 1133 1721 -
1151 1707 1200 1736 66.

382 1779 472 1811 Veuf
484 1788 563 1810 sans
580 1779 707 1813 enfant,
724 1779 763 1808 48
779 1786 851 1813 ans,
870 1776 1078 1811 économies,
1103 1775 1241 1806 ouvrier

342 1820 618 1858 métallurgiste,
636 1818 835 1858 épouserait
850 1817 1062 1852 demoiselle,
1078 1824 1188 1846 veuve
1198 1823 1242 1845 ou

343 1861 513 1896 divorcée,
538 1861 600 1899 âge
617 1864 652 1890 et
667 1860 828 1890 situation
845 1866 887 1888 en
912 1861 1063 1896 rapport.
1093 1872 1105 1878 -
1133 1857 1160 1886 N
1169 1865 1174 1871 -
1191 1856 1240 1886 67.

380 1927 610 1959 Sous-officier
639 1926 796 1958 colonial,
823 1926 862 1955 36
884 1933 955 1959 ans,
987 1923 1129 1954 retraite
1159 1923 1241 1952 dans

341 1970 361 1998 3
376 1977 448 2004 ans,
481 1968 677 1998 économies
699 1966 812 1996 20.000
840 1966 895 2001 fr.,
927 1965 1042 1994 désire
1064 1965 1184 1994 entrer
1199 1970 1242 1992 en

342 2009 507 2039 relations
517 2015 604 2046 pour
615 2008 767 2044 mariage
777 2013 859 2036 avec
870 2008 977 2044 jeune
987 2004 1059 2035 fille
1075 2011 1119 2033 ou
1134 2010 1243 2034 veuve

342 2051 443 2087 ayant
460 2047 632 2078 situation.
649 2064 668 2070 -
684 2049 724 2079 N-
744 2048 793 2077 68.

381 2114 585 2145 Demoiselle
596 2115 632 2144 41
650 2122 722 2149 ans,
740 2113 907 2152 physique
923 2112 1095 2151 agréable,
1123 2112 1241 2148 jeune,

342 2156 438 2186 seule
455 2163 535 2185 avec
551 2162 587 2184 sa
603 2155 711 2189 mère,
723 2156 825 2192 ayant
841 2156 968 2186 rentes,
980 2152 1138 2182 moralité
1152 2150 1244 2180 irré¬

340 2194 538 2234 prochable,
567 2194 739 2230 instruite,
770 2194 951 2224 éducation
981 2193 1135 2230 soignée,
1157 2191 1244 2221 inté¬

341 2237 438 2266 rieur
467 2235 692 2269 confortable,
717 2234 842 2264 femme
860 2233 1072 2267 d’intérieur,
1091 2233 1241 2269 épouse¬

341 2277 408 2306 rait
423 2276 600 2306 monsieur
616 2277 717 2313 ayant
734 2274 896 2305 situation
913 2273 1006 2308 sûre,
1023 2273 1061 2302 40
1077 2273 1095 2301 à
1111 2272 1150 2301 50
1166 2278 1239 2301 ans.

354 2332 365 2338 -
380 2318 421 2348 N-
439 2316 490 2347 69.

383 2384 492 2414 Jeune
519 2383 656 2413 homme
684 2382 722 2412 29
747 2390 820 2418 ans,
844 2380 939 2412 avoir
953 2380 1066 2409 20.000
1082 2379 1122 2408 fr.
1135 2377 1245 2417 jardi-

344 2423 602 2460 niér-fleuriste,
627 2422 825 2461 épouserait
850 2424 956 2458 jeune
982 2419 1053 2450 fille
1068 2427 1112 2450 ou
1127 2426 1245 2455 veuve,

345 2466 598 2501 commerçante
637 2471 681 2493 ou
711 2462 920 2498 couturière,
943 2468 987 2492 ou
1017 2464 1118 2498 ayant
1147 2461 1246 2490 autre

349 2504 511 2535 situation
528 2504 609 2534 sûre
624 2504 654 2534 N
659 2513 665 2519 -
683 2503 732 2533 70.

383 2573 493 2602 Jeune
506 2572 644 2601 homme
651 2572 692 2600 34
704 2578 778 2605 ans,
789 2569 1010 2603 cultivateur,
1024 2568 1091 2598 bon
1107 2568 1246 2598 ouvrier

343 2611 423 2643 bien
453 2619 532 2641 sous
554 2615 631 2642 tous
656 2607 834 2649 rapports,'
860 2609 1057 2639 économies
1079 2608 1172 2638 2.000
1192 2608 1245 2643 fr.,

344 2652 504 2683 conduite
531 2650 802 2688 irréprochable,
834 2649 1030 2685 épouserait
1053 2650 1160 2687 jeune
1176 2648 1246 2678 fille

343 2700 389 2723 ou
401 2700 511 2723 veuve
525 2693 565 2721 23
578 2692 598 2721 à
611 2692 653 2721 30
667 2699 741 2723 ans,
757 2689 919 2720 honnête.
936 2705 953 2712 -
969 2690 1001 2720 N
1006 2699 1012 2704 -
1029 2690 1078 2719 71.

384 2758 513 2794 Créole,
544 2758 633 2788 beau
649 2764 788 2795 garçon,
819 2755 918 2791 brun,
950 2754 1098 2788 divorcé,
1117 2756 1134 2784 à
1151 2754 1246 2784 Paris

344 2800 389 2829 où
404 2799 427 2829 il
444 2800 495 2829 est
511 2797 693 2832 domicilié,
711 2798 750 2826 49
762 2805 833 2830 ans,
846 2795 1012 2833 physique
1021 2797 1138 2832 jeune,
1156 2794 1247 2824 fonc¬

344 2838 516 2869 tionnaire
532 2838 644 2871 15,000
658 2837 700 2867 fr.
717 2845 779 2875 par
789 2844 843 2870 an,
855 2838 1062 2875 espérances
1076 2835 1190 2864 24.000
1203 2833 1246 2863 fr.

344 2880 363 2908 3
380 2879 607 2913 décorations,
637 2879 657 2907 2
671 2884 818 2916 garçons
833 2877 852 2905 9
866 2880 900 2906 et
915 2877 934 2905 7
950 2883 1023 2910 ans,
1048 2875 1248 2914 épouserait

345 2919 539 2949 civilement
566 2926 675 2948 veuve
692 2924 735 2948 ou
750 2917 908 2947 divorcée
923 2918 943 2946 à
968 2923 1030 2945 son
1045 2915 1158 2954 profit,
1175 2915 1213 2944 35
1229 2915 1248 2943 à

344 2960 384 2989 45
395 2967 468 2994 ans,
485 2958 657 2996 répondra
673 2959 693 2988 à
703 2960 817 2988 toutes
829 2957 949 2986 lettres
966 2955 1119 2986 donnant
1134 2956 1248 2985 adres¬

345 3008 394 3030 se.
411 3016 429 3022 -
450 3001 491 3029 N-
519 3000 568 3028 72.

382 3065 585 3097 Célibataire
616 3064 774 3103 employé
804 3063 976 3097 P.-L.-M.,
1003 3062 1041 3091 25
1058 3069 1132 3097 ans,
1145 3061 1245 3097 brun,

345 3108 416 3137 très
442 3105 646 3140 affectueux,
664 3104 825 3134 situation
848 3103 951 3139 5.200,
969 3101 1167 3141 épouserait
1188 3102 1248 3131 de¬

345 3146 500 3177 moiselle
516 3153 560 3176 ou
577 3153 683 3175 veuve
699 3144 789 3180 bien,
807 3143 846 3174 20
861 3145 880 3173 à
895 3144 934 3173 24
950 3151 1024 3176 ans,
1041 3144 1144 3180 ayant
1159 3142 1248 3172 situ¬

345 3187 437 3217 ation
455 3194 498 3216 ou
514 3186 582 3216 dot.
598 3201 617 3207 -
632 3186 673 3216 N-
691 3185 740 3215 73.

385 3254 527 3285 Ouvrier
556 3254 718 3291 forgeron
746 3252 785 3281 44
815 3259 887 3284 ans,
914 3253 1016 3289 ayant
1037 3251 1104 3280 bon
1121 3249 1248 3288 emploi

344 3298 489 3325 travaux
503 3294 646 3333 publics,
665 3294 813 3332 gagnant
823 3291 962 3321 1.500fr.
979 3299 1042 3328 par
1057 3292 1156 3326 mois,
1170 3293 1246 3321 éco¬

345 3336 478 3366 nomies
507 3334 620 3364 20.000
649 3334 704 3370 fr.,
742 3331 942 3370 épouserait
970 3331 1171 3361 demoiselle
1199 3338 1244 3361 ou

346 3383 454 3406 veuve
483 3375 594 3404 même
609 3381 692 3403 avec
708 3372 835 3407 enfant,
861 3372 900 3401 30
915 3373 934 3401 à
950 3370 988 3400 40
1005 3379 1077 3407 ans,
1096 3371 1248 3400 désirant

345 3416 439 3446 vivre
455 3423 499 3445 en
514 3413 708 3451 Amérique,
726 3412 862 3443 fortune
877 3420 938 3451 pas
955 3412 1087 3449 exigée.
1106 3427 1123 3432 -
1137 3411 1179 3441 N*
1196 3411 1244 3440 78.

386 3481 590 3512 Demoiselle
618 3480 658 3509 34
682 3487 754 3514 ans,
776 3477 968 3518 orpheline,
987 3478 1169 3516 employée
1188 3477 1247 3507 ad¬

347 3522 576 3552 ministration
593 3520 634 3550 de
649 3520 757 3555 l’Etat,
774 3518 944 3552 mobilier,
962 3520 1170 3553 économies,
1186 3517 1248 3547 dé¬

347 3562 416 3592 sire
432 3561 584 3600 mariage
607 3568 689 3590 avec
704 3559 882 3590 monsieur
897 3559 959 3597 âge
975 3561 1009 3588 et
1025 3558 1188 3588 situation
1204 3566 1247 3587 en

348 3604 500 3641 rapport.
516 3617 536 3624 -
550 3602 591 3632 N.
608 3602 657 3630 79.

387 3668 521 3699 Officier
549 3667 715 3698 artillerie
744 3666 833 3700 veuf,
862 3666 898 3694 31
926 3673 999 3699 ans,
1032 3665 1131 3699 brun,
1168 3664 1248 3694 bien

348 3718 429 3740 sous
445 3711 523 3740 tous
538 3709 589 3738 les
604 3709 776 3746 rapports,
793 3705 1103 3744 épouseraitjeune
1120 3704 1189 3734 fille
1204 3712 1249 3734 ou

348 3757 457 3781 veuve
471 3749 510 3779 26
525 3750 544 3779 à
559 3748 598 3778 35
614 3756 685 3784 ans,
700 3746 795 3785 jolie,
814 3748 914 3783 ayant
930 3745 987 3775 dot
1003 3753 1046 3775 ou
1062 3744 1151 3774 belle
1162 3745 1249 3774 situ¬

349 3792 454 3821 ation.
469 3805 484 3811 -
502 3791 542 3820 N*
557 3789 606 3818 80.

388 3860 496 3888 Jeune
512 3857 698 3887 homme23
709 3862 781 3888 ans,
797 3853 915 3892 grand,
927 3852 1075 3887 châtain,
1088 3851 1249 3881 situation

348 3898 442 3933 6.000
457 3897 511 3932 fr.,
528 3896 624 3927 avoir
638 3895 748 3926 10.000
764 3894 818 3931 fr.,
835 3893 1032 3931 épouserait
1048 3891 1249 3923 demoiselle

349 3939 387 3967 18
403 3940 421 3968 à
436 3939 475 3968 22
490 3945 563 3974 ans,
580 3936 701 3972 brune,
720 3934 881 3965 situation
898 3933 1077 3971 analogue.
1099 3948 1113 3954 -
1140 3933 1169 3963 N
1175 3941 1180 3947 -
1198 3932 1247 3961 81.

389 4016 498 4045 Jeune
514 4014 584 4044 fille
598 4014 638 4043 26
651 4020 723 4048 ans,
736 4012 815 4042 bien
835 4011 1109 4050 physiquement,
1128 4010 1247 4045 douce,

350 4055 517 4090 sérieuse,
533 4053 784 4084 fonctionnaire
801 4053 918 4087 d’Etat,
938 4053 1249 4089 appointemments

348 4095 443 4125 6.000
458 4093 514 4129 fr.,
530 4095 739 4132 espérances
755 4091 931 4127 20.000fr.,
942 4091 1142 4130 épouserait
1156 4098 1250 4120 mon¬

350 4135 445 4166 sieur
459 4133 538 4164 sûre
555 4140 597 4164 en
613 4135 764 4171 rapport.
781 4148 798 4153 -
810 4132 838 4162 N
844 4139 850 4145 -
872 4132 922 4161 82.

390 4199 566 4231 Monsieur
581 4198 666 4233 aisé,
683 4197 845 4228 situation
855 4194 948 4230 sûre,
964 4195 1001 4224 41
1013 4203 1085 4230 ans,
1096 4195 1249 4230 sérieux,

351 4241 465 4271 désire
493 4239 671 4270 connaître
699 4245 786 4277 pour
824 4235 987 4272 mariage,
1023 4237 1130 4272 jeune
1167 4235 1249 4269 fille,

349 4288 458 4311 veuve
481 4288 525 4310 ou
541 4281 711 4313 divorcée,
739 4277 806 4306 bon
823 4277 1012 4309 caractère,
1028 4275 1117 4304 belle
1135 4277 1168 4304 et
1197 4282 1251 4304 su¬

349 4322 456 4359 perbe
470 4321 606 4350 femme.
623 4335 643 4341 -
658 4319 693 4347 N-
712 4318 761 4347 83.

391 4391 604 4424 Fille-mère,
616 4389 656 4418 30
669 4396 740 4422 ans,
753 4384 948 4416 économies
965 4383 1055 4412 1.500
1067 4382 1120 4417 fr.,
1138 4381 1250 4411 bonne

351 4430 475 4461 femme
493 4430 703 4465 d’intérieur,
721 4425 914 4465 orpheline,
932 4423 1131 4463 épouserait
1142 4423 1250 4459 jeune

349 4471 487 4501 homme
498 4469 709 4505 travailleur,
721 4466 884 4501 honnête,
896 4465 998 4495 ferait
1007 4472 1069 4494 son
1083 4462 1249 4492 bonheur.

351 4511 392 4541 N-
410 4512 460 4541 85.

390 4577 606 4611 Célibataire,
630 4575 668 4604 40
696 4581 768 4611 ans,
781 4569 1250 4612 propriétaire-cultivateur,

351 4618 478 4648 famille
493 4618 566 4647 très
595 4618 761 4649 sérieuse,
787 4613 985 4651 épouserait
1006 4618 1115 4641 veuve
1138 4617 1181 4640 ou
1198 4609 1253 4638 de¬

351 4657 506 4688 moiselle
532 4657 572 4686 30
594 4658 611 4685 à
634 4656 673 4684 35
687 4661 757 4690 ans,
774 4655 939 4689 sérieuse,
955 4651 1090 4681 fortune
1106 4658 1166 4688 pas
1183 4648 1253 4680 exi¬

350 4701 425 4736 gée.
442 4698 482 4728 N-
500 4697 549 4726 86.

394 4775 598 4805 Lieutenant
620 4770 791 4801 artillerie
821 4768 941 4799 active,
967 4767 1007 4795 29
1050 4773 1120 4801 ans,
1157 4765 1252 4802 large

351 4815 488 4849 d’idées,
503 4814 615 4843 désire
631 4812 735 4842 union
752 4816 834 4838 avec
851 4814 1022 4846 personne
1040 4806 1076 4834 18
1092 4806 1111 4834 à
1126 4806 1165 4834 29
1181 4813 1251 4843 ans,

352 4855 574 4890 affectueuse,
612 4850 839 4888 intelligente,
872 4848 984 4876 bonne
1008 4845 1189 4875 éducation
1217 4849 1253 4875 et

351 4896 419 4933 dot,
435 4895 505 4925 très
520 4894 668 4929 sérieux,
684 4890 821 4929 dispose
836 4887 952 4926 photo.
971 4901 988 4907 -
1002 4886 1029 4915 N
1034 4893 1040 4899 -
1059 4885 1109 4914 87.

392 4966 598 4996 Demoiselle
618 4964 658 4993 25
681 4970 755 4994 ans,
780 4958 878 4998 jolie,
909 4956 1054 4993 dactylo,
1082 4958 1182 4991 ayant
1205 4963 1252 4986 un

352 5007 470 5038 enfant
486 5007 526 5035 de
541 5013 587 5036 un
599 5013 653 5040 an,
680 5002 792 5033 désire
808 4997 958 5035 mariage
974 5004 1056 5025 avec
1073 4996 1250 5026 monsieur

352 5048 454 5086 ayant
469 5045 644 5080 situation,
661 5044 724 5082 âge
738 5038 947 5071 indifférent.
969 5052 982 5057 -
1003 5036 1032 5066 N
1037 5044 1043 5050 -
1061 5034 1110 5064 88.

1327 360 1566 392 Sous-officier
1587 357 1789 388 abandonné
1812 355 1895 386 dans
1923 356 1954 385 le
1976 352 2077 384 bledd
2112 360 2187 382 ma¬

1286 402 1416 437 rocain,
1434 400 1531 430 franc
1547 401 1580 429 et
1599 399 1700 436 loyal,
1718 396 1824 427 serait
1845 396 2003 426 heureux
2032 394 2072 423 de
2088 394 2187 422 trou¬

1286 450 1347 473 ver
1370 449 1437 472 une
1452 441 1529 470 âme
1546 447 1636 469 sœur
1647 441 1681 469 et
1696 437 1797 476 digne
1813 436 1973 466 d’amitié.
1992 451 2003 456 -
2017 435 2046 464 N
2051 442 2058 449 -
2083 433 2134 463 89.

1327 507 1530 539 Célibataire
1547 506 1706 543 français,
1732 503 1811 534 chef
1833 503 1874 532 de
1899 504 1995 541 poste
2026 501 2116 530 mine
2147 499 2188 528 de

1287 549 1488 589 phosphate,
1515 546 1773 585 appoiutement
1798 543 1889 573 8.000
1917 542 1966 579 fr.,
1992 539 2188 571 économies

1288 589 1376 620 6.000
1391 588 1430 618 fr.
1444 586 1701 624 sérieux,goûts
1714 585 1864 623 simples,
1875 582 2189 621 épouseraitjeune

1289 630 1358 660 fille
1386 637 1430 659 ou
1452 635 1559 658 veuve
1588 627 1627 656 28
1651 628 1669 656 à
1700 625 1739 654 35
1765 632 1838 660 ans,
1868 623 2034 658 sérieuse,
2065 621 2190 650 femme

1289 670 1501 705 d’intérieur,
1517 675 1577 706 pas
1594 668 1735 696 sérieux
1751 663 1937 695 s’abstenir.
1951 678 1970 684 -
1986 662 2014 692 N
2017 670 2023 677 -
2040 661 2088 692 90.

1329 738 1439 766 Jeune
1455 735 1524 764 fille
1537 734 1658 770 brune,
1675 731 1879 770 distinguée,
1896 728 1991 761 avoir
2019 727 2127 759 25.000
2143 727 2191 764 fr.,

1291 778 1455 812 sérieuse,
1481 776 1610 810 brevet,
1639 774 1753 804 bonne
1782 771 1974 806 éducation,
1992 767 2190 808 épouserait

1291 816 1543 848 fonctionnaire
1558 821 1602 845 ou
1614 813 1745 844 officier
1758 813 1798 842 28
1813 814 1832 842 à
1846 812 1887 841 32
1898 818 1971 847 ans,
1986 808 2191 846 intelligent,

1291 857 1452 894 honnête,
1465 855 1599 890 délicat,
1618 853 1828 890 travailleur,
1846 851 2008 881 situation
2025 848 2190 880 sérieuse.

1292 914 1309 920 -
1325 897 1364 927 N-
1379 898 1427 927 91.

1333 968 1509 999 Monsieur
1522 967 1562 997 30
1577 974 1647 1003 ans,
1663 964 1791 996 famille
1806 961 2006 999 honorable,
2032 959 2193 997 honnête,

1293 1009 1443 1045 sérieux,
1462 1008 1529 1038 bon
1559 1006 1763 1044 catholique,
1790 1003 1995 1034 instruction
2019 1001 2193 1040 primaire,

1294 1052 1351 1080 dot
1366 1048 1473 1079 15.000
1487 1048 1527 1078 fr.
1541 1049 1577 1077 et
1593 1046 1780 1085 propriété,
1796 1044 1993 1083 épouserait
2008 1043 2115 1079 jeune
2124 1041 2194 1071 fille

1294 1090 1517 1125 musicienne,
1534 1087 1696 1117 situation
1712 1094 1755 1116 en
1771 1087 1921 1123 rapport.
1936 1100 1948 1105 -
1963 1083 1992 1112 N
1995 1091 2001 1097 -
2014 1082 2062 1112 92.

1334 1155 1518 1194 Ingénieur
1534 1153 1695 1193 agricole,
1711 1153 1750 1182 38
1766 1159 1838 1187 ans,
1856 1149 2017 1181 situation
2034 1141 2141 1179 1&.000
2156 1147 2195 1178 fr.

1294 1198 1423 1233 Maroc,
1449 1195 1648 1234 épouserait
1675 1195 1780 1230 jeune
1795 1192 1865 1221 fille
1892 1192 1932 1221 25
1955 1192 1975 1219 à
1994 1190 2034 1219 30
2058 1197 2130 1225 ans,
2154 1189 2196 1218 de

1294 1236 1498 1276 préférence
1515 1234 1675 1265 habituée
1691 1235 1710 1264 à
1723 1233 1883 1271 l’Afrique
1899 1233 1941 1261 du
1957 1231 2059 1260 Nord.
2071 1231 2131 1259 -N'
2148 1229 2196 1258 51.

1337 1304 1660 1341 Ex-entrepreneur,
1688 1298 1777 1337 veuf,
1799 1299 1839 1329 53
1867 1306 1938 1335 ans,
1964 1305 2043 1327 sans
2067 1297 2195 1333 enfant,

1296 1343 1378 1381 aisé,
1408 1342 1636 1374 honorabilité
1673 1340 1826 1379 parfaite,
1869 1338 1967 1377 goûts
2007 1336 2193 1372 modestes,

1296 1386 1423 1414 aimant
1450 1383 1630 1419 intérieur,
1661 1381 1773 1413 désire
1800 1381 1907 1410 s’unir
1922 1386 2003 1409 avec
2021 1384 2195 1416 personne

1294 1424 1333 1455 30
1349 1426 1367 1454 à
1380 1423 1419 1453 35
1435 1431 1506 1460 ans,
1521 1423 1645 1453 femme
1668 1421 1802 1450 d’ordre
1818 1422 1853 1450 et
1876 1418 2085 1454 d’intérieur,
2107 1417 2194 1446 bon¬

1295 1472 1356 1495 nes
1368 1463 1522 1502 qualités,
1533 1462 1698 1502 physique
1713 1460 1884 1499 agréable,
1896 1458 2023 1489 famille
2033 1456 2196 1491 honnête,

1296 1504 1449 1540 franche,
1466 1503 1590 1541 loyale,
1609 1511 1669 1540 pas
1679 1501 1786 1535 riche,
1805 1500 1888 1530 mais
1901 1498 2086 1538 possédant
2102 1497 2197 1527 avoir

1297 1545 1366 1581 sûr,
1380 1545 1428 1574 lui
1442 1545 1651 1584 permettant
1674 1543 1713 1572 de
1736 1541 1829 1572 vivre
1845 1548 1927 1570 avec
1956 1538 2106 1573 aisance,
2124 1538 2196 1567 très

1298 1587 1447 1616 sérieux.
1463 1601 1474 1605 -
1491 1585 1529 1614 N*
1544 1583 1592 1613 93.

1337 1653 1455 1682 Mutilé
1472 1651 1512 1680 de
1527 1657 1665 1688 guerre,
1696 1648 1795 1679 1.800
1823 1646 1863 1677 fr.
1883 1647 1924 1677 de
1941 1645 2097 1684 pension,
2114 1653 2196 1674 aura

1297 1692 1436 1730 emploi,
1453 1691 1601 1730 diplômé
1613 1691 1654 1719 de
1669 1688 1913 1728 comptabilité,
1928 1686 2004 1717 bien
2023 1693 2104 1716 sous
2120 1687 2197 1715 tous

1297 1736 1466 1771 rapports,
1484 1730 1682 1770 épouserait
1698 1728 1896 1759 demoiselle
1909 1736 1952 1758 ou
1969 1734 2078 1756 veuve
2095 1728 2198 1762 ayant

1298 1771 1472 1808 situation,
1490 1771 1615 1802 femme
1632 1770 1843 1804 d’intérieur,
1872 1766 2032 1798 honnête.
2054 1782 2073 1788 -
2088 1766 2118 1796 N
2124 1774 2129 1780 -
2146 1766 2195 1795 94.

1337 1840 1425 1870 Veuf
1438 1847 1517 1869 sans
1538 1836 1667 1873 enfant,
1683 1837 1722 1866 37
1739 1834 1876 1872 ans,200
1891 1834 1932 1864 fr.
1946 1833 1987 1863 de
2003 1835 2120 1864 rentes
2136 1840 2199 1871 par

1298 1880 1396 1916 mois,
1413 1878 1575 1910 situation
1590 1877 1701 1907 14.000
1716 1876 1755 1906 fr.
1784 1883 1846 1915 par
1862 1883 1903 1905 an
1921 1875 2000 1904 dans
2017 1874 2196 1907 industrie,

1297 1919 1496 1960 épouserait
1537 1917 1736 1948 demoiselle
1764 1924 1808 1946 ou
1835 1923 1943 1945 veuve
1972 1922 2050 1944 sans
2081 1912 2198 1943 enfant

1298 1964 1399 2000 ayant
1415 1961 1472 1991 dot
1487 1967 1531 1989 ou
1547 1958 1635 1989 belle
1652 1956 1824 1988 situation.
1842 1971 1860 1977 -
1875 1957 1904 1986 N
1910 1964 1916 1970 -
1931 1955 1980 1985 95.

1336 2030 1445 2058 Jeune
1461 2026 1597 2056 homme
1617 2025 1657 2054 30
1672 2031 1746 2060 ans,
1761 2024 1874 2054 bonne
1890 2021 2026 2058 famille,
2052 2020 2199 2051 catholi¬

1298 2077 1375 2107 que,
1390 2068 1442 2097 fils
1458 2070 1500 2096 de
1514 2064 1757 2106 propriétaire,
1774 2064 1842 2094 suit
1857 2070 1959 2093 cours
1974 2062 2090 2099 Pigier
2112 2068 2200 2099 pour

1299 2108 1425 2147 emploi
1441 2107 1523 2137 dans
1540 2107 1683 2143 banque,
1700 2103 1865 2135 demande
1872 2104 1978 2141 jeune
1994 2101 2064 2132 fille
2072 2101 2112 2132 22
2127 2103 2144 2131 à
2160 2101 2199 2130 28

1299 2157 1359 2180 ans
1371 2155 1459 2187 pour
1472 2146 1558 2177 faire
1575 2147 1726 2184 mariage
1747 2145 1910 2174 d'amour.
1927 2159 1945 2164 -
1960 2143 2000 2172 N'
2019 2142 2068 2172 96.

1338 2219 1500 2250 Déformé
1516 2218 1556 2248 de
1572 2217 1757 2253 guerre,27
1771 2224 1842 2250 ans,
1854 2214 1966 2245 bonne
1982 2212 2200 2250 instruction,

1299 2262 1394 2292 avoir
1409 2260 1447 2289 25
1463 2260 1482 2288 â
1497 2258 1609 2288 30.000
1624 2257 1666 2287 fr.
1683 2257 1781 2287 titres
1794 2263 1836 2286 ou
1853 2254 2061 2287 numéraire,
2080 2256 2199 2284 autant

1299 2309 1342 2332 en
1358 2299 1561 2330 immeubles
1576 2298 1652 2337 plus
1669 2297 1755 2333 tard,
1772 2295 1924 2326 désirant
1938 2295 2025 2324 faire
2040 2301 2085 2324 un
2103 2301 2199 2323 com¬

1300 2349 1427 2377 merce,
1443 2338 1759 2377 épouseraitjeune
1784 2336 1854 2366 fille
1870 2335 2082 2366 convenable
2099 2336 2200 2372 ayant

1300 2381 1399 2421 goûts
1415 2381 1563 2417 simples,
1579 2378 1783 2415 catholique,
1799 2379 1898 2414 ayant
1908 2376 1964 2406 dot
1980 2383 2022 2405 ou
2039 2375 2199 2405 situation

1302 2419 1554 2452 commerciale.
1571 2435 1583 2441 -
1598 2419 1627 2448 N
1630 2427 1636 2433 -
1652 2419 1703 2448 97.

1341 2487 1546 2520 Demoiselle
1574 2488 1614 2517 33
1628 2494 1698 2523 ans,
1727 2488 1827 2523 ayant
1841 2484 2012 2520 situation,
2025 2484 2104 2514 bien
2120 2491 2200 2513 sous

1301 2533 1378 2561 tous
1394 2529 1444 2559 les
1460 2530 1628 2567 rapports,
1649 2529 1721 2557 très
1753 2525 1974 2561 affectueuse,
2003 2523 2200 2562 épouserait

1301 2569 1479 2600 monsieur
1505 2570 1608 2607 ayant
1629 2568 1714 2605 jolie
1743 2566 1915 2602 situation,
1927 2567 1998 2595 très
2014 2564 2166 2595 sérieux.
2182 2579 2201 2585 -

1301 2611 1342 2641 N-
1360 2610 1409 2639 98.

2384 378 2533 436 Avis
2574 391 2691 432 aux
2724 373 3001 430 Abonnés

2284 504 2380 531 Nous
2409 502 2614 533 conseillons
2640 505 2715 528 aux
2740 502 2933 532 personnes
2946 494 3105 530 pouvant
3118 494 3147 523 le

2242 541 2338 576 taire
2338 544 2346 577 ,
2373 544 2414 572 de
2440 543 2617 572 souscrire
2644 540 2684 568 de
2697 538 2902 573 préférence
2917 542 2967 565 un
2991 535 3144 564 abonne¬

2244 584 2340 611 ment
2355 581 2394 612 dé
2409 585 2430 613 6
2445 584 2545 614 mois.
2568 581 2657 611 Elles
2680 580 2810 608 auront
2834 576 3034 611 l'avantage
3050 576 3090 604 de
3105 581 3149 601 ne

2241 628 2307 656 pas
2319 625 2447 656 perdre
2462 625 2502 652 de
2517 629 2582 652 vue
2596 627 2646 650 un
2656 619 2729 649 seul
2745 617 2881 647 abonné
2896 617 2928 646 et
2942 617 2983 645 de
2998 616 3148 644 réaliser

2245 668 2314 691 une
2329 663 2505 694 économie
2520 664 2559 692 de
2575 663 2621 692 20

2287 791 2391 821 AVIS.
2423 807 2459 813 —
2488 792 2552 820 Les
2580 787 2737 818 Abonnés
2763 785 2804 815 de
2832 784 2865 814 la
2882 784 3022 814 REVUE
3038 782 3150 812 MEN¬

2249 831 2416 867 SUELLE,
2443 830 2595 861 désirant
2624 826 2781 858 recevoir
2804 826 2836 854 la
2862 835 2880 852 «
2896 826 3011 855 Revue
3027 834 3044 850 »
3068 830 3148 852 sous

2248 871 2456 910 enveloppes
2486 871 2633 901 fermées
2663 869 2740 898 sont
2774 865 2865 903 priés
2895 864 3088 894 d’adresser
3117 862 3147 892 la

2249 918 2379 941 somme
2396 912 2436 942 de
2451 912 2471 942 2
2486 911 2526 941 fr.
2543 918 2585 941 en
2601 909 2677 948 plus
2693 914 2781 946 pour
2805 905 2856 936 les
2887 904 2969 934 frais
3001 904 3041 934 de
3068 903 3149 933 tim¬

2249 950 2329 980 bres
2346 958 2353 987 ;
2385 952 2434 981 les
2460 951 2613 981 abonnés
2642 949 2718 979 sont
2747 946 2942 984 également
2970 944 3062 982 priés
3108 942 3150 972 de

2250 990 2394 1021 timbrer
2422 993 2516 1022 leurs
2547 992 2666 1021 lettres
2696 989 2714 1018 à
2742 987 2781 1016 25
2797 988 2885 1016 cent,
2913 991 3000 1023 pour
3015 990 3149 1014 corres¬

2250 1031 2382 1070 pondre
2392 1035 2491 1062 entre
2506 1032 2669 1062 abonnés.

2291 1132 2416 1160 Jeunes
2435 1138 2530 1167 gens,
2550 1132 2676 1166 jeunes
2703 1128 2788 1163 filles
2815 1126 2848 1156 et
2876 1130 2961 1154 vous
2989 1125 3065 1154 tous
3094 1123 3153 1158 qui

2251 1172 2382 1200 désirez
2420 1178 2507 1202 vous
2543 1171 2691 1203 marier,
2731 1166 2922 1196 demandez
2960 1165 2989 1193 le
3019 1163 3153 1194 GUIDE

2252 1212 2478 1243 PRATIQUE
2511 1213 2575 1242 DU
2607 1209 2819 1240 BONHEUR
2853 1208 2916 1235 EN
2950 1197 3152 1236 MÉNAGE,

2252 1253 2442 1281 contenant
2456 1253 2513 1281 des
2528 1252 2671 1281 conseils
2685 1249 2753 1278 très
2767 1248 2867 1276 utiles
2875 1252 2970 1281 pour
2979 1244 3154 1274 lernaria-

2251 1298 2305 1327 ge,
2321 1292 2350 1321 le
2364 1294 2501 1322 volume
2513 1298 2585 1327 par
2598 1292 2628 1320 J.
2648 1282 2877 1320 PÉLISSIER
2898 1286 3058 1320 pouvant
3080 1281 3153 1314 être

2253 1334 2289 1361 lu
2300 1338 2371 1367 par
2386 1333 2460 1362 tout
2476 1333 2504 1361 le
2517 1332 2652 1362 monde.

2293 1373 2462 1402 Adressez
2478 1373 2512 1401 la
2526 1377 2659 1402 somme
2671 1372 2710 1399 de
2721 1370 2741 1398 3
2753 1368 2800 1403 fr.
2819 1369 2864 1397 50
2879 1366 2902 1396 à
2915 1367 2949 1395 la
2964 1364 3154 1394 Directrice

2252 1413 2292 1441 de
2307 1414 2341 1442 la
2357 1413 2505 1443 REVUE
2520 1410 2799 1442 MENSUELLE,
2817 1408 2876 1444 qui
2897 1412 2981 1436 vous
3009 1403 3154 1434 l'adres¬

2252 1458 2333 1482 sera
2348 1453 2476 1486 franco
2491 1454 2531 1481 de
2542 1452 2635 1487 port.

2293 1553 2359 1581 Les
2385 1557 2563 1580 annonces
2589 1551 2679 1580 dans
2706 1550 2741 1578 la
2755 1549 2773 1577 «
2788 1549 2903 1577 Revue
2917 1551 2933 1575 »
2961 1545 3039 1574 sont
3071 1544 3112 1573 de
3131 1543 3154 1572 4

2256 1592 2366 1627 lignes
2381 1598 2429 1620 au
2443 1592 2644 1621 maximun.
2659 1591 2916 1623 Lespersonnes
2931 1585 2990 1622 qui
3004 1584 3157 1614 désirent

2254 1633 2331 1661 leur
2357 1638 2517 1660 annonce
2543 1633 2621 1665 plus
2636 1632 2760 1665 longue
2772 1628 2936 1663 paieront
2950 1631 2999 1655 un
3013 1624 3153 1659 supplé¬

2254 1672 2351 1701 ment
2363 1672 2402 1700 de
2417 1673 2438 1700 3
2455 1671 2503 1707 fr.
2522 1672 2555 1700 la
2571 1671 2673 1706 ligne.

2294 1776 2344 1804 La
2359 1775 2376 1804 «
2387 1775 2502 1804 Revue
2518 1775 2701 1803 Mensuelle
2711 1779 2726 1801 »
2743 1771 2880 1806 accepte
2896 1770 3004 1799 toutes
3019 1774 3154 1798 annon¬

2253 1821 2308 1844 ces
2335 1816 2598 1844 commerciales
2623 1821 2669 1843 ou
2683 1813 2814 1846 autres,
2830 1812 2897 1841 soit
2906 1811 3034 1844 ventes,
3051 1809 3156 1844 fonds

2254 1856 2294 1884 de
2306 1861 2500 1885 commerce
2515 1861 2559 1884 ou
2574 1854 2756 1883 industrie.

2281 2023 2692 2081 ANNONCES
2749 2018 3129 2078 DIVERSES

2259 2155 2283 2210 A
2318 2155 2322 2178 l
2348 2154 2370 2195 fl
2379 2154 2402 2195 ||
2413 2154 2469 2184 CD
2517 2145 2648 2176 maison
2669 2143 2887 2176 d’habitation
2918 2146 2935 2173 à
2965 2143 2997 2172 la
3027 2149 3158 2179 campa-

2318 2177 2471 2210 LUÜLn
2516 2195 2595 2225 gne,
2613 2187 2685 2216 de6
2700 2187 2719 2216 à
2733 2186 2752 2214 8
2768 2185 2884 2223 pièces
2910 2182 3061 2221 garnies,
3089 2183 3158 2219 jar¬

2256 2228 2323 2264 din,
2340 2228 2498 2258 banlieue
2514 2227 2613 2257 d’une
2635 2226 2738 2264 petite
2760 2225 2851 2260 ville,
2865 2232 2945 2262 pays
2972 2224 3012 2253 de
3037 2222 3159 2252 chasse

2256 2271 2290 2298 et
2306 2269 2346 2299 de
2361 2268 2482 2307 pêche.
2501 2283 2520 2289 -
2536 2269 2575 2298 N'
2596 2267 2644 2296 10.

2258 2342 2281 2397 A
2317 2340 2322 2384 l
2348 2340 2472 2383 fllll-R
2520 2334 2759 2372 appartement
2793 2332 2811 2361 4
2843 2330 2959 2369 pièces
3002 2329 3155 2367 garnies.

2317 2365 2473 2398 HJULn
2518 2375 2538 2403 2
2553 2373 2745 2408 chambres,
2764 2372 2848 2402 salle
2864 2374 2882 2400 à
2898 2378 3052 2407 manger,
3081 2370 3157 2399 cui¬

2256 2416 2342 2451 sine,
2361 2414 2538 2450 vestibule,
2548 2414 2793 2447 water-closet,
2805 2411 2940 2442 cabinet
2956 2412 2997 2440 de
3013 2410 3156 2440 toilette.

2256 2472 2275 2478 -
2290 2457 2331 2486 N-
2349 2456 2398 2484 11.

2281 2528 2297 2585 A
2323 2528 2346 2571 \/
2356 2528 2377 2570 F
2389 2529 2413 2570 M
2425 2528 2449 2570 n
2459 2528 2480 2570 R
2492 2527 2514 2569 F
2562 2520 2691 2559 sff^nde
2724 2518 2900 2558 propriété
2935 2517 3160 2555 comprenant

2328 2558 2340 2584 V
2357 2552 2379 2584 L
2389 2552 2413 2584 IN
2426 2552 2449 2584 U
2459 2551 2482 2584 H
2493 2556 2516 2583 L
2563 2561 2714 2590 maisons
2728 2560 2769 2589 de
2778 2559 2901 2589 maître
2911 2562 2945 2588 et
2955 2558 2996 2588 de
3005 2557 3158 2587 fermier.

2258 2603 2338 2632 Prix
2354 2603 2373 2632 à
2389 2602 2555 2632 débattre.
2572 2616 2592 2623 -
2607 2601 2647 2629 N-
2666 2601 2715 2630 12.

1341 2675 1547 2707 Demoiselle
1575 2675 1614 2705 40
1641 2683 1711 2712 ans,
1741 2673 1935 2705 économies
1953 2672 2066 2703 15.000
2081 2671 2122 2701 fr.
2145 2672 2200 2702 im¬

1302 2717 1438 2748 meuble
1453 2716 1546 2746 6.000
1560 2715 1601 2744 fr.
1620 2717 1653 2744 et
1669 2722 1871 2750 commerce,
1900 2713 2012 2743 désire
2030 2719 2202 2749 personne

1302 2756 1524 2792 affectueuse,
1553 2754 1756 2792 catholique,
1784 2753 1944 2784 situation
1962 2755 1996 2782 et
2011 2751 2108 2782 avoir
2123 2758 2201 2780 sans

1300 2798 1525 2836 importance.
1542 2811 1556 2818 -
1583 2795 1622 2825 N'
1637 2794 1687 2824 99.

1340 2864 1450 2893 Jeune
1479 2861 1616 2891 homme
1644 2861 1684 2890 22
1699 2868 1769 2897 ans,
1784 2859 1837 2890 fils
1854 2859 1992 2898 unique,
2008 2859 2063 2889 bel
2082 2858 2203 2888 avenir

1302 2905 1403 2943 après
1420 2903 1890 2941 parents,épouseraitjeune
1905 2899 1974 2930 fille
1993 2901 2028 2928 17
2045 2901 2062 2929 à
2078 2899 2118 2928 22
2133 2906 2203 2934 ans,

1302 2945 1467 2979 sérieuse,
1481 2941 1607 2971 femme
1623 2941 1833 2977 d’intérieur,
1847 2940 1927 2970 bien
1937 2947 2018 2970 sous
2033 2942 2110 2969 tous
2127 2947 2201 2977 rap¬

1302 2986 1408 3023 ports.
1426 2999 1445 3005 -
1459 2984 1499 3012 N-
1519 2982 1586 3012 100.

1341 3058 1580 3089 Sous-officier
1609 3057 1825 3087 d’infanterie
1856 3055 2034 3092 coloniale,
2068 3055 2108 3084 26
2133 3063 2203 3084 ans.

1301 3100 1414 3131 bonne
1431 3099 1591 3129 situation
1610 3099 1649 3127 de
1666 3097 1802 3134 famille,
1819 3095 2015 3127 économies
2034 3095 2145 3125 10.000
2160 3096 2199 3125 fr.

1302 3139 1501 3179 épouserait
1545 3137 1744 3168 demoiselle
1773 3137 1938 3173 sérieuse,
1968 3136 2130 3166 situation
2160 3144 2201 3165 en

1302 3183 1453 3219 rapport.
1470 3195 1489 3201 -
1505 3180 1544 3209 N-
1563 3178 1650 3208 6004.

1342 3249 1450 3277 Jeune
1465 3247 1603 3277 homme
1626 3247 1665 3275 24
1681 3253 1753 3282 ans,
1769 3245 1887 3275 mutilé
1904 3244 1944 3274 de
1961 3251 2099 3281 guerre,
2119 3252 2199 3282 pen¬

1304 3287 1378 3318 sion
1395 3287 1556 3318 annuelle
1579 3287 1672 3316 3.500
1687 3286 1739 3322 fr.,
1755 3285 1811 3315 dot
1826 3284 1914 3315 8.000
1929 3284 1981 3321 fr.,
2006 3284 2204 3323 épouserait

1297 3330 1406 3366 jeune
1420 3327 1489 3357 fille
1504 3335 1549 3358 ou
1563 3334 1672 3357 veuve
1688 3334 1767 3356 sans
1783 3325 1932 3356 fortune.
1948 3340 1962 3346 -
1983 3326 2012 3355 N
2017 3334 2023 3339 -
2040 3324 2129 3355 6005.

1343 3402 1545 3440 Ex-officier,
1572 3402 1612 3432 30
1635 3410 1705 3439 ans,
1721 3402 1846 3440 Légion
1874 3400 2074 3436 d’honneur,
2090 3399 2203 3430 indus¬

1303 3443 1392 3479 triel,
1420 3443 1534 3473 50.000
1549 3444 1588 3472 fr.
1603 3451 1667 3481 par
1679 3450 1733 3478 an,
1757 3445 1846 3478 auto,
1875 3440 2073 3479 épouserait
2097 3441 2204 3477 jeune

1303 3483 1374 3512 fille
1389 3483 1592 3522 distinguée,
1624 3482 1848 3518 musicienne,
1879 3480 2040 3511 situation
2063 3488 2105 3511 en
2121 3488 2204 3519 rap¬

1303 3525 1392 3562 port.
1409 3540 1428 3546 -
1443 3525 1483 3555 N'
1502 3523 1592 3553 6006.

1345 3583 1435 3613 Veuf
1440 3582 1479 3612 44
1487 3589 1560 3618 ans,
1569 3581 1639 3611 très
1649 3580 1763 3610 bonne
1771 3579 1912 3616 famille,
1927 3579 2064 3609 fortune
2078 3578 2206 3608 150.000

1304 3625 1357 3661 fr.,
1385 3622 1547 3653 situation
1589 3620 1732 3650 libérale
1760 3623 1779 3651 à
1795 3622 1896 3658 Lyon,
1933 3622 2075 3658 rapport
2092 3618 2205 3648 25.000

1303 3665 1358 3700 fr.,
1375 3663 1572 3701 épouserait
1579 3669 1688 3691 veuve
1702 3668 1746 3691 ou
1756 3660 1963 3691 demoiselle,
1974 3659 2036 3697 âge
2045 3662 2079 3689 et
2095 3659 2204 3688 situa¬

1303 3705 1375 3735 tion
1390 3711 1433 3733 en
1446 3703 1598 3740 rapport.
1615 3717 1629 3723 -
1638 3703 1668 3732 N
1673 3710 1679 3716 -
1696 3701 1786 3737 6007,

1343 3769 1478 3801 Officier
1507 3769 1548 3798 de
1577 3768 1761 3804 cavalerie,
1788 3770 1901 3798 comte
1917 3765 2150 3804 authentique,
2167 3765 2205 3794 42

1304 3818 1376 3847 ans,
1391 3809 1481 3839 3.000
1497 3807 1537 3837 fr.
1551 3808 1694 3846 pension
1710 3811 1744 3838 et
1759 3807 1922 3838 situation
1937 3805 2203 3844 indépendante,

1304 3850 1471 3890 physique
1501 3850 1571 3878 très
1599 3848 1770 3886 agréable,
1801 3848 1982 3885 distingué,
2006 3846 2144 3875 homme
2160 3844 2204 3873 du

1305 3892 1437 3927 monde,
1468 3889 1580 3919 désire
1609 3889 1760 3926 mariage
1792 3896 1873 3918 avec
1902 3890 1998 3917 dame
2014 3894 2058 3916 ou
2087 3892 2204 3920 veuve,

1305 3930 1416 3961 même
1433 3931 1527 3969 âgée,
1542 3931 1643 3967 ayant
1660 3929 1725 3959 dot.
1739 3929 1779 3959 N'
1795 3928 1882 3958 6008.

2261 2677 2286 2730 A
2324 2675 2380 2717 VF
2391 2677 2416 2716 M
2427 2675 2484 2716 HR
2494 2674 2518 2715 F
2562 2667 2669 2706 petite
2698 2666 2807 2697 ferme
2838 2666 3063 2703 comprenant
3093 2665 3161 2693 ter-

2328 2698 2518 2731 VLlNUnL
2564 2707 2657 2737 rains
2674 2710 2708 2736 et
2724 2708 2855 2735 maison
2881 2703 3101 2734 d’habitation
3118 2703 3160 2732 de

2257 2747 2409 2779 fermier.
2428 2746 2509 2778 Prix
2526 2755 2533 2777 :
2550 2746 2663 2776 20.000
2676 2746 2717 2776 fr.
2736 2761 2755 2767 -
2769 2746 2799 2775 N
2805 2754 2811 2760 -
2830 2745 2879 2775 13.

2261 2822 2285 2877 A
2326 2821 2352 2864 V
2359 2821 2382 2863 F
2393 2822 2417 2863 l\l
2429 2821 2453 2863 fl
2462 2820 2486 2862 R
2496 2820 2520 2862 F
2566 2812 2698 2843 ^ison
2707 2810 2926 2842 d’habitation
2934 2811 3017 2840 dans
3024 2809 3161 2846 village,

2331 2844 2346 2879 Y
2360 2844 2382 2876 L
2394 2844 2417 2876 IN
2430 2843 2453 2876 U
2464 2849 2486 2875 n
2497 2843 2520 2875 C.
2566 2861 2650 2883 avec
2664 2853 2684 2882 4
2696 2852 2715 2882 à
2730 2852 2748 2881 5
2763 2852 2923 2882 hectares
2939 2851 2982 2881 de
2997 2850 3158 2880 terrains.

2258 2895 2340 2925 Prix
2355 2896 2372 2924 à
2389 2894 2554 2925 débattre.
2571 2908 2591 2915 -
2606 2893 2647 2922 N-
2665 2894 2713 2922 14.

2262 2968 2455 3025 GRANDS
2485 2966 2592 3023 VINS
2628 2964 2890 3022 MOUSSEUX
2935 2965 2968 2987 “
2980 2964 2999 2986 a
2978 3006 2994 3024 v
3003 3005 3020 3025 a
3014 2964 3030 2985 r
3028 2965 3081 3025 iL
3077 2964 3099 2986 u
3094 3004 3141 3024 an
3146 2964 3161 2984 s
3150 2998 3162 3025 t

2259 3049 2342 3072 avec
2366 3041 2416 3071 les
2441 3041 2517 3080 plus
2546 3040 2671 3077 grands
2701 3038 2944 3076 champagnes.
2978 3037 3058 3066 Prix
3090 3037 3161 3066 très

2260 3083 2427 3112 modérés.
2446 3097 2464 3103 -
2478 3081 2520 3110 N-
2539 3081 2588 3110 15.

2267 3156 2280 3179 A
2325 3155 2348 3196 \/
2359 3155 2379 3183 r
2391 3156 2415 3186 M
2427 3155 2451 3186 n
2461 3154 2483 3195 R
2495 3153 2517 3182 C
2564 3146 2713 3176 terrains
2734 3152 2820 3182 pour
2849 3144 2880 3172 la
2909 3141 3157 3174 construction.

2261 3179 2284 3210 M
2329 3178 2380 3210 Vl.
2391 3178 2415 3210 IN
2428 3178 2484 3210 Un
2495 3177 2518 3216 IL
2563 3185 2793 3222 Paris-Plage,
2832 3183 2897 3214 site
2924 3183 3107 3213 ravissant.
3141 3198 3161 3204 -

2259 3230 2299 3259 N-
2318 3228 2366 3258 16.

2261 3302 2285 3357 A
2328 3301 2352 3338 V
2361 3300 2383 3337 F
2394 3303 2418 3337 INI
2431 3301 2454 3337 n
2464 3300 2486 3336 R
2498 3293 2522 3336 F
2566 3292 2782 3323 lotissement
2798 3291 2839 3320 de
2854 3289 3002 3320 terrains
3027 3290 3045 3319 à
3061 3291 3161 3319 Arca-

2332 3324 2348 3357 V
2361 3324 2420 3357 LIN
2431 3323 2488 3356 Un
2498 3323 2524 3363 IL
2568 3332 2667 3363 chon.
2684 3347 2722 3353 —
2737 3331 2931 3360 S’adresser
2947 3331 2968 3360 à
2987 3331 3077 3359 Mme
3093 3330 3161 3359 Vve

2259 3374 2462 3404 GHABAUD.

2261 3445 2599 3504 VOULEZ-VOUS

2643 3440 2786 3468 trouver
2812 3445 2858 3467 un
2886 3436 3063 3474 logement
3089 3437 3108 3466 à
3130 3436 3163 3465 la

2645 3485 2832 3515 campagne
2874 3484 2918 3506 ou
2961 3483 3003 3506 en
3041 3476 3119 3505 ville
3142 3475 3163 3505 ?

2260 3522 2531 3551 Adressez-vous
2554 3520 2572 3548 à
2601 3517 2685 3547 Mme
2718 3518 2783 3546 Vve
2807 3516 3011 3552 CHABAUD,
3042 3516 3160 3546 Direc¬

2258 3561 2345 3591 trice
2374 3560 2415 3589 de
2442 3560 2474 3589 la
2503 3561 2520 3589 «
2544 3561 2659 3589 Revue
2671 3559 2856 3588 Mensuelle
2879 3567 2897 3583 »
2939 3556 2996 3594 qui
3035 3563 3163 3594 pourra

2261 3601 2439 3638 s’occuper
2456 3601 2661 3636 moyennant
2677 3597 2894 3632 rétribution,
2912 3597 2953 3626 de
2969 3603 3052 3626 vous
3063 3600 3163 3626 trou¬

2259 3649 2320 3671 ver
2336 3648 2380 3671 un
2397 3640 2582 3677 logement.

2261 3733 2775 3805 APPARTEMENT
2805 3727 3015 3801 GARNI
3061 3727 3079 3757 d
3085 3734 3103 3757 e
3083 3766 3101 3797 a
3143 3726 3163 3796 ?

2259 3810 2385 3849 pièces,
2402 3816 2485 3839 avec
2496 3807 2622 3845 jardin,
2638 3806 2702 3836 site
2715 3805 2884 3844 agréable,
2897 3807 2950 3836 vie
2967 3807 2985 3836 à
2999 3806 3058 3835 bas
3075 3804 3164 3844 prix,

2262 3851 2344 3880 dans
2361 3849 2496 3879 localité
2515 3847 2692 3877 desservie
2718 3854 2780 3884 par
2796 3846 2884 3876 deux
2902 3846 3009 3883 lignes
3027 3846 3067 3875 de
3085 3845 3164 3876 che¬

2261 3891 2329 3920 min
2348 3890 2388 3919 de
2405 3889 2468 3919 fer.
2485 3904 2503 3909 -
2529 3887 2723 3917 S’adresser
2745 3889 2762 3915 à
2780 3887 2869 3916 Mme
2887 3887 2915 3915 la
2931 3885 3162 3924 propriétaire

2260 3931 2303 3960 du
2319 3930 2393 3960 Clos
2410 3928 2575 3964 Ghabaud,
2593 3928 2611 3956 à
2627 3925 2897 3965 Pont-St-Esprit
2916 3926 3044 3965 (Gard).

1345 3998 1520 4029 Monsieur
1548 3996 1586 4027 40
1616 4004 1687 4033 ans,
1712 3995 1811 4032 brun,
1842 3994 2043 4025 sentiments
2072 3992 2199 4027 élevés,

1305 4041 1558 4077 entrepreneur
1586 4039 1729 4066 travaux
1757 4038 1840 4072 Etat,
1867 4034 2064 4073 épouserait
2080 4032 2205 4062 demoi¬

1305 4081 1390 4110 selle
1403 4080 1443 4108 25
1459 4079 1478 4107 à
1492 4078 1532 4107 35
1556 4084 1628 4113 ans,
1658 4076 1880 4106 affectueuse,
1909 4074 2111 4111 distinguée,
2138 4073 2205 4100 ins¬

1305 4119 1420 4155 truite,
1438 4118 1565 4148 famille
1576 4116 1776 4153 honorable,
1787 4122 1865 4145 sans
1880 4115 2026 4144 fortune.
2040 4114 2098 4142 -N'
2114 4110 2202 4140 6010.

1344 4185 1608 4216 Fonctionnaire
1624 4185 1740 4213 Maroc
1753 4183 1792 4212 37
1807 4189 1877 4217 ans,
1905 4179 2066 4210 situation
2098 4177 2205 4207 12.500

1304 4226 1358 4261 fr.,
1385 4226 1588 4261 affectueux,
1619 4222 1816 4262 épouserait
1855 4219 2055 4250 demoiselle
2094 4225 2205 4248 veuve

1305 4274 1349 4297 ou
1369 4266 1537 4301 divorcée,
1553 4263 1751 4299 honorable,
1775 4263 1899 4292 femme
1927 4259 2136 4295 d’intérieur,
2167 4258 2205 4287 30

1305 4309 1323 4336 à
1338 4306 1377 4334 37
1393 4313 1464 4341 an»,
1481 4307 1581 4341 ayant
1597 4304 1683 4340 petit
1698 4303 1805 4333 avoir.
1821 4317 1839 4326 -
1855 4301 1895 4331 N'
1914 4300 2003 4330 6011.

1345 4370 1498 4401 Retraité
1528 4370 1568 4399 de
1597 4368 1883 4407 l’enseignement
1897 4366 2072 4406 primaire,
2090 4365 2204 4395 bonne

1307 4412 1414 4446 santé,
1444 4410 1533 4445 veuf,
1565 4411 1651 4442 seul,
1681 4409 1720 4439 60
1750 4417 1821 4445 ans,
1852 4409 1964 4438 désire
2000 4408 2206 4437 rencontrer

1306 4457 1495 4488 compagne
1508 4450 1621 4479 bonne
1636 4448 1876 4486 éducation,50
1890 4451 1908 4478 à
1923 4448 1962 4478 60
1977 4455 2039 4477 ans
2050 4446 2205 4481 environ,

1307 4491 1468 4521 situation
1485 4497 1527 4519 en
1544 4493 1693 4528 rapport.
1708 4504 1726 4512 -
1742 4491 1770 4520 N
1773 4498 1779 4504 -
1795 4490 1882 4519 6012.

1345 4556 1550 4587 Demoiselle
1565 4556 1605 4585 57
1621 4564 1693 4591 ans,
1711 4558 1807 4586 santé
1822 4555 1981 4595 parfaite,
2012 4553 2206 4592 paraissant

1305 4599 1345 4629 45
1360 4606 1433 4633 ans,
1449 4595 1652 4626 immeubles
1665 4596 1706 4625 de
1721 4597 1809 4633 prix,
1820 4603 1901 4634 gros
1918 4595 2058 4633 rapport
2071 4594 2204 4629 argent,

1307 4640 1560 4673 commerçante
1588 4635 1629 4665 de
1657 4638 1791 4670 nature,
1818 4634 2015 4675 épouserait
2031 4631 2207 4663 monsieur

1307 4681 1390 4709 dans
1406 4679 1438 4707 le
1455 4683 1649 4707 commerce
1666 4684 1709 4706 ou
1725 4676 1867 4711 rentier,
1886 4674 2047 4704 situation
2065 4679 2109 4702 en
2124 4679 2205 4709 rap¬

1305 4722 1394 4759 port.
1412 4734 1424 4740 -
1438 4718 1479 4748 N'
1496 4717 1588 4746 6013.

1347 4776 1484 4814 Dactylo
1496 4776 1615 4804 25ans.
1626 4772 1982 4812 intelligente,femme
1999 4769 2206 4805 d’intérieur,

1307 4817 1420 4848 désire
1436 4816 1588 4853 mariage
1605 4822 1687 4844 avec
1709 4805 1937 4844 sous-officier
1952 4812 1992 4842 de
2009 4808 2206 4841 carriére*si

1307 4856 1468 4897 possible.
1485 4872 1503 4878 -
1517 4856 1560 4886 N'
1583 4854 1675 4884 6014.

1346 4921 1461 4950 Veuve
1487 4926 1566 4948 sans
1595 4917 1720 4951 enfant,
1749 4916 1788 4945 60
1804 4923 1873 4950 ans,
1890 4921 1933 4944 ne
1948 4914 1997 4943 les
2014 4911 2208 4951 paraissant

1306 4968 1377 4999 pas,
1391 4960 1505 4989 bonne
1520 4957 1713 4994 éducation,
1744 4958 1814 4986 très
1843 4954 2045 4990 distinguée,
2055 4952 2149 4982 6.000
2165 4952 2203 4980 fr.

1308 5001 1348 5030 de
1376 5002 1503 5036 rentes,
1531 4999 1730 5037 épouserait
1759 4998 1797 5025 ré
1803 4994 1865 5024 irai
1870 4995 1901 5023 té
1931 5000 1975 5023 ou
2002 4991 2135 5022 rentier
2167 4992 2207 5021 de

1306 5039 1421 5071 bonne
1436 5038 1629 5070 éducation.
1641 5053 1661 5060 -
1675 5038 1716 5067 N.
1732 5036 1820 5065 6015.

2261 4017 2302 4053 TT
2311 4015 2396 4053 WD
2435 4013 2559 4052 DAN
2574 4013 2656 4051 WD
2704 4008 2756 4037 est
2770 4007 2958 4037 demandée
2983 4014 3071 4045 pour
3087 4014 3164 4036 ser-

2266 4041 2299 4086 U
2312 4041 2349 4084 Fl
2361 4040 2398 4082 H
2433 4039 2556 4083 DUn
2572 4038 2606 4079 In
2620 4038 2658 4078 Fi
2703 4046 2777 4077 vice
2813 4048 2854 4077 de
2891 4047 2981 4077 deux
3015 4053 3163 4085 person¬

2261 4100 2335 4122 nes.
2354 4107 2362 4112 -
2377 4090 2573 4120 S'adresser
2588 4088 2608 4118 à
2621 4089 2711 4116 Mme
2727 4087 2758 4116 la
2782 4086 3012 4124 progriétairè
3027 4088 3071 4117 du
3086 4086 3162 4116 Clos

2259 4131 2425 4167 Ghabaud,
2442 4133 2459 4159 à
2476 4127 2747 4165 Pont-St-Esprit
2762 4126 2888 4165 (Gard).

2261 4217 2346 4285 U
2382 4208 2788 4255 niDDfTDTPD
2836 4207 2877 4236 de
2906 4207 2937 4236 la
2973 4206 3161 4238 “Revue"

2385 4238 2584 4281 UlrvJlLi
2602 4237 2617 4280 l
2636 4236 2790 4281 nlUtL
2836 4251 2937 4284 ayant
2981 4249 3056 4277 loué
3095 4254 3162 4277 une

2261 4292 2339 4322 villa
2356 4292 2373 4320 à
2389 4290 2421 4320 la
2444 4296 2632 4326 campagne
2647 4295 2728 4318 avec
2743 4288 2852 4326 grand
2864 4287 2992 4325 jardin,
3010 4288 3074 4317 site
3091 4288 3161 4317 très

2260 4330 2434 4370 agréable,
2463 4336 2547 4368 pays
2577 4327 2620 4358 de
2646 4328 2768 4358 chasse
2793 4331 2828 4358 et
2856 4334 2898 4358 ne
2925 4329 3042 4365 pêche.
3055 4328 3163 4356 Sous-

2260 4371 2408 4402 louerait
2423 4371 2662 4408 appartement
2676 4368 2775 4407 garni
2792 4376 2799 4405 ;
2818 4367 3026 4398 détaillerait
3042 4368 3162 4406 pièces

2428 4507 2590 4543 Avis
2640 4508 3003 4555 Important

2302 4617 2464 4647 Madame
2486 4618 2551 4646 Vve
2568 4618 2780 4647 CHABAUD
2795 4618 2845 4646 est
2860 4617 2951 4645 seule
2966 4613 3163 4644 directrice-

2257 4657 2664 4693 propriétaire-gérante
2679 4659 2719 4686 de
2734 4658 2768 4686 la
2778 4658 2918 4686 «Revue
2933 4654 3117 4684 Mensuelle
3133 4661 3162 4678 ».

2261 4699 2333 4726 Elle
2348 4695 2406 4726 n'a
2415 4703 2482 4731 pas
2496 4698 2537 4726 de
2550 4698 2762 4731 succursale,
2778 4698 2810 4725 et
2825 4696 2917 4725 toute
2931 4693 3109 4723 imitation
3124 4692 3165 4719 de

2262 4738 2347 4766 cette
2387 4738 2502 4767 Revue
2546 4744 2629 4767 sera
2662 4737 2866 4772 poursuivie
2894 4741 2970 4764 aux
2996 4732 3108 4768 règles
3132 4730 3165 4759 et

2261 4779 2427 4813 rigueurs
2441 4779 2482 4807 de
2497 4779 2532 4807 la
2547 4779 2603 4807 loi.

2748 4817 2811 4845 Vve
2829 4813 3052 4844 CHABAUD.

2301 4930 2347 4959 La
2363 4928 2721 4960 Directrice-Gérante
2738 4934 2744 4955 :
2783 4925 2897 4955 Veuve
2921 4921 3123 4952 GHABAUD.
