3536 5552
410 481 583 516 Demoiselle
605 491 637 516 47
659 491 721 514 ans,
746 478 893 511 instruite,
910 478 1086 511 distinguée,
1103 476 1153 509 dot
1172 483 1270 509 50.000

374 519 421 551 fr.,
437 518 602 553 épouserait
618 516 766 544 monsieur
782 516 904 547 sérieux,
923 514 1039 545 cultivé,
1063 518 1152 546 ayant
1176 511 1271 537 bonne

376 554 528 582 situation.
546 568 577 572 —
593 553 628 581 N’
645 551 725 579 6222.

414 612 562 646 Monsieur
577 620 608 646 45
626 621 689 644 ans,
705 610 836 643 employé
852 605 1130 638 d'administration,
1145 609 1276 640 gagnant

382 658 460 676 1.000
477 653 511 676 tr.
530 657 579 680 par
597 647 681 680 mois,
698 653 786 680 ayant
799 655 833 672 en
850 644 914 678 plus
927 643 1014 677 petite
1025 641 1114 668 ferme
1123 648 1150 668 et
1160 639 1275 667 enfants

380 685 414 712 de
440 694 469 718 14
492 694 544 711 ans
571 690 597 709 et
621 684 637 710 6
663 691 726 715 ans,
750 680 913 715 épouserait
936 677 1102 706 demoiselle
1125 686 1161 703 ou
1187 684 1277 701 veuve

383 720 570 747 recherchant
586 717 730 745 affection.
747 732 780 736 —
796 717 830 744 N'
847 715 929 742 6223.

420 778 508 810 Jeune
532 777 647 804 homme
664 786 694 808 25
712 785 775 807 ans,
799 773 930 808 employé
951 773 986 799 de
1007 772 1130 804 banque,
1155 768 1279 800 sérieux,

384 813 548 848 épouserait
565 812 645 845 jeune
661 811 718 838 fille
734 809 905 843 comptable,
926 809 1072 842 employée
1088 807 1122 833 de
1138 806 1225 838 l’état,
1244 814 1280 830 ou

386 856 468 877 autre
478 848 629 876 situation.
648 863 676 866 —
696 846 731 875 N'
748 846 829 873 6224.

423 907 511 940 Jeune
541 906 656 934 homme
685 905 719 932 26
748 914 810 936 ans,
837 902 950 937 parlant
974 900 1120 936 plusieurs
1150 899 1282 931 langues,

390 943 490 971 mutilé
505 943 540 969 de
552 951 655 976 guerre
672 950 738 968 avec
760 940 892 973 pension,
917 938 1033 965 ouvrier
1059 944 1169 969 maçon,
1195 939 1284 968 ayant

389 979 534 1014 propriété
549 988 583 1004 en
599 976 729 1008 Tunisie,
755 973 920 1009 épouserait
943 971 1108 1000 demoiselle
1123 969 1242 1005 gentille
1257 975 1285 995 et

390 1016 525 1042 honnête.
543 1028 573 1033 —
590 1013 624 1040 N'
641 1009 723 1039 6225.

427 1070 601 1104 Célibataire
624 1081 656 1106 34
681 1079 743 1103 ans,
767 1068 897 1102 employé
923 1067 957 1094 de
981 1075 1138 1094 commerce
1160 1067 1175 1090 à
1193 1062 1285 1098 Lyon,

392 1107 532 1143 situation
548 1117 630 1142 9.000
647 1114 681 1133 Ir.
699 1115 750 1138 par
763 1115 809 1136 an,
828 1103 932 1135 petites
948 1101 1109 1129 économies
1123 1099 1287 1134 personnel¬

392 1144 441 1176 les,
458 1150 575 1177 parents
592 1141 798 1176 propriétaires
810 1137 1126 1171 d’immeubles,désire
1139 1138 1287 1163 connaître

393 1189 465 1214 pour
481 1179 607 1212 mariage
622 1176 788 1205 demoiselle
802 1174 965 1203 couturière
984 1183 1021 1201 ou
1045 1172 1155 1206 lingère
1177 1170 1289 1197 aimant

394 1216 417 1241 le
432 1224 600 1245 commerce,
617 1213 697 1240 avoir
727 1212 751 1239 si
776 1211 901 1245 possible
926 1221 932 1243 ;
958 1219 1061 1237 veuves
1084 1218 1120 1235 ou
1141 1207 1288 1234 divorcées

393 1251 557 1278 s’abstenir.
574 1265 604 1268 —
623 1249 657 1276 N'
674 1248 754 1276 6226.

429 1309 518 1341 Jeune
532 1308 648 1336 homme
665 1317 697 1342 29
712 1315 776 1338 ans,
791 1304 896 1339 grand,
918 1304 1004 1336 brun,
1025 1301 1167 1329 situation
1193 1309 1290 1334 14.000

394 1344 441 1375 fr.,
471 1344 565 1371 désire
594 1343 721 1376 mariage
750 1351 817 1369 avec
845 1349 986 1375 personne
1014 1338 1124 1373 grande
1140 1342 1167 1363 et
1187 1336 1289 1368 brune,

395 1380 539 1415 physique
563 1380 705 1413 agréable,
730 1376 871 1404 situation
894 1385 928 1402 en
959 1380 1076 1408 rapport
1106 1379 1132 1399 et
1163 1378 1291 1400 pouvant

394 1417 475 1443 venir
490 1426 525 1443 au
538 1415 634 1443 Maroc
649 1425 655 1448 ;
673 1416 740 1448 âgée
756 1413 791 1440 de
807 1422 838 1447 25
855 1417 870 1446 à
887 1420 920 1446 30
937 1420 1000 1438 ans.
1018 1424 1050 1428 —
1067 1408 1101 1436 N'
1116 1407 1195 1434 6227.

430 1474 519 1506 Jeune
535 1473 651 1506 homme
667 1482 698 1506 33
709 1481 774 1502 ans,
789 1471 854 1497 bien
866 1479 934 1496 sous
943 1476 1010 1496 tous
1024 1473 1170 1500 rapports,
1181 1464 1290 1492 famille

397 1510 563 1540 honorable,
586 1517 744 1535 commerce
766 1516 800 1533 en
825 1514 993 1538 campagne,
1011 1503 1092 1529 avoir
1126 1510 1225 1529 20.000
1241 1500 1288 1533 fr.,

395 1545 488 1572 désire
514 1544 639 1578 mariage
664 1553 731 1570 avec
754 1541 920 1569 demoiselle
945 1550 981 1567 ou
1004 1549 1092 1565 veuve
1113 1536 1288 1570 catholique,

394 1581 493 1615 douce,
510 1579 692 1612 affectueuse,
710 1578 851 1605 situation
868 1587 902 1603 en
918 1581 1048 1610 rapport.
1065 1589 1098 1593 —
1116 1574 1149 1601 N'
1167 1572 1247 1599 6228.

433 1639 531 1666 Veuve
546 1638 579 1666 de
596 1646 708 1671 guerre,
729 1646 759 1668 50
775 1645 837 1663 ans.
856 1635 991 1667 honnête,
1009 1642 1048 1659 un
1063 1632 1110 1659 fils
1128 1632 1163 1659 de
1182 1640 1210 1664 15
1228 1640 1291 1658 ans.

395 1674 556 1707 économies
573 1683 652 1707 51000
668 1673 702 1700 fr.
720 1679 747 1699 et
762 1670 906 1704 mobilier,
923 1669 1016 1696 désire
1034 1668 1122 1695 union
1139 1676 1206 1694 avec
1226 1665 1296 1693 veuf

395 1711 430 1744 de
445 1720 475 1744 50
491 1712 505 1737 à
522 1712 555 1737 60
569 1719 633 1739 ans,
652 1709 707 1736 bon
725 1707 903 1736 travailleur,
920 1705 953 1732 de
966 1704 1127 1739 préférence
1143 1706 1157 1730 à
1173 1702 1198 1728 la
1215 1711 1292 1728 cam¬

394 1756 497 1780 pagne.
515 1755 588 1780 pour
604 1744 643 1772 lui
659 1744 738 1771 aider
753 1744 825 1770 dans
842 1742 963 1770 culture.
981 1756 992 1759 -
1009 1739 1045 1767 N'
1060 1739 1140 1766 6229.

432 1803 607 1835 Célibataire
635 1813 670 1837 49
696 1811 760 1835 ans,
791 1811 826 1827 au
858 1800 889 1826 P.
909 1799 940 1826 L.
959 1799 1009 1832 M.,
1027 1805 1110 1832 7.000
1126 1797 1159 1824 fr.
1178 1805 1229 1829 par
1245 1805 1292 1827 an,

395 1840 476 1866 avoir
502 1849 599 1873 25.000
625 1839 659 1865 fr.
683 1837 776 1865 désire
802 1835 929 1870 mariage
953 1833 1120 1861 demoiselle
1141 1842 1177 1859 ou
1203 1841 1294 1858 veuve

395 1885 462 1902 sans
479 1886 513 1902 en
528 1882 605 1907 ants,
621 1875 801 1905 charmante,
818 1881 886 1899 avec
903 1871 994 1903 avoir,
1012 1875 1131 1903 rapport
1146 1868 1238 1901 d’âge.
1261 1881 1292 1885 —

396 1911 430 1938 N-
447 1911 526 1938 6230.

432 1967 632 1996 Sous-officier
648 1966 830 1994 d’infanterie
846 1964 994 1998 coloniale,
1014 1972 1046 1998 34
1062 1972 1125 1994 ans,
1142 1960 1212 1989 veuf
1224 1969 1293 1987 sans

395 2005 504 2036 enfant,
522 2004 678 2038 possédant
694 2002 913 2030 établissement
935 2000 1007 2027 dans
1032 1998 1142 2033 grande
1166 1996 1234 2023 ville
1254 1996 1293 2022 du

396 2041 502 2073 Maroc,
525 2039 608 2067 fonds
631 2038 822 2073 disponibles,
850 2036 944 2064 désire
970 2035 1097 2068 mariage
1120 2042 1187 2060 avec
1211 2032 1293 2065 jeune

395 2077 452 2103 fille
466 2077 502 2102 de
518 2085 550 2111 24
565 2079 579 2101 à
597 2085 629 2109 27
641 2084 694 2102 ans
710 2083 746 2100 ou
768 2082 859 2100 veuve
883 2081 952 2098 sans
981 2069 1092 2101 enfant,
1110 2071 1202 2096 même
1228 2070 1292 2102 âge,

395 2115 574 2146 compétente
591 2121 663 2144 pour
680 2110 755 2137 tenir
772 2109 859 2139 hôtel,
878 2107 1019 2134 situation
1036 2115 1070 2132 en
1091 2109 1223 2139 rapport,
1242 2113 1293 2137 pas

395 2148 507 2175 sérieux
524 2145 687 2174 s'abstenir.
705 2160 739 2164 —
755 2144 789 2172 N’
806 2143 890 2170 6195.

432 2204 608 2237 Célibataire
624 2205 656 2237 36
672 2213 735 2235 ans,
760 2207 935 2236 protestant,
959 2199 1062 2235 grand,
1084 2199 1209 2229 sérieux,
1231 2199 1295 2230 pré¬

396 2248 513 2268 sentant
529 2240 606 2273 bien,
624 2241 680 2267 bon
698 2239 809 2273 métier,
839 2247 892 2273 900
909 2237 943 2264 fr.
973 2245 1025 2271 par
1042 2235 1125 2267 mois,
1144 2233 1242 2263 23.000
1258 2233 1295 2260 fr.

396 2277 567 2310 économies,
584 2276 679 2302 désire
696 2274 823 2308 mariage
843 2283 911 2301 avec
931 2273 1013 2305 jeune
1035 2270 1091 2297 fille
1108 2269 1244 2302 sérieuse,
1261 2268 1296 2295 de

397 2323 428 2348 25
442 2317 456 2346 à
474 2323 506 2346 30
522 2322 584 2339 ans.
604 2327 633 2330 —
651 2311 685 2339 N'
702 2309 784 2336 6218.

433 2370 607 2403 Demoiselle
637 2379 669 2403 35
693 2377 757 2401 ans,
773 2366 950 2401 catholique,
978 2364 1116 2398 sérieuse,
1145 2362 1294 2396 instruite,

397 2414 485 2442 ayant
500 2406 560 2437 dot,
577 2405 744 2438 épouserait
759 2403 907 2430 monsieur
923 2400 1045 2429 instruit
1067 2407 1094 2427 et
1118 2400 1182 2426 bien
1208 2399 1295 2431 élevé,

397 2449 485 2475 ayant
501 2442 641 2469 situation
658 2445 672 2468 à
694 2443 719 2467 la
744 2440 821 2472 ville,
849 2448 899 2473 pas
928 2437 1040 2464 sérieux
1068 2435 1236 2463 s’abstenir.
1264 2448 1296 2453 —

398 2479 432 2506 N-
449 2478 528 2504 6231.

434 2534 610 2564 Célibataire
625 2534 698 2567 seul,
716 2543 750 2568 39
762 2543 826 2566 ans,
848 2531 970 2566 peintre,
987 2531 1059 2558 beau
1072 2539 1191 2564 garçon,
1209 2529 1295 2563 brun,

398 2583 448 2606 pas
463 2571 587 2602 fumeur,
607 2579 709 2598 10.000
726 2573 760 2596 tr.
778 2567 951 2599 économies,
969 2566 1134 2602 épouserait
1147 2566 1228 2598 jeune
1241 2564 1297 2592 fille

397 2619 433 2635 ou
451 2608 532 2641 jeune
548 2616 638 2633 veuve
656 2605 731 2638 jolie,
748 2604 937 2638 intelligente,
966 2612 1080 2637 propre,
1110 2601 1239 2631 gentille,
1262 2611 1297 2628 ne

398 2643 553 2678 regardant
570 2652 620 2675 pas
637 2646 651 2668 à
668 2642 694 2668 la
710 2640 853 2667 situation
869 2638 902 2665 de
919 2638 1042 2666 fortune.
1061 2652 1094 2656 —
1110 2637 1145 2664 N'
1160 2636 1241 2663 6232.

433 2701 583 2729 Monsieur
599 2700 722 2732 sérieux,
740 2700 773 2732 36
802 2706 865 2730 ans,
881 2696 946 2723 bien
962 2696 1199 2730 physiquement,
1222 2695 1296 2721 deux

399 2738 485 2772 petits
499 2737 621 2771 garçons
638 2737 654 2762 6
669 2741 696 2769 et
711 2744 726 2768 7
743 2743 805 2761 ans.
820 2734 854 2760 de
870 2736 1010 2759 caractère
1020 2735 1077 2758 très
1090 2731 1176 2763 doux,
1191 2733 1294 2757 écono¬

399 2774 469 2800 mies
489 2781 587 2799 20.000
605 2771 652 2802 fr.,
669 2773 771 2803 gérant
787 2769 856 2795 d’un
870 2768 963 2801 grand
981 2767 1125 2800 magasin,
1143 2765 1296 2798 appointe¬

400 2815 493 2835 ments
505 2816 597 2838 15.000
609 2806 655 2840 fr.,
665 2800 758 2832 désire
770 2804 897 2837 mariage
908 2813 974 2830 avec
982 2802 1148 2829 demoiselle
1158 2801 1293 2832 sérieuse,

399 2844 464 2871 bien
481 2842 718 2878 physiquement,
744 2850 817 2874 pour
837 2840 862 2866 le
884 2839 1022 2866 seconder
1041 2838 1115 2864 dans
1138 2847 1192 2865 son
1216 2847 1296 2863 com¬

400 2889 500 2907 merce.
520 2894 548 2898 —
567 2877 601 2905 N'
618 2877 688 2904 6233

436 2942 525 2969 Dame
541 2939 672 2967 divorcée
683 2948 718 2966 en
735 2948 765 2965 sa
779 2937 890 2970 faveur,
907 2936 973 2965 bien
984 2945 1053 2963 sous
1066 2941 1131 2962 tous
1149 2941 1295 2968 rapports,

397 2988 432 3013 47
443 2987 507 3010 ans,
522 2976 572 3003 dot
585 2976 687 3002 80.000
705 2973 753 3005 fr.,
771 2979 874 3008 argent
889 2978 916 2999 et
933 2971 1105 3006 propriétés,
1131 2969 1297 3005 épouserait

400 3013 548 3041 monsieur
559 3011 624 3038 bien
637 3019 706 3038 sous
720 3016 785 3036 tous
795 3009 835 3036 les
846 3014 992 3042 rapports,
1002 3007 1120 3034 retraité
1131 3016 1167 3034 ou
1178 3005 1296 3033 rentier.

404 3064 434 3068 -
451 3049 486 3076 N'
503 3047 582 3075 6234.

436 3111 525 3143 Jeune
544 3109 611 3141 fille,
625 3118 655 3141 23
669 3116 731 3139 ans,
748 3106 922 3140 distinguée,
936 3105 1000 3132 bien
1012 3114 1080 3132 sous
1099 3111 1163 3132 tous
1176 3104 1216 3131 les
1229 3114 1298 3137 rap¬

398 3153 490 3181 ports,
506 3145 680 3178 catholique,
698 3142 888 3175 musicienne,
906 3142 1043 3172 sérieuse,
1057 3140 1122 3167 bien
1136 3140 1297 3174 physique¬

400 3189 489 3215 ment,
525 3184 581 3209 très
616 3180 709 3207 bonne
744 3178 863 3210 famille,
894 3177 1085 3210 intelligente,
1111 3176 1296 3208 affetueuse,

400 3218 471 3245 belle
485 3220 534 3244 dot
550 3222 577 3243 et
592 3218 770 3249 espérances,
788 3213 951 3246 épouserait
968 3213 1050 3243 jeune
1067 3212 1182 3239 homme
1204 3213 1256 3246 âge
1270 3218 1298 3238 et

399 3253 540 3281 situation
556 3262 590 3279 en
608 3257 736 3285 rapport.
753 3264 786 3268 —
802 3249 837 3276 N'
854 3247 936 3275 6235.

436 3315 568 3347 Divorcé,
586 3313 662 3346 bien,
680 3312 761 3344 libre,
784 3310 890 3338 famille
905 3309 1073 3341 honorable,
1099 3309 1183 3336 sobre
1213 3307 1298 3335 affec¬

400 3358 497 3381 tueux,
515 3351 609 3377 bonne
625 3351 718 3378 santé,
736 3346 939 3381 physionomie
966 3345 1109 3380 agréable,
1140 3345 1297 3372 immeuble

399 3388 468 3414 d’un
486 3391 605 3419 rapport
620 3385 653 3417 de
671 3393 751 3418 3.400
768 3383 802 3409 fr.
821 3388 879 3415 net,
896 3381 1061 3415 épouserait
1078 3390 1168 3408 veuve
1190 3390 1226 3407 ou
1251 3381 1297 3407 di¬

400 3425 500 3450 vorcée
516 3431 551 3448 ou
568 3419 735 3447 demoiselle
750 3418 785 3452 de
800 3419 834 3452 48
850 3421 864 3451 à
887 3427 917 3451 55
942 3427 1006 3451 ans,
1035 3420 1118 3443 santé
1147 3422 1174 3443 et
1203 3416 1297 3443 bonne

401 3465 496 3488 tenue,
511 3457 616 3484 femme
630 3453 811 3486 d’intérieur,
828 3459 917 3488 ayant
931 3453 1023 3485 avoir,
1040 3451 1066 3479 si
1081 3451 1214 3485 possible
1228 3462 1297 3479 sans

401 3494 510 3527 enfant,
528 3491 594 3520 ville
610 3501 646 3518 ou
657 3499 826 3524 campagne,
840 3489 1000 3523 prélérence
1013 3488 1150 3514 brune.—
1165 3487 1200 3515 N.
1215 3487 1296 3515 6236.

437 3545 611 3576 Demoiselle
623 3554 653 3577 35
666 3553 729 3576 ans,
742 3541 920 3571 institutrice
930 3541 1078 3575 publique,
1088 3541 1185 3575 petite,
1194 3541 1297 3574 brune,

401 3582 545 3617 physique
571 3580 717 3614 agréable,
748 3579 837 3605 douce
866 3584 892 3604 et
922 3576 1105 3608 affectueuse,
1132 3577 1298 3610 épouserait

402 3618 549 3646 monsieur
569 3619 620 3651 âge
641 3626 676 3643 en
696 3620 824 3648 rapport,
851 3612 1073 3644 fonctionnaire,
1102 3612 1238 3639 militaire
1263 3612 1299 3640 de

401 3653 570 3689 préférence,
588 3662 624 3679 ou
640 3651 771 3685 employé
786 3651 819 3676 de
834 3651 953 3677 bureau.
971 3664 1003 3667 —
1019 3648 1057 3676 N‘
1074 3647 1155 3676 6237.

437 3705 613 3740 Célibataire
648 3715 683 3740 44
711 3713 774 3736 ans,
807 3701 1043 3735 sous-brigadier
1075 3701 1125 3729 des
1157 3701 1297 3733 douanes,

401 3744 487 3775 brun,
507 3741 632 3774 sérieux,
654 3739 735 3772 avoir
755 3749 854 3772 30.000
874 3737 919 3766 fr.,
942 3738 1107 3771 épouserait
1132 3737 1298 3764 demoiselle

401 3789 436 3806 ou
465 3787 555 3805 veuve
578 3785 646 3803 sans
667 3774 776 3808 enfant,
801 3774 835 3808 de
862 3783 892 3807 32
916 3777 930 3808 à
952 3783 986 3808 40
1006 3783 1069 3806 ans,
1098 3773 1234 3800 sérieuse.
1266 3787 1298 3791 —

402 3815 434 3842 N-
449 3814 531 3841 6238.

438 3865 613 3895 Célibataire
631 3874 662 3895 50
678 3873 741 3895 ans,
758 3868 951 3895 commerçant
967 3872 1001 3888 en
1019 3861 1139 3894 Guinée,
1162 3870 1195 3887 en
1223 3860 1297 3887 train

401 3904 435 3931 de
463 3906 600 3937 préparer
633 3899 760 3934 grandes
787 3897 968 3932 plantations
996 3896 1031 3924 de
1057 3896 1186 3923 caféiers,
1218 3896 1300 3923 avoir

402 3949 495 3974 15.000
513 3939 559 3969 fr.,
576 3936 670 3963 désire
688 3934 815 3968 mariage
832 3943 870 3960 en
886 3939 1016 3966 rapport.
1034 3947 1066 3951 —
1083 3932 1118 3960 N'
1134 3931 1213 3958 6239.

438 3989 640 4020 Sous-crfficier
656 3989 690 4015 de
705 3987 837 4019 carrière,
851 3987 883 4013 28
894 3995 957 4019 ans,
971 3985 1148 4019 traitement,
1163 3986 1250 4018 7.600
1262 3985 1297 4012 Ir.

402 4038 453 4062 par
487 4037 534 4060 an,
567 4023 802 4057 correspondrait
835 4032 902 4049 avec
933 4021 1111 4049 institutrice
1144 4030 1180 4048 ou
1216 4027 1298 4048 autre

403 4063 508 4098 emploi
522 4063 557 4090 de
572 4071 606 4088 20
616 4064 631 4087 à
648 4061 682 4088 28
695 4069 760 4087 ans.
776 4074 809 4078 —
825 4059 860 4086 N'
876 4057 956 4084 6168.

439 4116 554 4144 Officier
569 4114 604 4141 de
619 4113 701 4147 génie
717 4112 750 4138 de
775 4112 889 4138 l’armée
919 4110 1021 4144 active,
1053 4120 1083 4144 33
1111 4119 1172 4143 ans,
1204 4109 1298 4137 désire

403 4152 530 4186 mariage
546 4159 612 4178 avec
628 4150 710 4182 jeune
727 4147 784 4174 fille
799 4157 834 4174 ou
852 4147 934 4180 jeune
949 4155 1040 4173 veuve
1049 4146 1134 4174 aisée.
1150 4161 1159 4165 -
1170 4145 1204 4172 N"
1217 4147 1287 4180 6240
1292 4167 1297 4173 .

438 4205 577 4239 Employé
603 4203 652 4230 des
676 4202 788 4234 Postes,
813 4210 846 4235 34
869 4209 932 4233 ans,
955 4199 1059 4233 grand,
1089 4199 1175 4231 brun,
1205 4199 1300 4232 plutôt

404 4242 506 4274 mince,
525 4248 623 4267 20.000
640 4238 687 4272 fr.,
707 4236 872 4269 épouserait
896 4235 1020 4262 honnête
1045 4244 1186 4268 personne
1211 4240 1300 4269 ayant

402 4277 526 4311 qualités
543 4275 576 4303 de
589 4283 678 4301 cœur.
694 4286 705 4292 -
720 4272 754 4299 N"
771 4271 852 4299 6241.

439 4329 623 4358 Cultivateur
649 4325 807 4359 distingué,
835 4324 1008 4357 catholique,
1040 4327 1097 4351 très
1127 4322 1298 4357 affectueux,

402 4366 479 4395 veuf,
495 4366 569 4392 deux
584 4363 699 4390 enfants
716 4361 820 4394 placés,
837 4359 910 4387 belle
925 4360 1038 4387 maison
1066 4360 1102 4386 de
1129 4368 1299 4393 campagne,

403 4402 542 4436 quelques
557 4406 662 4432 rentes,
680 4399 704 4424 le
721 4402 784 4430 tout
800 4405 899 4430 75.000
923 4398 957 4422 tr.
999 4395 1164 4428 épouserait
1190 4389 1300 4421 demoi¬

404 4439 470 4465 selle
495 4447 530 4463 ou
563 4444 653 4461 veuve
678 4442 745 4460 sans
769 4431 878 4462 enfant,
908 4431 1081 4464 catholique,
1115 4431 1297 4461 affectueuse,

403 4474 437 4507 de
452 4482 484 4507 45
502 4481 553 4499 ans
569 4470 700 4497 environ.
717 4482 732 4487 -
748 4467 783 4494 N'
799 4465 879 4493 6242.

439 4525 519 4559 Veuf
532 4534 562 4559 50
578 4533 630 4550 ans
659 4520 839 4553 cordonnier,
859 4529 927 4546 sans
956 4519 1064 4549 enfant,
1082 4529 1151 4546 sans
1174 4518 1300 4550 fortune,

404 4564 546 4589 caractère
573 4560 661 4590 doux,
693 4556 871 4587 travailleur,
911 4562 998 4589 ayant
1026 4555 1176 4587 intérieur,
1207 4554 1301 4581 désire

406 4596 494 4624 union
510 4605 577 4622 avec
593 4593 757 4621 demoiselle
773 4601 808 4618 ou
826 4600 916 4618 veuve
937 4600 1004 4617 sans
1033 4591 1142 4618 enfant,
1173 4590 1207 4618 de
1237 4593 1270 4618 30
1287 4593 1300 4616 à

404 4643 438 4667 40
452 4641 514 4665 ans,
529 4630 605 4664 jolie,
622 4629 721 4659 douce,
740 4627 850 4654 aimant
866 4635 918 4653 son
933 4625 1084 4653 intérieur.
1103 4641 1111 4644 -
1131 4625 1166 4653 N'
1183 4624 1263 4651 6243.

442 4685 545 4718 Comte
561 4693 594 4717 34
610 4692 672 4715 ans,
688 4692 696 4708 1
718 4690 755 4714 m.
769 4690 799 4714 71
806 4701 812 4713 ,
826 4682 883 4706 très
893 4679 958 4706 bien
971 4678 1207 4713 physiquement,
1221 4677 1302 4704 avoir

408 4731 505 4755 50.000
530 4720 575 4748 fr..
593 4717 769 4750 catholique,
794 4714 936 4742 situation
961 4714 1184 4747 indépendante,
1212 4715 1301 4746 épou¬

406 4757 494 4784 serait
509 4756 591 4789 jeune
607 4753 664 4780 fille
680 4751 773 4785 noble,
792 4750 866 4784 jolie,
885 4750 1060 4784 distinguée,
1080 4749 1183 4776 femme
1198 4748 1302 4775 d'inté¬

406 4793 493 4824 rieur,
506 4791 617 4817 aimant
627 4797 787 4822 campagne
798 4793 824 4813 et
833 4792 941 4820 sports,
953 4784 1112 4812 discrétion
1125 4785 1299 4811 d’honneur.

407 4843 438 4847 —
454 4827 490 4854 N'
514 4825 594 4852 6244.

444 4878 625 4910 Demoiselle,
645 4887 678 4913 29
702 4885 765 4908 ans,
794 4875 930 4902 sérieuse,
955 4873 1075 4908 grande,
1107 4873 1187 4904 belle,
1216 4872 1299 4906 forte,

408 4917 509 4947 brune,
527 4913 594 4941 chef
608 4911 856 4944 administration,
874 4909 1040 4937 traitement
1055 4910 1136 4943 6.500
1154 4908 1199 4937 fr.,
1221 4908 1302 4936 avoir

410 4960 505 4979 10.000
521 4949 567 4979 fr.,
583 4946 748 4982 épouserait
762 4945 937 4976 célibataire,
955 4944 1176 4976 fonctionnaire,
1193 4943 1298 4971 indus¬

408 4987 482 5016 triel,
498 4984 615 5017 officier,
630 4983 756 5016 retraité,
773 4992 805 5016 30
819 4986 835 5017 à
851 4991 884 5017 40
900 4990 963 5013 ans,
987 4980 1080 5015 grand
1107 4986 1133 5007 et
1162 4979 1238 5008 bien.
1268 4994 1300 4999 —

406 5023 440 5050 N'
457 5021 536 5048 6245.

441 5075 500 5102 Fils
517 5071 634 5104 unique,
654 5070 853 5104 propriétaire,
873 5079 903 5103 23
921 5079 982 5100 ans,
1002 5068 1178 5096 travailleur,
1197 5068 1299 5095 catho¬

402 5111 491 5144 lique,
506 5110 592 5138 doux,
610 5106 730 5137 aimant,
745 5105 911 5139 s’occupant
934 5105 1151 5138 d'agriculture,
1177 5107 1297 5138 épouse¬

402 5146 458 5173 rait
474 5146 557 5178 jèune
573 5142 628 5168 fille
645 5141 717 5174 jolie,
736 5140 920 5173 affectueuse,
936 5136 1102 5174 catholique
1118 5140 1141 5167 si
1159 5140 1296 5173 possible,

399 5187 488 5217 ayant
503 5180 552 5207 dot
568 5184 595 5205 et
611 5175 831 5204 connaissances
846 5175 1000 5209 agricoles.
1020 5190 1054 5194 —
1069 5176 1105 5203 N'
1121 5173 1201 5202 6246.

1362 473 1442 508 Veuf
1452 473 1487 508 48
1498 482 1561 505 ans,
1574 473 1647 499 deux
1663 470 1788 503 enfants,
1806 479 1845 496 un
1865 479 1891 495 11
1915 478 1978 500 ans,
1996 467 2098 494 l’autre
2123 467 2139 493 6
2161 475 2232 498 ans,

1328 509 1421 537 bonne
1437 509 1590 541 situation,
1619 507 1779 541 propriétés
1809 513 1835 532 et
1864 504 2015 538 intérieur,
2047 511 2149 538 40.000
2178 502 2226 533 fr.,

1328 545 1423 572 désire
1439 544 1567 577 mariage
1582 553 1650 570 avec
1664 541 1830 569 demoiselle
1844 551 1881 567 ou
1897 549 1988 573 veuve
2001 549 2032 573 35
2059 542 2073 571 à
2103 547 2136 571 45
2163 547 2228 568 ans,

1330 580 1512 608 affectueuse,
1530 585 1618 613 ayant
1635 581 1725 605 même
1740 579 1827 612 goûts
1843 586 1877 603 en
1903 581 2024 609 rapport
2038 585 2044 607 ;
2074 574 2162 600 écrire
2192 573 2226 599 de

1331 617 1417 644 suite.
1437 630 1466 636 —
1484 615 1518 643 N'
1534 615 1614 643 6247.

1369 669 1528 701 Monsieur,
1545 668 1659 695 divorcé
1684 670 1698 694 à
1721 676 1773 694 son
1791 664 1887 700 profit,
1904 666 1937 700 46
1953 674 2016 697 ans,
2034 672 2102 690 sans
2119 662 2229 695 enfant,

1333 705 1458 736 sérieux,
1475 704 1617 732 situation
1632 705 1706 730 dans
1722 701 1837 729 chemin
1851 701 1886 727 de
1904 701 1955 733 fer,
1981 699 2087 731 salaire
2115 708 2167 731 300
2194 698 2231 724 fr.

1336 751 1386 775 par
1405 740 1487 773 mois,
1504 739 1676 774 économies,
1692 749 1708 774 4
1723 748 1775 765 000
1791 738 1837 767 fr.,
1853 739 1917 770 plus
1934 735 2023 769 petite
2036 735 2148 761 maison
2165 742 2232 760 avec

1337 777 1430 810 jardin
1448 777 1521 804 dans
1537 776 1653 809 village,
1671 776 1770 806 valeur
1793 782 1874 806 3.000
1904 773 1951 804 fr.,
1981 771 2076 798 désire
2105 769 2234 802 mariage

1336 823 1404 840 avec
1418 822 1506 840 veuve
1522 821 1590 839 sans
1606 810 1715 842 enfant,
1732 810 1766 842 de
1783 819 1813 842 35
1831 811 1846 842 à
1861 818 1895 842 40
1920 817 1983 834 ans.
2015 812 2102 841 ayant
2129 805 2232 838 petites

1337 847 1499 876 économies
1514 858 1551 874 ou
1567 846 1656 880 petite
1672 844 1825 879 propriété.
1843 859 1875 862 —
1891 844 1926 871 N'
1941 842 2021 870 6248.

1374 912 1474 938 Veuve
1490 920 1558 937 sans
1574 908 1684 943 enfant,
1700 918 1732 943 45
1760 917 1823 936 ans,
1848 905 2014 939 catholique
2036 903 2235 938 pratiquante,

1340 947 1498 975 honorable
1514 945 1632 975 famille,
1650 944 1794 979 physique
1810 942 1954 976 agréable,
1972 949 2094 973 revenus
2105 948 2187 973 7.000
2201 939 2235 965 fr.

1340 993 1407 1010 avec
1422 982 1537 1016 capital,
1563 980 1658 1008 désire
1683 979 1810 1013 mariage
1835 988 1902 1004 avec
1930 980 1996 1004 veut
2027 985 2095 1004 sans
2126 974 2236 1005 enfant,

1342 1018 1501 1046 honorable
1516 1017 1636 1048 famille,
1651 1017 1686 1050 de
1699 1025 1731 1050 45
1747 1018 1763 1048 à
1782 1024 1811 1047 52
1828 1023 1892 1045 ans,
1916 1012 2024 1040 rentier
2044 1021 2081 1038 ou
2108 1010 2237 1041 retraité,

1343 1055 1415 1086 seul,
1444 1052 1579 1081 habitant
1599 1052 1686 1086 petite
1712 1051 1788 1082 ville,
1819 1048 1961 1077 situation
1986 1058 2021 1074 en
2049 1052 2178 1080 rapport.
2205 1059 2239 1065 —

1343 1091 1377 1118 N'
1395 1090 1475 1118 6249.

1381 1152 1520 1186 Retraité,
1546 1161 1577 1186 57
1603 1160 1666 1181 ans,
1692 1149 1786 1184 légion
1809 1148 1984 1178 d’honneur,
2012 1145 2085 1177 seul,
2114 1144 2239 1174 divorcé,

1344 1189 1468 1224 pension
1482 1189 1564 1215 6.000
1581 1187 1627 1217 fr.,
1645 1185 1717 1220 petit
1731 1184 1836 1218 capital
1859 1194 1893 1210 en
1914 1192 1975 1214 sus,
2002 1182 2125 1212 sérieux,
2156 1179 2242 1207 affec¬

1345 1233 1441 1255 tueux,
1460 1221 1695 1256 correspondrait
1710 1230 1776 1248 avec
1792 1228 1935 1253 personne
1951 1228 1985 1245 en
2012 1223 2141 1252 rapport,
2173 1224 2241 1243 sans

1345 1261 1454 1293 enfant,
1471 1258 1612 1287 situation
1629 1258 1714 1285 aisée.
1732 1271 1763 1275 —
1780 1255 1814 1283 N'
1832 1255 1913 1282 6250.

1382 1312 1558 1347 Célibataire
1573 1322 1606 1347 45
1622 1321 1686 1342 ans,
1704 1310 1770 1337 bien
1784 1319 1854 1336 sous
1880 1315 1945 1336 tous
1960 1312 2107 1341 rapports,
2123 1304 2244 1332 catholi¬

1346 1360 1411 1385 que,
1428 1349 1616 1383 agriculteur,
1633 1347 1715 1377 libre,
1733 1346 1813 1373 avoir
1833 1352 1948 1371 100.000
1960 1343 1994 1370 fr.
2018 1349 2045 1370 et
2061 1345 2241 1375 espérances,

1346 1385 1510 1420 épouserait
1538 1385 1621 1411 dame
1645 1392 1681 1409 ou
1708 1380 1874 1409 demoiselle
1904 1382 1955 1412 âge
1985 1385 2013 1405 et
2037 1377 2180 1405 situation
2210 1386 2243 1403 en

1348 1427 1477 1456 rapport.
1495 1435 1526 1439 —
1543 1419 1622 1446 6251.

1384 1483 1559 1511 Célibataire
1599 1482 1631 1514 63
1673 1490 1736 1512 ans,
1781 1485 1846 1512 port
1884 1478 1978 1510 jeune,
2021 1474 2244 1505 fonctionnaire,

1352 0 1447 1554 15.000
1464 1518 1558 1545 francs
1576 1526 1626 1551 par
1640 1526 1686 1548 an,
1705 1514 1798 1546 Paris,
1820 1512 1985 1548 épouserait
2014 1511 2179 1540 demoiselle
2209 1519 2245 1537 ou

1347 1566 1447 1587 veuve,
1463 1551 1551 1585 éeule,
1568 1552 1743 1585 catholique,
1771 1551 1914 1584 physique
1944 1548 2089 1582 agréable,
2120 1545 2245 1580 qualités

1349 1592 1471 1618 morales
1488 1597 1515 1617 et
1527 1597 1660 1616 revenus.
1677 1602 1709 1606 —
1726 1586 1761 1614 N'
1778 1585 1858 1612 6252.

1386 1647 1609 1676 Fonctionnaire
1628 1645 1662 1672 27
1683 1655 1745 1678 ans,
1767 1643 1890 1675 sérieux,
1918 1642 1974 1669 bon
2004 1643 2156 1673 caractère,
2182 1639 2247 1666 bien

1349 1695 1417 1713 sous
1438 1692 1503 1712 tous
1530 1684 1570 1710 les
1590 1688 1736 1715 rapports,
1762 1679 1935 1708 sentiments
1967 1677 2148 1711 artistiques,
2176 1675 2247 1702 belle

1349 1721 1490 1749 situation
1511 1719 1631 1746 actuelle
1649 1724 1676 1744 et
1695 1716 1835 1747 d’avenir,
1855 1723 1972 1749 grosses
1993 1716 2172 1747 espérances,
2200 1710 2247 1738 fils

1348 1758 1381 1784 de
1403 1755 1608 1791 propriétaires
1640 1752 1773 1783 rentiers,
1799 1750 1894 1777 désire
1920 1749 2021 1782 union,
2048 1748 2107 1775 fille
2128 1747 2246 1780 unique,

1348 1792 1514 1820 demoiselle
1529 1800 1565 1817 ou
1578 1799 1667 1816 veuve
1681 1794 1769 1823 ayant
1788 1787 1880 1813 bonne
1901 1784 2053 1816 situation,
2070 1783 2249 1810 institutrice

1348 1830 1382 1856 de
1399 1827 1559 1862 préférence
1579 1833 1606 1852 et
1621 1824 1804 1851 affectueuse.
1822 1822 1901 1849 6256.

1384 1891 1484 1917 Veuve
1504 1889 1538 1915 de
1562 1897 1675 1919 guerre,
1700 1886 1734 1913 38
1758 1895 1821 1915 ans,
1848 1893 1916 1911 sans
1941 1882 2051 1915 enfant,
2081 1881 2132 1907 800
2150 1880 2189 1907 frs
2214 1879 2247 1907 de

1349 1926 1472 1961 pension
1489 1932 1517 1951 et
1541 1923 1643 1951 45.000
1667 1921 1782 1955 capital,
1811 1921 1913 1952 brune,
1931 1919 2077 1953 physique
2101 1916 2247 1951 agréable,

1350 1962 1443 1989 désire
1460 1960 1587 1993 mariage
1610 1968 1676 1986 avec
1699 1956 1847 1984 monsieur
1868 1961 1956 1992 ayant
1978 1959 2072 1981 bonne
2093 1951 2248 1979 situation.

1349 1997 1429 2025 6257.

1386 2054 1560 2083 Demoiselle
1582 2055 1650 2088 âgée
1677 2051 1711 2078 de
1734 2050 1768 2077 40
1790 2059 1853 2083 ans,
1878 2049 1973 2076 bonne
2005 2045 2147 2075 situation
2175 2045 2248 2072 dans

1351 2092 1599 2125 l’enseignement,
1627 2087 1708 2114 avoir
1728 2094 1755 2113 et
1777 2089 1945 2119 espérances
1967 2084 2120 2114 sérieuses,
2144 2081 2250 2108 femme

1350 2128 1529 2156 d’intérieur,
1555 2121 1789 2156 correspondrait
1815 2131 1882 2147 avec
1908 2119 2053 2147 monsieur
2066 2117 2142 2152 loyal
2159 2124 2186 2143 et
2201 2119 2247 2144 sé¬

1350 2164 1442 2196 rieux,
1462 2162 1573 2188 aimant
1592 2159 1636 2187 vie
1654 2159 1688 2185 de
1701 2158 1817 2190 famille,
1830 2157 1863 2183 de
1877 2159 1970 2183 bonne
1982 2153 2146 2186 éducation,
2160 2158 2249 2187 ayant

1351 2199 1492 2227 situation
1508 2207 1544 2224 ou
1561 2195 1652 2224 avoir.
1671 2194 1753 2222 6258.

1388 2251 1561 2280 Demoiselle
1576 2250 1610 2276 29
1627 2258 1689 2281 ans,
1707 2246 1881 2280 catholique,
1899 2247 1985 2280 goûts
2000 2243 2131 2277 simples,
2150 2242 2244 2269 bonne

1350 2287 1537 2320 instruction,
1563 2282 1798 2317 correspondrait
1821 2292 1888 2308 avec
1914 2280 2061 2308 monsieur
2079 2278 2192 2305 sérieux
2208 2276 2243 2304 de

1350 2325 1384 2351 30
1400 2328 1414 2351 à
1430 2323 1464 2350 39
1480 2332 1542 2352 ans,
1560 2320 1690 2348 désirant
1706 2330 1736 2346 se
1751 2321 1828 2346 créer
1844 2318 1922 2352 foyer
1939 2317 2066 2342 heureux
2085 2314 2192 2341 France
2210 2322 2246 2340 ou

1351 2361 1487 2387 colonies.
1513 2357 1583 2384 6260

1389 2412 1563 2441 Demoiselle
1584 2410 1617 2437 35
1634 2419 1696 2442 ans,
1714 2407 1850 2438 sérieuse,
1873 2405 2025 2440 orpheline
2048 2403 2196 2438 employée
2217 2401 2251 2429 de

1352 2449 1452 2483 l’Etat,
1473 2447 1629 2482 possédant
1645 2445 1783 2472 intérieur
1798 2451 1826 2469 et
1843 2451 1945 2476 petites
1962 2439 2135 2471 économies,
2153 2438 2248 2465 désire

1352 2485 1479 2518 mariage
1501 2493 1568 2510 avec
1595 2480 1742 2509 monsieur
1769 2481 1820 2512 âge
1844 2485 1871 2505 et
1896 2476 2037 2504 situation
2056 2484 2091 2502 en
2119 2480 2250 2508 rapport.

1351 2521 1430 2548 6261.

1388 2572 1563 2601 Demoiselle
1584 2570 1618 2598 36
1640 2580 1692 2597 ans
1710 2568 1874 2603 paraissant
1902 2565 1967 2593 bien
1994 2565 2060 2599 plus
2085 2564 2177 2597 jeune,
2205 2572 2253 2590 or¬

1352 2611 1477 2644 pheline,
1505 2606 1699 2635 honorabilité
1725 2604 1855 2639 parfaite,
1888 2603 1982 2629 bonne
2009 2595 2125 2631 famille,
2158 2600 2252 2626 bonne

1352 2645 1514 2673 éducation,
1542 2642 1651 2670 certain
1676 2641 1756 2668 avoir
1779 2647 1805 2666 et
1822 2638 1964 2671 mobilier,
1988 2635 2153 2671 épouserait
2169 2644 2253 2662 mon¬

1351 2683 1431 2709 sieur
1445 2681 1558 2709 sérieux
1573 2684 1664 2714 ayant
1673 2675 1825 2704 situation.
1844 2674 1914 2701 6262

1389 2734 1513 2763 Lous-of
1518 2733 1595 2760 ficier
1602 2730 1809 2766 gestionnaire,
1819 2728 1926 2755 service
1934 2726 1967 2753 de
1982 2729 2074 2758 santé,
2082 2724 2116 2751 32
2132 2734 2196 2757 ans,
2207 2734 2254 2751 ca¬

1353 2771 1493 2804 tholique,
1511 2766 1678 2795 traitement
1692 2766 1709 2792 6
1722 2765 1774 2792 000
1790 2765 1840 2791 frs.
1857 2764 1906 2790 dot
1923 2762 1955 2788 15
1969 2762 2021 2788 000
2036 2762 2090 2788 frs.
2116 2764 2253 2793 espéran¬

1352 2816 1398 2834 ces
1416 2804 1515 2833 20.000
1538 2804 1589 2830 frs.
1611 2801 1775 2836 épouserait
1799 2798 1965 2826 demoiselle
1979 2796 2015 2823 23
2030 2800 2045 2823 à
2060 2796 2094 2823 30
2110 2805 2173 2827 ans,
2191 2795 2254 2822 ins¬

1352 2842 1452 2875 truite,
1462 2840 1638 2873 distinguée,
1658 2841 1765 2864 mêmes
1781 2835 1965 2864 sentiments,
1982 2832 2124 2859 situation
2140 2841 2175 2858 en
2191 2840 2242 2865 rap

1352 2884 1428 2912 port,
1443 2877 1571 2910 échange
1588 2874 1686 2909 photo.
1703 2871 1782 2899 6263.

1388 2929 1468 2958 Veuf
1479 2929 1513 2956 52
1532 2939 1595 2959 ans,
1613 2924 1812 2962 propriétaire,
1831 2934 1869 2950 un
1886 2932 1992 2957 garçon
2008 2921 2042 2948 de
2058 2921 2106 2948 dix
2122 2930 2185 2952 ans,
2203 2920 2253 2947 dé¬

1352 2966 1467 2993 sirerait
1492 2967 1641 2991 connaître
1656 2972 1746 2989 veuve
1761 2961 1794 2988 de
1809 2960 1843 2985 40
1860 2963 1874 2986 à
1895 2958 1929 2985 45
1945 2967 1997 2984 ans
2023 2966 2096 2991 pour
2113 2956 2251 2989 mariage,

1352 3010 1494 3036 personne
1509 3000 1648 3031 sérieuse,
1659 2999 1694 3024 de
1711 2997 1870 3031 préférence
1885 2996 1919 3021 de
1936 2994 1963 3020 la
1983 3001 2143 3026 campagne
2171 2990 2252 3018 6264,

1388 3056 1491 3088 Dame,
1518 3057 1586 3087 âgée
1608 3052 1642 3079 de
1666 3051 1700 3077 40
1726 3059 1777 3077 ans
1793 3049 1946 3076 excellente
1964 3046 2082 3077 famille,
2100 3045 2253 3072 éducation

1352 3098 1379 3119 et
1404 3090 1580 3118 instruction
1597 3087 1745 3122 parfaites,
1766 3084 1816 3113 dot
1838 3084 1871 3110 10
1885 3083 1936 3110 000
1959 3082 2010 3109 frs.
2029 3082 2132 3109 femme
2148 3080 2253 3108 d’inté¬

1352 3127 1440 3160 rieur,
1466 3126 1611 3160 physique
1635 3123 1777 3158 agréable,
1794 3121 1888 3147 désire
1912 3122 2033 3151 épouser
2049 3116 2198 3144 monsieur
2219 3116 2253 3143 de

1353 3163 1447 3190 bonne
1462 3161 1614 3189 éducation
1630 3165 1718 3194 ayant
1734 3156 1885 3184 situation.
1901 3153 1981 3181 6265.

1391 3219 1564 3248 Demoiselle
1580 3218 1614 3245 26
1629 3226 1690 3246 ans,
1708 3214 1821 3244 blonde,
1840 3213 1914 3246 jolie,
1935 3211 2100 3246 distinguée
2126 3210 2254 3237 instruc¬

1353 3257 1413 3284 tion
1429 3264 1457 3283 et
1472 3255 1623 3282 éducation
1642 3252 1788 3286 parlaites.
1805 3249 1862 3276 fille
1880 3248 1997 3281 unique,
2016 3253 2133 3280 parents
2150 3246 2253 3272 indus¬

1352 3293 1444 3325 triels,
1456 3301 1558 3327 grosse
1573 3288 1716 3317 situation
1733 3288 1768 3314 de
1788 3286 1912 3316 fortune,
1921 3283 2087 3317 épouserait
2104 3281 2253 3308 monsieur

1352 3335 1439 3363 ayant
1467 3326 1608 3353 situation
1634 3334 1671 3350 ou
1701 3321 1848 3349 monsieur
1876 3319 1926 3353 qui
1955 3317 2090 3345 voudrait
2130 3317 2253 3351 prendre

1353 3365 1378 3391 la
1394 3364 1470 3391 suite
1485 3363 1534 3389 des
1552 3366 1679 3395 parents.
1698 3358 1777 3385 6266.

1388 3425 1466 3453 Veuf
1474 3425 1507 3451 55
1519 3434 1581 3451 ans.
1593 3424 1678 3455 brun,
1692 3421 1756 3448 fort,
1772 3419 1899 3450 robuste,
1914 3427 1952 3445 un
1966 3416 2064 3443 enfant
2079 3418 2092 3442 à
2105 3425 2135 3442 sa
2147 3415 2253 3448 charge

1352 3463 1368 3489 9
1391 3471 1454 3494 ans,
1477 3460 1634 3494 possédant
1655 3457 1737 3484 usine
1758 3457 1832 3483 dans
1854 3453 1924 3487 petit
1946 3454 2052 3486 village
2068 3451 2134 3478 bien
2149 3450 2252 3483 située,

1353 3496 1452 3525 valeur
1469 3496 1503 3523 20
1517 3495 1568 3522 000
1585 3494 1635 3521 frs.
1655 3492 1795 3520 demande
1811 3501 1844 3517 en
1867 3488 1994 3522 mariage
2009 3497 2099 3515 veuve
2120 3496 2187 3513 sans
2204 3495 2254 3513 en¬

1353 3534 1424 3566 fant,
1445 3534 1539 3560 bonne
1556 3532 1716 3563 ménagère,
1735 3529 1835 3559 brune,
1852 3527 1886 3552 de
1907 3527 2066 3559 préférence
2083 3522 2116 3549 de
2134 3525 2159 3550 la
2175 3530 2254 3549 cam¬

1353 3579 1456 3603 pagne,
1473 3567 1506 3594 de
1518 3566 1551 3593 40
1567 3570 1582 3593 à
1597 3565 1632 3592 50
1648 3574 1699 3591 ans
1718 3586 1723 3591 .
1738 3561 1816 3589 6267.

2320 465 2392 493 Fille
2409 466 2516 500 unique
2532 465 2566 492 36
2581 475 2645 499 ans,
2659 466 2816 494 excellente
2832 467 2952 501 famille,
2969 467 3019 495 dot
3034 464 3135 493 30.000
3148 462 3173 489 fr

2282 509 2310 528 et
2322 505 2490 536 espérances
2507 501 2639 534 directes,
2655 502 2750 529 désire
2763 510 2930 531 rencontrer
2940 513 2974 530 en
2987 512 3042 529 vue
3057 500 3185 533 mariage

2283 539 2398 565 homme
2412 538 2450 564 du
2471 537 2583 568 monde,
2595 538 2770 565 sentiments
2783 540 2875 567 élevés
2886 546 2914 566 et
2923 539 3055 571 délicat»,
3071 544 3185 571 pourvu

2283 573 2424 601 situation
2441 573 2549 600 France
2565 583 2601 600 ou
2618 573 2744 600 colonies
2777 589 2800 593 —
2822 575 2856 603 N'
2871 575 2953 603 6275.

2321 636 2408 668 Jeune
2423 636 2538 664 homme
2553 635 2588 662 33
2599 645 2662 667 ans,
2679 635 2840 670 distingué,
2858 637 3032 669 affectueux,
3045 634 3188 664 situation

2284 672 2384 698 50.000
2401 674 2434 698 Ir.
2452 681 2503 705 par
2519 681 2565 700 an,
2583 671 2748 705 épouserait
2763 672 2932 700 demoiselle
2943 684 2979 700 ou
2992 682 3095 704 veuve,
3112 670 3187 704 jolie,

2286 718 2298 732 •
2305 707 2469 740 ffectueuse,
2486 713 2575 742 ayant
2592 717 2630 734 un
2653 707 2734 734 avoir
2756 709 2790 734 de
2813 708 2848 735 50
2871 712 2887 736 à
2910 708 3029 737 100.000
3048 708 3084 735 fr.
3104 705 3187 733 —N'

2287 743 2369 771 6276.

2364 867 2397 928 A
2414 866 2553 929 TOUS
2574 868 2673 928 LES
2694 867 2969 930 LECTEURS
2995 862 3193 935 ZT:Xi

2292 943 2524 979 graphologique
2540 943 2688 970 dévoilant
2697 946 2850 975 caractère,
2871 945 3030 978 aptitudes,
3053 943 3190 978 qualités,

2292 982 2417 1012 défauts,
2434 979 2544 1010 avenir,
2562 985 2627 1011 etc.,
2645 988 2718 1013 pour
2737 989 2745 1005 1
2765 984 2800 1014 lr.
2819 989 2850 1014 50
2862 981 3022 1008 seulement
3033 990 3106 1014 pour
3118 988 3191 1006 nous

2294 1015 2365 1042 faire
2380 1019 2538 1042 connaître.
2555 1014 2637 1042 Ceux
2653 1014 2703 1049 qui
2719 1015 2865 1042 voudront
2886 1017 3038 1044 bénéficier
3062 1017 3097 1043 de
3121 1021 3192 1042 cette

2294 1051 2443 1086 gracieuse
2460 1051 2560 1078 faveur
2576 1051 2762 1078 adresseront
2786 1052 2926 1085 quelques
2952 1053 3045 1086 lignes
3072 1051 3106 1078 de
3131 1050 3192 1078 leur

2295 1087 2418 1114 écriture
2434 1096 2469 1113 ou
2480 1086 2513 1113 de
2523 1087 2548 1113 la
2559 1095 2702 1120 personne
2712 1087 2751 1113 les
2761 1086 2948 1121 intéressant,
2961 1098 3029 1115 avec
3040 1087 3064 1114 le
3075 1096 3141 1114 nom
3153 1086 3192 1112 du

2296 1122 2419 1156 journal,
2449 1126 2464 1149 à
2495 1123 2534 1149 M.
2571 1122 2744 1154 Bertillaud,
2775 1123 2940 1156 professeur
2966 1123 3132 1157 spécialiste
3159 1121 3194 1148 de

2295 1159 2330 1185 de
2358 1158 2462 1185 l’Ecole
2491 1157 2672 1192 hermétique
2699 1157 2735 1184 de
2764 1157 2861 1191 Paris,
2886 1166 2970 1187 route
2990 1158 3155 1189 Nationale,
3179 1160 3194 1183 à

2300 1194 2443 1221 Bellevilte
2459 1194 2595 1227 (Rhône).

2436 1319 2585 1374 Avis
2626 1334 2742 1374 aux
2775 1319 3051 1376 Abonnés

2340 1430 2436 1457 Nous
2464 1428 2667 1457 conseillons
2693 1435 2768 1457 aux
2793 1435 2984 1463 personnes
2997 1427 3154 1463 pouvant
3168 1428 3197 1455 le

2299 1468 2403 1503 faire,
2430 1470 2471 1497 de
2496 1470 2672 1497 souscrire
2685 1475 2735 1497 un
2757 1469 2991 1499 abonnement
3005 1467 3045 1498 dê
3059 1470 3082 1498 8
3096 1468 3196 1499 mois,

2300 1510 2334 1537 et
2347 1510 2387 1537 de
2399 1508 2605 1542 préférence
2629 1510 2642 1537 1
2661 1515 2720 1537 an.
2737 1510 2826 1539 Elles
2848 1514 2978 1539 auront
2999 1509 3197 1542 l'avantage

2301 1550 2341 1577 de
2355 1555 2399 1577 ne
2410 1555 2475 1582 pas
2487 1550 2615 1582 perdre
2636 1550 2676 1577 de
2697 1556 2763 1577 vue
2786 1556 2835 1578 un
2853 1551 2927 1579 seul
2943 1550 3079 1579 abonné
3105 1549 3136 1578 et
3159 1548 3199 1576 de

2301 1589 2448 1618 réaliser
2462 1595 2531 1618 une
2545 1589 2721 1618 économie
2736 1590 2776 1618 de
2791 1591 2837 1620 20
2851 1589 2899 1624 %.

2343 1709 2445 1739 AVIS.
2479 1725 2513 1730 —
2543 1710 2604 1738 Les
2635 1709 2791 1738 Abonnés
2818 1709 2857 1739 de
2887 1709 2918 1739 la
2937 1710 3075 1739 REVUE
3093 1709 3202 1738 MEN¬

2303 1749 2469 1784 SUELLE,
2496 1749 2647 1778 désirant
2677 1750 2834 1778 recevoir
2857 1750 2888 1779 la
2915 1761 2931 1777 «
2948 1752 3065 1780 Revue
3081 1760 3097 1776 »
3121 1756 3200 1778 sous

2304 1789 2510 1827 enveloppes
2541 1790 2687 1818 fermées
2717 1792 2795 1819 sont
2828 1790 2919 1827 priés
2948 1791 3140 1819 d’adresser
3170 1788 3198 1817 la

2304 1837 2434 1860 somme
2451 1830 2490 1859 de
2506 1830 2525 1859 2
2540 1829 2580 1857 fr.
2597 1837 2638 1858 en
2654 1829 2731 1868 plus
2748 1837 2835 1867 pour
2859 1830 2908 1859 les
2940 1830 3022 1860 frais
3054 1831 3094 1858 de
3121 1829 3201 1859 tim¬

2303 1869 2382 1900 bres
2399 1876 2406 1905 ;
2438 1869 2488 1899 les
2513 1868 2665 1899 abonnés
2693 1872 2771 1899 sont
2799 1870 2995 1908 également
3021 1872 3114 1908 priés
3160 1869 3201 1897 de

2304 1909 2448 1939 timbrer
2475 1913 2568 1939 leurs
2599 1911 2718 1939 lettres
2748 1911 2767 1939 à
2794 1911 2833 1939 25
2848 1914 2938 1940 cent,
2964 1917 3052 1948 pour
3067 1916 3201 1939 corres¬

2303 1950 2435 1988 pondre
2445 1953 2543 1980 entre
2558 1949 2721 1980 abonnés.

2343 2079 2468 2107 Jeunes
2486 2083 2581 2112 gens,
2600 2078 2728 2111 jeunes
2754 2077 2839 2112 filles
2866 2078 2899 2107 et
2927 2084 3012 2107 vous
3040 2079 3117 2107 tous
3145 2077 3204 2113 qui

2304 2119 2434 2147 désirez
2473 2123 2558 2147 vous
2594 2118 2742 2151 marier,
2782 2120 2974 2147 demandez
3013 2119 3042 2147 le
3072 2118 3205 2148 GUIDE

2304 2159 2529 2189 PRATIQUE
2563 2159 2626 2187 DU
2658 2158 2870 2188 BONHEUR
2904 2160 2967 2187 EN
3002 2150 3203 2190 MÉNAGE,

2305 2199 2493 2227 contenant
2507 2199 2564 2227 des
2579 2198 2722 2226 conseils
2736 2198 2803 2227 très
2819 2199 2918 2227 utiles
2927 2205 3021 2233 pour
3030 2200 3059 2226 le
3070 2198 3206 2227 maria¬

2304 2245 2357 2274 ge,
2373 2239 2402 2267 le
2417 2240 2554 2267 volume
2564 2245 2637 2272 par
2649 2239 2679 2266 J.
2699 2230 2930 2268 PÉLISSIER
2951 2239 3112 2273 pouvant
3132 2235 3207 2267 être

2306 2281 2342 2307 lu
2353 2285 2423 2313 par
2439 2280 2512 2307 tout
2527 2280 2556 2307 le
2569 2280 2703 2307 monde.

2345 2320 2513 2348 Adressez
2529 2319 2563 2347 la
2577 2324 2709 2347 somme
2722 2319 2761 2346 de
2771 2320 2792 2347 3
2803 2318 2852 2353 fr.
2870 2320 2915 2348 50
2931 2318 2953 2348 à
2967 2319 3002 2348 la
3017 2318 3207 2347 Directrice

2305 2360 2345 2387 de
2359 2361 2394 2388 la
2409 2359 2557 2388 REVUE
2572 2359 2851 2390 MENSUELLE,
2869 2360 2928 2394 qui
2949 2365 3034 2388 vous
3062 2356 3207 2388 l’adres¬

2305 2405 2387 2428 sera
2400 2400 2528 2433 franco
2543 2400 2583 2427 de
2593 2399 2687 2432 port.

2347 2523 2411 2551 Les
2438 2526 2616 2550 annonces
2642 2522 2732 2550 dans
2759 2521 2794 2548 la
2809 2521 2827 2550 «
2841 2521 2955 2549 Revue
2971 2526 2989 2548 »
3014 2521 3094 2549 sont
3124 2520 3165 2549 de
3185 2520 3207 2548 4

2308 2562 2418 2597 lignes
2433 2568 2480 2590 au
2495 2561 2695 2590 maximun.
2710 2561 2968 2594 Lespersonnes
2984 2561 3042 2596 qui
3057 2560 3209 2589 désirent

2307 2603 2384 2630 leur
2409 2607 2570 2629 annonce
2593 2602 2671 2634 plus
2687 2601 2813 2636 longue
2824 2601 2990 2635 paieront
3003 2607 3053 2629 un
3067 2600 3206 2635 supplé¬

2308 2642 2403 2671 ment
2416 2642 2455 2670 de
2470 2643 2491 2670 3
2507 2641 2554 2676 fr.
2574 2642 2607 2669 la
2623 2642 2724 2676 ligne.

2350 2764 2399 2792 La
2414 2764 2431 2791 «
2443 2764 2556 2791 Revue
2572 2763 2755 2791 Mensuelle
2764 2771 2779 2786 »
2797 2762 2933 2795 accepte
2949 2762 3059 2791 toutes
3074 2768 3208 2790 annon¬

2309 2809 2362 2831 ces
2391 2803 2650 2831 commerciales
2676 2808 2721 2830 ou
2736 2802 2867 2835 autres,
2884 2801 2950 2830 soit
2960 2802 3088 2835 ventes,
3106 2801 3209 2836 fonds

2309 2844 2349 2871 de
2361 2848 2554 2871 commerce
2568 2848 2614 2870 ou
2627 2842 2810 2870 industrie.

2335 2990 2745 3046 ANNONCES
2801 2988 3182 3044 DIVERSES

2314 3135 2334 3178 A
2371 3134 2377 3178 I
2400 3134 2437 3177 fil
2451 3134 2522 3177 IFR
2570 3135 2622 3156 ma
2626 3127 2637 3156 i
2640 3136 2651 3149 e
2657 3135 2701 3157 on
2721 3125 2940 3156 d’habitation
2970 3126 2989 3156 à
3016 3126 3049 3156 la
3079 3133 3209 3163 campa-

2313 3160 2336 3190 A
2372 3159 2522 3190 LUULH
2570 3176 2647 3205 gne,
2666 3167 2706 3196 de
2718 3167 2736 3196 6
2752 3168 2769 3196 à
2785 3168 2804 3195 8
2823 3166 2936 3204 pièces
2963 3166 3113 3203 garnies,
3142 3167 3211 3202 jar¬

2309 3207 2376 3242 din,
2392 3208 2549 3238 banlieue
2565 3207 2663 3237 d’une
2686 3207 2789 3242 petite
2812 3206 2902 3242 ville,
2916 3214 2998 3244 pays
3023 3207 3064 3236 de
3089 3206 3211 3236 chasse

2309 3252 2343 3278 et
2359 3249 2399 3277 de
2414 3248 2534 3286 pêche.
2552 3263 2572 3269 -
2587 3249 2627 3277 N-
2646 3247 2694 3277 10.

2312 3318 2335 3372 A
2372 3316 2376 3361 l
2401 3316 2440 3360 DI
2454 3316 2525 3360 IFR
2574 3318 2588 3337 a
2594 3319 2637 3347 PP
2642 3312 2812 3338 arterIient
2846 3309 2864 3337 4
2896 3308 3013 3345 pièces
3057 3307 3208 3345 garnies,

2371 3342 2525 3373 LUULn
2572 3351 2590 3379 2
2605 3349 2798 3383 chambres,
2817 3349 2900 3378 salle
2919 3352 2934 3377 à
2953 3356 3108 3385 manger,
3136 3348 3211 3378 cui¬

2309 3391 2394 3425 sine,
2413 3390 2590 3425 vestibule,
2599 3389 2844 3422 water-closet,
2856 3389 2994 3419 cabinet
3010 3390 3050 3418 de
3067 3388 3209 3419 toilette.

2308 3447 2326 3453 -
2342 3432 2382 3460 N-
2401 3431 2448 3459 11.

2334 3494 2349 3550 A
2376 3495 2398 3538 V
2408 3495 2430 3537 F
2441 3496 2464 3537 N
2478 3496 2500 3537 n
2511 3495 2532 3537 R
2544 3495 2566 3536 F
2614 3487 2743 3526 A>'âode
2776 3486 2952 3525 propriété
2987 3487 3212 3524 comprenant

2381 3519 2394 3549 V
2409 3519 2465 3550 LIN
2478 3518 2567 3550 UnL
2615 3529 2764 3557 maisons
2779 3528 2820 3556 de
2830 3527 2952 3556 maître
2963 3529 2997 3556 et
3006 3528 3046 3556 de
3057 3526 3208 3556 fermier.

2310 3569 2389 3598 Prix
2405 3569 2423 3598 à
2441 3569 2604 3599 débattre.
2622 3584 2641 3590 -
2655 3567 2684 3597 N
2690 3575 2696 3581 -
2715 3568 2763 3596 12.

1390 3630 1491 3658 Mutilé
1506 3630 1540 3656 de
1553 3637 1666 3663 guerre,
1680 3626 1715 3652 26
1731 3635 1793 3653 ans.
1810 3625 1927 3657 amputé
1943 3622 1981 3648 du
1998 3622 2062 3655 pied
2080 3620 2167 3653 droit,
2184 3619 2255 3646 2000

1353 3668 1404 3695 frs.
1428 3668 1462 3694 de
1484 3666 1615 3699 pension,
1633 3662 1790 3696 possédant
1811 3660 1884 3694 petit
1901 3667 2057 3686 commerce
2074 3656 2256 3683 d’alimenta¬

1354 3705 1414 3730 tion
1430 3703 1524 3729 désire
1541 3700 1669 3732 mariage
1684 3708 1750 3724 avec
1765 3697 1848 3731 jeune
1863 3694 1920 3721 fille
1936 3694 1971 3720 de
1986 3692 2020 3719 18
2034 3696 2048 3719 à
2066 3691 2100 3718 25
2114 3701 2176 3720 ans.
2197 3694 2254 3718 très

1354 3739 1492 3770 sérieuse,
1508 3743 1574 3770 apte
1591 3744 1626 3762 au
1644 3742 1809 3764 commerce,
1827 3737 1915 3766 ayant
1929 3729 2003 3763 petit
2019 3728 2108 3755 avoir.
2132 3727 2211 3754 6268.

1392 3800 1565 3828 Instituteur
1578 3796 1741 3830 honoraire,
1753 3795 1787 3822 58
1798 3803 1861 3826 ans,
1874 3791 1950 3823 veuf,
1964 3791 2029 3818 bien
2041 3796 2169 3825 portant,
2186 3798 2254 3816 sans

1354 3837 1487 3870 charges,
1504 3834 1625 3868 pension
1643 3832 1774 3858 annuelle
1790 3830 1823 3857 de
1838 3826 1920 3856 4.450
1937 3831 1981 3855 Ir..
1999 3825 2164 3860 épouserait
2186 3834 2255 3851 veu¬

1353 3882 1387 3899 ve
1402 3872 1436 3899 de
1452 3880 1555 3906 guerre
1571 3879 1607 3896 ou
1633 3868 1650 3894 d
1663 3867 1891 3901 enseignement,
1911 3864 1946 3890 de
1966 3862 2000 3888 40
2022 3867 2035 3889 à
2060 3861 2094 3888 55
2117 3871 2179 3893 ans,
2205 3861 2253 3887 de¬

1354 3908 1483 3935 moiselle
1505 3915 1543 3932 ou
1562 3905 1647 3931 dame
1669 3902 1800 3930 divorcée
1821 3904 1836 3927 à
1857 3909 1910 3927 son
1930 3898 2031 3932 profit,
2053 3896 2196 3925 situation
2219 3904 2255 3922 en

1355 3948 1484 3978 rapport.
1507 3941 1543 3968 N°
1558 3939 1638 3967 6253.

1390 3997 1490 4024 Veuve
1507 3993 1613 4022 officier
1630 3992 1791 4026 supérieur,
1809 4001 1840 4024 33
1851 3999 1914 4022 ans,
1927 3988 2000 4015 deux
2015 3987 2128 4014 fillettes
2141 3989 2254 4014 entrées

1354 4033 1464 4067 Légion
1479 4031 1653 4061 d’honneur,
1670 4029 1704 4055 de
1721 4038 1743 4055 11
1763 4034 1791 4055 et
1806 4036 1833 4053 10
1849 4035 1912 4058 ans,
1941 4023 2062 4057 pension
2093 4031 2173 4056 3.500
2204 4021 2251 4054 fr.,

1355 4076 1450 4096 rentes
1471 4077 1546 4101 1.500
1572 4066 1620 4098 fr.,
1651 4071 1678 4091 et
1706 4066 1886 4097 espérances,
1912 4064 1972 4088 très
1999 4059 2078 4086 riche
2107 4057 2254 4090 mobilier,

1353 4105 1474 4139 grande,
1490 4102 1607 4133 blonde,
1623 4100 1688 4139 jolie
1703 4099 1878 4133 distinguée,
1892 4098 1950 4123 très
1971 4094 2120 4125 instruite,
2138 4095 2254 4121 recher¬

1353 4141 1404 4167 che
1419 4138 1546 4171 mariage
1555 4135 1661 4164 officier
1676 4145 1712 4161 en
1727 4134 1854 4166 activité,
1866 4130 2078 4159 fonctionnaire
2093 4129 2128 4155 de
2140 4129 2252 4157 France

1353 4186 1389 4203 ou
1406 4174 1544 4202 colonies.
1560 4187 1594 4192 —
1611 4170 1644 4199 N'
1663 4170 1730 4203 6255
1736 4191 1742 4198 .

1389 4225 1480 4257 Jeune
1495 4224 1611 4254 homme
1629 4230 1660 4253 30
1674 4229 1736 4248 ans,
1754 4217 1911 4251 possédant
1924 4225 1963 4241 un
1974 4214 2054 4241 avoir
2063 4214 2098 4247 de
2109 4223 2188 4247 5.000
2199 4213 2248 4245 fr.,

1354 4261 1475 4288 cherche
1492 4259 1595 4285 femme
1610 4256 1644 4284 de
1659 4255 1692 4282 25
1709 4259 1722 4281 i
1738 4254 1773 4281 30
1788 4263 1851 4286 ans,
1862 4260 1952 4285 veuv.e
1962 4260 1997 4276 ou
2008 4250 2149 4278 divorcée,
2162 4251 2253 4275 même

1354 4306 1421 4323 avec
1435 4294 1544 4325 enfant,
1563 4301 1636 4327 pour
1652 4290 1766 4317 habiter
1782 4291 1806 4316 la
1818 4296 1976 4321 campagne
1988 4284 2165 4319 disposerait
2177 4285 2254 4318 pho¬

1355 4339 1393 4359 to.
1413 4347 1442 4351 -
1462 4331 1494 4358 N'
1512 4329 1581 4356 6269

1392 4377 1568 4408 Célibataire
1592 4375 1624 4403 31
1650 4384 1713 4408 ans,
1739 4384 1806 4401 sans
1824 4376 1952 4407 parents,
1970 4369 2072 4396 mutilé
2086 4368 2120 4395 de
2136 4376 2251 4402 guerre,

1355 4415 1476 4450 pension
1489 4413 1571 4440 8.000
1589 4414 1620 4441 tr.
1632 4421 1682 4445 par
1699 4420 1745 4443 an,
1763 4411 1828 4439 bon,
1846 4408 1931 4434 doux,
1948 4404 2117 4437 affectueux,
2132 4407 2254 4437 épouse¬

1355 4451 1411 4479 rait
1422 4450 1588 4477 demoiselle
1604 4457 1639 4475 ou
1657 4456 1745 4473 veuve
1760 4444 1887 4479 gentille,
1919 4442 1975 4469 bon
2004 4449 2092 4471 cœur,
2116 4440 2252 4472 dévouée,

1355 4497 1418 4515 sera
1438 4487 1580 4513 heureuse
1599 4505 1604 4511 .
1621 4497 1654 4501 —
1670 4481 1705 4509 N'
1722 4480 1800 4508 6270.

1391 4529 1470 4557 Veuf
1481 4528 1516 4555 42
1531 4538 1594 4561 ans,
1612 4533 1700 4561 ayant
1715 4527 1771 4553 bon
1785 4522 1890 4557 emploi
1905 4522 1938 4549 de
1953 4521 2006 4547 500
2022 4520 2055 4547 fr.
2083 4528 2134 4552 par
2161 4518 2246 4551 mois,

1356 4567 1421 4600 plus
1437 4564 1598 4593 économies
1611 4571 1639 4590 et
1656 4561 1766 4589 mrison
1780 4557 1974 4588 d’habitation
1986 4565 2052 4583 avec
2064 4554 2167 4588 jardin,
2184 4556 2249 4588 près

1356 4602 1390 4629 de
1408 4602 1432 4628 la
1449 4601 1528 4633 ville,
1545 4600 1645 4627 valeur
1660 4597 1759 4624 30.000
1775 4597 1821 4630 fr.,
1843 4591 2007 4628 épouserait
2033 4589 2200 4618 demoiselle
2216 4599 2252 4617 ou

1355 4647 1445 4664 veuve
1474 4642 1563 4670 ayant
1592 4632 1733 4661 situation
1762 4642 1798 4660 ou
1828 4638 1984 4658 commerce
2014 4637 2049 4654 ou
2077 4626 2221 4660 propriété
2235 4628 2250 4651 à

1356 4672 1506 4707 exploiter.
1524 4686 1554 4690 —
1571 4671 1607 4698 N'
1623 4668 1704 4695 6271.

1393 4720 1572 4749 Institutrice
1592 4731 1598 4745 1
1606 4723 1623 4734 "
1638 4718 1738 4748 classe,
1761 4715 1795 4744 57
1817 4725 1880 4747 ans,
1898 4723 1931 4740 ne
1948 4712 1988 4739 les
2005 4710 2172 4745 paraissant
2190 4719 2252 4744 pas,

1357 4757 1482 4791 Algérie,
1499 4756 1630 4783 divorcée
1652 4756 1667 4780 à
1691 4763 1743 4779 son
1773 4751 1860 4786 profit
1886 4748 1988 4782 depuis
2012 4757 2040 4782 14
2056 4755 2119 4779 ans,
2138 4745 2252 4773 affectu¬

1355 4803 1431 4825 euse,
1448 4792 1551 4820 vivant
1567 4790 1655 4821 seule,
1672 4788 1840 4815 traitement
1855 4784 1953 4813 11.250
1974 4783 2021 4816 fr.,
2044 4781 2139 4809 désire
2163 4781 2252 4809 union

1356 4839 1423 4856 avec
1439 4828 1588 4855 monsieur
1603 4834 1638 4852 en
1654 4829 1782 4858 rapport,
1805 4824 1900 4849 bonne
1919 4822 2013 4853 santé,
2030 4819 2086 4846 bon
2101 4820 2251 4844 caractère.

1357 4865 1390 4892 N'
1406 4864 1486 4891 6272.

1392 4909 1593 4940 Fonctionnai)
1602 4920 1616 4936 e
1635 4908 1725 4942 Paris,
1742 4909 1776 4935 45
1785 4917 1848 4938 ans,
1861 4903 2036 4937 célibataire,
2049 4904 2145 4930 bonne
2156 4904 2249 4933 santé,

1356 4946 1524 4976 traitement
1538 4946 1554 4971 8
1567 4945 1619 4972 500
1634 4944 1679 4971 fr..
1712 4945 1776 4977 plus
1807 4941 1927 4977 pension
1957 4939 2062 4967 officier
2092 4937 2173 4964 2.800
2204 4937 2251 4970 fr.,

1356 4984 1501 5018 propriété
1516 4982 1589 5008 dans
1606 4982 1631 5006 le
1656 4979 1736 5012 midi,
1757 4978 1851 5006 désire
1877 4975 2005 5009 mariage
2029 4975 2132 5002 femme
2145 4973 2251 5000 d’inté¬

1355 5019 1432 5046 rieur
1449 5019 1585 5050 honnête,
1602 5019 1654 5049 âge
1668 5021 1694 5041 et
1711 5014 1851 5042 situation
1867 5022 1902 5040 en
1918 5017 2047 5045 rapport.
2060 5024 2094 5029 —
2118 5008 2153 5036 N'
2170 5007 2250 5034 6273.

1392 5061 1615 5090 Fonctionnaire
1633 5060 1663 5086 P.
1680 5059 1713 5086 T.
1731 5059 1762 5086 T.
1783 5057 1945 5086 Indochine,
1969 5053 2144 5083 célibataire,
2170 5051 2251 5078 avoir

1352 5099 1452 5126 50.000
1473 5097 1519 5130 fr.,
1537 5095 1631 5122 désire
1647 5094 1854 5128 correspondre
1870 5102 1936 5119 avec
1954 5089 2119 5117 demoiselle
2136 5087 2170 5115 de
2184 5087 2219 5114 20
2234 5088 2249 5112 à

1351 5135 1386 5161 30
1398 5144 1461 5165 ans,
1479 5131 1621 5159 situation
1638 5140 1672 5157 en
1688 5136 1817 5164 rapport,
1836 5128 1996 5162 préférence
2012 5131 2100 5158 ayant
2115 5122 2247 5157 proprié¬

1354 5173 1406 5203 tés,
1423 5168 1554 5197 désirant
1569 5165 1652 5194 venir
1668 5169 1682 5192 à
1700 5166 1725 5193 la
1741 5164 1860 5194 colonie.
1878 5178 1909 5182 —
1925 5162 1960 5190 N'
1977 5160 2057 5187 6274.

2335 3638 2350 3692 A
2377 3637 2398 3680 V
2408 3638 2430 3679 F
2443 3638 2466 3679 N
2478 3638 2501 3679 n
2511 3637 2533 3679 R
2545 3637 2567 3678 F
2613 3630 2720 3668 petite
2749 3629 2858 3658 ferme
2890 3631 3116 3666 comprenant
3145 3630 3212 3657 ter-

2381 3660 2568 3692 VLINUHL
2615 3670 2706 3699 rains
2724 3673 2758 3698 et
2774 3670 2904 3698 maison
2933 3667 3152 3698 d’habitation
3171 3668 3211 3697 de

2310 3711 2461 3742 fermier.
2480 3710 2560 3741 Prix
2578 3718 2583 3740 :
2601 3709 2714 3740 20.000
2729 3709 2768 3738 fr.
2787 3725 2806 3730 -
2821 3708 2848 3738 N
2855 3716 2861 3723 -
2881 3709 2929 3738 13.

2315 3776 2335 3818 A
2380 3776 2403 3817 V
2411 3776 2434 3817 F
2446 3776 2468 3817 M
2481 3776 2504 3817 n
2514 3775 2536 3817 R
2548 3775 2570 3816 F
2617 3776 2668 3797 ma
2674 3768 2684 3797 i
2688 3774 2749 3796 son
2758 3765 2977 3797 d’habitation
2987 3766 3070 3796 dans
3077 3766 3212 3802 village,

2314 3800 2336 3830 A
2411 3799 2434 3831 L
2446 3799 2468 3829 IN
2481 3798 2537 3830 UN
2548 3798 2571 3830 L
2618 3815 2700 3837 avec
2715 3808 2733 3836 4
2747 3808 2766 3836 à
2780 3808 2799 3836 5
2816 3807 2974 3836 hectares
2992 3807 3033 3836 de
3049 3806 3209 3836 terrains.

2310 3850 2390 3879 Prix
2406 3851 2423 3878 à
2440 3849 2604 3878 débattre.
2622 3864 2641 3870 -
2656 3848 2696 3877 N-
2715 3847 2763 3876 14.

2312 3913 2505 3970 GRANDS
2534 3912 2642 3967 VINS
2677 3910 2940 3968 MOUSSEUX

2986 3912 3210 3942 marques

2986 3944 3212 3974 rivalisant

2310 3995 2393 4017 avec
2417 3986 2466 4016 les
2492 3987 2568 4023 plus
2597 3985 2721 4022 grands
2752 3985 2996 4023 champagnes.
3028 3985 3109 4014 Prix
3139 3985 3210 4014 très

2309 4027 2476 4057 modérés.
2494 4043 2513 4048 -
2527 4026 2568 4056 N-
2588 4027 2636 4056 15,

2314 4097 2332 4135 A
2375 4095 2397 4135 \/
2407 4095 2430 4134 F
2441 4097 2464 4134 M
2477 4096 2500 4134 n
2510 4096 2532 4134 R
2543 4091 2567 4133 F
2613 4087 2761 4117 ferrains
2782 4095 2870 4125 pour
2898 4087 2929 4116 la
2959 4086 3207 4117 construction.

2312 4121 2335 4150 A
2380 4120 2393 4150 V
2407 4120 2464 4150 LIN
2477 4119 2567 4150 UnL
2612 4127 2909 4166 Paris-Plage,site
2926 4128 3108 4157 ravissant.
3122 4127 3207 4157 N16

2312 4198 2333 4240 A
2378 4197 2400 4240 V
2409 4197 2433 4239 F
2443 4199 2467 4239 l\l
2479 4197 2503 4239 D
2512 4197 2535 4239 R
2545 4190 2570 4238 F
2615 4190 2830 4219 lotissement
2846 4189 2887 4218 de
2902 4188 3051 4219 terrains
3076 4190 3094 4218 à
3109 4191 3210 4218 Arca-

2312 4223 2334 4252 A
2382 4222 2433 4252 VL
2443 4222 2467 4250 IN
2479 4221 2571 4252 UnL
2616 4230 2714 4260 chon.
2732 4246 2770 4251 —
2785 4229 2981 4259 S’adresser
2997 4230 3015 4258 à
3036 4230 3126 4258 Mme
3145 4229 3209 4257 Vve

2307 4270 2509 4299 GHABAUD.

2332 4338 2348 4392 A
2375 4338 2398 4378 \/
2407 4338 2464 4377 FIM
2476 4338 2500 4377 n
2509 4338 2532 4377 R
2543 4332 2566 4376 F
2608 4332 2698 4362 imite
2728 4332 2881 4362 carrière
2899 4359 2902 4369 ,
2918 4332 2957 4362 de
2995 4331 3129 4370 pierres
3168 4332 3208 4361 de

2380 4364 2393 4394 V
2407 4364 2430 4393 L
2441 4364 2464 4391 IN
2476 4364 2500 4393 U
2510 4364 2533 4394 R
2543 4363 2568 4393 L
2609 4372 2702 4401 taille
2718 4372 2857 4401 debelle
2867 4372 3004 4409 qualité.
3013 4372 3209 4401 S’adresser

2308 4412 2327 4441 à
2355 4411 2541 4441 Directrice
2571 4414 2684 4442 Revue
2716 4414 2910 4447 Mensuelle,
2943 4414 2961 4442 à
2990 4412 3208 4442 Montélimar

2308 4451 2468 4490 (Drôme).

2310 4525 2415 4553 UNIII
2442 4525 2464 4549 r
2472 4525 2495 4563 7
2503 4521 2645 4563 .\/n||0
2690 4521 2833 4549 trouver
2861 4526 2906 4548 un
2935 4518 3112 4557 logement
3136 4519 3155 4548 à
3178 4518 3209 4546 la

2316 4552 2497 4583 VUULLL
2528 4551 2646 4581 VUUo
2691 4566 2879 4597 campagne
2922 4566 2965 4588 ou
3008 4565 3051 4587 en
3090 4558 3168 4586 ville
3191 4556 3211 4586 ?

2308 4600 2578 4629 Adressez-vous
2600 4600 2619 4628 à
2646 4599 2731 4628 Mme
2763 4601 2829 4628 Vve
2853 4598 3058 4632 CHABAUD,
3090 4597 3206 4626 Direc¬

2307 4639 2393 4669 trice
2422 4640 2462 4668 de
2490 4640 2521 4668 la
2550 4641 2567 4669 «
2591 4641 2705 4669 Revue
2718 4640 2902 4668 Mensuelle
2927 4648 2944 4664 »
2987 4637 3043 4674 qui
3082 4643 3209 4673 pourra

2309 4679 2486 4717 s’occuper
2503 4681 2706 4715 moyennant
2723 4678 2940 4712 rétribution,
2957 4677 2999 4706 de
3015 4683 3099 4705 vous
3109 4679 3208 4705 trou¬

2307 4727 2369 4749 ver
2384 4727 2427 4748 un
2445 4719 2629 4757 logement.

2309 4791 2394 4858 U
2431 4782 2833 4831 nTDE’rTDTrG’
2883 4782 2923 4811 de
2955 4782 2985 4810 la
3019 4779 3208 4799 "»

2432 4813 2835 4858 UirYllLilnHjlli
2882 4824 2985 4856 ayant
3024 4820 3104 4849 loué
3140 4828 3208 4850 une

2309 4866 2386 4895 villa
2403 4867 2420 4894 à
2438 4866 2468 4895 la
2491 4873 2678 4902 campagne
2693 4871 2775 4892 avec
2790 4861 2899 4899 grand
2911 4859 3039 4897 jardin,
3057 4860 3121 4889 site
3138 4861 3207 4889 très

2307 4906 2480 4944 agréable,
2511 4913 2593 4944 pays
2625 4904 2665 4933 de
2692 4903 2814 4931 chasse
2839 4902 2874 4929 et
2903 4906 2943 4929 oe
2971 4899 3086 4936 pêche.
3102 4900 3208 4929 Sous-

2307 4946 2453 4976 louerait
2470 4945 2709 4984 appartement
2723 4940 2822 4978 garni
2839 4946 2846 4975 ;
2865 4938 3073 4968 détaillerait
3090 4940 3206 4977 pièces
