3536 5552
2589 416 2619 455 1
2620 420 2648 442 er
2677 414 2918 456 Octobre
2946 415 3090 455 1931

1455 411 1555 464 PRIX
1608 425 1617 464 :
1678 414 1775 465 50
1833 413 2027 465 Centimes

2060 477 2074 511 ii
2198 492 2429 508 .
2494 488 2507 513 ii

643 823 834 880 Liste
863 821 1309 878 d’Annonces
1340 818 1912 875 Matrimoniales
1944 822 2008 875 et
2037 818 2484 876 d’Annonces
2515 820 2840 878 Diverses

378 920 512 960 (Fonds
550 919 595 950 de
632 925 857 956 commerce,
903 916 1096 955 industrie,
1135 916 1241 946 vente
1284 913 1552 952 d’immeubles,
1597 913 1764 952 location,
1803 913 1997 953 échange).
2106 931 2141 935 —
2166 911 2173 953 .
2245 911 2490 945 Paraissant
2526 911 2563 944 le
2600 913 2618 944 1
2625 918 2658 936 er
2692 913 2738 946 de
2781 915 2935 956 chaque
2969 914 3082 947 mois.

392 988 704 1027 L'Abonnement
718 988 756 1025 et
774 986 822 1025 de
840 984 952 1031 TRENTE
974 983 1085 1034 FRANCS
1099 995 1205 1034 pour
1221 983 1250 1022 3
1268 984 1383 1032 mois,
1405 980 1560 1039 QUARANTE
1579 979 1690 1032 FRANCS
1706 993 1812 1032 pour
1828 981 1854 1020 4
1874 983 1975 1020 mois
1996 983 2034 1020 et
2051 980 2211 1039 CINQUANTE
2231 981 2342 1033 FRANCS
2356 995 2463 1033 pour
2480 984 2507 1022 6
2525 984 2626 1021 mois
2646 984 2831 1024 donnant
2848 986 2954 1024 droit
2973 989 2997 1024 à
3017 998 3094 1025 une

341 1057 574 1106 inscription
591 1055 767 1105 gratuite
785 1065 857 1092 sur
874 1065 939 1091 ma
959 1052 1060 1091 liste.
1087 1051 1125 1089 —
1145 1051 1215 1089 Les
1229 1060 1432 1088 annonces
1445 1050 1539 1087 sont
1558 1048 1606 1087 de
1625 1051 1763 1099 quatre
1783 1051 1912 1100 lignes
1932 1051 2161 1087 maximum.
2185 1048 2223 1094 —
2245 1048 2287 1094 Lsi
2302 1048 2378 1107 lignes
2394 1049 2604 1108 supplémentaires
2621 1055 2672 1096 sont
2687 1054 2772 1108 payées
2789 1054 2802 1097 i
2817 1051 2896 1098 là
2913 1051 2939 1098 ii
2955 1051 2967 1097 3
2985 1051 3014 1099 II-
3031 1052 3055 1099 la
3070 1052 3144 1112 ligne.

807 1119 905 1150 Pour
935 1117 1166 1156 l’Etranger:
1195 1114 1217 1147 3
1250 1116 1354 1154 mois,
1385 1113 1438 1146 35
1467 1114 1610 1145 francs.
1652 1132 1692 1136 —
1732 1114 1757 1145 4
1782 1115 1886 1154 mois,
1903 1114 1956 1145 45
1987 1114 2131 1146 francs.
2173 1133 2211 1137 —
2256 1114 2277 1146 6
2306 1116 2411 1155 mois,
2453 1115 2504 1147 55
2534 1116 2678 1147 francs.

768 1187 947 1227 Adresser
968 1186 1105 1226 Lettres
1121 1186 1156 1224 et
1176 1183 1352 1223 Mandats
1373 1184 1394 1222 à
1413 1183 1520 1222 Mme
1547 1182 1676 1222 Veuve
1709 1182 1978 1230 CHABAUD,
2001 1183 2202 1222 Directrice
2222 1183 2268 1222 de
2289 1184 2322 1225 la
2342 1184 2480 1225 Revue
2498 1185 2719 1224 Mensuelle

1260 1252 1320 1296 18,
1357 1251 1437 1292 Rue
1456 1250 1724 1297 Sainte-Croix,
1745 1250 1987 1293 Montélimar
2019 1250 2192 1301 (Drôme)

372 572 1260 780 REVUE

378 1391 469 1418 Notre
483 1400 580 1418 œuvre
595 1399 611 1417 a
625 1393 698 1425 pour
713 1389 761 1417 but
776 1390 809 1416 de
825 1389 908 1417 venir
920 1399 954 1416 en
969 1389 1033 1416 aide
1043 1398 1103 1416 aux
1105 1388 1241 1423 familles

342 1435 393 1470 qui
407 1435 533 1462 désirent
547 1435 653 1462 marier
668 1435 746 1462 leurs
763 1437 887 1468 enfants,
904 1443 964 1461 aux
981 1443 1086 1461 veuves
1101 1434 1152 1468 qui
1168 1441 1239 1461 vou¬

343 1481 457 1507 draient
471 1489 500 1507 se
515 1479 663 1522 rejnarier,
680 1488 739 1506 oux
767 1479 918 1514 orphelins
948 1483 974 1506 et
1002 1488 1062 1506 aux
1089 1478 1242 1505 messieurs

343 1524 395 1560 qui
408 1527 507 1552 rêvent
521 1526 556 1556 di\
568 1533 599 1551 se
605 1524 712 1558 fonder
726 1533 765 1551 un
772 1526 862 1560 foyer
864 1534 871 1558 ,
886 1533 941 1550 une
948 1522 1080 1557 famille.

380 1578 471 1606 Notre
486 1588 584 1606 œuvre
597 1587 662 1605 sera
680 1581 844 1613 approuvée
862 1581 918 1613 par
932 1582 998 1605 tous
1026 1586 1077 1604 nos
1106 1576 1241 1607 abonnés,

347 1623 495 1658 lorsqu'ils
510 1627 632 1651 sauront
643 1622 730 1658 qu'ils
745 1626 870 1658 peuvent
885 1627 1002 1650 trouver
1026 1624 1117 1658 grâce
1132 1624 1149 1648 à
1164 1626 1244 1648 notre

346 1677 496 1701 concours,
514 1669 541 1695 le
555 1678 656 1703 moyen
669 1668 702 1695 de
716 1677 746 1695 se
752 1668 858 1695 marier
870 1668 950 1695 selon
962 1668 1039 1694 leurs
1053 1669 1151 1703 goûts,
1167 1667 1244 1693 leurs

348 1723 417 1741 vues
433 1717 459 1740 et
472 1713 552 1740 selon
568 1713 631 1740 leur
645 1713 801 1740 condition.

383 1767 465 1795 Nous
480 1767 580 1802 prions
596 1767 637 1794 les
652 1767 751 1794 Dames
767 1771 794 1793 et
809 1767 849 1793 les
864 1766 1022 1794 Messieurs
1046 1765 1079 1792 de
1100 1775 1171 1792 nous
1196 1774 1245 1792 en¬

349 1821 436 1847 voyer
452 1812 479 1839 le
492 1812 560 1847 plus
574 1811 725 1838 d’abonnés
739 1811 876 1846 possible,
894 1809 953 1847 afin
968 1820 1021 1846 que
1040 1814 1121 1837 notre
1148 1819 1245 1837 œuvre

347 1856 547 1893 s’agrandisse
561 1861 588 1883 et
601 1856 696 1891 puisse
706 1859 761 1891 par
775 1865 806 1883 ce
820 1865 920 1891 moyen
928 1855 1067 1888 faciliter
1082 1854 1199 1882 nombre
1213 1855 1246 1881 de

348 1902 496 1937 mariages
512 1905 538 1928 et
545 1901 628 1934 faire
644 1902 670 1928 le
684 1902 751 1936 plus
775 1900 933 1928 d'heureux
948 1900 1084 1935 possible,
1101 1909 1152 1926 car
1180 1898 1247 1926 c'est

348 1956 404 1973 une
416 1946 506 1973 bonne
523 1946 619 1973 action
633 1955 686 1981 que
698 1955 769 1973 vous
776 1948 865 1981 fere\
893 1955 926 1972 en
954 1948 1136 1980 propageant
1168 1948 1247 1971 notre

348 2001 453 2024 œuvre,
471 2000 539 2018 vous
548 2000 617 2017 nous
637 1990 751 2025 aiderez
769 1991 848 2017 ainsi
862 1993 880 2017 à
894 1990 1059 2017 contribuer
1072 1999 1109 2016 au
1120 1989 1247 2016 bonheur

348 2036 395 2063 des
403 2036 540 2069 familles
554 2035 604 2070 qui
613 2035 738 2062 désirent
748 2040 864 2063 trouver
874 2044 914 2061 un
924 2038 1019 2070 époux
1030 2044 1066 2061 ou
1076 2044 1131 2061 une
1142 2037 1248 2069 épouse

348 2085 423 2116 pour
442 2081 520 2108 leurs
536 2082 658 2114 enfants,
675 2090 735 2107 aux
751 2090 855 2108 veuves
875 2089 915 2107 un
929 2080 1055 2113 soutien,
1087 2082 1103 2106 â
1123 2078 1244 2113 l'orphe¬

350 2126 394 2153 lin
409 2135 449 2152 un
456 2128 545 2161 foyer
560 2129 585 2152 et
600 2135 637 2152 au
652 2126 824 2152 relèvement
837 2125 870 2152 de
887 2126 916 2152 la
930 2124 1040 2151 France
1068 2124 1119 2159 qui
1146 2124 1246 2156 donne,

350 2174 405 2206 par
421 2171 461 2198 les
475 2171 620 2206 mariages
627 2170 759 2203 féconds,
775 2170 823 2197 des
838 2169 946 2197 soldats
961 2172 978 2196 à
994 2170 1024 2196 la
1038 2169 1141 2196 Patrie
1157 2172 1183 2195 et
1197 2168 1247 2203 qui

345 2218 414 2248 font
428 2215 475 2242 des
488 2218 604 2248 femmes
619 2215 652 2241 de
666 2214 771 2242 bonnes
781 2218 871 2241 mères
886 2214 919 2241 de
925 2214 1058 2247 famille.

388 2268 465 2297 C'est
479 2269 550 2296 dans
564 2278 596 2296 ce
611 2268 659 2296 but
672 2278 726 2304 que
741 2277 812 2296 nous
832 2277 921 2296 avons
928 2268 1022 2302 fondé
1037 2268 1067 2295 la
1083 2267 1096 2295 «
1111 2266 1249 2295 REVUE

351 2313 595 2342 MENSUELLE
610 2320 636 2340 ».

386 2368 473 2396 Nous
488 2377 522 2395 ne
537 2372 635 2395 tenons
649 2370 702 2402 pas
717 2376 773 2394 une
784 2376 895 2403 agence
907 2366 1121 2393 matrimoniale
1140 2369 1166 2393 et
1179 2374 1250 2393 nous

352 2423 387 2440 ne
401 2416 524 2448 prenons
538 2422 648 2439 aucune
662 2411 844 2439 commission
856 2421 907 2438 sur
923 2412 953 2439 la
971 2411 1025 2438 dot.
1062 2411 1147 2438 Voici
1174 2420 1249 2438 com¬

352 2462 428 2485 ment
443 2467 514 2485 nous
527 2457 680 2492 procédons
694 2467 702 2485 :

392 2511 470 2539 Vous
485 2520 556 2538 nous
576 2510 742 2545 indiquerez
753 2509 868 2537 d'abord
883 2513 964 2537 votre
977 2511 1044 2546 âge,
1061 2513 1141 2537 votre
1155 2509 1250 2536 situa-

353 2556 587 2589 tiondefortune,
595 2560 674 2583 votre
683 2554 856 2590 profession,
869 2554 1013 2588 votredot,
1022 2563 1071 2581 vos
1082 2557 1250 2589 espérances

354 2605 379 2628 et
394 2610 426 2628 ce
439 2610 492 2636 que
507 2600 577 2628 vous
605 2600 784 2627 désireet
812 2608 884 2626 nous
910 2608 980 2627 vous
1009 2599 1173 2626 inscrivons
1201 2608 1252 2626 sur

354 2650 434 2673 notre
450 2646 527 2679 liste,
543 2648 616 2679 pour
628 2644 700 2672 trois
714 2644 796 2677 mois,
807 2647 861 2679 par
873 2653 929 2671 une
944 2653 1072 2671 annonce
1085 2653 1139 2679 que
1146 2643 1179 2680 je
1187 2643 1252 2677 fais

354 2691 516 2718 moi-même
529 2694 554 2717 et
569 2699 640 2717 nous
655 2698 725 2716 vous
737 2689 863 2716 donnons
880 2698 918 2715 un
930 2692 1045 2715 numéro
1047 2689 1165 2721 faisant
1177 2689 1253 2715 suite

355 2739 372 2763 à
387 2740 459 2763 cette
472 2744 607 2762 annonce.
625 2733 701 2762 C'est
713 2737 768 2769 par
781 2734 807 2761 le
821 2743 922 2769 moyen
936 2733 969 2761 de
997 2743 1029 2760 ce
1057 2736 1172 2760 numéro
1200 2743 1253 2768 que

356 2789 427 2808 vous
443 2783 553 2815 pouvez
567 2778 774 2813 correspondre
786 2786 856 2806 avec
868 2782 931 2805 tous
942 2778 983 2805 les
999 2778 1122 2805 abonnés
1132 2778 1165 2804 de
1177 2782 1254 2805 notre

356 2824 434 2851 liste.

391 2876 520 2912 Lorsque
536 2885 606 2903 vous
620 2875 730 2902 désirez
744 2874 948 2909 correspondre
963 2884 1032 2901 avec
1042 2884 1082 2901 un
1097 2873 1206 2901 abonné
1227 2878 1255 2901 et

355 2931 409 2957 que
423 2930 494 2948 vous
509 2929 583 2956 ave%
597 2919 695 2947 choisi
708 2919 780 2946 dans
804 2919 833 2946 la
852 2918 978 2946 Revue
1003 2918 1201 2946 Mensuelle
1228 2918 1255 2945 le

355 2966 436 3001 parti
449 2965 500 3000 qui
509 2973 578 2993 vous
586 2964 692 2999 plaîtle
697 2964 765 2999 plus
779 2963 856 2992 voici
871 2967 1008 2991 comment
1023 2973 1096 2991 vous
1102 2963 1238 2998 procédez
1247 2975 1255 2990 :

692 3052 883 3080 EXEMPLE
899 3064 906 3079 :

401 3124 514 3155 Jeune
530 3121 685 3160 homme,
711 3120 754 3152 30
775 3129 852 3159 ans,
874 3119 945 3152 très
974 3119 1067 3152 belle
1089 3119 1255 3152 situation

359 3168 448 3200 dans
467 3165 654 3205 industrie,
675 3167 821 3207 rapport
837 3165 878 3197 10
890 3164 908 3197 à
926 3164 1050 3197 12.000
1066 3165 1124 3205 fr.,
1138 3164 1255 3197 désire

359 3211 518 3253 mariage
538 3219 581 3243 en
602 3212 758 3252 rapport.
775 3228 818 3233 —
838 3208 959 3243 Ecrire
977 3210 1018 3242 N-
1043 3209 1078 3242 2.

537 3273 582 3297 ou

404 3316 615 3351 Demoiselle
641 3317 684 3349 25
720 3325 796 3359 ans,
833 3315 999 3349 situation
1033 3316 1077 3349 de
1115 3317 1256 3349 fortune

359 3363 483 3396 25.000
503 3362 634 3401 francs,
652 3364 719 3394 etc.
741 3380 784 3384 —
803 3361 923 3394 Ecrire
939 3361 981 3393 N-
1006 3363 1038 3394 4.

404 3417 502 3449 Vous
514 3414 564 3447 lui
575 3413 710 3447 écrivez
724 3416 951 3447 vous-même
964 3423 1010 3447 ou
1027 3414 1128 3447 faites
1143 3413 1256 3447 écrire

359 3470 424 3504 par
445 3460 638 3503 quelqu’un
668 3459 712 3492 de
738 3462 837 3492 votre
862 3459 1010 3499 famille,
1039 3469 1084 3492 en
1113 3458 1257 3501 signant

360 3507 404 3539 de
424 3508 523 3537 votre
541 3503 701 3543 numéro,
719 3506 752 3536 et
767 3513 854 3536 vous
869 3506 996 3536 mettez
1011 3513 1071 3536 sur
1086 3503 1257 3537 l’adresse

359 3548 528 3583 cachetée
545 3551 578 3581 et
589 3547 734 3580 timbrée
746 3548 781 3580 le
794 3548 943 3581 numéro
957 3549 1000 3581 de
1014 3548 1047 3581 la
1061 3557 1253 3590 personne,

360 3593 548 3628 deuxième
568 3593 777 3634 enveloppe,
799 3602 886 3625 avec
905 3602 964 3625 ces
976 3593 1149 3635 quelques
1165 3596 1256 3625 mots

361 3648 422 3672 sur
432 3647 500 3670 une
513 3640 609 3670 carte
624 3646 668 3669 ou
681 3646 728 3669 un
740 3637 826 3669 bout
838 3638 881 3670 de
890 3637 1014 3679 papier
1024 3637 1113 3670 ainsi
1123 3637 1255 3670 libellé:

362 3695 380 3715 «
398 3681 578 3716 Monsieur
595 3690 640 3713 ou
654 3682 829 3721 Madame,
843 3691 889 3714 ou
902 3681 1170 3714 Mademoiselle
1181 3684 1255 3715 X...

361 3728 474 3770 (votre
499 3735 581 3759 nom
598 3728 632 3758 et
651 3728 749 3758 votre
769 3725 933 3769 numéro)
946 3725 1021 3768 prie
1041 3727 1204 3759 Madame
1223 3727 1259 3760 la

362 3770 553 3805 Directrice
574 3771 617 3803 de
634 3770 667 3803 la
682 3771 800 3803 Revue
809 3771 852 3803 de
873 3770 961 3803 faire
982 3770 1147 3812 parvenir
1166 3773 1257 3804 cette

363 3818 467 3850 lettre
483 3815 502 3848 à
521 3815 568 3848 tel
589 3814 737 3847 numéro
758 3826 777 3846 »
794 3817 828 3848 et
843 3824 930 3847 vous
951 3815 1117 3848 cachetez
1134 3818 1167 3848 et
1178 3815 1257 3848 tim¬

363 3862 445 3894 brez
472 3862 563 3893 cette
599 3858 786 3892 deuxième
817 3859 1012 3902 enveloppe
1047 3859 1067 3892 à
1102 3860 1257 3902 laquelle

363 3914 451 3938 vous
472 3907 598 3936 mettez
614 3913 696 3936 mon
718 3904 875 3943 adresse,
898 3906 931 3937 et
956 3903 1104 3937 aussitôt
1137 3914 1256 3945 reçue,

363 3949 398 3993 je
419 3948 531 3982 défais
546 3948 581 3981 la
609 3947 784 3990 première
809 3949 1019 3990 enveloppe,
1051 3948 1195 3991 j’efface
1224 3949 1258 3982 le

364 3993 513 4027 numéro
536 3993 578 4025 de
600 3992 633 4025 la
653 3992 840 4025 deuxième
860 3995 895 4024 et
914 3996 1005 4025 mets
1024 3993 1194 4026 l’adresse
1215 3994 1258 4026 de

363 4039 399 4072 la
418 4046 595 4080 personne
610 4040 644 4069 et
662 4036 849 4078 réexpédie
865 4037 901 4069 la
914 4037 1030 4069 lettre.
1052 4038 1151 4070 Vous
1167 4046 1258 4079 pou¬

363 4093 425 4116 vez
441 4081 699 4123 correspondre
714 4089 801 4113 avec
811 4083 891 4113 tous
911 4090 975 4113 nos
996 4081 1154 4114 abonnés
1177 4090 1259 4114 sans

365 4136 451 4160 vous
468 4125 555 4159 faire
571 4126 770 4158 connaître.
808 4124 854 4158 Ce
889 4124 978 4158 n’est
1009 4134 1077 4168 que
1114 4126 1259 4168 lorsque

364 4181 453 4205 vous
471 4179 575 4203 aurez
596 4168 658 4201 fait
676 4172 775 4202 votre
795 4168 914 4209 choix,
949 4179 1019 4212 que
1056 4179 1144 4203 vous
1172 4179 1259 4203 vous

366 4217 501 4250 donnez
524 4213 793 4247 mutuellement
809 4216 907 4247 votre
928 4214 1098 4248 véritable
1114 4215 1259 4248 adresse

365 4264 400 4295 et
420 4269 488 4304 que
522 4267 609 4291 vous
647 4266 734 4290 vous
773 4257 943 4301 ménagez
983 4268 1051 4292 une
1090 4263 1260 4293 entrevue

365 4315 456 4349 pour
472 4303 615 4337 décider
635 4302 678 4334 de
694 4304 792 4335 votre
813 4306 898 4336 sort.

400 4403 441 4431 Le
455 4402 526 4438 prix
555 4400 589 4427 de
599 4403 678 4427 notre
706 4398 894 4426 abonnement
923 4404 963 4427 est
989 4400 1022 4427 de
1042 4405 1134 4429 trente
1155 4405 1262 4437 francs

363 4453 438 4485 pour
465 4446 536 4475 trois
551 4445 622 4473 mois
648 4448 673 4471 et
692 4443 847 4478 cinquante
849 4446 956 4476 francs
978 4448 1051 4479 pour
1074 4447 1123 4473 six
1146 4447 1216 4474 mois
1236 4451 1263 4474 et

365 4503 436 4522 vous
447 4501 517 4521 avez
526 4490 601 4518 droit
616 4492 633 4516 à
648 4491 706 4516 être
720 4487 826 4514 inscrit
838 4489 1044 4523 gratuitement
1059 4499 1109 4517 sur
1123 4501 1169 4518 ma
1184 4491 1261 4519 liste.

405 4536 485 4565 Vous
500 4545 594 4571 voye\
607 4533 724 4570 qu'avec
738 4536 812 4559 cette
826 4532 956 4567 modique
969 4543 1083 4567 somme,
1100 4545 1171 4563 vous
1186 4539 1261 4570 pou¬

365 4592 417 4611 vez
427 4591 497 4610 vous
513 4580 629 4613 marier,
642 4587 709 4606 sans
725 4576 809 4605 avoir
824 4579 841 4603 à
864 4580 964 4611 passer
992 4581 1046 4612 par
1063 4580 1109 4606 des
1139 4589 1262 4616 agences

365 4628 417 4663 qui
431 4637 461 4655 se
472 4629 537 4660 font
551 4634 648 4653 verser
661 4623 798 4649 d’avance
812 4620 845 4647 de
858 4628 971 4655 grosses
986 4623 1152 4657 provisions
1172 4629 1198 4652 et
1212 4625 1263 4660 qui

366 4675 540 4707 escomptent
553 4670 586 4696 de
600 4676 715 4705 grosses
732 4665 939 4698 commissions,
969 4669 1042 4700 pour
1063 4667 1207 4696 n’arriver
1236 4670 1264 4696 le

365 4718 434 4752 plus
449 4719 569 4744 souvent
583 4715 598 4742 à
614 4722 709 4741 aucun
723 4711 855 4738 résultat.
880 4709 963 4737 Nous
991 4710 1109 4739 n’avons
1138 4713 1203 4739 rien
1230 4713 1264 4740 de

366 4770 498 4790 commun
514 4769 583 4787 avec
599 4759 639 4786 les
655 4765 787 4794 agences,
805 4764 855 4782 car
871 4764 942 4781 nous
957 4764 992 4781 ne
1006 4758 1129 4789 prenons
1153 4766 1264 4784 aucune

366 4805 549 4834 commission
563 4814 613 4831 sur
630 4804 658 4830 la
673 4802 729 4829 dot.
757 4800 802 4830 Un
830 4799 951 4826 modeste
978 4799 1166 4827 abonnement
1192 4811 1262 4829 nous

367 4856 425 4879 sert
441 4851 474 4877 de
484 4850 639 4885 paiement.

398 4891 562 4929 Lorsqu’un
578 4893 686 4921 abonné
701 4891 768 4919 s'est
773 4889 875 4927 fiancé
890 4892 916 4916 et
928 4888 1002 4923 qu’il
1016 4888 1062 4915 n’a
1077 4889 1145 4923 plus
1167 4889 1264 4917 besoin

366 4940 400 4967 de
410 4943 489 4966 notre
499 4945 595 4972 revue,
608 4938 634 4965 il
648 4946 718 4964 nous
730 4937 757 4963 le
766 4935 824 4969 fait
833 4934 931 4962 savoir
942 4931 1002 4968 afin
1014 4942 1067 4967 que
1078 4942 1148 4960 nous
1158 4943 1263 4969 rayons

366 4993 418 5011 son
433 4991 561 5010 annonce
573 4986 646 5017 pour
661 4991 694 5008 ne
706 4985 759 5016 pas
765 4980 849 5015 faire
862 4977 1067 5013 correspondre
1082 4978 1264 5006 inutilement

367 5036 419 5057 nos
434 5027 570 5057 abonnés.

407 5072 479 5101 Tout
494 5072 601 5098 abonné
616 5070 675 5097 doit
687 5070 826 5105 répondre
841 5071 857 5096 à
873 5071 964 5096 toutes
979 5067 1021 5094 les
1044 5066 1142 5094 lettres
1154 5067 1205 5102 qui
1219 5067 1265 5094 lui

367 5122 431 5146 sont
446 5116 589 5144 adressées
602 5116 610 5152 ;
628 5116 657 5142 la
671 5114 808 5150 politesse
824 5113 939 5147 l’exige,
969 5121 1004 5138 ne
1010 5113 1129 5145 fussent
1155 5121 1209 5146 que
1218 5120 1264 5139 ces

369 5162 440 5192 trois
458 5170 494 5189 ou
504 5164 604 5196 quatre
618 5163 688 5188 mots
699 5159 704 5189 :
721 5159 840 5192 Inutile,
850 5162 913 5186 tous
926 5166 982 5184 mes
993 5160 1115 5192 regrets.
1127 5170 1158 5175 —
1169 5155 1200 5184 V
1214 5163 1264 5185 ...»

1337 1384 1435 1416 Pour
1443 1386 1567 1416 toutes
1578 1383 1830 1416 lesanno:ices
1841 1384 2019 1423 ci-après,
2029 1383 2194 1415 s’adres¬

1297 1443 1363 1466 ser
1380 1435 1400 1465 à
1427 1434 1595 1465 Madame
1612 1433 1731 1464 Veuve
1748 1432 1961 1472 CHABAUD,
1986 1432 2192 1465 Directrice

1297 1484 1342 1514 de
1358 1483 1389 1513 la
1412 1482 1431 1500 "
1450 1483 1572 1514 Revue
1591 1482 1792 1513 Mensuelle

1336 1560 1450 1590 Veuve
1465 1559 1504 1589 43
1520 1567 1591 1594 ans,
1605 1567 1684 1589 sans
1697 1558 1824 1592 enfant,
1840 1557 1976 1589 fortune
1991 1558 2124 1588 280.000
2138 1560 2193 1594 fr.,

1298 1608 1445 1631 revenus
1461 1600 1573 1630 20.000
1589 1599 1629 1629 fr.
1643 1607 1705 1637 par
1729 1607 1782 1633 an,
1807 1599 2004 1636 épouserait
2020 1600 2196 1629 monsieur

1299 1643 1400 1679 ayant
1411 1640 1495 1678 jolie
1512 1640 1673 1670 situation
1690 1647 1733 1669 ou
1750 1639 1896 1669 fortune.
1915 1655 1933 1660 -
1948 1640 1976 1670 N
1982 1648 1988 1654 -
2004 1639 2093 1669 2100.

1338 1707 1520 1746 Disposant
1549 1706 1625 1736 d’un
1642 1704 1773 1737 certain
1789 1705 1912 1743 capital
1938 1707 1975 1743 je
2001 1705 2196 1736 m’intéres¬

1300 1747 1391 1777 serai
1406 1749 1425 1777 à
1441 1746 1559 1776 affaire
1572 1746 1726 1776 sérieuse
1743 1747 1761 1775 à
1776 1746 1894 1776 lancer
1908 1750 2056 1784 pouvant
2066 1746 2196 1776 donner

1300 1796 1380 1826 gros
1396 1787 1578 1817 bénéfices.
1597 1787 1623 1816 Il
1639 1795 1682 1816 ne
1694 1794 1770 1816 sera
1780 1787 1932 1823 répondu
1942 1786 2065 1824 qu’aux
2077 1787 2196 1816 lettres

1301 1827 1526 1866 susceptibles
1543 1827 1775 1857 d’intéresser.
1792 1842 1811 1848 -
1825 1827 1868 1856 N°
1883 1827 1971 1856 4947.

1340 1905 1449 1934 Jeune
1471 1903 1608 1933 homme
1633 1903 1669 1932 31
1689 1911 1760 1938 ans,
1779 1902 1995 1939 cultivateur,
2014 1902 2070 1932 dot
2087 1902 2198 1932 15.000

1301 1944 1343 1974 fr.
1361 1946 1394 1974 et
1409 1943 1532 1981 petites
1549 1944 1766 1981 espérances,
1784 1943 1981 1982 épouserait
1997 1943 2197 1973 demoiselle

1302 1992 1346 2014 ou
1361 1991 1471 2014 veuve
1487 1984 1704 2014 connaissant
1732 1983 1765 2013 la
1787 1984 1921 2013 culture
1938 1991 1980 2013 ou
2006 1985 2106 2021 ayant
2122 1990 2199 2022 pro¬

1301 2024 1411 2064 priété
1428 2025 1446 2054 à
1462 2023 1641 2063 exploiter.
1658 2039 1669 2045 -
1684 2025 1730 2054 N°
1744 2024 1832 2053 4948.

1343 2100 1504 2139 Employé
1520 2099 1578 2130 des
1594 2099 1746 2130 douanes
1762 2098 1971 2133 célibataire,
1981 2100 2019 2128 28
2032 2107 2103 2135 ans,
2119 2099 2200 2129 trai¬

1303 2143 1433 2171 tement
1458 2140 1550 2170 5.100
1571 2139 1626 2174 fr.,
1651 2139 1817 2178 physique
1846 2140 2019 2178 agréable,
2046 2139 2196 2174 sérieux,

1304 2180 1502 2220 épouserait
1520 2182 1626 2218 jeune
1654 2180 1723 2210 fille
1735 2180 1831 2218 jolie,
1853 2179 2015 2215 honnête,
2040 2179 2143 2215 aisée,
2162 2180 2199 2209 18

1304 2223 1322 2251 à
1336 2222 1375 2251 25
1391 2229 1462 2251 ans.
1474 2237 1488 2243 -
1504 2222 1546 2251 N°
1558 2221 1647 2250 4949.

1343 2296 1545 2327 Célibataire
1573 2297 1611 2326 44
1639 2304 1711 2332 ans,
1739 2296 1851 2326 bonne
1887 2297 1995 2332 santé,
2037 2295 2200 2326 situation

1304 2337 1415 2368 25.000
1443 2337 1498 2371 fr.,
1543 2336 1739 2376 épouserait
1774 2336 1973 2366 demoiselle
2009 2343 2053 2366 ou
2092 2344 2200 2366 veuve

1304 2378 1428 2408 femme
1445 2377 1655 2413 d’intérieur,
1677 2377 1838 2407 situation
1869 2384 1911 2406 en
1932 2379 2083 2415 rapport.
2159 2377 2201 2407 N°

1303 2419 1392 2448 4951.

1344 2494 1505 2534 Employé
1545 2495 1716 2529 P.-L.-M.,
1751 2493 1788 2523 28
1815 2500 1887 2529 ans,
1917 2492 1975 2523 400
2009 2501 2073 2532 par
2101 2493 2198 2529 mois,

1305 2535 1502 2573 épouserait
1516 2533 1721 2565 institutrice
1737 2541 1780 2564 ou
1796 2541 1968 2572 personne
1985 2536 2084 2571 ayant
2100 2533 2201 2564 situa¬

1306 2575 1388 2611 tion,
1406 2575 1529 2606 femme
1546 2574 1764 2610 d’intérieur,-*
1776 2576 1877 2612 ayant
1892 2573 1958 2604 dot.
1980 2589 1998 2596 -
2014 2574 2056 2604 N°
2070 2574 2158 2604 4952.

1346 2651 1487 2681 Divorcé
1504 2653 1522 2681 à
1538 2658 1598 2681 son
1614 2650 1727 2689 profit,
1745 2658 1870 2688 garçon
1894 2651 1930 2680 13
1946 2658 2017 2686 ans,
2036 2658 2114 2679 sans
2131 2649 2203 2680 for¬

1308 2694 1401 2726 tune,
1420 2691 1532 2721 désire
1548 2691 1699 2728 mariage
1714 2699 1797 2721 avec
1813 2699 1930 2727 veuve,
1949 2690 2146 2721 demoiselle
2159 2698 2202 2721 ou

1308 2732 1476 2762 divorcée.
1501 2747 1518 2753 -
1539 2732 1581 2761 N°
1595 2731 1685 2761 4953.

1347 2799 1456 2827 Jeune
1470 2798 1606 2826 homme
1634 2798 1673 2826 28
1698 2806 1775 2832 anoy
1795 2797 1962 2834 orphelin,
1983 2797 2078 2827 avoir
2091 2797 2204 2826 35.000

1308 2837 1363 2872 fr.,
1401 2836 1618 2872 automobile,
1655 2839 1804 2875 gagnant
1832 2837 1923 2866 1.000
1945 2836 1985 2866 fr.
2016 2844 2078 2875 par
2104 2836 2202 2872 mois,

1309 2876 1505 2915 épouserait
1534 2875 1732 2906 demoiselle
1761 2884 1804 2906 ou
1820 2884 1926 2907 veuve
1942 2877 2012 2907 très
2038 2876 2201 2912 honnête,

1309 2919 1409 2955 ayant
1425 2916 1600 2947 situation.
1618 2932 1637 2939 -
1657 2916 1800 2947 N°4954.

1347 2984 1457 3014 Jeune
1472 2983 1609 3014 homme
1624 2984 1660 3013 31
1678 2991 1752 3019 ans,
1776 2983 1937 3014 situation
1954 2983 2065 3014 12.000
2083 2983 2125 3014 fr.
2142 2992 2205 3021 par

1309 3032 1363 3060 an,
1382 3024 1494 3054 désire
1510 3031 1680 3062 personne
1696 3024 1828 3063 simple,
1841 3024 2012 3062 agréable.
2028 3040 2041 3046 -
2056 3025 2084 3055 N
2090 3032 2096 3039 -
2114 3024 2203 3054 4955.

1350 3090 1526 3121 Monsieur
1539 3091 1620 3121 veuf
1634 3099 1712 3120 sans
1729 3091 1856 3125 enfant,
1872 3091 1911 3120 46
1926 3099 1998 3126 ans,
2020 3091 2206 3130 possédant

1309 3132 1396 3170 petit
1419 3138 1612 3161 commerce
1639 3131 1809 3169 agréable,
1834 3131 1988 3161 s’unirait
1999 3132 2018 3161 à
2032 3139 2205 3170 personne

1310 3172 1349 3202 36
1374 3173 1392 3202 à
1406 3169 1445 3201 40
1459 3179 1530 3206 ans,
1554 3170 1776 3207 affectueuse,
1794 3171 1962 3208 divorcée,
1986 3174 2085 3210 ayant
2100 3171 2207 3202 10.000

1311 3212 1352 3241 fr.
1366 3228 1384 3234 -
1399 3213 1439 3242 N-
1457 3212 1546 3242 4957.

1350 3278 1590 3310 Sous-officier
1628 3286 1670 3309 en
1706 3278 1859 3313 retraite,
1899 3280 1938 3308 38
1968 3286 2040 3314 ans,
2078 3287 2207 3310 revenu

1311 3319 1422 3349 12.000
1443 3319 1484 3349 fr.
1515 3327 1577 3357 par
1606 3327 1659 3355 an,
1692 3318 1889 3357 épouserait
1917 3319 2116 3349 demoiselle
2163 3327 2207 3350 ou

1310 3367 1423 3391 veuve
1438 3362 1539 3397 ayant
1554 3360 1620 3395 dot,
1635 3360 1673 3389 25
1689 3360 1707 3389 à
1722 3360 1760 3389 38
1776 3367 1847 3389 ans.
1865 3376 1876 3381 -
1891 3360 1920 3390 N
1929 3368 1934 3374 -
1955 3360 2047 3389 4958.

1350 3454 1459 3483 Jeune
1489 3453 1626 3483 homme
1638 3452 1676 3483 25
1694 3460 1764 3488 ans,
1790 3452 1903 3483 bonne
1920 3452 2061 3488 famille,
2079 3451 2206 3487 Suisse,

1312 3493 1515 3531 catholique,
1533 3493 1688 3524 sérieuse
1715 3492 1889 3528 situation,
1920 3493 2118 3531 épouserait
2147 3493 2207 3522 de¬

1311 3533 1465 3564 moiselle
1495 3541 1537 3563 ou
1567 3541 1673 3564 veuve
1700 3532 1922 3569 affectueuse,
1944 3533 2070 3564 femme
2086 3532 2209 3563 d’inté¬

1311 3573 1416 3604 rieur.
1433 3589 1452 3596 -
1466 3574 1495 3604 N
1501 3582 1507 3589 -
1524 3573 1613 3604 4959.

1351 3640 1553 3671 Célibataire
1581 3641 1621 3670 38
1649 3648 1722 3676 ans,
1749 3640 1843 3671 avoir
1857 3640 1970 3671 40.000
1986 3640 2028 3669 fr.
2050 3639 2129 3678 gain
2146 3647 2209 3670 an¬

1312 3681 1403 3717 nuel,
1422 3681 1532 3711 10.000
1543 3681 1583 3710 fr.
1602 3681 1684 3711 dans
1702 3688 1894 3711 commerce
1911 3680 2082 3720 agréable,
2100 3682 2210 3719 épou¬

1313 3721 1418 3752 serait
1432 3729 1605 3760 personne
1627 3720 1816 3752 honorable
1832 3724 1933 3759 ayant
1949 3721 2016 3751 dot.
2033 3737 2045 3743 -
2060 3721 2100 3752 N-
2118 3720 2207 3751 4960.

1351 3797 1586 3828 Sous-officier
1602 3797 1642 3828 de
1659 3797 1824 3832 carrière,
1841 3796 2000 3833 aviation,
2026 3796 2065 3827 29
2082 3804 2154 3832 ans,
2173 3796 2209 3826 10

1313 3845 1373 3867 ans
1412 3838 1453 3868 de
1489 3837 1633 3873 service,
1663 3837 1860 3868 économies
1889 3837 1981 3867 7.000
2010 3837 2064 3871 fr.,
2096 3836 2209 3866 désire

1312 3877 1476 3908 relations
1505 3885 1592 3916 pour
1616 3878 1722 3908 union
1758 3885 1840 3907 avec
1862 3879 1969 3916 jeune
1999 3877 2068 3907 fille
2085 3877 2122 3906 18
2138 3878 2156 3907 à
2171 3877 2210 3906 26

1313 3926 1385 3954 ans,
1402 3926 1463 3957 pas
1480 3917 1621 3948 sérieux
1636 3916 1828 3948 s’abstenir.
1851 3933 1870 3940 -
1884 3918 1913 3948 N
1919 3926 1926 3933 -
1947 3917 2036 3948 4961.

1352 3993 1520 4030 Adjudant
1529 3993 1629 4032 génie
1644 3994 1679 4023 31
1699 4001 1771 4028 ans,
1789 3992 1884 4024 solde
1897 3992 2087 4023 mensuelle
2098 3992 2157 4022 537
2167 3992 2207 4023 fr.

1313 4033 1425 4063 bonne
1442 4033 1634 4068 éducation,
1652 4033 1809 4063 médaille
1838 4033 2010 4068 militaire,
2042 4032 2139 4063 croix
2169 4032 2209 4062 de

1313 4080 1451 4110 guerre,
1467 4074 1487 4102 2
1500 4073 1668 4108 citations,
1677 4074 1696 4102 4
1711 4073 1887 4103 médailles
1901 4073 2081 4103 deuxième
2093 4072 2207 4109 ordre,

1314 4112 1426 4143 désire
1442 4113 1592 4152 mariage
1615 4121 1656 4143 en
1668 4115 1820 4152 rapport.
1838 4129 1848 4135 -
1863 4115 1892 4144 N
1897 4122 1904 4128 -
1927 4114 2016 4143 4962.

1353 4179 1498 4210 Divorcé
1526 4180 1614 4211 suite
1641 4180 1681 4211 de
1698 4188 1835 4218 guerre,
1852 4180 1892 4210 39
1908 4188 1979 4215 ans,
1997 4179 2065 4209 fille
2082 4180 2120 4209 12
2134 4187 2206 4215 ans,

1315 4223 1414 4257 ayant
1440 4220 1504 4258 joli
1531 4220 1636 4257 avoir,
1666 4222 1738 4251 très
1775 4219 1979 4255 affectueux,
2014 4221 2210 4258 épouserait

1315 4260 1514 4291 demoiselle
1529 4268 1572 4291 ou
1587 4269 1695 4291 veuve
1711 4268 1755 4291 ou
1768 4260 1925 4291 divorcée
1935 4263 2034 4298 ayant
2050 4260 2209 4290 situation

1315 4308 1357 4331 en
1374 4303 1524 4339 rapport.
1540 4317 1559 4323 -
1568 4302 1596 4332 N
1602 4309 1608 4316 -
1624 4301 1713 4331 4963.

1353 4369 1462 4398 Jeune
1478 4367 1638 4398 militaire
1653 4367 1777 4398 faisant
1791 4375 1850 4397 son
1875 4367 2006 4397 service
2022 4375 2065 4397 au
2082 4367 2209 4402 Maroc,

1314 4409 1354 4438 22
1368 4416 1441 4444 ans,
1450 4408 1539 4438 belle
1555 4408 1725 4444 situation,
1744 4408 1801 4438 dot
1814 4407 1922 4438 20.000
1936 4407 1976 4437 fr.
2002 4407 2096 4437 avoir
2110 4407 2210 4445 après

1315 4451 1466 4487 parents,
1491 4448 1689 4487 épouserait
1705 4448 1904 4478 demoiselle
1919 4450 2020 4486 ayant
2048 4447 2210 4477 situation

1316 4496 1358 4518 en
1375 4492 1525 4527 rapport.
1541 4504 1559 4510 -
1574 4489 1714 4518 N-4964.

1355 4557 1520 4585 Brunette
1541 4556 1579 4584 22
1604 4563 1676 4590 ans,
1707 4555 1836 4589 artiste,
1864 4555 2029 4590 sérieuse,
2050 4553 2211 4584 situation

1316 4596 1406 4626 1.000
1421 4595 1461 4625 fr.
1480 4603 1542 4633 par
1557 4596 1653 4631 mois,
1671 4596 1867 4625 économies
1883 4595 1974 4625 4.000
1991 4594 2031 4624 fr.
2051 4597 2084 4624 et
2100 4593 2211 4624 mobi¬

1316 4636 1391 4672 lier,
1420 4637 1626 4674 espérances
1643 4636 1743 4674 après
1759 4637 1853 4673 père,
1885 4634 2082 4674 épouserait
2106 4636 2212 4672 jeune

1316 4675 1452 4706 homme
1467 4675 1563 4714 d’âge
1579 4678 1613 4706 et
1628 4675 1789 4706 situation
1806 4683 1847 4705 en
1860 4677 2011 4714 rapport.
2028 4691 2046 4697 -
2062 4676 2090 4705 N
2096 4683 2102 4690 -
2121 4674 2210 4703 4965.

1356 4743 1560 4773 Demoiselle
1587 4743 1627 4773 29
1650 4751 1723 4777 ans,
1754 4749 1832 4772 sans
1848 4749 2053 4777 commerce,
2071 4743 2213 4779 épouse¬

1317 4782 1383 4812 rait
1396 4790 1523 4821 garçon
1539 4783 1601 4821 âge
1618 4791 1659 4813 en
1676 4784 1826 4820 rapport,
1854 4783 1893 4813 de
1908 4783 2031 4812 beauté
2059 4780 2210 4819 exquise,

1318 4823 1412 4852 avoir
1428 4823 1558 4853 100.000
1573 4823 1613 4853 fr.
1629 4831 1672 4854 ou
1689 4822 1880 4852 s’abstenir.
1903 4839 1922 4844 -
1937 4822 1965 4852 N
1975 4831 1982 4837 •
2002 4822 2090 4851 4966.

1356 4889 1653 4921 Sous-lieutenant
1666 4889 1849 4920 infanterie
1866 4888 2045 4923 coloniale,
2063 4887 2211 4920 divorcé,

1316 4928 1355 4956 32
1371 4936 1443 4964 ans,
1468 4930 1568 4966 brun,
1598 4930 1793 4964 épouserait
1816 4931 1918 4965 jeune
1942 4928 2022 4962 fille,
2047 4935 2153 4957 veuve
2169 4933 2212 4956 ou

1318 4967 1489 5004 divorcée,
1505 4970 1544 5000 25
1560 4973 1578 5000 à
1598 4970 1638 5000 30
1653 4978 1725 5005 ans,
1744 4968 1897 5007 échange
1912 4968 2211 5005 renseignements

1318 5008 1351 5036 et
1366 5007 1469 5045 photo
1484 5011 1637 5048 premier
1651 5009 1819 5040 courrier.
1835 5025 1854 5031 -
1876 5009 1905 5040 N
1910 5018 1916 5025 -
1933 5009 2021 5039 4967.

1358 5072 1470 5104 Mutilé
1487 5076 1528 5106 de
1543 5084 1670 5114 guerre
1685 5078 1724 5107 42
1739 5085 1812 5112 ans,
1829 5077 1967 5107 ouvrier
1983 5082 2115 5113 maçon,
2133 5081 2211 5103 sans

1318 5111 1464 5150 fortune,
1494 5116 1605 5146 désire
1635 5124 1745 5148 veuve
1765 5117 1806 5147 de
1831 5125 1957 5155 guerre
1978 5116 2017 5147 30
2032 5117 2051 5146 à
2078 5115 2117 5144 45
2139 5121 2211 5148 ans,

1319 5151 1429 5183 même
1443 5162 1524 5185 avec
1540 5156 1666 5186 enfant.
1691 5173 1710 5179 -
1720 5158 1760 5188 N'
1778 5157 1868 5187 4968.

2289 1383 2493 1415 Demoiselle
2521 1386 2559 1414 28
2576 1393 2648 1423 ans,
2681 1387 2794 1417 bonne
2810 1387 2948 1424 famille,
2965 1387 3044 1418 bien
3067 1397 3147 1419 sous

2249 1425 2325 1454 tous
2342 1428 2512 1464 rapports,
2544 1426 2600 1456 dot
2616 1430 2649 1457 et
2661 1427 2745 1465 jolie
2768 1427 2930 1458 situation
2954 1428 2994 1458 de
3011 1428 3148 1459 fortune

2251 1466 2351 1502 après
2367 1468 2518 1503 parents,
2530 1467 2727 1505 épouserait
2743 1468 2918 1498 monsieur
2932 1468 2971 1498 30
2986 1470 3004 1499 à
3019 1469 3058 1498 45
3073 1478 3147 1503 ans,

2250 1505 2399 1541 sérieux,
2430 1505 2520 1542 actif,
2543 1506 2724 1542 industriel
2755 1516 2798 1538 ou
2815 1512 3059 1545 commerçant.
3075 1525 3094 1532 -
3109 1511 3149 1540 N*

2250 1544 2338 1574 4970.

2291 1611 2450 1650 Employé
2461 1612 2501 1643 de
2513 1614 2663 1652 Banque,
2675 1615 2713 1644 28
2724 1622 2797 1649 ans,
2811 1615 2972 1646 situation
2984 1616 3146 1653 d’avenir,

2250 1651 2342 1681 6.000
2370 1652 2424 1688 fr.,
2455 1654 2565 1690 grand
2594 1662 2698 1691 cœur,
2717 1654 2923 1690 affectueux,
2948 1657 3146 1694 épouserait

2252 1692 2450 1722 demoiselle
2465 1694 2504 1723 20
2519 1695 2538 1723 à
2552 1695 2591 1724 25
2613 1702 2685 1731 ans,
2699 1695 2795 1733 jolie,
2820 1695 3024 1733 distinguée,
3047 1700 3149 1735 ayant

2251 1733 2345 1763 avoir
2361 1740 2404 1763 ou
2422 1741 2615 1765 commerce
2630 1735 2817 1773 papeterie.
2834 1751 2847 1757 -
2859 1736 2887 1766 N
2893 1744 2899 1751 -
2916 1737 3005 1766 4971.

2290 1800 2399 1830 Jeune
2416 1800 2551 1831 homme
2565 1801 2606 1830 30
2627 1809 2699 1837 ans,
2722 1802 2939 1837 cordonnier,
2962 1811 3041 1834 sans
3077 1803 3151 1835 for¬

2253 1842 2345 1874 tune,
2377 1839 2490 1870 désire
2513 1842 2664 1880 mariage
2696 1849 2779 1872 avec
2806 1844 2909 1878 jeune
2932 1843 3001 1875 fille
3016 1845 3055 1874 24
3077 1845 3096 1875 à
3112 1845 3151 1875 30

2254 1887 2326 1909 ans.
2344 1896 2354 1901 -
2371 1881 2410 1910 N-
2429 1880 2518 1911 4972.

2292 1946 2382 1976 Veuf
2399 1947 2438 1977 59
2454 1955 2526 1982 ans,
2543 1947 2640 1984 libre,
2659 1948 2754 1979 avoir
2769 1950 2882 1980 50.000
2894 1950 2948 1987 fr.,
2975 1951 3054 1981 bien
3071 1959 3151 1982 sous

2255 1988 2329 2016 tous
2346 1987 2395 2016 les
2412 1990 2581 2026 rapports,
2612 1989 2810 2027 épouserait
2836 1999 3010 2029 personne
3026 1992 3065 2021 35
3079 1992 3099 2022 à
3114 1992 3152 2022 48

2255 2034 2326 2062 ans,
2344 2027 2515 2061 instruite,
2540 2031 2640 2066 ayant
2663 2029 2826 2061 situation
2841 2038 2884 2061 ou
2900 2032 2996 2062 avoir
3011 2039 3055 2062 en
3070 2040 3153 2069 rap¬

2254 2069 2342 2105 port.
2360 2083 2378 2089 -
2395 2069 2435 2098 N-
2453 2068 2542 2097 4973.

2295 2133 2499 2164 Lieutenant
2509 2136 2547 2164 38
2564 2143 2636 2171 ans,
2657 2136 2757 2173 brun,
2775 2138 2926 2174 sérieux,
2944 2138 3036 2176 actif,
3054 2147 3156 2178 pour¬

2255 2174 2321 2203 rait
2336 2175 2483 2212 prendre
2498 2183 2535 2204 sa
2550 2176 2692 2207 retraite
2707 2184 2795 2215 pour
2810 2186 2847 2208 se
2863 2178 2968 2209 livrer
2991 2187 3033 2210 au
3060 2187 3155 2210 com¬

2255 2221 2382 2249 merce,
2407 2215 2519 2244 désire
2535 2216 2640 2246 union
2656 2224 2739 2247 avec
2755 2218 2952 2250 demoiselle
2968 2226 3011 2250 ou
3033 2227 3152 2256 veuve,

2255 2253 2416 2284 situation
2429 2263 2471 2284 en
2487 2259 2638 2294 rapport.
2654 2272 2672 2279 -
2688 2258 2717 2288 N
2723 2266 2729 2273 1
2746 2258 2836 2289 4974.

2295 2320 2411 2350 Suisse
2427 2321 2464 2350 45
2476 2327 2548 2357 ans,
2560 2323 2654 2353 avoir
2670 2324 2781 2355 12.000
2794 2325 2848 2361 fr.,
2863 2326 3039 2360 cuisinier,
3050 2328 3152 2364 épou¬

2257 2360 2361 2390 serait
2387 2362 2496 2399 jeune
2537 2361 2606 2393 fille
2646 2363 2817 2402 française
2844 2373 2887 2396 ou
2917 2365 2986 2397 fille
3016 2367 3153 2404 d’hôtel,

2255 2400 2379 2433 femme
2394 2401 2602 2440 d’intérieur,
2617 2403 2696 2435 bien
2708 2413 2788 2436 sous
2804 2408 2880 2436 tous
2888 2406 2938 2437 les
2954 2410 3124 2441 rapports.
3142 2423 3156 2430 -

2256 2441 2296 2471 N-
2314 2442 2402 2471 4975.

2296 2517 2500 2548 Demoiselle
2536 2519 2576 2548 36
2611 2527 2683 2555 ans,
2727 2521 2893 2556 sérieuse,
2932 2522 3153 2559 affectueuse,

2257 2556 2381 2587 femme
2399 2558 2609 2594 d’intérieur,
2626 2560 2830 2600 catholique,
2847 2562 3012 2601 physique
3029 2566 3155 2601 agréa¬

2256 2597 2323 2633 ble,
2341 2598 2409 2631 dot,
2440 2598 2553 2629 désire
2569 2600 2719 2638 mariage
2736 2609 2818 2632 avec
2833 2602 3010 2633 monsieur
3024 2604 3063 2633 38
3079 2605 3097 2635 à
3112 2604 3151 2634 45

2258 2645 2330 2673 ans,
2348 2641 2448 2675 ayant
2464 2639 2638 2670 situation.
2655 2656 2674 2662 -
2689 2641 2729 2670 N-
2745 2642 2834 2671 4976.

2297 2715 2406 2743 Jeune
2435 2714 2571 2745 homme
2599 2716 2638 2745 24
2662 2724 2733 2753 ans,
2766 2718 2916 2754 sérieux,
2942 2719 3097 2758 employé
3115 2720 3155 2750 de

2259 2753 2394 2783 chemin
2433 2754 2473 2783 de
2513 2754 2576 2791 fer,
2605 2758 2706 2794 ayant
2742 2757 2930 2796 propriété,
2959 2759 3157 2798 épouserait

2260 2793 2457 2823 demoiselle
2487 2802 2531 2824 ou
2546 2803 2654 2826 veuve
2670 2798 2709 2825 19
2723 2798 2742 2826 à
2757 2798 2796 2825 27
2818 2805 2890 2833 ans,
2919 2801 3020 2834 ayant
3050 2800 3155 2834 petite

2260 2833 2520 2863 dot.-N-4977.

2298 2909 2407 2938 Jeune
2416 2908 2485 2939 fille
2493 2910 2532 2939 29
2547 2917 2620 2946 ans,
2637 2912 2878 2948 représentant
2893 2912 2934 2943 de
2950 2921 3155 2951 commerce,

2261 2951 2363 2985 ayant
2377 2949 2564 2988 propriété,
2582 2950 2770 2981 cherchant
2781 2951 2951 2989 affection,
2961 2962 2998 2984 se
3014 2954 3157 2985 dévoue¬

2261 2989 2327 3019 rait
2356 2990 2374 3018 à
2396 2991 2503 3027 grand
2531 2989 2644 3022 blessé
2670 2991 2710 3021 de
2725 3000 2863 3030 guerre,
2888 3000 2932 3026 ou
2948 2995 2966 3023 à
2982 2995 3159 3025 monsieur

2262 3028 2432 3066 distingué
2460 3029 2609 3067 fortuné,
2639 3031 2868 3063 recherchant
2888 3034 2991 3070 appui
3006 3035 3125 3065 moral.
3144 3051 3158 3058 -

2261 3070 2302 3099 N-
2320 3069 2407 3099 4978.

2301 3146 2410 3176 Jeune
2427 3147 2662 3183 sous-oàier,
2692 3148 2732 3177 26
2746 3156 2818 3184 ans,
2836 3149 3025 3181 secrétaire
3042 3150 3158 3181 d’état-

2262 3187 2383 3223 major,
2414 3186 2611 3225 épouserait
2633 3189 2739 3225 jeune
2755 3188 2824 3219 fille
2839 3189 3010 3227 instruite,
3027 3191 3159 3222 intelli¬

2262 3228 2376 3263 gente,
2394 3226 2456 3264 âge
2473 3235 2515 3257 en
2531 3230 2683 3266 rapport.
2699 3244 2711 3250 -
2727 3230 2756 3259 N
2760 3237 2767 3244 -
2784 3229 2874 3259 4980.

2302 3301 2474 3340 Capitaine
2490 3303 2613 3339 active,
2630 3303 2668 3332 34
2680 3312 2751 3340 ans,
2777 3313 2818 3335 au
2835 3307 2950 3337 Maroc
2966 3310 3159 3338 momenta¬

2262 3343 2413 3376 nément,
2425 3342 2537 3373 désire
2553 3345 2803 3383 correspondre
2812 3353 2898 3384 pour
2908 3347 3059 3386 mariage
3075 3356 3159 3379 avec

2258 3383 2365 3419 jeune
2381 3382 2450 3412 fille
2479 3383 2684 3422 catholique,
2711 3384 2824 3416 bonne
2839 3386 2978 3424 famille,
2996 3387 3158 3419 situation

2263 3429 2306 3452 en
2321 3424 2472 3461 rapport.
2490 3439 2509 3445 -
2522 3424 2552 3454 N
2557 3431 2563 3438 -
2581 3424 2672 3454 4981.

2303 3499 2411 3528 Jeune
2427 3498 2563 3529 homme
2578 3500 2617 3529 24
2646 3507 2718 3536 ans,
2746 3500 2927 3533 industriel
2958 3511 3001 3534 au
3031 3505 3160 3540 Maroc,

2265 3537 2427 3568 situation
2443 3539 2553 3569 16.000
2568 3539 2624 3574 fr.,
2654 3541 2852 3579 épouserait
2873 3543 3071 3574 demoiselle
3088 3545 3125 3574 16
3143 3545 3162 3575 à

2262 3578 2302 3608 20
2318 3586 2390 3615 ans,
2408 3578 2569 3610 situation
2586 3587 2628 3610 en
2651 3584 2802 3620 rapport.
2819 3598 2831 3604 -
2845 3583 2886 3613 N'
2903 3583 2995 3614 4982.

2303 3659 2413 3689 Jeune
2441 3659 2576 3690 homme
2591 3661 2630 3690 23
2652 3668 2724 3696 ans,
2757 3661 2906 3698 sérieux,
2938 3664 3161 3701 agriculteur,

2265 3707 2344 3728 sans
2360 3699 2508 3735 fortune,
2527 3702 2734 3739 espérances
2758 3703 2859 3740 après
2875 3706 3027 3741 parents,
3058 3706 3163 3744 épou¬

2265 3740 2370 3769 serait
2398 3739 2597 3771 demoiselle
2626 3748 2669 3771 ou
2684 3749 2803 3778 veuve,
2822 3743 2858 3772 19
2875 3744 2893 3773 à
2908 3744 2946 3773 28
2962 3752 3034 3780 ans,
3059 3747 3162 3783 ayant

2265 3779 2370 3817 petite
2386 3780 2559 3811 situation.
2577 3797 2594 3803 -
2609 3782 2648 3811 N-
2665 3782 2755 3811 4983.

2305 3855 2508 3887 Célibataire
2522 3856 2560 3886 35
2578 3864 2649 3891 ans,
2680 3856 2929 3889 fonctionnaire
2959 3867 3001 3890 au
3029 3861 3157 3897 Maroc,

2264 3896 2426 3926 situation
2451 3896 2544 3926 9.000
2557 3896 2612 3932 fr.,
2630 3897 2742 3927 désire
2759 3898 2909 3937 mariage
2926 3907 3008 3930 avec
3025 3900 3157 3931 demoi¬

2265 3936 2348 3965 selle
2365 3944 2408 3967 ou
2424 3945 2531 3967 veuve
2546 3937 2585 3966 25
2600 3938 2620 3966 à
2633 3937 2673 3967 30
2689 3945 2759 3972 ans,
2778 3942 2879 3976 ayant
2894 3939 3056 3971 situation
3074 3949 3080 3977 ;
3097 3949 3159 3980 pas

2265 3976 2404 4006 sérieux
2420 3976 2610 4007 s’abstenir.
2627 3992 2645 3999 -
2659 3979 2689 4008 N
2694 3986 2700 3992 -
2717 3978 2806 4008 4984.

2304 4051 2509 4083 Demoiselle
2523 4052 2562 4082 35
2578 4061 2649 4089 ans,
2668 4053 2791 4084 femme
2809 4053 2852 4084 du
2873 4055 3006 4092 monde,
3024 4056 3159 4093 blonde,

2265 4091 2468 4130 distinguée,
2500 4093 2613 4123 désire
2640 4093 2746 4123 union
2762 4101 2844 4125 avec
2869 4096 3047 4127 monsieur
3061 4100 3162 4135 ayant

2264 4131 2353 4162 belle
2370 4132 2542 4162 situation.
2559 4148 2578 4154 -
2593 4133 2623 4162 N
2628 4141 2633 4148 -
2650 4134 2739 4162 4985.

2305 4207 2508 4238 Demoiselle
2537 4208 2575 4237 48
2600 4215 2670 4245 ans,
2699 4216 2777 4238 sans
2803 4209 3004 4248 profession,
3038 4212 3162 4243 femme

2265 4247 2476 4283 d’intérieur,
2488 4248 2599 4277 bonne
2610 4248 2800 4285 éducation,
2810 4250 2976 4289 physique
2986 4253 3158 4290 agréable,

2266 4287 2405 4325 capable
2420 4287 2460 4317 de
2476 4288 2712 4323 dévouement,
2722 4290 2918 4327 épouserait
2931 4293 3106 4323 monsieur
3118 4300 3162 4324 ou

2265 4327 2406 4357 retraité
2423 4330 2523 4365 ayant
2538 4327 2650 4358 bonne
2667 4328 2838 4360 situation.
2862 4347 2880 4353 -
2894 4333 2935 4362 N-
2952 4332 3042 4362 4986.

2307 4403 2419 4432 Veuve
2434 4403 2472 4432 35
2488 4410 2559 4437 ans,
2578 4411 2656 4433 sans
2680 4404 2806 4440 enfant,
2823 4406 2984 4438 situation
3000 4408 3092 4438 7.000
3110 4408 3160 4443 fr.,

2267 4442 2462 4473 économies
2479 4442 2589 4473 10.000
2604 4443 2658 4479 fr.,
2675 4444 2844 4476 intérieur
2859 4447 3029 4485 agréable,
3061 4450 3163 4485 épou¬

2267 4482 2373 4512 serait
2388 4483 2564 4513 monsieur
2580 4486 2680 4521 ayant
2696 4484 2857 4516 situation
2872 4487 2963 4518 sûre.
2980 4503 2999 4510 -
3013 4489 3043 4519 N
3048 4497 3055 4504 -
3071 4488 3161 4518 4987.

2307 4560 2415 4588 Jeune
2431 4558 2567 4589 homme
2578 4560 2618 4589 36
2626 4567 2698 4595 ans,
2710 4561 3165 4601 propriétaire-agriculteur

2267 4598 2429 4629 situation
2445 4601 2598 4634 assurée,
2617 4599 2728 4630 désire
2747 4601 2833 4632 faire
2858 4604 3104 4634 connaissance
3121 4604 3161 4634 de

2268 4638 2467 4669 demoiselle
2496 4645 2540 4668 ou
2561 4647 2669 4670 veuve
2692 4641 2731 4670 25
2746 4642 2765 4671 à
2779 4642 2818 4671 30
2842 4650 2914 4678 ans,
2934 4643 2990 4681 qui
3005 4644 3164 4674 voudrait

2268 4679 2353 4708 aller
2376 4686 2418 4708 au
2447 4679 2591 4714 Canada,
2609 4679 2744 4711 fortune
2760 4689 2819 4715 pas
2835 4682 2956 4721 exigée
2978 4682 3062 4713 mais
3079 4690 3164 4714 con¬

2269 4717 2360 4748 duite
2381 4717 2639 4756 irréprochable
2654 4737 2666 4742 -
2687 4722 2727 4752 N-
2751 4722 2839 4751 4988.

2307 4796 2416 4824 Jeune
2432 4794 2568 4825 homme
2583 4795 2754 4834 indigène,
2778 4798 2816 4827 23
2832 4806 2904 4833 ans,
2922 4798 3163 4837 propriétaire-

2268 4835 2484 4869 cultivateur,
2512 4835 2625 4866 bonne
2653 4836 2792 4873 famille,
2830 4838 2995 4869 demande
3011 4839 3163 4875 mariage

2264 4876 2372 4912 jeune
2385 4874 2455 4905 fille
2472 4876 2509 4904 18
2531 4876 2549 4905 à
2564 4876 2603 4905 25
2619 4883 2691 4911 ans,
2721 4880 2823 4915 ayant
2847 4878 2997 4914 fortune,
3013 4885 3164 4915 envoyer

2269 4915 2383 4953 photo.
2400 4930 2419 4937 -
2434 4916 2474 4945 N-
2492 4915 2581 4945 4920.

2308 4992 2422 5021 Veuve
2448 4990 2622 5028 d’officier,
2639 5000 2717 5023 sans
2741 4993 2868 5029 enfant,
2884 4993 2923 5022 35
2939 5000 3009 5028 ans,
3028 4992 3162 5028 blonde,

2269 5030 2471 5069 distinguée,
2489 5031 2567 5062 bien
2582 5033 2854 5072 physiquement,
2877 5033 3001 5062 femme
3017 5031 3160 5067 d’ordre,

2267 5071 2360 5100 2.400
2377 5072 2416 5101 de
2429 5075 2555 5109 rentes,
2568 5073 2633 5111 joli
2654 5073 2835 5107 intérieur,
2854 5071 3049 5111 épouserait
3064 5078 3165 5101 mon¬

2269 5111 2362 5141 sieur
2378 5110 2582 5150 affectueux,
2600 5114 2728 5145 officier
2754 5120 2798 5143 ou
2814 5112 2975 5143 situation
2992 5118 3165 5142 convena¬

2268 5151 2334 5182 ble.
2351 5152 2391 5182 N-
2408 5152 2497 5182 4989.

388 5412 426 5439 T
