3536 5552
411 510 601 541 Gendarme
625 508 664 537 30
680 514 751 542 ans,
770 502 980 536 célibataire,
997 500 1076 530 bien
1093 506 1173 529 sous
1189 500 1266 527 tous

372 553 543 589 rapports,
567 546 765 587 épouserait
787 546 894 582 jeune
922 541 992 571 fille
1019 547 1065 570 ou
1092 545 1202 570 veuve
1231 536 1273 566 de

373 598 499 626 guerre
514 588 553 619 20
568 591 584 618 à
600 588 639 618 25
655 594 725 623 ans,
755 593 814 623 pas
844 583 985 613 sérieux
1014 578 1205 610 s’abstenir.
1238 592 1273 598 —

374 631 414 661 N-
446 631 496 660 31.

416 731 579 762 Divorcée
601 737 644 759 en
660 736 698 758 sa
713 727 844 761 faveur,
869 726 908 755 38
936 731 1009 758 ans,
1040 729 1118 752 sans
1147 718 1275 753 enfant,

376 772 455 803 bien
471 779 551 801 sous
573 772 650 800 tous
678 768 729 798 les
759 769 929 805 rapports,
957 763 1052 794 avoir
1080 759 1192 791 10.000
1220 759 1276 793 fr.,

378 810 572 851 épouserait
586 808 760 839 monsieur
772 807 911 837 sérieux
927 805 1027 842 ayant
1042 802 1156 832 bonne
1173 799 1275 829 situa¬

383 853 462 884 tion.
478 868 498 874 -
513 851 553 881 N-
568 851 618 880 33.

418 956 533 985 Veuve
549 952 679 983 certain
696 950 770 988 âge,
795 947 1017 980 affectueuse,
1049 943 1172 976 active,
1203 941 1277 971 ins¬

382 995 497 1030 truite,
519 993 598 1023 bien
625 991 898 1030 physiquement,
929 985 1090 1017 situation
1119 983 1283 1020 indépen¬

382 1036 495 1072 dante,
509 1032 700 1064 recherche
721 1035 934 1068 compagnon
961 1026 1044 1061 aisé,
1074 1022 1280 1059 intelligent,

384 1074 588 1107 affectueux,
605 1072 671 1103 bon
690 1078 795 1106 cœur,
810 1069 849 1099 45
864 1070 883 1098 à
897 1068 936 1097 55
951 1074 1023 1097 ans.
1041 1080 1060 1087 -
1074 1066 1103 1095 N
1109 1072 1115 1079 1
1132 1064 1182 1092 34.

424 1175 630 1208 Demoiselle
643 1175 684 1204 32
698 1181 771 1204 ans.
787 1170 908 1202 travail
924 1172 941 1200 à
959 1176 1021 1199 son
1049 1168 1197 1205 compte,
1226 1163 1285 1194 500

387 1218 425 1248 fr.
440 1225 504 1257 par
518 1216 616 1251 mois,
634 1214 731 1246 avoir
761 1212 872 1242 10.000
900 1210 955 1245 fr.,
987 1208 1100 1239 désire
1130 1204 1286 1242 mariage

386 1266 470 1289 avec
484 1256 661 1287 monsieur
687 1255 727 1284 32
755 1254 774 1283 à
802 1252 842 1282 40
870 1259 943 1286 ans,
973 1250 1076 1287 ayant
1104 1244 1280 1278 situation,

387 1297 555 1337 employé,
586 1296 786 1333 présentant
801 1292 888 1327 bien,
909 1298 968 1329 pas
985 1289 1125 1319 sérieux
1141 1285 1286 1316 s’abste¬

389 1339 456 1369 nir.
472 1354 485 1359 -
500 1339 531 1368 N
536 1345 542 1352 -
559 1337 610 1366 35.

432 1438 663 1479 Propriétaire
699 1434 933 1466 d’immeubles
961 1430 1074 1462 30.000
1103 1428 1157 1463 fr.,
1188 1428 1291 1457 avant

391 1489 518 1521 guerre
552 1478 664 1508 80.000
696 1477 752 1513 fr.,
788 1472 988 1515 épouserait
1016 1467 1217 1501 demoiselle
1247 1473 1292 1496 ou

393 1529 500 1552 veuve
513 1520 552 1550 32
567 1521 585 1549 à
601 1518 640 1549 40
655 1525 727 1552 ans,
745 1516 868 1546 femme
885 1511 1095 1546 d’intérieur,
1117 1510 1220 1547 ayant
1237 1506 1294 1536 dot

394 1569 438 1593 ou
452 1561 566 1591 bonne
582 1557 754 1589 situation.
771 1572 790 1578 -
802 1555 832 1586 N
838 1563 843 1570 -
860 1554 911 1584 36.

435 1662 625 1701 Négociant
639 1660 678 1690 30
693 1667 764 1693 ans,
781 1657 999 1690 Casablanca,
1015 1653 1127 1684 désire
1144 1650 1295 1687 mariage

396 1712 478 1734 avec
494 1701 694 1733 demoiselle
710 1707 753 1730 ou
770 1706 876 1729 veuve
905 1696 1082 1734 disposant
1109 1690 1223 1722 50.000
1253 1690 1293 1719 fr.

396 1746 555 1783 Réponse
571 1750 637 1772 aux
653 1742 771 1771 lettres
788 1739 939 1769 donnant
968 1735 1120 1766 adresse.
1147 1748 1164 1754 -
1186 1732 1225 1761 N'
1244 1730 1294 1760 37.

439 1849 618 1878 Receveur
628 1844 779 1874 douanes
792 1840 876 1871 Indo
891 1838 1004 1873 chine,
1016 1836 1056 1866 38
1071 1843 1144 1870 ans,
1159 1832 1296 1865 châtain

399 1888 512 1919 foncé,
524 1893 615 1924 yeux
623 1884 731 1918 bleus,
742 1882 813 1913 très
825 1881 937 1911 bonne
951 1877 1078 1908 famille
1087 1874 1297 1915 parisienne,

402 1927 513 1958 15.000
550 1926 590 1955 fr.
632 1925 672 1955 de
711 1922 818 1956 solde,
856 1918 987 1950 150.000
1014 1917 1056 1947 fr.
1089 1917 1298 1954 espérances

401 1969 562 2001 directes,
578 1967 662 2004 peut
676 1961 824 2002 repartir
840 1968 884 1991 ou
899 1961 1077 1999 permuter
1092 1963 1135 1986 en
1152 1957 1296 1988 France,

402 2007 516 2038 désire
532 2012 675 2037 trouver
687 2006 793 2041 jeune
808 2000 878 2031 fille
894 2007 938 2030 ou
950 2001 1057 2037 jeune
1073 1995 1197 2027 femme
1213 2001 1301 2032 gen¬

402 2048 486 2083 tille,
503 2045 726 2079 affectueuse,
742 2041 905 2073 situation
927 2047 971 2069 en
986 2039 1139 2077 rapport.
1155 2052 1174 2058 -
1189 2036 1229 2064 N-
1250 2034 1301 2064 38.

444 2149 595 2181 Retraité
613 2147 653 2177 de
669 2145 809 2176 l’armée
831 2139 1138 2182 (proportionnelle
1155 2139 1195 2168 de
1211 2136 1304 2166 2.000

405 2191 448 2221 fr.
465 2198 527 2228 par
541 2189 597 2225 an)
610 2188 651 2217 36
665 2194 738 2222 ans,
754 2185 833 2215 bien
850 2190 931 2213 sous
946 2185 1024 2212 tous
1052 2181 1103 2210 les
1131 2180 1304 2217 rapports,

406 2230 562 2269 employé
592 2229 674 2257 dans
704 2233 771 2256 une
812 2223 1060 2256 manufacture,
1104 2217 1304 2257 épouserait

405 2269 625 2302 institutrice,
653 2266 832 2305 employée
861 2263 921 2293 des
948 2264 1078 2302 postes,
1108 2259 1150 2289 de
1177 2258 1218 2288 27
1233 2260 1251 2287 à
1268 2257 1308 2286 35

408 2319 480 2341 ans.
502 2327 512 2331 -
529 2309 558 2339 N
564 2317 569 2323 -
586 2308 636 2338 39.

448 2410 710 2442 Contre-maître
725 2409 766 2438 de
778 2405 969 2440 distillerie,
977 2405 1096 2442 jeune,
1107 2400 1308 2438 énergique,

411 2452 560 2483 cherche
576 2449 701 2488 emploi
717 2447 885 2485 analogue
898 2445 980 2475 dans
994 2443 1071 2473 ville
1085 2450 1128 2472 ou
1144 2440 1309 2473 colonies,

412 2490 641 2522 s’associerait
679 2496 760 2518 avec
798 2493 970 2525 personne
1012 2487 1114 2521 ayant
1150 2480 1312 2517 capitaux

410 2540 499 2571 pour
515 2532 614 2561 créer
628 2527 796 2559 industrie
813 2528 853 2556 de
870 2532 949 2564 gros
965 2525 1117 2562 rapport.
1135 2537 1153 2543 -
1176 2522 1216 2552 N'
1235 2519 1283 2549 40.

452 2636 563 2664 Jeune
589 2632 727 2663 homme
755 2629 794 2660 25
820 2636 893 2664 ans,
929 2623 1312 2663 mineur-agriculteur,

415 2673 608 2711 catholique
645 2670 851 2710 pratiquant,
883 2667 977 2698 avoir
1006 2665 1118 2695 15.000
1146 2664 1200 2698 fr.,
1228 2662 1313 2692 bons

415 2714 699 2754 appointements,
716 2708 915 2749 épouserait
930 2705 1129 2738 demoiselle
1139 2711 1182 2734 ou
1192 2709 1313 2735 veuve,

415 2753 588 2791 agréable,
611 2750 817 2789 catholique,
844 2748 968 2778 femme
994 2744 1204 2779 d’intérieur,
1233 2741 1272 2772 25
1296 2742 1315 2771 à

416 2795 455 2824 26
469 2801 542 2829 ans,
560 2794 660 2831 ayant
676 2790 848 2821 situation.
866 2805 885 2811 -
900 2788 940 2819 N-
957 2787 1007 2816 41.

455 2897 564 2926 Jeune
580 2893 649 2924 fille
664 2893 703 2923 26
718 2899 791 2927 ans,
807 2890 972 2929 physique
999 2886 1172 2926 agréable,
1202 2884 1315 2914 bonne

420 2936 547 2966 famille
564 2935 667 2969 aisée,
691 2930 889 2971 épouserait
917 2928 1094 2959 monsieur
1122 2924 1317 2962 catholique

417 2977 489 3006 très
526 2975 640 3005 bonne
678 2971 853 3005 situation,
890 2969 1047 3000 divorcés
1076 2965 1267 2997 s’abstenir.
1299 2979 1317 2985 -

418 3017 459 3047 N-
489 3016 538 3046 42.

458 3119 569 3148 Jeune
579 3122 690 3146 veuve
699 3112 873 3148 d’officier,
882 3111 960 3142 bien
971 3117 1052 3141 sous
1061 3112 1138 3140 tous
1148 3108 1320 3147 rapports,

422 3160 524 3196 ayant
538 3155 683 3196 pension
700 3157 734 3184 et
745 3155 812 3189 dot,
823 3159 961 3192 grosses
973 3151 1191 3189 espérances,
1207 3146 1322 3177 désire

421 3197 574 3235 mariage
589 3203 672 3226 avec
697 3194 874 3225 monsieur
902 3193 1003 3230 ayant
1028 3189 1118 3220 belle
1146 3187 1320 3219 situation.

421 3254 440 3261 -
467 3238 508 3269 N-
538 3237 587 3267 43.

462 3414 588 3443 Jeunes
606 3417 691 3447 gens
695 3410 701 3446 ,
719 3410 848 3445 jeunes
874 3408 959 3442 filles
986 3406 1019 3435 et
1046 3410 1132 3435 vous
1159 3404 1237 3433 tous
1264 3402 1325 3438 gui

425 3462 555 3492 désirez
593 3466 679 3490 vous
714 3459 863 3492 marier,
903 3456 1095 3486 demandez
1132 3454 1162 3482 le
1191 3452 1325 3482 GUIDE

426 3510 648 3542 PRATIQUE
682 3509 745 3538 DU
777 3505 990 3536 BONHEUR
1023 3505 1087 3533 EN
1121 3494 1323 3532 MÉNAGE,

426 3560 616 3590 contenant
630 3559 688 3587 des
701 3557 845 3586 conseils
858 3555 927 3584 Irès
940 3554 1041 3583 utiles
1048 3558 1142 3588 pour
1150 3552 1180 3579 le
1189 3550 1326 3580 maria¬

427 3616 479 3645 ge,
496 3610 525 3638 le
539 3609 676 3638 volume
687 3613 759 3641 par
772 3607 801 3634 J.
822 3596 1052 3634 PÉLISSIER
1073 3599 1233 3636 pouvant
1255 3595 1328 3628 être

430 3659 465 3688 lu
475 3665 547 3693 par
562 3657 636 3686 tout
651 3657 680 3685 le
693 3655 827 3685 monde.

468 3707 638 3737 Adressez
652 3706 688 3734 la
700 3710 833 3734 somme
845 3703 886 3731 de
895 3703 917 3731 3
927 3700 976 3736 fr.
994 3702 1040 3730 50
1054 3697 1077 3729 à
1089 3700 1125 3728 la
1139 3696 1331 3727 Directrice

429 3757 469 3785 de
484 3757 518 3785 la
533 3755 682 3785 REVUE
697 3751 976 3783 MENSUELLE,
994 3750 1053 3785 qui
1073 3753 1158 3777 vous
1186 3744 1331 3776 l'adres¬

429 3811 511 3834 sera
525 3805 653 3838 franco
667 3804 707 3832 de
717 3802 811 3837 port.

475 3964 736 4003 Appartements
752 3963 785 3992 et
801 3958 980 3991 chambres
1006 3956 1144 3995 garnies
1175 3956 1193 3985 à
1221 3955 1330 3984 louer.

433 4005 628 4035 S’adresser
655 4004 674 4032 à
702 4004 791 4031 Mme
819 3999 954 4033 DENIS,
998 3997 1069 4027 clos
1097 3995 1269 4030 Chabaud,
1314 3965 1334 4036 à
3395 3972 3437 4007 q

434 4042 711 4081 Pont-St-Esprit
727 4041 853 4079 (Gard).

767 4751 819 4779 La
838 4746 1037 4778 Directrice-
1047 4742 1197 4773 Gérante
1212 4749 1223 4769 :

867 4806 998 4833 Jeanne
1024 4797 1300 4831 PENCIIENIER.

1035 4945 1055 4977 i
1066 4939 1089 4966 L
1236 4925 1348 4965 -*Z_

642 5161 713 5194 lmp.
738 5156 928 5189 BAFFERT,
950 5153 1149 5182 Montélimar.
