3536 5552
1488 413 1586 461 PRIX
1640 423 1648 461 :
1711 411 1807 460 50
1865 411 2060 460 Centimes

2286 249 2359 293 RTY
2376 253 2515 294 i.Kr,,v7
2543 283 2553 293 ,

2300 297 2401 334 TW*4»

2521 393 2580 451 À
2581 418 2610 438 er
2637 413 2947 453 Novembre
2977 416 3120 454 1931

395 561 1291 778 REVUE
1507 562 3147 780 MENSUELLE

671 818 863 874 Liste
893 817 954 873 ci
962 819 1339 874 Annonces
1370 814 1943 873 Matrimoniales
1974 818 2039 869 et
2068 813 2130 869 ci
2138 814 2515 872 Annonces
2545 815 2870 875 Diverses

405 912 539 951 (Fonds
578 912 623 943 de
660 920 886 951 commerce,
932 913 1125 951 industrie,
1163 913 1270 943 vente
1313 911 1582 949 d’immeubles,
1626 910 1794 947 location,
1833 908 2026 947 échange).
2135 905 2172 937 —
2274 906 2520 940 Paraissant
2556 907 2592 940 le
2630 909 2648 940 i
2654 915 2688 932 er
2721 910 2767 942 de
2810 911 2965 953 chaque
2999 912 3113 945 mois.

419 979 732 1019 L!Abonnement
746 982 784 1019 et
802 981 849 1019 de
869 980 980 1026 TRENTE
1003 980 1113 1031 FRANCS
1128 992 1234 1031 pour
1250 980 1278 1019 3
1296 982 1411 1029 mois,
1434 978 1590 1036 QUARANTE
1608 977 1720 1028 FRANCS
1736 989 1842 1028 pour
1858 977 1884 1016 4
1903 978 2004 1015 mois
2025 978 2064 1015 et
2081 975 2242 1034 CINQUANTE
2260 976 2371 1028 FRANCS
2386 990 2493 1028 pour
2509 979 2537 1018 6
2554 981 2655 1018 mois
2675 980 2861 1021 donnant
2877 983 2984 1022 droit
3002 987 3026 1023 à
3047 997 3123 1023 une

367 1048 600 1097 inscription
618 1049 794 1098 gratuite
812 1060 884 1086 sur
902 1060 967 1086 ma
987 1048 1088 1086 liste.
1115 1048 1152 1086 —
1172 1048 1242 1086 Les
1257 1058 1460 1086 annonces
1473 1048 1568 1085 sont
1587 1046 1634 1084 de
1653 1047 1792 1095 quatre
1812 1046 1940 1095 lignes
1960 1045 2190 1083 maximum.
2214 1067 2253 1072 —
2274 1044 2316 1089 Le:
2331 1043 2408 1102 lignas
2424 1045 2634 1103 supplémentaire:
2650 1049 2701 1092 sont
2716 1055 2802 1104 payées
2817 1051 2831 1093 à
2846 1049 2925 1095 raison
2942 1049 2968 1096 lie
2984 1049 2996 1095 3
3013 1050 3044 1098 fr.
3060 1051 3084 1097 la
3099 1051 3174 1111 ligne.

834 1113 932 1145 Pour
962 1113 1170 1153 l’Etranger
1186 1125 1193 1144 :
1221 1112 1244 1143 3
1278 1113 1383 1152 mois,
1412 1111 1466 1143 35
1495 1112 1639 1142 francs.
1682 1129 1720 1132 —
1761 1110 1786 1141 4
1811 1111 1915 1148 mois,
1931 1108 1985 1140 45
2015 1109 2159 1140 francs.
2202 1128 2241 1132 —
2284 1110 2307 1141 6
2335 1111 2440 1150 mois,
2482 1111 2533 1143 55
2563 1112 2706 1144 francs.

794 1182 974 1221 Adresser
995 1182 1132 1221 Lettres
1148 1183 1181 1221 et
1201 1181 1379 1220 Mandats
1399 1182 1420 1220 à
1440 1180 1546 1219 Mme
1574 1179 1704 1218 Veuve
1736 1178 2005 1225 CHABAUD,
2028 1177 2230 1217 Directrice
2250 1178 2296 1217 de
2317 1179 2350 1221 la
2370 1179 2508 1221 Revue
2526 1182 2747 1221 Mensuelle

1287 1248 1345 1291 18,
1384 1248 1463 1289 Rue
1482 1246 1751 1293 Sainte-Croix,
1772 1245 2015 1289 Montèlimar
2047 1245 2220 1296 (Drôme)

401 1381 492 1409 Notre
506 1391 604 1410 œuvre
618 1392 635 1409 a
649 1385 723 1417 pour
738 1382 785 1409 but
801 1383 833 1409 de
849 1383 932 1410 venir
945 1393 979 1410 en
994 1383 1058 1410 aide
1068 1393 1128 1410 aux
1131 1384 1266 1418 familles

365 1427 416 1461 qui
430 1426 556 1454 désirent
570 1428 677 1454 marier
693 1428 771 1454 leurs
787 1430 912 1461 enfants,
929 1437 990 1455 aux
1007 1438 1112 1456 veuves
1128 1430 1178 1464 qui
1194 1439 1264 1456 vou¬

366 1471 479 1497 draient
493 1481 523 1498 se
538 1472 686 1504 remarier,
704 1482 764 1499 aux
792 1473 942 1508 orphelins
972 1478 998 1500 et
1026 1483 1086 1500 aux
1114 1475 1266 1501 messieurs

366 1516 417 1550 qui
431 1518 530 1542 rêvent
544 1517 577 1543 de
591 1526 622 1543 se
628 1517 736 1550 fonder
749 1527 789 1544 un
796 1519 896 1552 foyer,
909 1528 965 1544 une
972 1519 1104 1551 famille.

402 1568 493 1597 Notre
508 1578 606 1597 œuvre
620 1579 684 1597 sera
704 1573 868 1605 approuvée
886 1574 941 1606 par
956 1575 1021 1598 tous
1051 1581 1101 1598 nos
1130 1571 1264 1602 abonnés,

369 1613 516 1649 lorsqu'ils
531 1619 654 1642 sauront
665 1614 753 1650 qu'ils
768 1619 893 1650 peuvent
908 1620 1025 1643 trouver
1049 1618 1140 1652 grâce
1155 1619 1173 1643 à
1188 1621 1268 1643 notre

367 1668 518 1691 concours,
536 1659 562 1686 le
577 1669 677 1694 moyen
692 1660 725 1686 de
739 1669 769 1686 se
776 1661 882 1687 marier
893 1662 974 1688 selon
985 1662 1062 1688 leurs
1077 1665 1174 1697 goûts,
1190 1662 1268 1689 leurs

370 1713 438 1731 vues
454 1708 480 1730 et
493 1703 573 1731 selon
590 1705 653 1731 leur
666 1705 823 1732 condition.

404 1757 486 1785 Nous
501 1757 601 1792 prions
617 1758 658 1785 les
674 1758 774 1786 Dames
790 1764 816 1786 et
831 1760 871 1786 les
887 1760 1044 1787 Messieurs
1069 1760 1101 1789 de
1123 1770 1194 1787 nous
1218 1770 1268 1787 en¬

370 1812 457 1837 voyer
473 1802 499 1828 le
514 1802 581 1837 plus
596 1803 747 1830 d’abonnés
762 1804 899 1838 possible,
916 1803 976 1840 afin
990 1815 1043 1839 que
1063 1809 1143 1832 notre
1170 1814 1268 1832 œuvre

367 1846 568 1883 3’agrandisse
583 1852 609 1874 et
623 1848 718 1882 puisse
728 1851 783 1883 par
797 1858 828 1875 ce
842 1858 942 1884 moyen
950 1850 1090 1882 faciliter
1105 1849 1221 1877 nombre
1236 1850 1268 1876 de

368 1892 516 1927 mariages
532 1897 558 1918 et
565 1893 649 1925 faire
665 1893 692 1919 le
706 1893 773 1927 plus
797 1893 955 1920 d'heureux
970 1894 1106 1929 possible,
1123 1904 1174 1921 car
1201 1893 1268 1921 c'est

367 1946 424 1963 une
435 1936 526 1963 bonne
542 1937 640 1964 action
653 1947 708 1972 que
719 1947 790 1965 vous
796 1940 886 1974 ferez;
913 1948 948 1964 en
975 1942 1158 1975 propageant
1188 1944 1269 1965 notre

367 1991 471 2014 œuvre,
489 1991 558 2008 vous
566 1991 637 2009 nous
657 1982 771 2017 aiderez;
789 1983 868 2009 ainsi
882 1986 900 2009 à
914 1983 1080 2010 contribuer
1093 1993 1129 2010 au
1141 1983 1268 2010 bonheur

366 2026 414 2053 des
421 2027 558 2059 familles
573 2027 623 2062 qui
633 2027 757 2054 désirent
768 2032 884 2055 trouver
894 2038 933 2054 un
944 2031 1039 2063 époux
1049 2038 1086 2055 ou
1096 2038 1152 2055 une
1161 2032 1269 2063 épouse

367 2074 441 2105 pour
461 2071 538 2097 leurs
554 2074 676 2105 enfants,
696 2081 755 2098 aux
771 2082 876 2099 veuves
895 2082 934 2099 un
949 2072 1076 2106 soutien,
1107 2075 1123 2100 à
1143 2072 1264 2108 l'orphe¬

368 2115 413 2142 lin
427 2125 467 2141 un
473 2117 563 2151 foyer
579 2121 604 2143 et
619 2126 655 2143 au
671 2117 843 2143 relèvement
857 2117 890 2143 de
906 2118 935 2144 la
951 2117 1060 2144 France
1088 2118 1139 2152 qui
1166 2118 1266 2151 donne,

368 2163 422 2195 par
438 2160 479 2187 les
493 2162 639 2197 mariages
645 2161 778 2195 féconds,
794 2161 842 2188 des
857 2162 965 2189 soldats
980 2165 997 2188 à
1014 2163 1042 2189 la
1057 2162 1161 2189 Patrie
1176 2167 1202 2189 et
1216 2163 1266 2198 qui

368 2207 431 2236 font
445 2205 492 2232 des
506 2207 622 2237 femmes
637 2206 670 2232 de
685 2205 789 2233 bonnes
800 2209 890 2239 n/ères
905 2207 938 2233 de
945 2207 1077 2240 famille.

405 2257 481 2286 C'est
496 2259 567 2286 dans
582 2269 613 2286 ce
628 2259 677 2286 but
691 2269 744 2294 que
759 2269 830 2287 nous
850 2269 939 2287 avons
947 2261 1040 2294 fondé
1056 2261 1086 2288 la
1101 2261 1115 2288 «
1130 2260 1268 2289 REVUE

368 2302 612 2331 MENSUELLE
628 2311 653 2331 ».

280 2350 302 2384 *
403 2357 489 2384 Nous
504 2366 539 2384 ne
554 2362 652 2385 tenons
666 2361 720 2392 pas
734 2368 790 2384 une
802 2368 912 2394 agence
924 2359 1139 2386 matrimoniale
1158 2364 1184 2386 et
1198 2369 1268 2387 nous

368 2411 403 2428 ne
417 2405 541 2436 prenons
554 2412 665 2429 aucune
679 2403 862 2430 commission
874 2413 924 2430 sur
941 2404 970 2430 la
989 2404 1043 2431 dot.
1080 2403 1165 2431 Voici
1192 2414 1268 2432 com¬

368 2450 444 2473 ment
459 2455 530 2473 nous
542 2447 698 2482 procédons
712 2458 718 2474 :

409 2499 486 2526 Vous
501 2509 572 2527 nous
592 2500 759 2535 indiquerez
772 2500 886 2528 d'abord
902 2505 981 2528 votre
995 2504 1061 2538 âge,
1080 2506 1159 2529 votre
1173 2503 1268 2530 situa-

369 2545 603 2578 tiondefortune,
612 2550 691 2572 votre
701 2545 874 2580 profession,
887 2546 1030 2580 votredot,
1039 2556 1088 2574 vos
1100 2550 1268 2582 espérances

368 2593 394 2616 et
409 2598 440 2616 ce
454 2598 507 2624 que
523 2599 593 2617 vous
620 2590 744 2625 disirez;,
775 2594 800 2617 et
829 2600 900 2617 nous
927 2600 996 2618 vous
1025 2591 1190 2619 inscrivons
1218 2602 1269 2619 sur

369 2638 449 2661 notre
464 2634 541 2668 liste,
557 2637 631 2668 pour
644 2634 716 2661 trois
729 2635 811 2667 mois,
823 2638 878 2669 par
890 2645 946 2662 une
960 2645 1088 2663 annonce
1102 2646 1155 2671 que
1162 2637 1196 2672 je
1203 2637 1269 2670 fais

368 2679 531 2705 moi-même
543 2683 569 2706 et
584 2689 655 2706 nous
670 2688 741 2706 vous
753 2679 880 2706 donnons
896 2689 935 2706 un
947 2684 1061 2707 numéro
1063 2681 1182 2714 faisant
1193 2682 1270 2709 suite

369 2726 386 2750 à
401 2727 473 2750 cette
485 2732 622 2751 annonce.
641 2722 717 2751 C'est
728 2728 783 2758 par
796 2725 823 2751 le
837 2734 938 2759 moyen
953 2725 986 2752 de
1013 2735 1045 2752 ce
1073 2729 1188 2753 numéro
1216 2736 1270 2761 que

369 2777 440 2795 vous
456 2771 566 2802 pouvez
581 2768 788 2803 correspondre
801 2778 870 2796 avec
883 2773 946 2796 tous
957 2770 998 2796 les
1014 2769 1137 2797 abonnés
1147 2770 1180 2797 de
1192 2775 1269 2798 notre

369 2812 445 2838 liste.

403 2864 532 2899 Lorsque
548 2874 618 2892 vous
633 2865 743 2891 désirez
758 2866 962 2900 correspondre
977 2876 1046 2893 avec
1057 2876 1095 2893 un
1111 2867 1219 2894 abonné
1242 2872 1269 2895 et

366 2918 420 2943 que
436 2918 505 2935 vous
521 2917 596 2944 avez;
610 2908 709 2936 choisi
722 2909 793 2936 dans
817 2910 846 2936 la
866 2909 992 2937 Revue
1017 2910 1214 2939 Mensuelle
1242 2913 1269 2939 le

367 2953 447 2987 parti
461 2952 512 2987 qui
522 2962 591 2980 vous
599 2954 705 2987 plaîtle
710 2954 779 2988 plus
792 2954 870 2981 voici
884 2959 1021 2982 comment
1037 2965 1110 2983 vous
1115 2957 1253 2990 procédez
1261 2969 1268 2982 :

704 3041 896 3070 EXEMPLE
912 3055 919 3069 :

411 3111 525 3142 Jeune
541 3109 697 3148 homme,
724 3109 768 3141 30
788 3118 865 3148 ans,
888 3111 959 3143 très
987 3111 1081 3144 belle
1101 3111 1268 3145 situation

369 3154 457 3186 dans
477 3152 665 3193 industrie,
688 3157 833 3196 rapport
850 3156 891 3186 10
903 3155 920 3186 à
940 3155 1063 3187 12.000
1079 3156 1137 3197 fr,,
1152 3157 1268 3190 désire

369 3197 528 3239 mariage
548 3207 591 3230 en
613 3201 770 3240 rapport.
787 3217 830 3222 —
850 3199 971 3232 Ecrire
990 3201 1030 3232 N-
1056 3200 1090 3233 2.

546 3260 592 3283 ou

413 3302 625 3337 Demoiselle
651 3304 695 3337 25
731 3314 807 3347 ans,
843 3305 1010 3339 situation
1045 3308 1088 3340 de
1127 3309 1267 3341 fortune

368 3349 492 3382 25.000
512 3348 644 3388 francs,
661 3352 729 3382 etc.
753 3368 794 3372 —
814 3350 934 3383 Ecrire
950 3352 991 3383 N-
1017 3354 1048 3384 4.

412 3402 511 3434 Vous
524 3401 573 3434 lui
585 3401 720 3434 écrivez
734 3406 962 3437 vous-même
975 3414 1020 3437 ou
1039 3405 1140 3438 faites
1154 3406 1267 3439 écrire

368 3456 433 3488 par
453 3446 647 3488 quelqu’un
678 3447 722 3479 de
749 3451 847 3480 votre
873 3448 1021 3489 famille,
1050 3460 1094 3482 en
1125 3450 1268 3493 signant

368 3491 412 3523 de
432 3494 531 3523 votre
548 3490 711 3530 numéro,
728 3495 762 3523 et
778 3501 864 3524 vous
880 3496 1006 3526 mettez
1021 3503 1082 3527 sur
1097 3495 1267 3528 l’adresse

367 3534 537 3568 cachetée
553 3538 587 3567 et
598 3535 744 3568 timbrée
757 3536 791 3568 le
804 3537 1010 3571 numéro.de
1024 3539 1058 3571 la
1072 3549 1263 3581 personne,

366 3578 555 3612 deuxième
575 3580 785 3621 enveloppe,
807 3590 895 3614 avec
914 3591 974 3614 ces
985 3584 1159 3625 quelques
1175 3588 1266 3617 mots

367 3633 428 3656 sur
438 3632 506 3656 une
519 3627 617 3656 carte
632 3632 675 3655 ou
690 3633 735 3656 un
749 3624 834 3657 bout
846 3626 889 3658 de
898 3626 1022 3668 papier
1032 3627 1122 3660 ainsi
1132 3629 1263 3662 libellé:

368 3679 386 3699 «
403 3667 585 3701 Monsieur
602 3677 647 3700 ou
661 3669 837 3708 Madame,
851 3679 897 3702 ou
909 3671 1178 3705 Mademoiselle
1190 3675 1263 3706 X...

367 3713 479 3755 (votre
505 3721 587 3745 nom
604 3716 638 3744 et
657 3716 756 3745 votre
777 3714 940 3757 numéro)
954 3715 1029 3758 prie
1050 3717 1212 3750 Madame
1231 3719 1266 3751 la

367 3756 558 3789 Directrice
580 3757 623 3789 de
640 3757 673 3790 la
689 3758 807 3790 Revue
817 3759 859 3790 de
881 3759 969 3792 faire
990 3762 1154 3802 parvenir
1174 3766 1265 3795 cette

368 3802 471 3834 lettre
487 3800 506 3832 à
527 3801 573 3834 tel
595 3801 744 3834 numéro
765 3814 783 3832 »
801 3806 835 3835 et
851 3813 937 3836 vous
958 3805 1124 3838 cachetez
1142 3810 1175 3838 et
1186 3807 1265 3839 tim¬

367 3846 448 3878 brez
476 3848 567 3878 cette
605 3845 792 3878 deuxième
823 3849 1019 3890 enveloppe
1055 3849 1073 3881 à
1110 3851 1265 3892 laquelle

368 3899 455 3922 vous
476 3892 603 3922 mettez
619 3899 701 3922 mon
724 3891 881 3931 adresse,
904 3896 937 3925 et
963 3893 1111 3926 aussitôt
1145 3904 1263 3935 reçue,

368 3933 401 3970 ie
422 3933 535 3966 défais
551 3934 584 3966 la
614 3934 789 3976 première
815 3937 1025 3979 enveloppe,
1058 3938 1202 3980 j’efface
1232 3940 1264 3972 le

367 3978 517 4011 numéro
540 3979 583 4011 de
605 3978 638 4010 la
657 3979 845 4012 deuxième
865 3984 900 4013 et
920 3986 1010 4014 mets
1030 3982 1200 4016 l’adresse
1222 3985 1264 4017 de

366 4023 401 4056 la
421 4031 599 4064 personne
614 4026 648 4055 et
665 4022 854 4065 réexpédie
870 4025 906 4057 la
920 4026 1035 4058 lettre.
1058 4028 1156 4059 Vous
1174 4037 1265 4069 pou¬

366 4077 427 4099 vez
444 4067 703 4109 correspondre
718 4076 805 4100 avec
816 4072 895 4100 tous
916 4078 980 4101 nos
1002 4071 1160 4103 abonnés
1182 4081 1265 4104 sans

367 4120 453 4144 vous
470 4110 558 4143 faire
575 4113 774 4144 connaître.
812 4112 859 4145 Ce
894 4113 983 4146 n’est
1015 4124 1083 4157 que
1121 4116 1264 4159 lorsque

367 4165 454 4189 vous
473 4164 578 4188 aurez
599 4155 661 4187 fait
680 4159 779 4188 votre
800 4156 918 4197 choix,
955 4168 1023 4200 que
1062 4169 1149 4192 vous
1177 4170 1264 4193 vous

367 4201 504 4233 donnez
527 4199 797 4232 mutuellement
813 4205 911 4234 votre
932 4203 1102 4237 véritable
1119 4206 1264 4238 adresse

367 4248 401 4277 et
421 4253 490 4286 que
525 4253 611 4276 vous
651 4253 736 4276 vous
777 4245 948 4289 ménagez
987 4257 1055 4281 une
1094 4252 1264 4283 entrevue

365 4298 456 4332 pour
473 4287 618 4322 décider
638 4288 680 4320 de
697 4291 795 4322 votre
816 4293 901 4323 sort.

400 4386 441 4413 Le
454 4385 527 4420 prix
556 4386 590 4412 de
601 4389 680 4412 notre
708 4385 896 4413 abonnement
925 4392 967 4415 est
991 4389 1025 4415 de
1045 4394 1137 4418 trente
1158 4394 1265 4426 francs

362 4434 437 4467 pour
464 4430 535 4458 trois
550 4430 622 4457 mois
649 4434 675 4456 et
693 4430 847 4465 cinquante
851 4433 958 4464 francs
980 4436 1053 4467 pour
1076 4436 1125 4462 six
1148 4437 1219 4464 mois
1239 4442 1265 4464 et

364 4485 435 4504 vous
445 4483 517 4502 avez
526 4474 602 4502 droit
616 4477 633 4501 à
648 4477 707 4501 être
721 4474 826 4501 inscrit
839 4477 1046 4511 gratuitement
1060 4489 1111 4506 sur
1126 4490 1171 4507 ma
1186 4482 1263 4509 liste.

404 4520 484 4548 Vous
500 4529 593 4555 voyez;
608 4518 725 4554 qu'avec
740 4523 813 4546 cette
827 4520 958 4555 modique
971 4531 1085 4556 somme,
1102 4534 1172 4552 vous
1187 4529 1263 4560 pou¬

364 4575 415 4594 vez
427 4574 496 4593 vous
511 4564 628 4598 marier,
642 4573 710 4590 sans
725 4564 809 4590 avoir
824 4566 841 4590 à
864 4567 966 4598 passer
992 4570 1047 4601 par
1064 4569 1111 4595 des
1140 4579 1264 4606 agences

363 4610 415 4646 qui
429 4619 459 4637 se
470 4612 534 4642 font
550 4618 647 4637 verser
660 4608 798 4635 d’avance
812 4608 845 4635 de
858 4616 972 4643 grosses
987 4612 1152 4645 provisions
1173 4618 1199 4641 et
1214 4615 1264 4649 qui

364 4657 538 4689 escomptent
552 4654 585 4680 de
599 4662 715 4689 grosses
732 4653 939 4686 commissions,
970 4657 1043 4688 pour
1064 4657 1208 4685 n’arriver
1238 4660 1264 4685 le

363 4700 432 4735 plus
446 4703 567 4726 souvent
581 4698 598 4724 à
613 4707 708 4724 aucun
722 4697 854 4724 résultat.
879 4697 963 4724 Nous
991 4699 1109 4727 n’avons
1139 4703 1203 4729 rien
1231 4703 1264 4729 de

363 4753 495 4773 commun
512 4752 581 4771 avec
598 4743 639 4769 les
653 4751 786 4778 agences,
804 4751 854 4768 car
871 4752 942 4769 nous
957 4752 991 4769 ne
1005 4747 1129 4778 prenons
1153 4756 1264 4773 aucune

364 4787 547 4817 commission
561 4797 612 4815 sur
628 4787 657 4814 la
672 4787 728 4814 dot.
756 4785 801 4814 Un
829 4787 950 4813 modeste
978 4787 1166 4817 abonnement
1192 4800 1262 4817 nous

364 4839 424 4861 sert
438 4834 471 4859 de
481 4832 636 4867 paiement.

399 4877 559 4913 Lorsqu’un
576 4877 684 4904 abonné
700 4875 766 4903 s'est
772 4874 873 4911 fiancé
889 4880 915 4902 et
927 4876 1000 4910 qu’il
1016 4876 1061 4903 n’a
1077 4878 1145 4911 plus
1167 4878 1264 4906 besoin

362 4924 396 4951 de
406 4927 486 4950 notre
496 4930 593 4956 revue,
606 4921 632 4948 il
646 4930 717 4948 nous
729 4921 755 4948 le
765 4920 822 4953 fait
832 4921 930 4947 savoir
941 4919 1001 4955 afin
1013 4930 1066 4955 que
1077 4931 1148 4949 nous
1158 4933 1264 4958 rayons

361 4978 413 4996 son
429 4975 557 4994 annonce
569 4970 643 5001 pour
658 4976 692 4992 ne
704 4969 758 5001 pas
764 4965 848 4999 faire
862 4965 1066 5000 correspondre
1080 4966 1264 4996 inutilement

364 5023 415 5040 nos
431 5012 567 5039 abonnés.

402 5057 475 5085 Tout
490 5056 599 5084 abonné
613 5055 672 5083 doit
685 5054 824 5090 répondre
839 5056 856 5081 à
871 5058 962 5081 toutes
978 5054 1019 5081 les
1043 5055 1141 5082 lettres
1153 5056 1204 5090 qui
1219 5057 1264 5084 lui

364 5106 426 5129 ■'ont
441 5102 585 5129 adressées
600 5101 607 5134 ;
624 5101 654 5128 la
668 5100 804 5135 politesse
821 5099 937 5134 l’exige,
969 5108 1002 5125 ne
1008 5101 1127 5132 fussent
1155 5110 1208 5135 que
1217 5111 1263 5129 ces

363 5146 435 5174 trois
453 5155 490 5173 ou
499 5150 601 5180 quatre
615 5148 685 5173 mots
696 5154 702 5172 :
719 5144 838 5177 Inutile,
848 5148 911 5171 tous
923 5153 981 5171 mes
991 5147 1115 5180 regrets.
1125 5145 1157 5173 —
1168 5145 1262 5173 N’...»

1363 1382 1461 1412 Pour
1469 1382 1592 1412 toutes
1604 1380 1856 1411 lesannonces
1868 1379 2045 1418 ci-après,
2056 1378 2220 1410 s’adres¬

1323 1438 1388 1462 ser
1405 1432 1425 1461 à
1453 1430 1620 1461 Madame
1638 1429 1757 1460 Veuve
1775 1428 1987 1466 CHABAUD,
2012 1427 2218 1459 Directrice

1322 1479 1366 1511 de
1382 1480 1413 1511 la
1438 1480 1456 1497 “
1475 1479 1597 1510 Revue
1617 1478 1818 1509 Mensuelle
1834 1478 1862 1507 ”.

1360 1548 1474 1577 Veuve
1490 1548 1528 1576 43
1544 1554 1616 1581 ans,
1631 1554 1709 1576 sans
1722 1546 1849 1580 enfant,
1865 1545 2001 1576 fortune
2016 1545 2148 1574 280.000
2165 1546 2218 1579 tr.,

1322 1594 1469 1618 revenus
1485 1587 1597 1617 20.000
1613 1586 1653 1616 fr.
1667 1595 1729 1624 par
1754 1594 1808 1620 an,
1832 1585 2029 1624 épouserait
2046 1587 2221 1615 monsieur

1323 1631 1423 1666 ayant
1436 1628 1520 1666 jolie
1536 1627 1698 1657 situation
1715 1634 1758 1656 ou
1775 1626 1921 1656 fortune.
1940 1642 1958 1647 -
1974 1627 2002 1656 N
2008 1634 2013 1640 -
2029 1625 2118 1655 2100.

1362 1695 1543 1733 Disposant
1573 1695 1649 1724 d’un
1666 1693 1797 1724 certain
1814 1693 1936 1732 capital
1962 1694 1999 1730 je
2025 1692 2221 1723 m’intéres¬

1324 1735 1414 1764 serai
1430 1736 1448 1764 à
1465 1734 1583 1764 affaire
1596 1734 1750 1764 sérieuse
1767 1735 1785 1763 à
1801 1734 1918 1763 lancer
1933 1736 2081 1771 pouvant
2091 1732 2221 1762 donner

1323 1782 1403 1812 gros
1419 1774 1602 1804 bénéfices.
1620 1775 1647 1804 Il
1664 1783 1706 1804 ne
1718 1782 1794 1804 sera
1805 1774 1956 1808 répondu
1966 1773 2089 1810 qu’aux
2102 1773 2220 1807 lettres

1324 1815 1549 1853 susceptibles
1566 1814 1799 1844 d’intéresser.
1815 1830 1833 1836 -
1849 1815 1891 1844 N°
1906 1814 1995 1843 4947.

1362 1883 1472 1912 Jeune
1495 1882 1631 1911 homme
1656 1882 1692 1911 31
1712 1889 1782 1917 ans,
1802 1881 2018 1916 cultivateur,
2038 1880 2094 1910 dot
2111 1879 2221 1910 15.000

1325 1921 1364 1951 fr.
1383 1924 1416 1951 et
1431 1922 1555 1960 petites
1572 1924 1789 1960 espérances,
1807 1921 2004 1960 épouserait
2021 1920 2221 1950 demoiselle

1323 1969 1366 1991 ou
1382 1970 1492 1992 veuve
1509 1963 1725 1992 connaissant
1755 1962 1787 1991 la
1810 1963 1943 1992 culture
1959 1969 2002 1991 ou
2028 1963 2129 1999 ayant
2144 1968 2221 1999 pro¬

1322 2002 1432 2040 priété
1449 2004 1467 2032 à
1482 2003 1662 2041 exploiter.
1680 2019 1691 2024 -
1706 2003 1751 2032 N°
1765 2002 1854 2031 4948.

1363 2069 1524 2108 Employé
1541 2069 1599 2099 des
1616 2069 1767 2099 douanes
1784 2068 1993 2101 célibataire,
2003 2069 2041 2097 28
2054 2076 2125 2103 ans,
2141 2068 2221 2098 trai¬

1324 2111 1453 2139 tement
1478 2110 1570 2140 5.100
1592 2109 1646 2143 fr.,
1673 2109 1838 2148 physique
1868 2109 2040 2147 agréable,
2068 2108 2218 2143 sérieux,

1324 2150 1522 2188 épouserait
1540 2151 1646 2187 jeune
1675 2149 1744 2179 fille
1756 2149 1853 2188 jolie,
1875 2148 2036 2183 honnête,
2062 2148 2165 2183 aisée,
2184 2149 2221 2178 18

1324 2190 1341 2218 à
1356 2190 1395 2219 25
1411 2198 1483 2220 ans.
1495 2205 1509 2212 -
1524 2191 1567 2220 N°
1579 2190 1668 2220 4949.

1363 2261 1565 2292 Célibataire
1592 2262 1632 2290 44
1659 2269 1731 2297 ans,
1759 2261 1872 2292 bonne
1907 2263 2015 2297 santé,
2058 2260 2221 2291 situation

1323 2301 1434 2332 25.000
1464 2302 1517 2336 fr.,
1562 2301 1759 2340 épouserait
1794 2302 1993 2332 demoiselle
2029 2309 2073 2331 ou
2113 2309 2221 2330 veuve

1324 2342 1447 2372 femme
1464 2342 1675 2378 d’intérieur,
1698 2342 1859 2372 situation
1889 2349 1932 2371 en
1952 2344 2103 2380 rapport.
2133 2357 2152 2362 -
2180 2343 2222 2372 N°

1323 2382 1410 2412 4951.

1362 2450 1523 2489 Employé
1564 2451 1736 2484 P.-L.-M.,
1770 2451 1808 2480 28
1836 2457 1907 2485 ans,
1937 2450 1995 2479 400
2030 2457 2093 2488 par
2122 2449 2219 2485 mois,

1323 2491 1520 2528 épouserait
1534 2490 1740 2520 institutrice
1757 2498 1799 2520 ou
1816 2497 1987 2528 personne
2005 2492 2104 2527 ayant
2120 2489 2221 2520 situa¬

1324 2529 1405 2566 tion,
1424 2531 1547 2560 femme
1564 2530 1775 2566 d’intérieur,
1794 2533 1895 2568 ayant
1911 2530 1977 2560 dot.
2000 2546 2018 2552 -
2033 2531 2076 2560 N°
2090 2529 2179 2559 4952.

1362 2588 1505 2618 Divorcé
1522 2590 1539 2618 à
1555 2596 1616 2618 son
1632 2588 1745 2627 profit,
1763 2596 1889 2626 garçon
1913 2589 1949 2618 13
1965 2596 2036 2624 ans,
2055 2596 2133 2617 sans
2150 2587 2223 2618 for¬

1326 2630 1418 2664 tune,
1437 2629 1549 2658 désire
1565 2629 1716 2666 mariage
1732 2637 1814 2659 avec
1832 2637 1948 2664 veuve,
1967 2628 2165 2659 demoiselle
2178 2635 2221 2659 ou

1325 2668 1494 2699 divorcée.
1518 2685 1535 2690 -
1557 2669 1599 2698 N°
1614 2669 1703 2698 4953.

1362 2729 1471 2757 Jeune
1486 2727 1623 2757 homme
1651 2728 1690 2756 28
1715 2735 1786 2763 ans,
1811 2727 1979 2763 orphelin,
2002 2727 2096 2757 avoir
2110 2727 2223 2758 35.000

1323 2766 1378 2804 fr.,
1416 2767 1634 2802 automobile,
1670 2770 1821 2805 gagnant
1849 2767 1940 2797 1.000
1961 2767 2002 2797 fr.
2034 2776 2096 2805 par
2121 2768 2219 2804 mois,

1324 2808 1520 2845 épouserait
1549 2807 1748 2837 demoiselle
1777 2815 1820 2838 ou
1836 2815 1943 2837 veuve
1959 2808 2028 2837 très
2056 2807 2219 2844 honnête,

1324 2850 1423 2884 ayant
1439 2846 1614 2877 situation.
1634 2863 1651 2868 -
1673 2847 1715 2876 X"
1727 2847 1816 2876 4954.

1361 2906 1471 2934 Jeune
1488 2905 1624 2934 homme
1639 2905 1675 2933 31
1694 2912 1767 2939 ans,
1792 2904 1954 2934 situation
1971 2904 2081 2934 12.000
2101 2904 2141 2934 fr.
2159 2914 2222 2943 par

1324 2952 1377 2980 an,
1396 2944 1509 2974 désire
1525 2952 1696 2982 personne
1711 2944 1843 2983 simple,
1858 2944 2027 2983 agréable.
2045 2961 2057 2966 -
2072 2946 2112 2975 X'
2130 2945 2219 2976 4955.

1363 3002 1539 3033 Monsieur
1553 3003 1634 3033 veuf
1648 3011 1726 3032 sans
1744 3003 1871 3037 enfant,
1887 3003 1925 3033 46
1941 3011 2012 3038 ans,
2036 3004 2222 3042 possédant

1322 3043 1408 3081 petit
1432 3051 1625 3073 commerce
1652 3043 1824 3081 agréable,
1849 3044 2003 3074 s’unirait
2014 3045 2032 3073 à
2048 3051 2220 3082 personne

1323 3083 1362 3113 36
1387 3085 1404 3113 à
1420 3083 1459 3112 40
1472 3091 1544 3117 ans,
1568 3082 1789 3118 affectueuse,
1808 3083 1976 3119 divorcée,
1999 3086 2099 3122 ayant
2115 3084 2221 3115 10.000

1325 3123 1365 3153 fr.
1380 3139 1397 3145 -
1412 3124 1453 3153 X-
1471 3124 1559 3153 4957.

1363 3181 1604 3212 8ous-officier
1641 3190 1684 3212 en
1720 3181 1873 3217 retraite,
1913 3183 1952 3212 38
1981 3190 2053 3217 ans,
2091 3191 2220 3215 revenu

1325 3222 1435 3252 12.000
1457 3221 1497 3251 fr.
1528 3230 1589 3260 par
1619 3230 1673 3257 an,
1705 3222 1901 3260 épouserait
1930 3223 2129 3253 demoiselle
2176 3231 2220 3255 ou

1323 3269 1435 3293 veuve
1450 3265 1551 3300 ayant
1567 3262 1633 3298 dot,
1647 3263 1686 3292 25
1702 3263 1720 3292 à
1735 3263 1773 3292 38
1789 3270 1861 3292 ans.
1878 3279 1889 3284 -
1904 3264 1933 3293 N
1942 3271 1948 3277 -
1968 3263 2061 3293 4958.

1362 3321 1472 3350 Jeune
1502 3320 1638 3350 homme
1651 3320 1690 3349 25
1707 3328 1777 3355 ans,
1803 3320 1916 3350 bonne
1935 3320 2074 3355 famille,
2092 3320 2219 3356 Suisse,

1324 3360 1527 3398 catholique,
1545 3360 1701 3390 sérieuse
1728 3360 1902 3396 situation,
1934 3362 2131 3398 épouserait
2160 3361 2221 3392 de¬

1323 3400 1477 3430 moiselle
1507 3408 1548 3430 ou
1580 3408 1686 3430 veuve
1712 3400 1935 3436 affectueuse,
1957 3400 2080 3431 femme
2098 3401 2221 3432 d’inté¬

1322 3439 1427 3470 rieur.
1444 3456 1463 3462 -
1477 3441 1506 3470 N
1512 3449 1518 3455 -
1535 3440 1624 3470 4959.

1361 3498 1564 3528 Célibataire
1592 3499 1631 3527 38
1660 3507 1733 3533 ans,
1761 3498 1855 3529 avoir
1870 3499 1982 3529 40.000
1999 3500 2040 3528 fr.
2063 3499 2139 3537 gain
2158 3507 2222 3530 an¬

1323 3539 1413 3574 nuel,
1433 3538 1543 3568 10.000
1555 3539 1594 3568 fr.
1613 3539 1696 3568 dans
1713 3546 1905 3569 commerce
1922 3539 2093 3578 agréable,
2112 3542 2222 3578 épou¬

1322 3580 1429 3609 serait
1442 3586 1616 3617 personne
1637 3579 1828 3609 honorable
1843 3583 1945 3617 ayant
1959 3580 2026 3610 dot.
2044 3596 2056 3602 -
2071 3581 2112 3610 N-
2129 3580 2218 3611 4960.

1360 3637 1596 3667 Sous-officier
1612 3637 1652 3667 de
1669 3637 1834 3671 carrière,
1853 3637 2011 3673 aviation,
2038 3638 2076 3668 29
2093 3646 2164 3673 ans,
2184 3639 2221 3668 10

1322 3684 1382 3707 ans
1421 3677 1462 3707 de
1499 3677 1642 3712 service,
1673 3677 1870 3707 économies
1899 3678 1991 3708 7.000
2020 3678 2075 3712 fr.,
2107 3678 2219 3709 désire

1321 3717 1484 3748 relations
1514 3725 1601 3755 pour
1625 3718 1731 3747 union
1768 3725 1850 3747 avec
1872 3719 1979 3756 jeune
2009 3718 2078 3749 fille
2095 3719 2132 3748 18
2147 3720 2166 3748 à
2181 3719 2221 3749 26

1322 3765 1393 3794 ans,
1410 3766 1472 3796 pas
1490 3757 1629 3787 sérieux
1646 3757 1838 3787 s’abstenir.
1862 3774 1880 3780 -
1894 3759 1936 3788 N-
1957 3758 2047 3789 4961.

1359 3816 1527 3853 Adjudant
1537 3815 1638 3854 génie
1653 3817 1689 3845 31
1708 3824 1780 3851 ans,
1798 3816 1893 3846 solde
1907 3817 2097 3847 mensuelle
2109 3817 2167 3847 537
2177 3818 2217 3849 fr.

1321 3854 1433 3885 bonne
1449 3856 1642 3890 éducation,
1660 3856 1819 3885 médaille
1848 3857 2019 3892 militaire,
2052 3857 2148 3887 croix
2178 3859 2218 3888 de

1320 3903 1457 3932 guerre,
1474 3897 1494 3925 2
1507 3896 1704 3932 citations,4
1719 3896 1895 3926 médailles
1910 3897 2089 3927 deuxième
2102 3898 2216 3935 ordre,

1320 3935 1432 3966 désire
1449 3936 1600 3974 mariage
1622 3944 1664 3966 en
1676 3939 1827 3975 rapport.
1847 3952 1856 3958 -
1871 3938 1900 3967 N
1905 3945 1911 3951 -
1936 3938 2024 3967 4962.

1359 3993 1504 4024 Divorcé
1532 3994 1620 4023 suite
1648 3994 1688 4024 de
1705 4002 1842 4032 guerre,
1859 3995 1898 4024 39
1914 4003 1985 4031 ans,
2004 3994 2073 4025 fille
2092 3996 2127 4025 12
2141 4003 2214 4032 ans,

1320 4036 1420 4069 ayant
1446 4033 1509 4071 joli
1537 4034 1642 4070 avoir,
1673 4036 1744 4064 très
1781 4034 1985 4070 affectueux,
2021 4037 2219 4073 épouserait

1320 4071 1519 4103 demoiselle
1534 4081 1578 4103 ou
1593 4081 1701 4103 veuve
1717 4082 1760 4104 ou
1774 4074 1931 4105 divorcée
1941 4078 2041 4113 ayant
2057 4075 2217 4106 situation

1320 4119 1361 4142 en
1379 4115 1529 4151 rapport.
1546 4129 1565 4135 -
1574 4114 1613 4143 N-
1629 4114 1718 4143 4963.

1357 4172 1467 4201 Jeune
1483 4171 1642 4202 militaire
1658 4172 1782 4202 faisant
1795 4180 1855 4202 son
1881 4172 2012 4203 service
2029 4181 2071 4203 au
2088 4174 2215 4210 Maroc,

1319 4210 1357 4240 22
1373 4219 1444 4246 ans,
1454 4211 1542 4241 belle
1559 4211 1729 4247 situation,
1749 4212 1805 4242 dot
1820 4212 1928 4242 20.000
1942 4212 1981 4242 fr.
2007 4213 2102 4243 avoir
2116 4216 2216 4252 après

1320 4255 1470 4288 parents,
1495 4253 1694 4291 épouserait
1709 4253 1909 4283 demoiselle
1924 4255 2025 4290 ayant
2054 4253 2216 4285 situation

1320 4298 1362 4321 en
1378 4296 1529 4330 rapport.
1545 4308 1563 4314 -
1578 4293 1606 4322 N
1613 4301 1618 4307 -
1630 4293 1718 4322 4964.

1358 4351 1523 4380 Brunette
1545 4351 1584 4379 22
1608 4358 1680 4386 ans,
1711 4350 1841 4384 artiste,
1869 4351 2034 4387 sérieuse,
2056 4351 2218 4383 situation

1319 4389 1410 4420 1.000
1424 4389 1466 4419 fr.
1483 4398 1545 4428 par
1560 4391 1657 4426 mois,
1675 4391 1871 4420 économies
1886 4391 1905 4420 4
1919 4391 1979 4421 000
1995 4391 2036 4420 fr.
2055 4394 2090 4421 et
2105 4392 2217 4422 mobi¬

1318 4429 1393 4466 lier,
1423 4432 1629 4468 espérances
1646 4432 1746 4469 après
1763 4432 1856 4469 père,
1888 4431 2086 4469 épouserait
2110 4434 2216 4468 jeune

1317 4469 1453 4500 homme
1470 4470 1565 4508 d’âge
1581 4473 1615 4500 et
1631 4471 1792 4501 situation
1809 4479 1850 4500 en
1863 4474 2014 4510 rapport.
2031 4487 2049 4493 -
2066 4473 2106 4501 N-
2125 4472 2214 4502 4965.

1357 4528 1561 4558 Demoiselle
1590 4529 1628 4558 29
1652 4537 1725 4563 ans,
1756 4537 1834 4558 sans
1851 4537 2055 4563 commerce,
2074 4530 2218 4567 épouse¬

1318 4568 1384 4598 rait
1397 4576 1524 4606 garçon
1540 4568 1604 4606 âge
1619 4577 1661 4598 en
1678 4572 1829 4606 rapport,
1856 4570 1895 4599 de
1911 4569 2033 4598 beauté
2062 4569 2214 4606 exquise,

1319 4610 1413 4638 avoir
1429 4608 1559 4638 100.000
1574 4608 1614 4638 fr.
1631 4617 1673 4639 ou
1691 4609 1882 4639 s’abstenir.
1905 4625 1925 4630 -
1940 4610 1968 4638 N
1978 4617 1983 4623 -
2005 4609 2093 4638 4966.

1357 4666 1654 4696 Sous-lieutenant
1668 4667 1851 4697 infanterie
1868 4667 2047 4700 coloniale,
2066 4667 2214 4702 divorcé,

1317 4705 1356 4734 32
1371 4713 1443 4740 ans,
1469 4707 1569 4742 brun,
1599 4708 1794 4739 épouserait
1817 4708 1919 4744 jeune
1944 4707 2024 4740 fille,
2049 4715 2155 4737 veuve
2172 4714 2215 4738 ou

1319 4744 1490 4781 divorcée,
1507 4747 1545 4776 25
1562 4749 1579 4776 à
1601 4747 1640 4776 30
1655 4755 1727 4781 ans,
1746 4747 1899 4785 échange
1915 4747 2215 4785 renseignements

1319 4786 1352 4813 et
1367 4786 1470 4823 photo
1486 4788 1639 4825 premier
1653 4787 1821 4817 courrier.
1837 4803 1856 4808 -
1878 4789 1917 4817 N'
1936 4787 2025 4816 4967.

1358 4842 1471 4873 Mutilé
1488 4844 1529 4874 de
1544 4852 1671 4882 guerre
1687 4845 1725 4874 42
1741 4852 1813 4880 ans,
1831 4844 1969 4874 ouvrier
1985 4851 2117 4881 maçon,
2136 4852 2214 4874 sans

1318 4879 1465 4919 fortune,
1495 4884 1606 4914 désire
1636 4892 1746 4915 veuve
1767 4884 1807 4914 de
1833 4892 1958 4922 guerre
1980 4884 2019 4914 30
2034 4885 2053 4913 à
2081 4884 2119 4913 45
2141 4891 2214 4918 ans,

1319 4920 1428 4952 même
1443 4931 1525 4954 avec
1540 4924 1667 4954 enfant.
1692 4925 1750 4954 -N
1756 4932 1761 4939 -
1780 4925 1868 4954 4968.

1357 4980 1561 5012 Demoiselle
1589 4983 1628 5011 28
1644 4991 1716 5018 ans,
1748 4982 1861 5012 bonne
1878 4982 2014 5016 famille,
2032 4980 2111 5010 bien
2135 4987 2214 5010 sous

1318 5020 1394 5049 tous
1410 5025 1580 5058 rapports,
1612 5023 1667 5052 dot
1684 5025 1717 5052 et
1729 5022 1813 5060 jolie
1836 5022 1996 5052 situation
2021 5021 2062 5049 de
2078 5019 2214 5049 fortune

1319 5062 1419 5097 après
1435 5064 1586 5098 parents,
1598 5062 1794 5100 épouserait
1810 5063 1984 5092 monsieur
1999 5060 2038 5090 30
2053 5061 2072 5089 à
2087 5059 2125 5088 45
2140 5067 2214 5093 ans,

1318 5099 1468 5135 sérieux,
1497 5101 1587 5136 actif,
1610 5101 1791 5132 industriel
1821 5110 1865 5132 ou
1882 5101 2126 5136 commerçant.
2141 5114 2160 5120 -
2174 5099 2216 5129 N‘

1317 5139 1405 5169 4970.

2317 1381 2476 1420 Employé
2487 1382 2526 1412 de
2539 1384 2689 1421 Banque,
2701 1384 2740 1413 28
2751 1391 2823 1419 ans,
2839 1384 2999 1417 situation
3011 1388 3172 1425 d’avenir,

2275 1421 2368 1452 6.000
2396 1422 2450 1457 fr.,
2482 1423 2591 1460 grand
2620 1431 2724 1459 cœur,
2744 1423 2949 1459 affectueux,
2975 1429 3173 1465 épouserait

2276 1462 2476 1492 demoiselle
2492 1463 2530 1492 20
2546 1464 2563 1492 à
2578 1463 2617 1492 25
2639 1471 2710 1499 ans,
2725 1465 2821 1502 jolie,
2846 1465 3050 1504 distinguée,
3074 1472 3176 1507 ayant

2276 1503 2370 1532 avoir
2386 1510 2429 1532 ou
2447 1510 2640 1533 commerce
2655 1505 2843 1542 papeterie.
2860 1522 2872 1527 -
2885 1507 2913 1536 N
2920 1515 2925 1521 -
2943 1507 3032 1537 4971.

2315 1570 2424 1599 Jeune
2440 1570 2576 1600 homme
2591 1571 2630 1600 30
2652 1579 2724 1607 ans,
2747 1572 2964 1604 cordonnier,
2988 1583 3066 1605 sans
3103 1576 3176 1607 for¬

2276 1610 2369 1644 tune,
2401 1609 2514 1640 désire
2538 1612 2688 1650 mariage
2720 1620 2803 1643 avec
2830 1614 2933 1649 jeune
2956 1613 3025 1646 fille
3041 1617 3078 1646 24
3102 1618 3120 1647 à
3135 1618 3175 1647 30

2277 1657 2349 1679 ans.
2369 1667 2377 1672 -
2394 1652 2435 1681 N-
2453 1651 2543 1681 4972.

2315 1717 2405 1747 Veuf
2422 1718 2461 1748 59
2477 1726 2548 1752 ans,
2566 1719 2663 1755 libre,
2681 1719 2776 1749 avoir
2791 1720 2829 1750 50
2844 1721 2903 1751 000
2915 1721 2969 1758 fr.,
2996 1721 3074 1753 bien
3092 1732 3172 1754 sous

2276 1759 2351 1787 tous
2369 1758 2417 1788 les
2434 1761 2604 1797 rapports,
2633 1760 2830 1797 épouserait
2859 1769 3033 1799 personne
3048 1764 3087 1793 35
3102 1766 3120 1795 à
3137 1765 3176 1794 48

2275 1805 2348 1831 ans,
2366 1798 2537 1832 instruite,
2562 1802 2662 1836 ayant
2685 1799 2847 1831 situation
2862 1809 2906 1831 ou
2922 1803 3018 1833 avoir
3033 1812 3076 1834 en
3093 1813 3176 1841 rap¬

2276 1840 2365 1876 port.
2382 1855 2400 1860 -
2418 1840 2457 1869 N'
2476 1840 2565 1868 49V3.

2316 1904 2521 1935 Lieutenant
2530 1907 2569 1935 38
2586 1914 2657 1941 ans,
2678 1906 2777 1943 brun,
2796 1908 2946 1942 sérieux,
2966 1910 3057 1947 actif,
3076 1919 3179 1949 pour¬

2275 1945 2342 1974 rait
2357 1946 2505 1983 prendre
2518 1954 2557 1976 sa
2571 1947 2714 1977 retraite
2728 1955 2817 1985 pour
2831 1956 2869 1978 se
2883 1948 2989 1979 livrer
3013 1959 3055 1982 au
3082 1960 3178 1982 com¬

2275 1993 2402 2019 merce,
2429 1986 2541 2016 désire
2557 1987 2661 2017 union
2678 1995 2760 2017 avec
2776 1988 2974 2020 demoiselle
2990 1998 3034 2022 ou
3056 2000 3176 2029 veuve,

2275 2025 2437 2056 situation
2450 2033 2493 2056 en
2508 2030 2660 2065 rapport.
2676 2043 2693 2049 -
2710 2029 2751 2057 N-
2768 2028 2858 2059 4974.

2315 2092 2431 2122 Suisse
2447 2093 2485 2122 45
2497 2101 2569 2129 ans,
2581 2094 2675 2123 avoir
2691 2095 2801 2125 12.000
2815 2096 2868 2132 fr.,
2882 2097 3061 2132 cuisinier,
3074 2101 3177 2137 épou¬

2276 2132 2382 2162 serait
2408 2134 2515 2170 jeune
2558 2133 2627 2164 fille
2668 2134 2838 2173 française
2865 2144 2908 2167 ou
2939 2137 3007 2169 fille
3039 2139 3175 2177 d’hôtel,

2275 2172 2400 2202 femme
2415 2173 2623 2211 d’intérieur,
2638 2175 2716 2205 bien
2729 2184 2809 2206 sous
2825 2178 2900 2207 tous
2910 2177 2960 2208 les
2976 2183 3145 2214 rapports.
3165 2197 3177 2202 -

2276 2214 2316 2242 N-
2333 2214 2423 2242 4975.

2316 2271 2519 2301 Demoiselle
2557 2273 2596 2302 36
2631 2281 2702 2307 ans,
2747 2274 2913 2307 sérieuse,
2952 2276 3174 2313 affectueuse,

2276 2310 2400 2340 femme
2419 2311 2627 2348 d’intérieur,
2646 2313 2850 2353 catholique,
2868 2316 3035 2355 physique
3051 2321 3177 2356 agréa¬

2275 2351 2341 2386 ble,
2360 2352 2428 2384 dot,
2459 2352 2573 2382 désire
2588 2353 2739 2392 mariage
2755 2363 2837 2385 avec
2856 2356 3034 2388 monsieur
3048 2359 3086 2389 38
3104 2360 3121 2389 à
3137 2360 3176 2389 45

2276 2399 2348 2427 ans,
2366 2394 2467 2429 ayant
2484 2392 2657 2424 situation.
2674 2410 2692 2416 -
2707 2395 2748 2424 N-
2764 2395 2853 2425 4976.

2315 2465 2424 2493 Jeune
2453 2464 2589 2494 homme
2618 2466 2656 2495 24
2681 2474 2752 2501 ans,
2786 2467 2936 2503 sérieux,
2963 2470 3118 2509 employé
3135 2472 3176 2502 de

2276 2503 2412 2533 chemin
2450 2504 2491 2533 de
2531 2504 2594 2540 fer,
2623 2508 2725 2542 ayant
2760 2507 2949 2545 propriété,
2979 2510 3177 2548 épouserait

2278 2543 2477 2574 demoiselle
2506 2551 2550 2575 ou
2565 2553 2673 2576 veuve
2689 2547 2726 2575 19
2742 2547 2760 2576 à
2775 2548 2814 2576 27
2837 2555 2908 2584 ans,
2938 2553 3041 2585 ayant
3070 2552 3176 2586 petite

2278 2584 2345 2613 dot.
2363 2600 2377 2605 -
2392 2585 2421 2614 N
2429 2592 2434 2598 -
2450 2584 2539 2614 4977.

2316 2656 2425 2685 Jeune
2434 2654 2503 2686 fille
2511 2656 2551 2686 29
2566 2664 2637 2691 ans,
2656 2658 2896 2695 représentant
2912 2660 2953 2690 de
2969 2668 3174 2698 commerce,

2278 2698 2380 2732 ayant
2394 2695 2582 2734 propriété,
2602 2696 2788 2728 cherchant
2799 2698 2970 2736 affection,
2980 2709 3016 2732 se
3033 2703 3176 2734 dévoue¬

2278 2735 2343 2765 rait
2373 2736 2391 2765 à
2413 2736 2520 2774 grand
2549 2736 2662 2767 blessé
2688 2738 2728 2767 de
2744 2746 2880 2775 guerre,
2907 2748 2950 2770 ou
2967 2743 2985 2771 à
3001 2744 3177 2774 monsieur

2278 2775 2449 2813 distingué
2478 2776 2626 2813 fortuné,
2657 2778 2885 2810 recherchant
2906 2782 3007 2816 appui
3024 2784 3142 2813 moral.
3162 2800 3175 2806 -

2276 2817 2317 2845 N-
2335 2816 2423 2845 4978.

2315 2887 2425 2916 Jeune
2442 2887 2679 2923 sous-officier,
2709 2889 2748 2917 26
2763 2896 2835 2923 ans,
2853 2891 3042 2923 secrétaire
3058 2893 3175 2924 d’état-

2277 2927 2398 2963 major,
2429 2927 2626 2964 épouserait
2649 2929 2755 2965 jeune
2771 2928 2840 2959 fille
2856 2929 3027 2969 instruite,
3044 2932 3175 2964 intelli¬

2276 2968 2390 3004 gente,
2409 2966 2471 3004 âge
2489 2974 2530 2996 en
2546 2970 2697 3006 rapport.
2714 2984 2727 2990 -
2742 2970 2771 3000 N
2776 2977 2783 2984 -
2800 2969 2889 2999 4980.

2317 3037 2490 3076 Capitaine
2506 3038 2628 3074 active,
2645 3039 2685 3068 34
2696 3047 2767 3075 ans,
2793 3048 2835 3070 au
2852 3042 2967 3072 Maroc
2983 3048 3175 3076 momenta¬

2277 3079 2428 3112 nément,
2440 3077 2553 3108 désire
2569 3080 2819 3118 correspondre
2828 3088 2915 3119 pour
2925 3084 3076 3123 mariage
3093 3094 3175 3117 avec

2272 3120 2380 3156 jeune
2396 3118 2465 3148 fille
2495 3118 2698 3156 catholique,
2727 3120 2839 3151 bonne
2856 3121 2994 3160 famille,
3012 3125 3174 3157 situation

2277 3166 2320 3189 en
2336 3160 2488 3197 rapport.
2505 3174 2523 3180 -
2537 3160 2579 3189 N-
2596 3160 2686 3190 4981.

2316 3230 2425 3259 Jeune
2440 3229 2577 3259 homme
2592 3230 2630 3259 24
2660 3238 2732 3266 ans,
2759 3230 2940 3263 industriel
2973 3242 3015 3265 au
3046 3237 3172 3272 Maroc,

2278 3268 2440 3299 situation
2456 3269 2567 3299 16.000
2581 3269 2636 3304 fr.,
2667 3271 2865 3309 épouserait
2885 3273 3084 3306 demoiselle
3102 3277 3138 3306 16
3155 3278 3173 3307 à

2275 3309 2315 3339 20
2330 3317 2403 3346 ans,
2421 3309 2582 3340 situation
2599 3318 2640 3340 en
2664 3314 2814 3350 rapport.
2832 3329 2844 3334 -
2859 3313 2887 3343 N
2893 3322 2899 3328 -
2917 3314 3006 3345 4982.

2315 3382 2426 3411 Jeune
2454 3381 2590 3411 homme
2604 3382 2643 3411 23
2666 3390 2738 3417 ans,
2770 3383 2920 3419 sérieux,
2951 3387 3172 3425 agriculteur,

2277 3429 2356 3451 sans
2373 3421 2520 3455 fortune,
2540 3423 2748 3459 espérances
2772 3425 2873 3462 après
2889 3429 3042 3463 parents,
3072 3430 3175 3466 épou¬

2276 3462 2382 3491 serait
2411 3460 2610 3492 demoiselle
2640 3469 2682 3492 ou
2698 3471 2817 3499 veuve,
2837 3465 2873 3494 19
2889 3466 2908 3494 à
2924 3466 2962 3495 28
2978 3475 3050 3504 ans,
3074 3472 3176 3505 ayant

2279 3501 2384 3539 petite
2401 3500 2576 3531 situation.
2592 3518 2610 3524 -
2625 3503 2664 3533 N'
2683 3503 2771 3533 4983.

2315 3572 2520 3602 Célibataire
2534 3573 2574 3602 35
2592 3581 2665 3607 ans,
2695 3574 2945 3607 fonctionnaire
2975 3585 3016 3608 au
3044 3580 3171 3616 Maroc,

2274 3612 2437 3643 situation
2464 3612 2558 3642 9.000
2571 3612 2625 3647 fr.,
2644 3614 2757 3644 désire
2773 3615 2925 3654 mariage
2942 3625 3024 3648 avec
3041 3619 3173 3650 demoi¬

2275 3652 2359 3683 selle
2376 3660 2419 3682 ou
2435 3661 2543 3682 veuve
2559 3653 2597 3682 25
2613 3654 2631 3683 à
2646 3654 2685 3683 30
2700 3662 2772 3690 ans,
2791 3659 2892 3693 ayant
2909 3656 3069 3689 situation
3089 3667 3095 3696 ;
3113 3668 3174 3698 pas

2275 3693 2416 3723 sérieux
2431 3692 2621 3723 s’abstenir.
2638 3709 2658 3716 -
2673 3696 2701 3725 N
2706 3703 2712 3710 -
2731 3695 2819 3725 4984.

2315 3764 2519 3795 Demoiselle
2533 3765 2573 3794 35
2588 3773 2660 3801 ans,
2679 3765 2803 3796 femme
2820 3767 2863 3797 du
2883 3768 3018 3804 monde,
3035 3769 3170 3807 blonde,

2275 3804 2478 3842 distinguée,
2510 3805 2622 3835 désire
2651 3806 2755 3836 union
2772 3814 2854 3837 avec
2879 3808 3056 3840 monsieur
3071 3814 3173 3848 ayant

2273 3845 2362 3875 belle
2379 3844 2552 3875 situation.
2569 3861 2588 3867 -
2603 3846 2631 3875 N
2637 3854 2643 3860 -
2660 3847 2749 3876 4985.

2314 3907 2517 3938 Demoiselle
2546 3908 2584 3937 48
2610 3916 2679 3945 ans,
2708 3917 2786 3938 sans
2812 3908 3013 3946 profession,
3046 3911 3171 3943 femme

2274 3948 2485 3982 d’intérieur,
2497 3948 2608 3978 bonne
2618 3949 2809 3984 éducation,
2818 3948 2985 3987 physique
2994 3952 3168 3989 agréable,

2274 3988 2414 4026 capable
2428 3988 2469 4017 de
2486 3988 2721 4023 dévouement,
2732 3988 2928 4027 épouserait
2939 3991 3115 4022 monsieur
3126 4000 3171 4023 ou

2272 4027 2414 4058 retraité
2431 4030 2531 4065 ayant
2547 4028 2658 4059 bonne
2675 4029 2846 4059 situation.
2870 4044 2887 4050 -
2904 4030 2943 4059 N'
2961 4029 3050 4060 4986.

2313 4087 2426 4116 Veuve
2440 4086 2479 4115 35
2495 4094 2567 4120 ans,
2585 4095 2663 4117 sans
2686 4086 2813 4120 enfant,
2831 4086 2992 4116 situation
3008 4088 3101 4119 7.000
3118 4090 3170 4126 fr.,

2273 4126 2469 4156 économies
2486 4127 2596 4156 10.000
2612 4127 2665 4162 fr.,
2683 4126 2852 4156 intérieur
2866 4126 3037 4163 agréable,
3069 4133 3173 4166 épou¬

2273 4166 2379 4196 serait
2395 4167 2571 4197 monsieur
2587 4169 2686 4204 ayant
2702 4166 2863 4196 situation
2880 4165 2972 4196 sûre.
2988 4182 3007 4189 -
3022 4170 3051 4199 N
3056 4177 3062 4183 -
3079 4170 3170 4200 4987.

2312 4226 2421 4255 Jeune
2437 4224 2573 4255 homme
2584 4226 2622 4255 36
2632 4232 2704 4259 ans,
2716 4222 3172 4262 propriétaire-agriculteur

2272 4265 2435 4296 situation
2451 4267 2604 4299 assurée,
2622 4263 2734 4294 désire
2753 4262 2839 4292 faire
2864 4265 3111 4298 connaissance
3128 4268 3169 4299 de

2273 4305 2472 4335 demoiselle
2501 4312 2545 4335 ou
2567 4312 2674 4335 veuve
2697 4304 2736 4333 25
2751 4304 2769 4332 à
2784 4302 2823 4332 30
2849 4311 2920 4338 ans,
2940 4304 2996 4341 qui
3012 4308 3172 4338 voudrait

2273 4346 2358 4375 aller
2381 4354 2424 4375 au
2453 4345 2596 4379 Canada,
2615 4344 2749 4374 fortune
2764 4351 2823 4374 vas
2841 4342 2962 4381 exigée
2984 4345 3067 4376 mais
3084 4355 3170 4378 con¬

2273 4385 2365 4416 duite
2386 4384 2644 4424 irréprochable
2659 4400 2672 4405 -
2692 4384 2732 4413 N'
2756 4382 2846 4411 4988.

2310 4445 2419 4473 Jeune
2435 4443 2572 4473 homme
2587 4440 2757 4478 indigène,
2781 4440 2819 4469 23
2837 4447 2908 4475 ans,
2927 4443 3170 4480 propriétaire-

2272 4484 2488 4517 cultivateur,
2516 4482 2628 4512 bonne
2658 4479 2796 4515 famille,
2835 4480 2999 4512 demande
3016 4485 3168 4523 mariage

2267 4525 2374 4561 jeune
2389 4523 2458 4553 fille
2476 4524 2512 4552 18
2534 4523 2553 4551 à
2569 4522 2606 4550 25
2622 4528 2694 4553 ans,
2725 4521 2826 4556 ayant
2853 4519 3001 4559 fortune,
3019 4531 3170 4563 envoyer

2272 4563 2386 4602 photo.
2404 4579 2421 4585 -
2437 4565 2477 4593 N-
2496 4561 2584 4591 4920.

2311 4624 2425 4653 Veuve
2451 4618 2623 4652 d’officier,
2642 4625 2719 4647 sans
2743 4616 2869 4653 enfant,
2885 4619 2925 4647 35
2941 4627 3013 4656 ans,
3032 4621 3167 4660 blonde,

2271 4663 2475 4701 distinguée,
2492 4660 2570 4689 bien
2585 4657 2856 4696 physiquement,
2879 4658 3003 4690 femme
3021 4662 3165 4699 d’ordre,

2270 4704 2363 4734 2.400
2380 4705 2419 4732 de
2432 4703 2559 4733 rentes,
2572 4697 2636 4735 joli
2658 4696 2838 4729 intérieur,
2857 4700 3052 4737 épouserait
3068 4710 3169 4732 mon¬

2271 4744 2365 4774 sieur
2381 4742 2585 4773 affectueux,
2603 4736 2731 4767 officier
2757 4744 2800 4767 ou
2816 4737 2978 4769 situation
2995 4748 3169 4772 convena¬

2270 4784 2336 4814 ble.
2354 4785 2393 4813 N-
2412 4781 2499 4811 4989.

2311 4840 2479 4878 Adjudant
2487 4834 2670 4866 infanterie
2686 4834 2865 4870 coloniale,
2875 4836 2914 4865 28
2925 4845 2997 4874 ans,
3009 4839 3167 4869 médaille

2272 4880 2443 4913 militaire,
2461 4875 2658 4915 épouserait
2669 4876 2775 4912 jeune
2791 4875 2858 4905 fille
2873 4884 2918 4907 ou
2934 4886 3041 4909 veuve
3056 4879 3168 4909 même

2271 4929 2353 4951 avec
2369 4919 2496 4952 enfant,
2511 4916 2551 4945 20
2566 4916 2584 4946 à
2599 4915 2637 4945 30
2653 4923 2725 4951 ans,
2743 4915 2903 4947 situation
2927 4925 2968 4947 en
2985 4922 3135 4957 rapport.
3149 4935 3169 4941 -

2271 4963 2311 4991 N-
2330 4959 2419 4989 4990.

2310 5019 2419 5046 Jeune
2457 5015 2594 5044 homme
2635 5014 2674 5044 25
2713 5022 2785 5050 ans,
2816 5013 2977 5044 situation
3007 5015 3168 5046 annuelle

2270 5056 2382 5086 60.000
2396 5056 2450 5090 fr.,
2481 5063 2522 5084 au
2538 5056 2666 5088 Maroc,
2688 5055 2782 5085 avoir
2796 5054 2835 5083 30
2850 5054 2908 5082 000
2926 5055 2964 5083 fr.
2984 5057 3018 5084 et
3035 5055 3166 5085 maison

2270 5095 2495 5129 confortable,
2525 5095 2721 5134 épousferait
2748 5096 2852 5132 jeune
2876 5093 2947 5123 fille
2965 5094 3001 5123 18
3017 5095 3037 5124 à
3051 5095 3091 5124 22
3106 5103 3167 5124 ans

2270 5137 2408 5168 voulant
2423 5135 2557 5165 habiter
2573 5137 2700 5167 Maroc.
2716 5151 2729 5157 -
2740 5135 2767 5164 N
2773 5142 2779 5148 -
2797 5133 2886 5163 4991.
