3536 5552
425 383 505 411 Veuf
535 393 603 411 sans
635 383 760 414 enfants,
795 390 827 416 45
865 389 929 413 ans,
971 378 1132 411 distingué,
1165 383 1289 402 revenus

392 429 493 454 30.000
504 419 535 446 fr.
554 429 606 454 par
620 428 666 451 an,
684 417 849 452 épouserait
864 415 1032 444 demoiselle
1048 423 1083 440 ou
1100 421 1192 440 veuve
1222 418 1291 437 sans

395 456 504 490 enfant,
522 465 555 489 30
567 458 582 482 à
594 465 628 490 40
644 465 705 485 ans,
724 453 860 485 sérieuse,
877 453 934 479 bon
950 452 1101 481 caractère,
1113 447 1292 481 distinguée,

396 492 534 525 éduquée,
547 491 651 518 femme
660 489 839 522 d’intérieur,
853 487 995 516 situation
1007 495 1046 513 un
1054 495 1107 520 peu
1118 488 1293 517 enrapport.

398 542 430 547 —
447 527 482 555 N*
499 527 578 555 6181.

436 581 525 613 Jeune
538 580 595 607 fille
611 590 643 614 27
659 589 723 612 ans,
740 577 844 606 blonde
860 587 915 604 aux
931 586 1004 611 yeux
1021 574 1114 606 bleus,
1138 575 1196 600 très
1226 570 1299 598 belle

403 617 491 650 taille,
528 616 663 647 honnête,
699 623 768 642 sans
795 613 920 645 fortune,
951 611 1044 639 désire
1076 609 1203 641 mariage
1233 615 1300 633 avec

377 656 388 663 '
405 652 552 680 monsieur
568 657 656 686 ayant
672 650 766 677 bonne
780 649 934 680 situation,
951 648 985 674 de
1015 656 1047 682 30
1064 649 1078 673 à
1105 654 1135 680 35
1167 653 1229 672 ans,
1263 651 1299 669 ou

405 691 497 716 même
510 691 572 721 âge.
589 702 621 707 —
637 686 672 714 N"
690 687 763 713 6182:

442 741 591 776 Adjudant
607 740 776 772 d’aviation,
794 749 825 773 32
844 748 907 771 ans,
926 736 1068 764 situation
1083 743 1165 770 9.000
1194 732 1230 760 fr.
1251 741 1303 766 par

407 788 453 812 an,
470 777 635 812 épouserait
650 784 777 810 personn
786 785 792 792 1
789 796 793 800 .
808 775 841 801 de
858 784 889 808 27
906 776 921 799 à
939 773 971 800 28
987 781 1049 803 ans,
1067 771 1133 797 bien
1149 778 1217 797 sous
1237 774 1303 795 tous

407 815 446 842 les
462 819 597 848 rapports
609 818 697 848 ayant
712 810 853 839 situation
865 807 1159 842 correspondante.—
1176 805 1211 832 N"
1222 804 1302 838 6183.

443 867 529 900 Veuf,
566 876 595 901 53
619 875 682 899 ans,
705 864 767 892 seul
786 870 813 891 et
834 862 1041 897 indépendant,
1072 861 1158 887 brave
1188 859 1305 885 homme

409 903 531 936 sérieux,
541 903 598 929 hon
609 904 761 935 caractère,
774 899 877 927 rendra
890 908 945 926 une
957 900 1059 924 lemme
1075 899 1133 923 très
1153 895 1304 923 heureuse,

409 939 490 967 avoir
501 947 595 972 15,000
612 938 657 971 fr.,
670 936 834 971 épouserait
848 944 990 969 personne
1001 933 1035 960 de
1047 935 1138 959 même
1151 928 1305 958 situation.

410 990 444 995 —
458 975 484 1003 N
487 982 493 988 -
511 976 591 1008 6184.

447 1034 548 1065 Dame,
565 1042 597 1066 47
614 1041 677 1065 ans,
693 1030 824 1058 divorcée
838 1032 852 1056 à
879 1038 931 1056 son
958 1027 1055 1061 profit,
1086 1031 1166 1052 rente
1190 1023 1307 1058 viagère

414 1070 492 1096 1.800
508 1068 555 1101 fr.,
566 1068 631 1095 bien
647 1066 884 1101 physiquement,
902 1064 1005 1090 femme
1021 1061 1200 1093 d’intérieur,
1215 1059 1306 1090 saine,

411 1107 498 1139 goûts
514 1104 668 1133 modestes,
691 1103 786 1129 bonne
806 1100 931 1134 pianiste
958 1104 1089 1133 pouvant
1116 1097 1228 1124 donner
1256 1095 1307 1122 des

412 1142 517 1174 leçons,
534 1146 623 1175 ayant
638 1141 681 1165 été
696 1136 945 1165 aide-infirmière,
963 1135 1086 1162 sachant
1098 1132 1215 1166 soigner
1246 1141 1308 1157 ma¬

414 1177 486 1210 lade,
503 1176 574 1209 gaie,
597 1176 733 1207 dévouée,
763 1172 911 1205 instruite,
933 1170 1026 1198 désire
1053 1176 1150 1196 entrer
1179 1177 1214 1193 au
1245 1166 1308 1200 pair

412 1213 479 1239 chez
495 1221 534 1239 un
550 1212 666 1238 homme
680 1210 752 1241 seul,
779 1209 914 1239 honnête,
946 1208 978 1233 de
1005 1208 1148 1233 caractère
1178 1202 1250 1237 égal,
1281 1207 1309 1229 et

413 1248 480 1280 bon,
497 1257 527 1275 se
539 1245 688 1274 marierait
704 1255 754 1278 par
767 1244 793 1271 la
811 1244 886 1271 suite
901 1242 927 1269 si
942 1242 999 1269 l’on
1014 1251 1044 1269 se
1072 1238 1238 1267 convenait.
1266 1238 1310 1265 De

415 1285 577 1318 préférence
593 1283 665 1309 dans
682 1281 780 1308 climat
796 1280 883 1307 doux.
901 1293 932 1297 —
949 1278 983 1306 N'
1001 1277 1073 1311 6185.

449 1342 538 1374 Jeune
552 1340 618 1373 fille,
636 1348 666 1373 25
685 1349 748 1373 ans,
764 1337 939 1372 catholique,
957 1337 1051 1363 bonne
1067 1332 1230 1364 éducation,
1245 1342 1310 1359 mu¬

414 1377 551 1409 sicienne,
569 1385 669 1403 20.000
684 1375 728 1406 fr.,
745 1372 929 1405 affectueuse,
943 1375 1002 1399 très
1022 1370 1160 1401 sérieuse,
1189 1371 1312 1401 épouse¬

414 1413 470 1441 rait
487 1412 634 1440 monsieur
650 1410 824 1443 catholique,
846 1407 988 1436 situation
1004 1416 1038 1434 en
1054 1410 1184 1440 rapport,
1203 1404 1311 1430 France

415 1459 451 1476 ou
466 1447 704 1476 colonies-N"
721 1445 802 1479 6187.

450 1505 635 1538 Demoiselle,
651 1505 685 1538 38
700 1514 764 1538 ans,
787 1508 876 1538 ayant
903 1501 963 1531 dot,
992 1499 1101 1527 famille
1130 1499 1215 1530 aisée,
1246 1496 1311 1524 bien

415 1553 483 1571 sous
519 1549 584 1569 tous
622 1547 767 1575 rapports,
807 1539 910 1565 femme
939 1535 1120 1569 d’intérieur,
1147 1533 1313 1568 épouserait

416 1578 564 1606 monsieur
587 1583 676 1613 ayant
697 1575 761 1609 jolie
777 1574 930 1606 situation,
948 1572 1057 1599 France
1073 1581 1109 1598 ou
1131 1570 1267 1597 colonies.
1285 1581 1313 1589 —

415 1615 450 1643 N'
467 1614 547 1642 6188.

449 1672 559 1703 Veuve,
577 1681 606 1705 31
626 1679 678 1697 ans
698 1673 748 1701 1/2,
764 1668 940 1702 catholique,
952 1669 1010 1693 très
1025 1665 1161 1697 sérieuse,
1176 1663 1312 1695 honnête,

416 1707 598 1735 affectueuse,
619 1705 725 1733 famille
742 1704 909 1734 honorable,
933 1705 991 1729 très
1007 1701 1136 1731 estimée,
1168 1699 1314 1733 physique

416 1743 558 1778 agréable,
576 1742 675 1770 fillette
691 1741 725 1768 de
745 1751 759 1775 7
776 1750 838 1773 ans,
864 1738 1028 1773 épouserait
1044 1736 1202 1765 monsieur,
1221 1735 1314 1761 bonne

417 1779 558 1807 situation
582 1780 659 1809 sûre,
686 1787 759 1811 pour
780 1775 851 1802 faire
868 1777 988 1808 ménage
1012 1774 1151 1800 heureux.
1170 1771 1314 1801 Buveurs,

416 1816 558 1849 divorcés,
576 1812 742 1841 s’abstenir.
760 1826 790 1831 —
807 1811 842 1839 N'
860 1810 933 1846 6189.

453 1872 621 1905 Industriel,
642 1871 734 1903 colon,
760 1868 951 1904 propriétaire
981 1877 1015 1894 au
1048 1866 1154 1897 Maroc,
1185 1874 1217 1899 42
1250 1872 1315 1896 ans,

417 1912 476 1937 très
489 1908 648 1942 distingué,
665 1906 782 1934 fortune
813 1913 929 1939 150.000
956 1903 1005 1936 fr.,
1035 1900 1201 1935 épouserait
1231 1900 1316 1933 jeune

417 1945 521 1972 femme
536 1944 569 1971 de
586 1954 619 1977 30
635 1946 648 1970 à
666 1951 697 1977 35
714 1952 776 1973 ans,
794 1940 936 1968 situation
952 1949 987 1966 en
1008 1944 1139 1972 rapport,
1165 1936 1216 1971 qui
1246 1945 1316 1963 con¬

418 1979 553 2009 sentirait
568 1979 682 2007 habiter
698 1978 722 2004 le
738 1978 845 2005 Maroc.
863 1991 895 1995 —
912 1975 946 2003 N'
964 1976 1044 2010 6190.

454 2037 603 2072 Adjudant
615 2037 649 2064 de
664 2034 814 2064 cavalerie,
831 2043 864 2068 37
880 2043 943 2065 ans,
960 2032 1042 2060 avoir
1058 2040 1158 2058 20.000
1180 2029 1229 2062 fr.,
1260 2029 1318 2056 bon

418 2077 570 2107 caractère,
586 2073 673 2103 doux,
685 2075 742 2098 très
757 2070 881 2102 sérieux,
898 2069 1007 2102 décoré,
1025 2065 1190 2101 épouserait
1206 2064 1318 2092 demoi¬

419 2110 498 2143 selle,
516 2107 719 2141 honorabilité,
731 2109 823 2137 santé,
835 2107 978 2133 caractère
987 2101 1217 2137 irréprochables
1230 2105 1319 2135 ayant

419 2146 469 2173 dot
485 2155 521 2173 ou
538 2143 690 2172 situation.
707 2157 739 2162 —
755 2141 791 2170 N'
808 2143 883 2177 6192.

453 2202 534 2231 Veuf
544 2213 577 2238 49
588 2211 651 2234 ans,
668 2200 733 2228 chef
746 2201 779 2228 de
796 2199 872 2227 train
889 2209 924 2226 au
942 2198 973 2225 P.
993 2197 1024 2225 L.
1042 2196 1094 2228 M.,
1111 2198 1193 2228 6.300
1221 2194 1256 2222 fr.
1288 2199 1320 2221 et

421 2238 592 2272 économies,
610 2237 667 2265 fille
682 2237 716 2264 de
731 2247 748 2272 9
763 2245 825 2268 ans,
840 2245 875 2262 en
899 2234 1032 2269 pension,
1063 2232 1185 2259 cherche
1215 2230 1319 2257 femme

420 2274 600 2308 d’intérieur,
618 2282 744 2308 envoyer
759 2271 859 2306 photo.
877 2285 910 2290 —
926 2269 960 2298 N‘
978 2271 1058 2305 6193.

458 2327 643 2361 Célibataire,
673 2336 705 2361 45
738 2334 800 2358 ans,
831 2323 949 2351 retraité
978 2329 1005 2350 et
1033 2321 1125 2352 avoir,
1155 2318 1320 2354 épouserait

421 2364 585 2392 demoiselle
617 2372 651 2391 ou
686 2371 786 2394 veuve,
823 2359 974 2394 orpheline
1003 2359 1038 2386 de
1073 2357 1247 2391 préférence.
1286 2369 1320 2374 —

422 2402 447 2429 N
451 2408 457 2414 -
470 2403 549 2436 6194.

458 2452 644 2485 Demoiselle,
662 2461 695 2486 30
711 2460 774 2484 ans,
792 2449 961 2483 paraissant
976 2447 1041 2482 plus
1063 2447 1156 2480 jeune,
1188 2444 1321 2476 modiste,

424 2494 482 2518 très
500 2493 720 2521 commerçante,
739 2486 843 2513 femme
865 2484 1044 2516 d’intérieur,
1066 2482 1202 2514 sérieuse,
1234 2485 1321 2515 ayant

422 2526 494 2560 petit
510 2524 589 2551 avoir
614 2529 640 2551 et
666 2529 829 2554 trousseau,
858 2519 1022 2555 épouserait
1051 2518 1200 2545 monsieur
1231 2521 1320 2551 ayant

423 2560 577 2594 situation,
594 2559 703 2587 France
717 2568 755 2585 ou
766 2556 903 2584 colonies.
920 2570 951 2574 —
967 2555 1003 2583 N'
1021 2556 1094 2589 6196.

460 2613 664 2648 Propriétaire,
695 2611 777 2644 Midi,
808 2618 907 2637 20.000
936 2610 984 2642 fr.,
1012 2608 1145 2642 pension,
1176 2606 1321 2634 industrie

425 2650 558 2684 agricole,
572 2658 604 2684 45
621 2657 685 2681 ans,
702 2648 773 2680 seul,
792 2646 870 2678 actif,
891 2644 1021 2673 instruit,
1038 2643 1103 2670 bien
1120 2652 1188 2670 sous
1199 2648 1263 2670 tous
1281 2643 1321 2670 les

424 2691 571 2720 rapports,
587 2683 681 2711 désire
698 2682 788 2709 union
804 2691 871 2708 avec
890 2678 1054 2707 demoiselle
1077 2688 1113 2706 ou
1138 2687 1239 2711 veuve,
1269 2681 1321 2712 âge

425 2720 591 2749 indifférent
608 2718 765 2754 possédant
780 2716 871 2744 avoir.
889 2730 919 2735 —
935 2715 970 2742 N.
987 2717 1060 2751 6197.

459 2774 544 2805 Veuf,
560 2784 593 2808 44
610 2782 672 2805 ans,
690 2769 835 2806 physique
851 2768 994 2804 agréable,
1007 2767 1182 2801 catholique,
1196 2767 1320 2799 sérieux,

423 2810 537 2838 ouvrier
553 2807 746 2843 charpentier,
762 2815 842 2833 2.000
859 2805 894 2832 fr.
920 2803 1076 2835 économie,
1107 2804 1173 2837 plus
1199 2802 1321 2836 pension

424 2848 457 2874 de
473 2855 586 2880 guerre,
617 2849 705 2879 ayant
734 2841 806 2869 trois
835 2840 961 2872 enfants,
994 2839 1095 2866 l’ainée
1125 2839 1219 2872 placée
1247 2839 1322 2865 dans

424 2882 532 2910 atelier,
556 2878 720 2914 épouserait
749 2876 919 2905 demoiselle
949 2885 985 2902 ou
1014 2884 1105 2902 veuve
1135 2874 1271 2901 honnête.
1291 2888 1321 2893 —

424 2918 458 2946 N'
476 2917 556 2953 6198.

458 2971 548 3003 Jeune
563 2970 689 2999 homme,
706 2969 740 3001 36
755 2975 818 2997 ans,
834 2964 978 2992 situation
988 2974 1004 2999 9
1018 2967 1035 2991 à
1053 2973 1084 2990 10
1097 2973 1151 2990 000
1162 2962 1210 2995 fr.,
1227 2963 1323 2990 bonne

424 3014 518 3039 tenue,
532 3003 697 3039 épouserait
713 3003 795 3036 jeune
808 3001 864 3028 fille
881 3010 915 3028 en
932 3005 1051 3034 rapport
1067 2999 1158 3033 d’âge,
1178 2998 1244 3025 bien
1265 2999 1322 3025 éle¬

423 3047 482 3077 vée,
500 3041 602 3069 femme
618 3039 797 3068 d’intérieur.
814 3037 884 3064 Très
895 3035 1016 3064 sérieux.
1033 3050 1067 3055 —
1081 3035 1116 3062 N'
1133 3036 1213 3071 6199.

458 3094 642 3125 Demoiselle,
670 3102 703 3127 43
733 3100 797 3124 ans,
831 3089 995 3118 couturière
1028 3095 1117 3123 ayant
1151 3087 1242 3122 perdu
1276 3096 1322 3114 ses

424 3137 552 3166 parents,
569 3129 648 3157 avoir
667 3137 764 3155 10.000
780 3127 827 3159 fr.,
844 3125 952 3153 famille
978 3124 1146 3152 honorable,
1178 3122 1323 3157 physique

423 3167 565 3202 agréable,
582 3164 724 3193 demande
738 3162 886 3190 monsieur
902 3171 937 3189 en
951 3166 1122 3194 rapport.—
1139 3159 1176 3187 N*
1191 3160 1286 3187 6.200.

458 3219 644 3252 Célibataire,
666 3218 796 3249 docteur,
818 3225 850 3250 45
868 3224 932 3247 ans,
959 3214 1026 3241 ville
1057 3213 1139 3246 midi,
1169 3212 1322 3240 excellente

423 3255 575 3288 situation,
591 3253 695 3289 grand,
720 3258 816 3286 aspect
846 3251 940 3284 jeune,
969 3250 1128 3282 distingué,
1160 3247 1323 3282 épouserait

423 3301 564 3326 personne
580 3290 654 3323 jolie,
669 3288 789 3323 grande,
806 3287 890 3319 forte,
908 3285 995 3319 petite
1011 3286 1070 3313 dot,
1088 3294 1214 3320 envoyer
1232 3284 1322 3318 photo

424 3328 472 3363 qui
490 3337 552 3355 sera
568 3326 705 3353 restituée
721 3322 983 3351 immédiatement.
998 3336 1029 3340 —
1046 3320 1081 3348 N'
1098 3322 1179 3347 6201.

458 3384 542 3413 Veuf.
562 3394 591 3418 31
610 3392 673 3416 ans,
690 3382 806 3409 infirme
816 3381 850 3407 de
862 3378 929 3407 l’œil
941 3379 1028 3413 droit,
1046 3379 1117 3405 beau
1139 3379 1224 3411 brun,
1252 3377 1322 3404 belle

424 3421 512 3455 taille,
535 3419 592 3447 fort
621 3425 648 3447 et
677 3417 799 3452 parfaite
826 3419 918 3448 santé,
950 3418 1007 3442 très
1038 3414 1161 3446 sérieux,
1191 3418 1323 3447 gagnant

425 3467 473 3491 500
490 3458 525 3484 fr.
543 3465 593 3489 par
611 3454 695 3486 mois,
711 3453 813 3487 petites
830 3450 1003 3482 économies,
1021 3453 1079 3477 très
1090 3449 1162 3476 belle
1176 3449 1319 3476 situation

423 3491 563 3525 d’avenir,
593 3488 759 3525 épouserait
783 3487 866 3520 jeune
891 3486 950 3514 fille
977 3496 1014 3513 ou
1042 3495 1134 3512 veuve
1163 3484 1323 3519 possédant

424 3537 591 3559 commerce,
609 3524 754 3560 propriété
774 3533 810 3551 ou
838 3528 928 3557 ayant
955 3521 1080 3549 fortune.
1112 3521 1153 3547 Ne
1177 3520 1321 3554 répondra

425 3565 530 3599 qu’aux
547 3563 645 3590 lettres
663 3560 787 3595 signées.
802 3559 882 3586 —N'
899 3559 979 3585 6202.

461 3615 644 3647 Demoiselle,
661 3624 693 3648 32
710 3623 774 3646 ans,
792 3612 894 3645 brune,
910 3614 1080 3645 présentant
1101 3609 1178 3643 bien,
1207 3615 1322 3642 protes¬

426 3660 505 3680 tante
521 3658 548 3678 et
563 3652 597 3678 de
613 3650 722 3679 famille
739 3651 796 3676 très
810 3647 978 3679 honorable,
990 3648 1076 3680 goûts
1087 3645 1205 3678 simples
1217 3645 1321 3676 bonne,

424 3687 588 3720 éducation,
606 3696 660 3721 peu
677 3683 843 3719 expansive,
869 3681 941 3710 mais
969 3685 1026 3709 très
1061 3680 1270 3715 sympathique
1296 3685 1323 3706 et

424 3724 560 3756 sérieuse,
578 3732 628 3756 pas
644 3721 678 3748 de
693 3720 819 3751 fortune,
837 3717 1040 3745 actuellement
1054 3720 1173 3750 gérante
1186 3725 1220 3742 en
1233 3716 1322 3749 phar¬

425 3760 524 3793 macie,
540 3764 630 3793 ayant
643 3766 679 3784 eu
694 3756 729 3783 de
744 3754 870 3789 grandes
898 3753 1009 3787 peines,
1036 3751 1197 3785 orpheline,
1227 3746 1323 3778 désire

426 3796 552 3829 mariage
569 3803 641 3828 pour
655 3791 736 3819 avoir
752 3790 796 3818 vie
812 3791 845 3817 de
862 3789 979 3820 famille,
995 3797 1062 3816 avec
1075 3787 1223 3815 monsieur
1239 3787 1273 3813 de
1290 3795 1320 3820 35

424 3835 439 3859 à
451 3840 484 3866 45
501 3839 564 3864 ans,
582 3829 643 3856 seul
659 3827 683 3855 si
707 3826 845 3861 possible,
872 3823 1016 3859 physique
1045 3823 1188 3857 agréable,
1216 3822 1320 3856 grand,

424 3867 547 3898 sérieux,
565 3866 631 3897 bon,
659 3862 818 3890 affectueux
849 3868 877 3888 et
905 3861 999 3893 sobre,
1029 3865 1117 3894 ayant
1143 3861 1200 3886 très
1227 3859 1322 3886 bonne

424 3901 566 3930 situation
581 3906 608 3927 et
624 3894 755 3927 désirant
767 3897 813 3925 vie
826 3897 862 3924 de
879 3896 986 3924 famille
1010 3896 1153 3922 heureuse
1182 3900 1210 3921 et
1240 3900 1322 3921 tran¬

423 3938 522 3972 quille,
540 3935 680 3963 recevrait
695 3944 730 3961 en
741 3939 839 3961 retour
853 3932 1044 3959 dévouement
1060 3937 1087 3957 et
1103 3929 1237 3957 affection
1259 3931 1321 3957 sin¬

423 3977 494 4006 cère,
512 3971 600 4006 appui
617 3970 708 3997 moral
723 3975 751 3996 et
766 3968 828 3996 aide
850 3967 987 3998 sérieuse,
1009 3966 1104 3993 aurait
1121 3965 1272 3992 maîtresse
1288 3966 1321 3992 de

424 4009 535 4036 maison
547 4006 663 4041 capable
674 4011 701 4032 et
712 4003 933 4038 expérimentée.
947 4002 1081 4037 Envoyer
1088 4001 1178 4035 photo
1185 4006 1212 4027 et
1221 4001 1321 4028 lettres

424 4046 550 4079 signées,
566 4043 590 4070 si
607 4051 658 4076 pas
676 4040 789 4068 sérieux
805 4037 970 4066 s’abstenir.
988 4037 1024 4064 N'
1040 4038 1121 4070 6203.

458 4100 660 4129 Sous-officier
675 4096 826 4125 secrétaire
841 4094 1050 4127 d’état-major,
1078 4103 1111 4129 29
1135 4102 1198 4127 ans,
1225 4093 1319 4121 bonne

422 4136 608 4169 instruction,
627 4134 792 4163 traitement
809 4131 913 4159 annuel
935 4132 1023 4165 6.900
1047 4129 1082 4156 fr.
1104 4136 1131 4156 et
1147 4129 1320 4161 économies,

422 4174 515 4201 désire
530 4170 738 4206 correspondre
754 4178 787 4196 en
804 4178 856 4195 vue
872 4168 906 4195 de
924 4166 1051 4200 mariage
1067 4175 1134 4192 avec
1154 4165 1322 4192 demoiselle

422 4207 643 4237 fonctionnaire.
662 4221 692 4225 —
710 4206 745 4232 N"
761 4206 840 4238 6204.

456 4261 536 4290 Veuf
547 4271 581 4296 40
597 4269 649 4288 ans
666 4259 745 4293 place
762 4260 838 4291 sûre,
857 4266 889 4291 30
907 4255 941 4283 fr.
963 4265 1014 4288 par
1035 4255 1108 4289 jour,
1130 4253 1211 4282 avoir
1235 4263 1321 4288 5.000

421 4298 468 4331 fr.,
485 4301 559 4325 deux
573 4297 687 4323 enfants
705 4305 734 4329 13
751 4301 778 4321 et
797 4303 826 4327 17
839 4303 893 4320 ans
909 4291 994 4318 l’aîné
1007 4297 1140 4326 gagnant
1158 4300 1189 4317 10
1209 4289 1246 4317 fr.
1269 4298 1322 4323 par

422 4335 494 4368 jour,
512 4332 605 4361 désire
622 4331 711 4358 union
727 4339 794 4361 avec
810 4338 899 4355 veuve
916 4337 984 4354 sans
1009 4326 1109 4354 enfant
1136 4332 1163 4353 et
1183 4324 1266 4353 libre.
1288 4339 1321 4344 —

422 4370 460 4398 N'
480 4371 560 4403 6205.

456 4421 537 4449 Veuf
548 4430 617 4448 sans
633 4419 748 4449 famille,
762 4417 843 4445 avoir
861 4427 910 4444 120
924 4425 977 4443 000
988 4415 1036 4450 lr.,
1050 4414 1216 4449 épouserait
1230 4423 1322 4442 veuve

422 4468 490 4486 sans
512 4457 611 4485 enfant
635 4455 669 4482 de
692 4464 726 4489 40
743 4457 758 4481 à
772 4462 805 4488 45
829 4462 882 4480 ans
907 4451 1050 4479 situation
1074 4461 1108 4478 en
1134 4457 1260 4485 rapport.
1290 4464 1321 4469 —

422 4494 460 4522 N'
480 4494 572 4521 6.206.

457 4547 546 4579 Jeune
562 4545 620 4572 fille
637 4553 668 4578 19
683 4552 747 4576 ans,
763 4540 901 4574 sérieuse,
914 4538 1017 4566 femme
1032 4539 1213 4571 d’intérieur,
1227 4539 1321 4572 bijou¬

422 4583 503 4617 tière,
532 4578 697 4615 épouserait
727 4576 876 4605 monsieur
901 4575 935 4603 de
960 4585 992 4609 24
1008 4579 1022 4602 à
1038 4575 1073 4602 28
1087 4585 1149 4608 ans,
1174 4575 1319 4603 fonction¬

422 4618 502 4645 naire
519 4617 626 4644 France
641 4625 677 4642 ou
694 4614 801 4641 Maroc.
818 4626 850 4630 —
868 4612 902 4639 N'
920 4612 1011 4644 6.207.

458 4674 631 4703 Demoiselle
646 4682 680 4708 40
696 4681 760 4704 ans,
775 4670 840 4698 bien
854 4678 923 4696 sous
938 4674 1003 4695 tous
1024 4668 1065 4695 les
1089 4674 1236 4702 rapports,
1253 4668 1321 4695 reli¬

421 4712 490 4746 gion
519 4710 684 4743 catholique
713 4706 887 4734 sentiments
913 4704 1016 4737 élevés,
1048 4703 1142 4730 bonne
1167 4703 1319 4738 situation,

422 4745 585 4781 épouserait
615 4743 763 4772 monsieur
791 4740 957 4774 catholique
992 4744 1080 4773 ayant
1115 4739 1266 4766 situation.
1289 4754 1321 4759 —

422 4783 456 4811 N’
474 4781 554 4810 6208.

458 4838 633 4867 Demoiselle
653 4846 684 4871 35
702 4846 765 4870 ans,
790 4834 868 4862 taille
894 4842 1044 4867 moyenne,
1070 4831 1137 4858 bien
1160 4832 1321 4867 physique¬

423 4882 511 4908 ment,
542 4873 699 4908 possédant
731 4880 826 4906 15.000
856 4866 891 4896 fr.
922 4869 955 4895 de
984 4867 1043 4900 dot,
1072 4867 1166 4894 désire
1199 4873 1321 4901 épouser

421 4909 631 4939 fonctionnaire
660 4917 697 4934 ou
724 4909 919 4938 commerçant
953 4901 1094 4930 situation
1126 4913 1160 4930 en
1190 4911 1317 4938 rapport,

421 4947 494 4975 mais
511 4955 590 4973 assez
602 4943 697 4977 grand
709 4943 745 4969 de
758 4941 845 4972 taille,
864 4944 916 4974 âge
933 4938 1112 4966 indifférent.
1133 4939 1169 4967 N'
1186 4941 1269 4975 6209.

456 5005 544 5037 Jeune
560 5002 676 5028 homme
692 5010 722 5033 23
740 5008 804 5032 ans,
820 4997 991 5029 affectueux,
1009 4997 1102 5024 bonne
1119 5000 1212 5029 santé,
1230 5001 1319 5031 épou¬

421 5040 509 5068 serait
524 5038 558 5064 de
574 5036 648 5064 suite
664 5034 829 5061 demoiselle
853 5043 889 5060 ou
915 5042 1005 5059 veuve
1030 5031 1213 5067 affectueuse,
1238 5034 1319 5061 avoir

422 5083 536 5104 100.000
552 5073 599 5105 fr.,
617 5075 668 5106 âge
684 5069 860 5097 indifférent.
879 5083 909 5087 —
928 5067 961 5094 N'
977 5069 1059 5094 6210.

1386 373 1561 401 Demoiselle
1590 372 1738 404 italienne,
1769 380 1802 404 30
1831 379 1894 400 ans,
1925 378 2068 403 personne
2106 366 2251 400 agréable,

1350 410 1437 443 petite
1453 409 1541 442 taille,
1555 409 1671 443 parlant
1682 413 1709 435 et
1721 406 1850 434 écrivant
1862 405 2067 439 parfaitement
2079 404 2103 430 le
2116 401 2252 435 français,

1352 445 1478 473 modiste
1493 452 1521 471 et
1535 443 1710 476 couturière,
1727 443 1809 469 avoir
1840 450 1938 475 15.000
1962 440 1998 467 fr.
2028 449 2096 467 avec
2126 448 2166 465 un
2196 438 2254 464 bon

1353 488 1516 510 trousseau,
1547 479 1700 508 désirerait
1728 477 1877 505 monsieur
1907 478 1972 504 veut
2002 475 2036 502 de
2050 485 2084 510 40
2101 478 2114 501 à
2129 483 2161 509 45
2188 482 2252 504 ans,

1353 524 1441 552 ayant
1457 516 1546 550 petite
1562 515 1714 547 situation,
1732 517 1823 541 même
1840 523 1906 539 avec
1923 521 1961 539 un
1978 511 2077 538 enfant
2091 510 2130 537 les
2143 511 2254 536 aimant

1354 553 1512 586 beaucoup.
1532 552 1639 579 France
1655 561 1691 578 ou
1707 550 1841 577 colonies.
1860 563 1889 567 —
1908 548 1942 576 N'
1960 549 2041 581 6213.

1390 611 1491 638 Veuve
1509 613 1578 644 âgée
1593 609 1628 636 de
1654 618 1681 643 51
1709 618 1772 641 ans,
1803 617 1871 635 sans
1902 606 2011 637 enfant,
2047 614 2142 640 15.000
2159 604 2184 631 fr
2221 613 2255 630 en

1357 653 1469 682 argent,
1502 646 1590 681 linge,
1622 643 1765 672 mobilier,
1801 643 1904 671 femme
1939 643 2072 672 honnête,
2109 643 2254 672 économe,

1357 682 1522 716 épouserait
1537 681 1669 716 employé
1684 684 1735 714 âge
1752 690 1785 707 en
1802 684 1931 712 rapport.
1948 692 1983 697 —
1998 677 2034 704 N'
2047 678 2121 710 6214.

1395 739 1599 768 Sous-officier
1616 749 1645 773 31
1665 747 1726 768 ans,
1744 736 1880 765 libérable
1895 737 1968 764 dans
1987 744 1999 770 5
2017 745 2068 762 ans
2095 744 2161 761 avec
2187 743 2257 768 pen¬

1359 776 1423 804 sion
1452 783 1480 803 et
1508 776 1565 802 bon
1594 773 1710 808 emploi,
1736 772 1897 800 économies
1915 773 2013 800 28.000
2029 771 2076 803 fr.,
2093 769 2258 804 épouserait

1359 812 1525 839 demoiselle
1537 821 1572 838 ou
1586 821 1676 837 veuve
1688 819 1755 837 sans
1768 808 1866 836 enfant
1877 808 1911 835 de
1924 818 1956 835 20
1967 810 1982 834 à
1995 817 2023 841 31
2040 817 2103 839 ans,
2118 806 2255 838 sérieuse,

1361 847 1502 876 situation
1519 857 1553 874 en
1570 853 1698 880 rapport.
1715 860 1748 864 —
1763 845 1799 873 N'
1815 846 1896 878 6215.

1399 905 1574 934 Célibataire
1590 906 1623 931 60
1640 914 1700 936 ans,
1727 906 1783 930 très
1814 903 1932 930 robuste
1961 908 1988 928 et
2016 901 2120 932 valide,
2149 899 2257 927 famille

1362 943 1455 974 noble,
1482 941 1597 968 fortune
1619 949 1737 974 700.000
1760 939 1806 973 fr.,
1830 939 1961 965 donnant
1976 937 2010 964 de
2026 946 2056 971 3s
2075 941 2088 964 à
2105 945 2205 970 40.000
2222 934 2256 962 fr.

1362 978 1396 1005 de
1411 983 1518 1010 rentes,
1540 976 1706 1011 épouserait
1728 983 1871 1009 personne
1885 974 1920 1001 de
1935 974 2030 1000 bonne
2044 972 2208 1004 éducation,
2224 970 2259 998 de

1363 1014 1456 1041 bonne
1471 1012 1590 1045 famille,
1607 1012 1641 1039 de
1663 1022 1695 1046 30
1720 1014 1734 1037 à
1760 1020 1791 1045 35
1815 1019 1878 1042 ans,
1908 1019 1942 1045 40
1967 1018 2019 1036 ans
2043 1019 2078 1035 au
2105 1008 2181 1041 plus,
2208 1015 2258 1041 pas

1362 1050 1496 1084 exigeant
1512 1057 1584 1083 pour
1601 1048 1626 1074 la
1643 1047 1768 1075 fortune.
1785 1061 1816 1066 —
1833 1045 1868 1073 N'
1886 1047 1966 1073 6216.

1399 1110 1577 1138 Demoiselle
1594 1120 1626 1144 34
1642 1120 1704 1141 ans,
1720 1108 1772 1135 dot
1787 1117 1886 1143 25.000
1900 1110 1936 1135 fr.
1953 1113 1981 1134 et
1996 1109 2175 1140 espérances,
2198 1105 2262 1132 ins¬

1364 1147 1462 1179 truite,
1487 1145 1652 1180 épouserait
1674 1144 1838 1172 célibataire
1862 1153 1898 1170 ou
1921 1141 1992 1170 veuf
2010 1148 2098 1177 ayant
2120 1141 2262 1168 situation

1364 1183 1436 1210 dans
1453 1182 1578 1215 l’armée,
1595 1191 1631 1208 ou
1648 1180 1858 1208 fonctionnaire
1882 1190 1889 1212 ;
1912 1179 2072 1212 échangera
2089 1177 2189 1212 photo.
2230 1190 2263 1194 —

1364 1219 1402 1246 N°
1416 1219 1496 1246 6220.

1401 1276 1488 1310 Veuf,
1506 1275 1659 1311 négociant
1674 1285 1708 1302 en
1724 1274 1801 1304 vins,
1818 1272 2008 1308 propriétaire
2024 1273 2058 1299 de
2070 1271 2222 1306 vignobles
2239 1276 2266 1297 et

1365 1313 1398 1340 de
1416 1312 1528 1340 maison
1544 1312 1644 1339 valeur
1661 1320 1778 1345 300.000
1795 1310 1828 1338 fr.
1847 1320 1913 1336 avec
1932 1318 2047 1337 100.000
2070 1308 2104 1335 fr.
2127 1311 2265 1341 espéran¬

1366 1359 1422 1381 ces,
1439 1358 1478 1375 un
1495 1348 1540 1375 fils
1558 1358 1587 1381 17
1604 1357 1655 1374 ans
1672 1353 1699 1374 et
1713 1356 1768 1374 une
1785 1346 1841 1373 fille
1858 1344 1962 1372 mariée
1976 1351 2064 1379 ayant
2078 1344 2139 1371 leur
2151 1343 2265 1370 fortune

1367 1383 1559 1418 personnelle,
1576 1382 1741 1417 épouserait
1757 1391 1900 1415 personne
1914 1381 1949 1407 de
1967 1389 1998 1413 30
2015 1383 2030 1406 à
2046 1389 2079 1414 40
2096 1388 2158 1411 ans,
2177 1383 2266 1414 ayant

1367 1419 1509 1447 situation
1525 1419 1559 1446 de
1576 1420 1701 1446 fortune.
1719 1433 1750 1437 —
1766 1418 1791 1445 N
1796 1424 1802 1431 -
1820 1419 1893 1445 6221.

1404 1477 1579 1506 Demoiselle
1602 1487 1635 1512 47
1656 1486 1718 1510 ans,
1743 1475 1890 1507 instruite,
1908 1474 2083 1507 distinguée,
2100 1472 2151 1499 dot
2168 1481 2266 1507 50.000

1367 1514 1415 1547 fr.,
1433 1513 1598 1548 épouserait
1615 1511 1763 1540 monsieur
1779 1512 1901 1544 sérieux,
1921 1509 2037 1542 cultivé,
2061 1514 2150 1544 ayant
2172 1509 2267 1535 bonne

1369 1550 1521 1578 situation.
1539 1564 1570 1568 —
1587 1549 1623 1576 N'
1640 1550 1719 1576 6222.

2345 363 2484 398 Employé
2499 363 2548 389 des
2566 362 2679 394 Postes,
2703 372 2736 396 34
2766 370 2828 392 ans,
2860 360 2964 395 grand,
2995 360 3081 389 brun,
3113 357 3208 392 plutôt

2310 400 2412 431 mince,
2429 408 2528 426 20.000
2549 398 2595 430 fr.,
2619 396 2784 431 épouserait
2813 398 2939 424 honnête
2960 403 3103 430 personne
3119 397 3208 428 ayant

2309 435 2433 470 qualités
2448 436 2484 462 de
2498 444 2587 461 cœur.
2602 448 2617 453 -
2632 433 2658 461 N
2662 440 2667 445 -
2683 435 2765 468 6241.

2345 492 2530 521 Cultivateur
2556 490 2715 525 distingué,
2744 490 2918 524 catholique,
2949 493 3006 517 très
3037 487 3209 517 affectueux,

2308 528 2386 559 veuf,
2403 530 2476 556 deux
2492 527 2607 555 enfants
2624 527 2729 560 placés,
2747 526 2819 554 belle
2836 526 2948 553 maison
2977 526 3012 552 de
3040 531 3210 557 campagne,

2310 565 2450 600 quelques
2463 569 2571 597 rentes,
2587 564 2613 590 le
2629 569 2692 589 tout
2708 571 2808 596 75.000
2832 564 2867 589 fr.
2909 560 3076 596 épouserait
3102 556 3212 586 demoi¬

2311 601 2379 629 selle
2404 610 2439 627 ou
2471 609 2561 627 veuve
2586 608 2655 626 sans
2679 598 2788 630 enfant,
2818 597 2994 631 catholique,
3026 595 3209 622 affectueuse,

2312 638 2346 664 de
2362 646 2394 670 45
2411 646 2462 663 ans
2479 635 2611 663 environ.
2629 649 2642 653 -
2657 633 2692 661 N'
2710 635 2790 669 6242.

2347 693 2427 721 Veuf
2438 704 2470 728 50
2485 703 2547 720 ans.
2565 691 2748 725 cordonnier,
2768 701 2837 718 sans
2866 690 2975 722 enfant,
2993 699 3062 718 sans
3086 688 3212 718 fortune,

2311 733 2454 757 caractère
2482 729 2570 762 doux,
2602 727 2781 759 travailleur,
2821 733 2910 762 ayant
2938 725 3090 758 intérieur,
3120 722 3214 751 désire

2313 764 2402 793 union
2419 775 2486 792 avec
2500 764 2666 791 demoiselle
2682 773 2718 791 ou
2735 772 2826 791 veuve
2848 771 2916 790 sans
2945 762 3054 790 enfant,
3086 760 3121 787 de
3150 760 3183 794 30
3200 760 3215 784 à

2311 811 2346 836 40
2359 811 2422 834 ans,
2436 800 2511 834 jolie,
2528 800 2628 832 douce,
2646 799 2758 826 aimant
2773 808 2827 826 son
2843 798 2995 826 intérieur.
3014 813 3022 817 -
3042 796 3078 824 N‘
3095 799 3178 830 6243.

2403 899 2442 927 L.a
2459 897 2751 927 GRAPHOLOGIE
2765 897 2843 924 seule
2854 897 2966 924 dévoile
2980 899 3129 925 sûrement

2319 964 2368 1069 L
2395 962 2712 1066 AVEIM1K
2752 965 2800 1066 il
2835 953 2876 1065 11
2919 954 3216 1063 DESTIN

2352 1110 2430 1138 Pour
2444 1108 2572 1137 recevoir
2588 1117 2643 1136 une
2658 1108 2777 1143 analyse
2791 1106 2932 1140 détaillée,
2946 1106 2967 1133 il
2978 1105 3058 1134 suffit
3067 1105 3221 1138 d’envoyer

2318 1161 2331 1186 3
2344 1151 2377 1178 fr.
2385 1154 2400 1178 à
2410 1150 2446 1177 M.
2455 1148 2644 1179 Berthillaud,
2651 1154 2734 1175 route
2742 1146 2895 1175 Nationale
2904 1151 2918 1173 à
2930 1145 3092 1178 Bellevillef
3099 1145 3220 1175 Rhône).

2320 1236 2845 1304 Renseignements

2322 1325 2447 1348 sonnes
2477 1321 2510 1347 et
2545 1317 2639 1346 leurs
2670 1315 2828 1346 familles.
2857 1332 2896 1338 —
2925 1316 3051 1352 Agents
3081 1315 3115 1342 et
3143 1310 3220 1340 fila¬

2321 1362 2416 1388 tures
2433 1358 2514 1386 dans
2530 1360 2607 1387 tous
2624 1364 2717 1394 pays.
2733 1372 2772 1378 —
2790 1357 2898 1386 Marin
2915 1362 2930 1383 s
2947 1356 3107 1388 aeBume,
3122 1351 3142 1381 5
3158 1352 3217 1386 bis,

2323 1406 2385 1427 rue
2401 1397 2628 1434 Henry-Ding,
2646 1398 2663 1425 à
2680 1397 2849 1426 Grenoble
2864 1394 2998 1435 (Isère).

2462 1502 2610 1558 Avis
2652 1516 2768 1555 aux
2801 1500 3078 1556 Abonnés

1404 1608 1555 1636 Monsieur
1569 1616 1601 1642 45
1619 1617 1682 1641 ans,
1699 1606 1830 1640 employé
1845 1603 2124 1635 d’administration,
2139 1607 2270 1637 gagnant

1372 1654 1451 1673 1.000
1467 1645 1503 1672 fr.
1522 1653 1572 1678 par
1589 1643 1674 1676 mois,
1691 1649 1779 1676 ayant
1792 1652 1827 1669 en
1844 1641 1909 1675 plus
1921 1640 2009 1674 petite
2017 1639 2108 1666 ferme
2117 1645 2144 1665 et
2154 1638 2269 1665 enfants

1370 1681 1404 1708 de
1432 1689 1461 1714 14
1485 1690 1536 1707 ans
1564 1685 1591 1706 et
1615 1680 1631 1705 6
1657 1687 1720 1712 ans,
1743 1677 1908 1712 épouserait
1929 1675 2096 1703 demoiselle
2118 1684 2154 1701 ou
2180 1683 2270 1701 veuve

1370 1716 1560 1744 recherchant
1576 1713 1720 1742 affection.
1738 1729 1772 1733 —
1788 1713 1823 1741 N'
1840 1713 1920 1746 6223.

1406 1776 1496 1807 Jeune
1519 1774 1636 1801 homme
1653 1783 1683 1805 23
1700 1782 1763 1804 ans,
1788 1770 1919 1805 employé
1939 1770 1975 1797 de
1995 1769 2119 1803 banque,
2144 1767 2269 1799 sérieux,

1371 1810 1536 1845 épouserait
1553 1810 1634 1843 jeune
1650 1809 1707 1835 fille
1723 1807 1894 1841 comptable,
1916 1805 2062 1840 employée
2077 1805 2111 1832 de
2127 1804 2216 1838 l’état,
2233 1813 2270 1830 ou

1372 1853 1453 1874 autre
1465 1845 1616 1873 situation.
1635 1859 1665 1864 —
1683 1844 1719 1872 N'
1737 1845 1818 1878 6224.

1407 1910 1498 1942 Jeune
1527 1909 1644 1935 homme
1674 1907 1706 1934 26
1735 1916 1798 1938 ans,
1824 1904 1938 1939 parlant
1962 1903 2109 1939 plusieurs
2137 1902 2271 1936 langues,

1374 1945 1476 1973 mutilé
1491 1945 1525 1971 de
1538 1953 1642 1978 guerre
1659 1952 1726 1970 avec
1748 1941 1880 1975 pension,
1905 1939 2021 1967 ouvrier
2047 1947 2158 1972 maçon,
2184 1943 2273 1973 ayant

1373 1980 1519 2016 propriété
1534 1989 1569 2007 en
1585 1978 1715 2010 Tunisie,
1742 1975 1906 2012 épouserait
1930 1975 2096 2003 demoiselle
2110 1974 2230 2007 gentille
2245 1979 2273 2000 et

1373 2019 1509 2045 honnête.
1526 2031 1557 2035 —
1575 2015 1610 2043 N’
1627 2016 1707 2049 6225.

1410 2074 1585 2104 Célibataire
1609 2083 1640 2108 34
1666 2081 1728 2105 ans,
1752 2071 1882 2106 employé
1909 2071 1942 2097 de
1967 2078 2124 2096 commerce
2147 2071 2161 2095 à
2179 2067 2272 2102 Lyon,

1375 2110 1517 2139 situation
1532 2119 1615 2146 9.000
1630 2112 1666 2136 lr.
1683 2117 1735 2142 par
1748 2118 1795 2139 an,
1813 2106 1916 2138 petites
1933 2104 2095 2133 économies
2109 2103 2274 2137 personnel¬

1373 2147 1424 2180 les,
1441 2153 1559 2180 parents
1576 2143 1781 2179 propriétaires
1795 2142 2007 2174 d’immeubles,
2017 2141 2111 2168 désire
2124 2144 2273 2167 connaître

1374 2193 1447 2217 pour
1464 2182 1591 2216 mariage
1607 2179 1772 2207 demoiselle
1787 2178 1949 2206 couturière
1969 2187 2006 2204 ou
2030 2177 2140 2210 lingère
2163 2175 2275 2202 aimant

1374 2220 1399 2245 le
1415 2227 1583 2248 commerce,
1601 2216 1683 2243 avoir
1712 2215 1736 2242 si
1759 2214 1886 2249 possible
1910 2224 1917 2246 ;
1942 2223 2046 2240 veuves
2069 2222 2105 2239 ou
2126 2211 2273 2238 divorcées

1374 2253 1539 2282 s’abstenir.
1556 2267 1589 2272 —
1605 2252 1640 2280 N'
1657 2252 1737 2279 6226.

1411 2313 1501 2345 Jeune
1514 2312 1632 2339 homme
1649 2320 1681 2345 29
1696 2319 1759 2340 ans,
1775 2308 1880 2343 grand,
1902 2308 1988 2339 brun,
2011 2305 2152 2334 situation
2178 2314 2275 2339 14.000

1375 2348 1421 2380 fr.,
1451 2348 1546 2375 désire
1575 2346 1702 2380 mariage
1732 2355 1798 2372 avec
1825 2352 1968 2378 personne
1996 2343 2106 2377 grande
2122 2347 2149 2368 et
2169 2341 2272 2374 brune,

1376 2383 1521 2420 physique
1547 2383 1689 2418 agréable,
1714 2380 1855 2408 situation
1878 2389 1912 2406 en
1941 2384 2061 2412 rapport
2090 2383 2117 2404 et
2145 2381 2276 2411 pouvant

1375 2420 1458 2448 venir
1472 2429 1508 2446 au
1520 2419 1618 2446 Maroc
1631 2428 1639 2451 ;
1656 2420 1723 2452 âgée
1738 2417 1772 2443 de
1788 2425 1822 2451 25
1839 2422 1853 2442 â
1871 2424 1903 2449 30
1921 2423 1983 2442 ans.
2000 2429 2034 2433 —
2050 2413 2085 2441 N'
2100 2414 2179 2446 6227.

1412 2479 1501 2510 Jeune
1518 2477 1634 2504 homme
1650 2486 1682 2510 33
1694 2484 1757 2507 ans,
1772 2474 1837 2501 bien
1850 2483 1918 2500 sous
1928 2479 1994 2500 tous
2008 2477 2155 2505 rapports,
2166 2470 2275 2497 famille

1377 2513 1546 2545 honorable,
1570 2521 1727 2539 commerce
1750 2520 1784 2537 en
1809 2518 1977 2542 campagne,
1995 2508 2075 2534 avoir
2110 2516 2210 2533 20.000
2226 2505 2273 2540 fr.,

1376 2549 1469 2577 désire
1495 2549 1623 2581 mariage
1648 2557 1714 2574 avec
1738 2545 1903 2573 demoiselle
1928 2554 1964 2571 ou
1987 2553 2076 2570 veuve
2098 2542 2275 2576 catholique,

1376 2586 1476 2618 douce,
1493 2584 1676 2616 affectueuse,
1694 2582 1836 2610 situation
1852 2590 1886 2607 en
1902 2585 2033 2615 rapport.
2049 2594 2083 2598 —
2100 2578 2134 2606 N'
2152 2579 2232 2606 6228.

1413 2642 1514 2670 Veuve
1529 2642 1563 2668 de
1579 2651 1692 2674 guerre,
1712 2649 1743 2671 50
1759 2649 1822 2666 ans.
1840 2639 1976 2670 honnête,
1993 2647 2032 2663 un
2048 2637 2094 2663 fils
2112 2636 2145 2662 de
2165 2646 2192 2670 15
2211 2645 2274 2664 ans,

1376 2677 1537 2706 économies
1554 2686 1634 2711 5.000
1650 2676 1684 2704 fr.
1701 2682 1728 2702 et
1745 2674 1888 2707 mobilier,
1905 2673 1998 2700 désire
2015 2672 2105 2699 union
2122 2681 2188 2698 avec
2209 2670 2280 2698 veuf

1376 2715 1411 2742 de
1427 2723 1457 2748 50
1474 2717 1488 2740 à
1504 2715 1538 2740 60
1554 2722 1617 2744 ans,
1635 2712 1690 2739 bon
1707 2711 1886 2742 travailleur,
1902 2709 1936 2736 de
1949 2708 2111 2743 préférence
2127 2710 2141 2734 à
2156 2707 2182 2734 la
2198 2716 2277 2734 cam¬

1377 2759 1480 2785 pagne,
1499 2759 1571 2783 pour
1587 2748 1627 2775 lui
1643 2748 1722 2775 aider
1737 2747 1809 2774 dans
1826 2745 1947 2773 culture.
1966 2758 1978 2764 -
1993 2744 2029 2772 N'
2045 2745 2123 2779 6229.

1413 2811 1589 2840 Célibataire
1617 2820 1653 2846 49
1679 2819 1744 2843 ans,
1773 2819 1807 2835 au
1839 2808 1871 2835 P.
1890 2807 1921 2834 L.
1940 2806 1991 2839 M.,
2009 2816 2091 2840 7.000
2105 2805 2140 2832 fr.
2158 2815 2210 2839 par
2226 2814 2273 2836 an,

1377 2847 1458 2875 avoir
1484 2856 1582 2881 25.000
1608 2846 1643 2873 fr.
1667 2844 1759 2873 désire
1784 2843 1911 2877 mariage
1935 2842 2102 2869 demoiselle
2123 2851 2160 2868 ou
2184 2850 2277 2868 veuve

1377 2893 1445 2911 sans
1461 2884 1587 2915 enfants,
1605 2882 1784 2914 charmante,
1801 2889 1868 2907 avec
1885 2878 1976 2911 avoir,
1994 2883 2114 2911 rapport
2128 2877 2222 2910 d’âge.
2244 2890 2276 2895 —

1377 2920 1413 2947 N*
1429 2920 1511 2953 6230.

1413 2975 1616 3005 Sous-officier
1631 2973 1814 3002 d’infanterie
1829 2972 1978 3003 coloniale,
1997 2981 2029 3006 34
2046 2981 2109 3001 ans,
2125 2969 2195 2997 veuf
2208 2979 2277 2997 sans

1378 3013 1487 3045 enfant,
1505 3011 1663 3046 possédant
1678 3010 1896 3038 établissement
1918 3009 1990 3035 dans
2015 3006 2125 3041 grande
2149 3006 2218 3032 ville
2237 3005 2276 3032 du

1377 3049 1485 3081 Maroc,
1506 3047 1590 3075 fonds
1615 3046 1805 3080 disponibles,
1833 3044 1927 3072 désire
1952 3043 2080 3076 mariage
2104 3051 2170 3069 avec
2194 3042 2276 3074 jeune

1376 3085 1435 3112 fille
1449 3084 1485 3110 de
1499 3093 1533 3118 24
1548 3087 1564 3110 à
1580 3092 1613 3116 27
1626 3092 1679 3109 ans
1694 3091 1730 3109 ou
1751 3090 1842 3108 veuve
1866 3089 1934 3107 sans
1965 3078 2076 3111 enfant,
2093 3079 2183 3105 même
2212 3080 2276 3111 âge,

1377 3122 1558 3153 compétente
1574 3128 1647 3152 pour
1664 3117 1739 3145 tenir
1755 3117 1843 3149 hôtel,
1861 3115 2003 3143 situation
2020 3124 2054 3141 en
2075 3119 2205 3147 rapport,
2224 3122 2275 3146 pas

1377 3156 1490 3184 sérieux
1507 3153 1672 3182 s’abstenir.
1689 3167 1724 3173 —
1739 3152 1774 3180 N'
1791 3154 1872 3188 6195.

1414 3213 1590 3241 Célibataire
1607 3213 1639 3246 36
1656 3220 1719 3243 ans,
1743 3215 1917 3245 protestant,
1939 3208 2044 3243 grand,
2065 3206 2189 3238 sérieux,
2211 3208 2277 3240 pré¬

1378 3255 1496 3276 sentant
1512 3249 1588 3281 bien,
1607 3248 1664 3275 bon
1680 3247 1791 3280 métier,
1821 3255 1873 3281 900
1890 3245 1924 3272 fr.
1953 3254 2005 3279 par
2023 3243 2106 3277 mois,
2123 3251 2223 3276 25.000
2239 3241 2276 3268 fr.

1377 3284 1549 3318 économies,
1567 3284 1661 3312 désire
1678 3282 1805 3316 mariage
1824 3291 1890 3309 avec
1912 3280 1993 3314 jeune
2016 3279 2072 3306 fille
2088 3278 2226 3312 sérieuse,
2242 3277 2277 3304 de

1376 3331 1410 3356 25
1424 3323 1439 3348 à
1455 3330 1489 3355 30
1505 3330 1568 3348 ans.
1585 3334 1617 3338 —
1633 3319 1669 3347 N'
1686 3319 1758 3346 6218

1414 3382 1589 3411 Demoiselle
1619 3392 1651 3417 35
1674 3391 1737 3414 ans,
1754 3379 1930 3413 catholique,
1959 3377 2097 3412 sérieuse,
2127 3375 2277 3409 instruite,

1378 3425 1466 3455 ayant
1482 3419 1542 3451 dot,
1560 3417 1725 3451 épouserait
1739 3416 1887 3444 monsieur
1904 3414 2026 3442 instruit
2048 3420 2075 3440 et
2099 3413 2164 3440 bien
2189 3413 2277 3445 élevé,

1378 3461 1467 3490 ayant
1483 3454 1625 3482 situation
1641 3457 1655 3481 à
1677 3456 1701 3480 la
1727 3452 1804 3486 ville,
1830 3460 1881 3486 pas
1910 3451 2023 3478 sérieux
2050 3448 2219 3477 s’abstenir.
2245 3462 2278 3466 —

1377 3492 1413 3520 N'
1430 3493 1511 3524 6231.

1414 3552 1592 3581 Célibataire
1609 3551 1681 3585 seul,
1699 3560 1732 3585 39
1745 3560 1809 3583 ans,
1831 3548 1952 3583 peintre,
1970 3548 2041 3575 beau
2055 3557 2173 3582 garçon,
2191 3548 2278 3580 brun,

1377 3599 1429 3623 pas
1443 3588 1569 3621 fumeur,
1588 3597 1691 3615 10.000
1706 3587 1742 3613 fr.
1759 3584 1931 3617 économies,
1949 3584 2116 3618 épouserait
2127 3583 2210 3616 jeune
2223 3582 2279 3610 fille

1376 3635 1414 3652 ou
1431 3625 1514 3657 jeune
1528 3633 1620 3650 veuve
1636 3623 1713 3655 jolie,
1729 3621 1919 3655 intelligente,
1945 3629 2061 3654 propre,
2091 3619 2221 3652 gentille,
2243 3628 2279 3646 ne

1381 3660 1537 3694 regardant
1554 3668 1604 3693 pas
1621 3662 1635 3685 à
1652 3659 1678 3685 la
1694 3657 1837 3685 situation
1853 3655 1886 3682 de
1903 3655 2027 3683 fortune.
2045 3670 2078 3674 —
2094 3654 2128 3683 N'
2143 3656 2224 3688 6232.

1415 3717 1565 3744 Monsieur
1581 3716 1704 3748 sérieux,
1723 3717 1756 3749 36
1785 3725 1847 3747 ans,
1865 3713 1929 3741 bien
1944 3713 2181 3748 physiquement,
2205 3713 2279 3740 deux

1376 3754 1466 3787 petits
1480 3761 1605 3787 garçons
1620 3753 1637 3779 6
1652 3758 1680 3779 et
1695 3761 1710 3786 7
1727 3761 1790 3783 ans,
1803 3751 1838 3778 de
1853 3753 1994 3776 caractère
2004 3752 2062 3776 très
2073 3749 2162 3781 doux,
2175 3752 2279 3775 écono¬

1380 3789 1450 3817 mies
1468 3798 1570 3816 20.000
1588 3787 1637 3820 fr.,
1654 3790 1757 3820 gérant
1772 3787 1841 3814 d’un
1855 3786 1946 3819 grand
1965 3784 2109 3818 magasin,
2126 3784 2279 3817 appointe¬

1380 3831 1474 3853 ments
1487 3833 1579 3858 15.000
1592 3823 1639 3857 fr.,
1649 3822 1743 3850 désire
1753 3822 1880 3855 mariage
1890 3831 1956 3848 avec
1965 3819 2131 3848 demoiselle
2140 3819 2276 3851 sérieuse,

1378 3861 1444 3888 bien
1461 3859 1699 3895 physiquement,
1726 3868 1799 3892 pour
1820 3858 1843 3884 le
1867 3857 2003 3884 seconder
2023 3856 2097 3883 dans
2121 3864 2174 3882 son
2199 3864 2279 3882 com¬

1379 3906 1482 3924 merce.
1499 3911 1528 3915 —
1546 3895 1582 3923 N'
1599 3896 1668 3929 6233

1413 3951 1504 3977 Dame
1519 3949 1652 3976 divorcée
1663 3958 1697 3975 en
1714 3957 1744 3974 sa
1759 3947 1868 3978 faveur,
1886 3944 1951 3972 bien
1963 3954 2032 3972 sous
2045 3951 2110 3972 tous
2127 3949 2274 3977 rapports,

1375 3996 1409 4020 47
1422 3994 1486 4018 ans,
1503 3985 1553 4011 dot
1568 3984 1669 4012 80.000
1685 3983 1733 4015 fr.,
1750 3987 1853 4018 argent
1869 3987 1896 4007 et
1912 3980 2084 4014 propriétés,
2111 3978 2277 4013 épouserait

1379 4020 1530 4048 monsieur
1542 4020 1608 4047 bien
1619 4029 1688 4047 sous
1700 4024 1765 4046 tous
1775 4019 1816 4046 les
1826 4022 1973 4050 rapports,
1982 4016 2102 4042 retraité
2111 4024 2148 4042 ou
2158 4015 2277 4042 rentier.

1380 4071 1412 4076 —
1428 4056 1453 4084 N
1458 4063 1463 4068 -
1482 4058 1562 4091 6234.

1414 4110 1504 4142 Jeune
1522 4110 1589 4142 fille,
1603 4118 1634 4142 23
1648 4118 1710 4140 ans,
1728 4107 1902 4141 distinguée,
1915 4104 1980 4132 bien
1992 4113 2060 4131 sous
2078 4110 2143 4131 tous
2156 4104 2195 4130 les
2209 4112 2278 4135 rap¬

1377 4151 1469 4179 ports,
1486 4144 1661 4178 catholique,
1680 4143 1869 4175 musicienne,
1886 4141 2023 4171 sérieuse,
2037 4139 2102 4167 bien
2115 4139 2277 4174 physique¬

1378 4187 1468 4213 ment,
1504 4184 1560 4208 très
1596 4180 1689 4207 bonne
1723 4178 1842 4212 famille,
1873 4177 2064 4210 intelligente,
2091 4173 2276 4206 affectueuse,

1378 4217 1448 4244 belle
1464 4218 1514 4243 dot
1529 4223 1556 4243 et
1572 4219 1751 4249 espérances,
1768 4212 1932 4247 épouserait
1949 4213 2030 4244 jeune
2048 4211 2163 4238 homme
2183 4213 2235 4244 âge
2249 4215 2277 4236 et

1377 4252 1519 4279 situation
1536 4262 1570 4279 en
1586 4258 1716 4285 rapport.
1734 4265 1766 4269 —
1782 4250 1817 4278 N'
1834 4250 1916 4282 6235.

1414 4304 1537 4332 Divorcé
1553 4309 1567 4332 à
1584 4314 1637 4332 son
1654 4303 1749 4338 profit,
1766 4305 1800 4331 60
1816 4311 1879 4334 ans,
1896 4310 1964 4328 sans
1979 4299 2100 4332 famille,
2117 4304 2205 4333 ayant
2220 4298 2277 4325 im¬

1378 4341 1491 4368 meuble
1502 4341 1571 4368 d’un
1587 4346 1707 4374 rapport
1721 4340 1754 4366 de
1770 4347 1850 4372 3.200
1867 4337 1902 4364 fr.
1918 4343 1976 4369 net,
1993 4336 2058 4369 plus
2082 4334 2223 4362 situation
2242 4334 2277 4360 de

1378 4385 1458 4409 3.000
1475 4376 1521 4408 fr.,
1540 4375 1704 4410 épouserait
1720 4384 1809 4402 veuve
1825 4383 1861 4401 ou
1874 4372 2006 4399 divorcée
2026 4371 2059 4397 de
2075 4370 2109 4405 48
2124 4373 2139 4397 à
2160 4372 2193 4398 60
2210 4379 2275 4403 ans,

1376 4418 1466 4447 ayant
1481 4412 1574 4440 avoir.
1590 4426 1622 4430 —
1635 4411 1671 4439 N"
1688 4412 1768 4444 6236.

1414 4465 1588 4493 Demoiselle
1600 4474 1631 4498 35
1644 4474 1707 4497 ans,
1720 4461 1898 4491 institutrice
1908 4460 2057 4495 publique,
2066 4458 2164 4493 petite,
2173 4459 2276 4493 brune,

1378 4500 1523 4536 physique
1550 4501 1696 4534 agréable,
1726 4499 1815 4526 douce
1844 4503 1871 4524 et
1901 4496 2083 4528 affectueuse,
2110 4495 2277 4528 épouserait

1378 4536 1526 4565 monsieur
1546 4539 1598 4571 âge
1619 4546 1653 4563 en
1674 4541 1802 4567 rapport,
1829 4531 2051 4564 fonctionnaire,
2078 4530 2215 4558 militaire
2241 4530 2276 4557 de

1377 4572 1549 4607 préférence,
1566 4581 1602 4599 ou
1619 4572 1750 4605 employé
1765 4571 1798 4597 de
1813 4571 1931 4597 bureau.
1948 4582 1982 4587 —
1997 4567 2035 4595 N'
2051 4568 2133 4601 6237.

1414 4626 1589 4654 Célibataire
1625 4635 1659 4659 44
1688 4633 1750 4656 ans,
1783 4621 2019 4655 sous-brigadier
2052 4620 2102 4648 des
2134 4620 2274 4653 douanes,

1377 4663 1462 4694 brun,
1485 4661 1609 4694 sérieux,
1631 4659 1710 4687 avoir
1732 4668 1831 4692 30.000
1850 4657 1896 4688 fr.,
1919 4656 2083 4692 épouserait
2108 4655 2275 4683 demoiselle

1376 4708 1412 4726 ou
1440 4707 1531 4725 veuve
1554 4705 1622 4724 sans
1644 4695 1752 4728 enfant,
1777 4695 1812 4722 de
1838 4702 1869 4728 32
1892 4697 1907 4720 à
1928 4704 1962 4728 40
1983 4702 2045 4725 ans,
2074 4691 2210 4719 sérieuse.
2243 4706 2275 4710 —

1376 4734 1410 4762 N'
1427 4734 1509 4767 6238.

1413 4785 1588 4814 Célibataire
1606 4794 1637 4815 50
1653 4794 1716 4815 ans,
1734 4788 1927 4815 commerçant
1942 4791 1977 4809 en
1994 4781 2115 4815 Guinée,
2137 4790 2171 4808 en
2198 4779 2275 4807 train

1375 4822 1409 4849 de
1438 4825 1575 4856 préparer
1608 4820 1734 4854 grandes
1760 4817 1941 4854 plantations
1970 4817 2005 4845 de
2031 4817 2162 4849 caféiers,
2192 4815 2274 4843 avoir

1376 4867 1469 4893 15.000
1486 4857 1532 4890 fr.,
1550 4855 1643 4884 désire
1661 4855 1788 4888 mariage
1804 4864 1841 4881 en
1854 4860 1985 4886 rapport.
2001 4868 2035 4872 —
2052 4853 2086 4880 N'
2104 4853 2186 4887 6239.

1412 4908 1616 4938 Sous-officier
1631 4909 1666 4935 de
1681 4907 1812 4940 carrière,
1827 4907 1859 4933 28
1870 4905 2123 4939 ans,-traitement,
2139 4906 2226 4938 7.600
2237 4903 2273 4930 lr.

1374 4956 1427 4980 par
1459 4956 1508 4977 an,
1541 4943 1777 4977 correspondrait
1809 4951 1877 4970 avec
1908 4940 2087 4968 institutrice
2119 4949 2156 4966 ou
2191 4944 2275 4966 autre

1374 4981 1480 5016 emploi
1496 4981 1529 5008 de
1546 4990 1579 5008 20
1590 4983 1605 5006 à
1622 4980 1656 5007 28
1671 4988 1734 5007 ans.
1750 4994 1784 4998 —
1800 4979 1835 5006 N'
1852 4976 1931 5003 6168.

1410 5033 1527 5062 Officier
1543 5033 1577 5061 de
1592 5032 1676 5066 génie
1691 5032 1725 5059 de
1750 5032 1864 5059 l’armée
1893 5029 1995 5060 active,
2027 5037 2058 5062 33
2085 5037 2147 5060 ans,
2178 5026 2274 5054 désire

1374 5069 1502 5104 mariage
1517 5078 1585 5096 avec
1602 5069 1684 5102 jeune
1700 5067 1757 5095 fille
1773 5077 1809 5095 ou
1827 5067 1910 5100 jeune
1924 5074 2015 5092 veuve
2025 5063 2110 5091 aisée.
2124 5076 2134 5081 -
2144 5062 2178 5090 N'
2191 5064 2272 5096 6240.

2365 1613 2461 1640 Nous
2489 1611 2693 1640 conseillons
2719 1616 2794 1638 aux
2820 1615 3012 1644 personnes
3025 1606 3182 1642 pouvant
3196 1606 3224 1634 le

2325 1652 2427 1686 faire,
2456 1652 2495 1680 de
2522 1651 2697 1679 souscrire
2713 1657 2761 1679 un
2784 1650 3018 1679 abonnement
3032 1646 3072 1677 dê
3087 1649 3108 1676 8
3124 1646 3224 1678 mois,

2325 1693 2357 1721 et
2372 1693 2412 1720 de
2424 1690 2630 1726 préférence
2654 1692 2667 1719 1
2686 1697 2745 1719 an.
2762 1691 2851 1719 Elles
2874 1693 3005 1719 auront
3026 1687 3224 1721 l'avantage

2325 1733 2365 1761 de
2380 1738 2423 1759 ne
2435 1737 2500 1766 pas
2512 1732 2640 1765 perdre
2661 1731 2701 1759 de
2722 1737 2787 1759 vue
2811 1737 2860 1759 un
2879 1731 2953 1759 seul
2969 1729 3105 1758 abonné
3130 1727 3163 1756 et
3186 1727 3225 1755 de

2325 1773 2473 1801 réaliser
2488 1778 2556 1801 une
2570 1772 2747 1800 économie
2761 1772 2801 1799 de
2816 1773 2863 1800 20
2876 1770 2926 1805 %.

2367 1866 2469 1894 AVIS.
2503 1881 2537 1885 —
2567 1866 2629 1894 Les
2659 1865 2815 1893 Abonnés
2842 1864 2882 1893 de
2911 1863 2943 1892 la
2961 1863 3100 1892 REVUE
3117 1861 3226 1890 MEN¬

2327 1906 2494 1939 SUELLE,
2520 1904 2672 1934 désirant
2702 1904 2859 1934 recevoir
2882 1904 2913 1932 la
2940 1914 2958 1930 «
2972 1905 3090 1932 Revue
3106 1912 3122 1928 »
3146 1908 3225 1929 sous

2328 1946 2534 1984 enveloppes
2565 1945 2712 1974 fermées
2742 1946 2820 1974 sont
2853 1943 2944 1980 priés
2973 1942 3165 1972 d’adresser
3194 1940 3224 1969 la

2328 1993 2457 2016 somme
2475 1986 2515 2014 de
2530 1986 2549 2014 2
2565 1985 2604 2013 fr.
2621 1992 2663 2014 en
2679 1985 2756 2022 plus
2773 1992 2860 2021 pour
2884 1983 2934 2012 les
2965 1982 3047 2012 frais
3079 1982 3119 2010 de
3146 1980 3226 2011 tim¬

2328 2026 2408 2055 bres
2423 2033 2431 2061 ;
2463 2026 2513 2055 les
2538 2024 2690 2055 abonnés
2718 2027 2796 2054 sont
2825 2023 3021 2061 également
3047 2022 3141 2059 priés
3186 2020 3228 2049 de

2329 2065 2472 2095 timbrer
2502 2066 2593 2094 leurs
2625 2065 2744 2094 lettres
2774 2066 2792 2093 à
2820 2065 2859 2093 25
2875 2066 2963 2094 cent,
2991 2069 3078 2101 pour
3094 2068 3227 2091 corres¬

2328 2106 2459 2145 pondre
2470 2108 2567 2135 entre
2583 2105 2746 2136 abonnés.

2369 2207 2493 2235 Jeunes
2512 2212 2606 2240 gens,
2626 2205 2754 2240 jeunes
2780 2204 2865 2238 filles
2892 2204 2925 2233 et
2954 2208 3038 2232 vous
3067 2203 3143 2231 tous
3171 2201 3229 2236 qui

2329 2246 2459 2276 désirez
2497 2252 2583 2274 vous
2619 2246 2767 2276 marier,
2807 2244 3000 2272 demandez
3037 2243 3067 2271 le
3097 2242 3230 2271 GUIDE

2330 2287 2555 2318 PRATIQUE
2588 2286 2653 2315 DU
2683 2284 2896 2314 BONHEUR
2929 2285 2994 2312 EN
3027 2274 3228 2313 MÉNAGE,

2331 2326 2518 2356 contenant
2533 2327 2590 2355 des
2604 2332 2642 2354 co
2650 2326 2748 2354 nseils
2761 2325 2830 2353 très
2844 2324 2944 2353 utiles
2954 2329 3046 2357 pour
3055 2323 3085 2351 le
3095 2322 3230 2351 maria¬

2329 2373 2381 2402 ge,
2399 2368 2427 2395 le
2441 2368 2578 2396 volume
2589 2372 2661 2400 par
2675 2367 2703 2394 J.
2725 2356 2954 2394 PÉLISSIER
2976 2363 3135 2397 pouvant
3157 2359 3229 2391 être

2330 2409 2366 2436 lu
2377 2413 2448 2441 par
2463 2407 2536 2435 tout
2551 2407 2580 2435 le
2593 2407 2727 2434 monde.

2371 2448 2539 2475 Adressez
2554 2447 2588 2475 la
2602 2452 2734 2475 somme
2748 2445 2787 2474 de
2797 2446 2818 2473 3
2830 2444 2877 2479 fr.
2896 2445 2941 2473 50
2956 2442 2978 2472 à
2992 2444 3026 2472 la
3042 2441 3231 2471 Directrice

2330 2488 2370 2515 de
2385 2488 2419 2515 la
2433 2487 2583 2516 REVUE
2597 2485 2876 2517 MENSUELLE,
2894 2484 2954 2520 qui
2973 2489 3059 2512 vous
3087 2480 3231 2510 l'adres¬

2328 2533 2410 2556 sera
2424 2528 2551 2560 franco
2566 2528 2606 2555 de
2616 2526 2710 2560 port.

2372 2623 2435 2650 Les
2463 2626 2640 2649 annonces
2667 2621 2755 2648 dans
2784 2619 2818 2646 la
2833 2620 2850 2647 «
2866 2620 2979 2647 Revue
2996 2623 3013 2646 »
3039 2617 3118 2645 sont
3149 2616 3189 2644 de
3208 2615 3230 2644 4

2332 2662 2442 2696 lignes
2457 2667 2504 2689 au
2519 2661 2719 2689 maximun.
2734 2660 2992 2692 Lespersonnes
3008 2657 3067 2692 qui
3081 2655 3233 2684 désirent

2331 2702 2410 2730 leur
2434 2706 2596 2729 annonce
2617 2700 2696 2734 plus
2711 2700 2838 2733 longue
2848 2697 3015 2732 paieront
3027 2702 3078 2725 un
3092 2695 3232 2730 supplé¬

2333 2741 2428 2770 ment
2441 2741 2480 2769 de
2495 2741 2516 2769 3
2531 2739 2580 2774 fr.
2598 2741 2632 2769 la
2648 2739 2750 2774 ligne.

2372 2835 2422 2863 La
2437 2835 2454 2863 «
2465 2835 2580 2863 Revue
2594 2834 2779 2862 Mensuelle
2787 2841 2804 2857 »
2821 2831 2957 2865 accepte
2972 2830 3083 2860 toutes
3097 2835 3232 2858 annon¬

2332 2881 2385 2904 ces
2413 2874 2673 2904 commerciales
2700 2880 2745 2901 ou
2760 2872 2891 2906 autres,
2907 2871 2974 2900 soit
2983 2870 3112 2903 ventes,
3130 2869 3232 2904 fonds

2332 2917 2371 2944 de
2384 2920 2577 2944 commerce
2592 2920 2636 2942 ou
2651 2912 2832 2942 industrie.

2359 3050 2769 3108 ANNONCES
2826 3046 3205 3104 DIVERSES

2342 3183 2353 3207 A
2396 3183 2400 3224 |
2424 3182 2460 3213 ni
2475 3182 2545 3213 ICD
2594 3174 2724 3205 maison
2746 3172 2963 3204 d’habitation
2995 3174 3013 3202 à
3040 3171 3072 3200 la
3102 3177 3233 3207 campa¬

2336 3206 2358 3238 it
2395 3206 2546 3253 LUULn
2593 3223 2671 3253 gne,
2689 3215 2730 3244 de
2741 3216 2761 3244 6
2776 3215 2794 3243 à
2809 3215 2829 3242 8
2845 3214 2960 3251 pièces
2986 3211 3138 3248 garnies,
3165 3211 3233 3246 jar¬

2333 3256 2401 3290 din,
2416 3255 2574 3285 banlieue
2590 3255 2688 3285 d’une
2711 3254 2814 3290 petite
2836 3254 2927 3288 ville,
2940 3260 3022 3291 pays
3048 3252 3089 3281 de
3113 3250 3234 3281 chasse

2334 3298 2368 3326 et
2384 3296 2423 3325 de
2438 3295 2558 3334 pêche.
2577 3311 2596 3317 -
2611 3296 2652 3326 N-
2670 3295 2719 3325 10.

2336 3352 2360 3406 A
2396 3351 2401 3376 l
2425 3350 2550 3376 mirn
2598 3346 2838 3383 appartement
2871 3344 2890 3372 4
2921 3341 3038 3379 pièces
3081 3337 3232 3377 garnies.

2396 3376 2550 3408 LUUI_n
2596 3386 2615 3414 2
2631 3385 2824 3415 chambres,
2842 3383 2925 3412 salle
2943 3386 2959 3411 à
2977 3388 3131 3417 manger,
3159 3378 3234 3409 cui¬

2334 3425 2419 3459 sine,
2438 3424 2615 3460 vestibule,
2625 3423 2869 3458 water-closet,
2882 3422 3018 3453 cabinet
3033 3421 3074 3450 de
3090 3419 3232 3450 toilette.

2333 3482 2351 3488 -
2367 3466 2407 3496 N-
2425 3466 2473 3494 11.

2338 3521 2360 3576 A
2401 3521 2489 3562 \/ri\l
2502 3520 2558 3561 DR
2569 3520 2592 3561 F
2639 3513 2767 3551 grande
2800 3511 2977 3550 propriété
3011 3509 3235 3547 comprenant

2405 3544 2418 3574 V
2433 3549 2455 3576 L.
2466 3544 2488 3576 IM
2502 3543 2592 3576 UnL
2639 3554 2789 3583 maisons
2804 3553 2844 3582 de
2854 3551 2977 3581 maître
2987 3554 3021 3580 et
3030 3550 3071 3580 de
3082 3547 3232 3578 fermier.

2334 3594 2414 3624 Prix
2429 3595 2448 3624 à
2465 3594 2630 3624 débattre.
2647 3593 2665 3622 -
2681 3593 2709 3622 N
2715 3601 2721 3607 -
2740 3593 2788 3622 12.

2340 3651 2358 3692 A
2401 3649 2423 3691 V
2433 3650 2456 3686 F
2467 3651 2490 3691 M
2503 3650 2526 3690 n
2536 3650 2558 3690 R
2570 3648 2593 3690 F
2638 3642 2745 3680 petite
2774 3641 2882 3670 ferme
2913 3640 3140 3676 comprenant
3169 3639 3237 3666 ter-

2338 3674 2360 3704 M
2406 3678 2418 3704 V
2433 3672 2490 3705 L15
2503 3672 2558 3705 Un
2570 3678 2593 3705 L
2640 3682 2731 3711 rains
2749 3685 2782 3711 et
2799 3682 2929 3710 maison
2957 3678 3176 3709 d’habitation
3194 3677 3234 3706 de

2334 3723 2484 3753 fermier.
2504 3722 2584 3752 Prix
2601 3731 2607 3752 :
2626 3722 2738 3751 20.000
2752 3722 2791 3750 fr.
2810 3721 2829 3750 -
2844 3721 2885 3750 N-
2905 3720 2953 3749 13.

2340 3779 2358 3821 A
2404 3777 2595 3820 UFNnRF
2642 3770 2772 3800 maison
2782 3768 3001 3799 d'habitation
3011 3768 3093 3797 dans
3100 3766 3236 3802 village,

2338 3803 2360 3834 U
2408 3804 2458 3834 "L
2505 3801 2594 3834 UnC.
2641 3819 2724 3840 avec
2738 3812 2757 3840 4
2771 3811 2789 3839 à
2803 3810 2823 3839 5
2838 3809 2998 3840 hectares
3015 3808 3056 3838 de
3072 3806 3232 3837 terrains.

2334 3852 2414 3882 Prix
2430 3852 2447 3881 à
2465 3851 2628 3881 débattre.
2646 3852 2664 3880 -
2679 3852 2719 3880 N'
2739 3851 2786 3880 14.

2339 3908 2531 3964 GRANDS
2561 3907 2667 3963 VINS
2703 3905 2965 3963 MOUSSEUX
3011 3906 3043 3929 "

2334 3988 2416 4010 avec
2440 3980 2489 4010 les
2515 3980 2591 4018 plus
2620 3980 2745 4017 grands

2333 4021 2500 4050 modérés.
2519 4036 2537 4041 -
2551 4020 2581 4049 N
2586 4028 2593 4035 1
2611 4020 2660 4049 15.

3011 3935 3235 3966 rivalisant

2776 3979 3019 4017 champagnes.
3052 3976 3132 4006 Prix
3163 3975 3233 4004 très

2336 4077 2358 4130 A
2400 4075 2591 4131 VENDRE

2335 4165 2358 4218 A
2402 4163 2595 4219 VENDRE

2331 4237 2532 4267 GHABAUD.

2637 4068 2785 4097 terrains
2807 4075 2895 4105 pour
2923 4067 2954 4096 la
2984 4062 3231 4096 construction.

2637 4107 2936 4145 Paris-Plage,site
2953 4107 3136 4136 ravissant.
3150 4104 3179 4134 N
3198 4104 3234 4132 16

2639 4157 2855 4186 lotissement
2870 4157 2911 4185 de
2926 4156 3076 4185 terrains
3099 4155 3118 4183 à
3133 4156 3234 4183 Arca-

2640 4197 2738 4226 chon.
2756 4213 2793 4218 —
2809 4197 3005 4225 S’adresser
3020 4197 3038 4225 à
3060 4197 3149 4224 Mme
3168 4194 3232 4222 Vve

2334 4292 2358 4346 A
2398 4292 2421 4330 V
2431 4292 2454 4330 F
2464 4295 2488 4330 N
2500 4292 2524 4330 [A
2533 4292 2556 4329 R
2567 4286 2591 4329 F
2633 4285 2651 4315 b
2656 4293 2674 4314 0
2678 4285 2723 4314 '!®
2752 4285 2906 4315 carrière
2942 4285 2983 4314 de
3019 4283 3153 4323 pierres
3192 4282 3232 4311 de

2404 4317 2417 4347 V
2431 4317 2488 4347 L15
2501 4316 2524 4348 U
2534 4322 2557 4347 11
2568 4316 2591 4348 C
2633 4325 2726 4355 taille
2743 4326 2783 4355 de
2792 4325 2881 4354 belle
2891 4325 3028 4363 qualité.
3037 4323 3232 4352 S’adresser

2333 4367 2351 4395 à
2379 4365 2566 4396 Directrice
2595 4368 2709 4396 Revue
2741 4368 2935 4402 Mensuelle,
2967 4366 2986 4394 à
3015 4363 3232 4393 Montélimar

2332 4405 2492 4444 (Drôme).

2335 4461 2439 4499 \/nill
2467 4461 2668 4498 F7-\/flllÇ
2715 4458 2856 4485 trouver
2884 4461 2929 4483 un
2959 4453 3135 4490 logement
3160 4451 3178 4480 à
3202 4450 3232 4478 la

2340 4486 2521 4519 VUULlZ.
2551 4485 2669 4518 VUUo
2715 4501 2903 4531 campagne
2945 4500 2989 4522 ou
3031 4499 3074 4521 en
3112 4490 3191 4520 ville
3213 4489 3233 4518 ?

2332 4535 2602 4565 Adressez-vous
2624 4536 2643 4565 à
2670 4535 2756 4564 Mme
2786 4536 2852 4562 Vve
2876 4532 3082 4566 GHABAUD,
3113 4531 3229 4560 Direc¬

2332 4575 2417 4605 trice
2447 4576 2486 4605 de
2514 4575 2543 4604 la
2574 4578 2591 4606 «
2616 4577 2730 4606 Revue
2743 4575 2926 4604 Mensuelle
2951 4583 2967 4599 »
3011 4571 3068 4609 qui
3106 4576 3233 4608 pourra

2332 4616 2509 4654 s’occuper
2526 4619 2730 4653 moyennant
2746 4613 2963 4648 rétribution,
2982 4611 3023 4641 de
3038 4618 3122 4640 vous
3133 4614 3232 4640 trou¬

2330 4664 2391 4686 ver
2406 4664 2450 4685 un
2467 4656 2651 4694 logement.

2334 4715 2415 4781 U
2455 4711 2848 4755 nTDETTQTf'G
2848 4713 2856 4731 1
2907 4706 2947 4734 de
2978 4705 3008 4733 la
3043 4706 3066 4722 “
3080 4705 3129 4734 Re
3131 4711 3149 4733 »
3152 4709 3195 4732 ue
3214 4700 3231 4713 "

2456 4736 2653 4780 UlrvIlLi
2671 4736 2683 4779 1
2705 4736 2857 4777 nlUCj
2905 4748 3008 4781 ayant
3049 4744 3127 4772 loué
3164 4748 3231 4771 une

2331 4789 2409 4819 villa
2425 4790 2443 4817 à
2460 4789 2490 4818 la
2514 4795 2700 4824 campagne
2715 4793 2797 4816 avec
2813 4785 2920 4823 grand
2933 4784 3061 4822 jardin,
3079 4783 3143 4812 site
3160 4782 3230 4810 très

2331 4828 2503 4867 agréable,
2534 4835 2616 4865 pays
2647 4826 2687 4855 de
2715 4826 2837 4855 chasse
2862 4828 2897 4855 et
2926 4830 2966 4854 de
2994 4824 3110 4859 pêche.
3125 4823 3232 4851 Sous-

2331 4869 2478 4898 louerait
2495 4869 2733 4905 appartement
2748 4865 2846 4904 garni
2864 4873 2871 4901 ;
2890 4862 3097 4894 détaillerait
3113 4862 3228 4899 pièces
